  <div class='ocr_page' id='page_1' title='image "/cluster/home/n/w/nwhite01/storage/ocr_20150623/141/hvd.32044015471790/279.png"; bbox 0 0 3952 5346; ppageno 0'>
   <div class='ocr_carea' id='block_1_1' title="bbox 581 276 687 332">
    <p class='ocr_par' dir='ltr' id='par_1_1' title="bbox 581 276 687 332">
     <span class='ocr_line' id='line_1_1' title="bbox 581 276 687 332; baseline 0.009 -1"><span class='ocrx_word' id='word_1_1' title='bbox 581 276 687 332; x_wconf 65' lang='grc'><strong>547</strong></span> 
     </span>
    </p>
   </div>
   <div class='ocr_carea' id='block_1_2' title="bbox 1473 245 3029 323">
    <p class='ocr_par' dir='ltr' id='par_1_2' title="bbox 1473 245 3029 323">
     <span class='ocr_line' id='line_1_2' title="bbox 1473 245 3029 323; baseline -0.013 -1"><span class='ocrx_word' id='word_1_2' title='bbox 1473 263 1728 321; x_wconf 76' lang='lat' dir='ltr'><strong>ANNAL.</strong></span> <span class='ocrx_word' id='word_1_3' title='bbox 1770 254 2215 316; x_wconf 73' lang='lat' dir='ltr'><strong>lllLDESHElM.</strong></span> <span class='ocrx_word' id='word_1_4' title='bbox 2254 251 2621 323; x_wconf 79' lang='lat' dir='ltr'><strong>QUEDLINB.</strong></span> <span class='ocrx_word' id='word_1_5' title='bbox 2647 245 3029 306; x_wconf 77' lang='lat' dir='ltr'><strong>WEISSEMB.‘</strong></span> 
     </span>
    </p>
   </div>
   <div class='ocr_carea' id='block_1_3' title="bbox 3760 236 3846 301">
    <p class='ocr_par' dir='ltr' id='par_1_3' title="bbox 3760 236 3846 301">
     <span class='ocr_line' id='line_1_3' title="bbox 3760 236 3846 301; baseline -0.047 -1"><span class='ocrx_word' id='word_1_6' title='bbox 3760 236 3846 301; x_wconf 79' lang='lat' dir='ltr'><strong>5l8</strong></span> 
     </span>
    </p>
   </div>
   <div class='ocr_carea' id='block_1_4' title="bbox 610 380 2227 471">
    <p class='ocr_par' dir='ltr' id='par_1_4' title="bbox 610 388 2227 471">
     <span class='ocr_line' id='line_1_4' title="bbox 610 388 2227 471; baseline -0.015 0"><span class='ocrx_word' id='word_1_7' title='bbox 610 462 617 471; x_wconf 95' lang='lat'><strong>.</strong></span> <span class='ocrx_word' id='word_1_8' title='bbox 1474 395 1798 455; x_wconf 82' lang='lat' dir='ltr'><strong>ANNALES</strong></span> <span class='ocrx_word' id='word_1_9' title='bbox 1837 388 2227 461; x_wconf 83' lang='lat' dir='ltr'><strong>QUEDLINBU</strong></span> 
     </span>
    </p>
   </div>
   <div class='ocr_carea' id='block_1_5' title="bbox 2303 380 3061 471">
    <p class='ocr_par' dir='ltr' id='par_1_5' title="bbox 2303 380 3061 445">
     <span class='ocr_line' id='line_1_5' title="bbox 2303 380 3061 445; baseline -0.012 0"><span class='ocrx_word' id='word_1_10' title='bbox 2303 386 2577 445; x_wconf 77' lang='lat' dir='ltr'><strong>}ENSES.</strong></span> <span class='ocrx_word' id='word_1_11' title='bbox 2620 386 2685 441; x_wconf 82' lang='lat' dir='ltr'><strong>A.</strong></span> <span class='ocrx_word' id='word_1_12' title='bbox 2729 380 3061 440; x_wconf 65' lang='lat'><strong>{016-1018.</strong></span> 
     </span>
    </p>
   </div>
   <div class='ocr_carea' id='block_1_6' title="bbox 584 489 3852 581">
    <p class='ocr_par' dir='ltr' id='par_1_6' title="bbox 584 489 3852 581">
     <span class='ocr_line' id='line_1_6' title="bbox 584 489 3852 581; baseline -0.011 0"><span class='ocrx_word' id='word_1_13' title='bbox 584 521 729 581; x_wconf 81' lang='lat' dir='ltr'><strong>aet&#39;s</strong></span> <span class='ocrx_word' id='word_1_14' title='bbox 775 532 835 578; x_wconf 91' lang='lat' dir='ltr'><strong>et</strong></span> <span class='ocrx_word' id='word_1_15' title='bbox 886 519 1025 574; x_wconf 88' lang='lat' dir='ltr'><strong>ictus</strong></span> <span class='ocrx_word' id='word_1_16' title='bbox 1072 511 1316 570; x_wconf 79' lang='lat' dir='ltr'><strong>fulminis</strong></span> <span class='ocrx_word' id='word_1_17' title='bbox 1340 509 1530 567; x_wconf 89' lang='lat' dir='ltr'><strong>eodem</strong></span> <span class='ocrx_word' id='word_1_18' title='bbox 1557 522 1702 562; x_wconf 88' lang='lat' dir='ltr'><strong>anno</strong></span> <span class='ocrx_word' id='word_1_19' title='bbox 1732 518 1927 560; x_wconf 80' lang='lat' dir='ltr'><strong>damna</strong></span> <span class='ocrx_word' id='word_1_20' title='bbox 1961 516 2171 573; x_wconf 77' lang='lat' dir='ltr'><strong>pericu-</strong></span> <span class='ocrx_word' id='word_1_21' title='bbox 2199 518 2240 570; x_wconf 74' lang='grc' dir='ltr'><strong>Λ</strong></span> <span class='ocrx_word' id='word_1_22' title='bbox 2273 516 2456 558; x_wconf 87' lang='lat' dir='ltr'><strong>coram</strong></span> <span class='ocrx_word' id='word_1_23' title='bbox 2492 498 2702 555; x_wconf 83' lang='lat' dir='ltr'><strong>cunctis</strong></span> <span class='ocrx_word' id='word_1_24' title='bbox 2734 492 3117 568; x_wconf 86' lang='lat' dir='ltr'><strong>prosternitur.</strong></span> <span class='ocrx_word' id='word_1_25' title='bbox 3138 490 3338 548; x_wconf 88' lang='lat' dir='ltr'><strong>lterum</strong></span> <span class='ocrx_word' id='word_1_26' title='bbox 3368 490 3743 561; x_wconf 82' lang='lat' dir='ltr'><strong>redintegrato</strong></span> <span class='ocrx_word' id='word_1_27' title='bbox 3767 489 3852 546; x_wconf 82' lang='lat' dir='ltr'><strong>do-</strong></span> 
     </span>
    </p>
   </div>
   <div class='ocr_carea' id='block_1_7' title="bbox 586 591 2172 676">
    <p class='ocr_par' dir='ltr' id='par_1_7' title="bbox 586 591 2172 676">
     <span class='ocr_line' id='line_1_7' title="bbox 586 591 2172 676; baseline -0.016 -5"><span class='ocrx_word' id='word_1_28' title='bbox 586 616 702 671; x_wconf 83' lang='lat' dir='ltr'><strong>lusa</strong></span> <span class='ocrx_word' id='word_1_29' title='bbox 775 610 1076 667; x_wconf 89' lang='lat' dir='ltr'><strong>intulerunt</strong></span> <span class='ocrx_word' id='word_1_30' title='bbox 1130 602 1453 676; x_wconf 77' lang='lat' dir='ltr'><strong>quibusdam</strong></span> <span class='ocrx_word' id='word_1_31' title='bbox 1530 598 1777 670; x_wconf 87' lang='lat' dir='ltr'><strong>partibus</strong></span> <span class='ocrx_word' id='word_1_32' title='bbox 1855 591 2172 649; x_wconf 78' lang='lat' dir='ltr'><strong>monasterii</strong></span> 
     </span>
    </p>
   </div>
   <div class='ocr_carea' id='block_1_8' title="bbox 588 685 2176 765">
    <p class='ocr_par' dir='ltr' id='par_1_8' title="bbox 588 685 2176 765">
     <span class='ocr_line' id='line_1_8' title="bbox 588 685 2176 765; baseline -0.018 0"><span class='ocrx_word' id='word_1_33' title='bbox 588 717 794 765; x_wconf 70' lang='lat' dir='ltr'><strong>sanctas</strong></span> <span class='ocrx_word' id='word_1_34' title='bbox 823 704 1004 760; x_wconf 68' lang='lat' dir='ltr'><strong>Mariae</strong></span> <span class='ocrx_word' id='word_1_35' title='bbox 1034 701 1088 756; x_wconf 90' lang='lat' dir='ltr'><strong>in</strong></span> <span class='ocrx_word' id='word_1_36' title='bbox 1117 705 1301 755; x_wconf 89' lang='lat' dir='ltr'><strong>monte</strong></span> <span class='ocrx_word' id='word_1_37' title='bbox 1321 692 1663 752; x_wconf 78' lang='lat' dir='ltr'><strong>occidentali.</strong></span> <span class='ocrx_word' id='word_1_38' title='bbox 1692 696 1987 759; x_wconf 80' lang='lat' dir='ltr'><strong>Imperator</strong></span> <span class='ocrx_word' id='word_1_39' title='bbox 2015 685 2176 756; x_wconf 82' lang='lat' dir='ltr'><strong>igitur</strong></span> 
     </span>
    </p>
   </div>
   <div class='ocr_carea' id='block_1_9' title="bbox 591 781 2171 855">
    <p class='ocr_par' dir='ltr' id='par_1_9' title="bbox 591 781 2171 855">
     <span class='ocr_line' id='line_1_9' title="bbox 591 781 2171 855; baseline -0.016 0"><span class='ocrx_word' id='word_1_40' title='bbox 591 800 790 855; x_wconf 88' lang='lat' dir='ltr'><strong>iterum</strong></span> <span class='ocrx_word' id='word_1_41' title='bbox 811 786 1168 851; x_wconf 85' lang='lat' dir='ltr'><strong>Corbeienses</strong></span> <span class='ocrx_word' id='word_1_42' title='bbox 1197 788 1460 851; x_wconf 83' lang='lat' dir='ltr'><strong>invisens,</strong></span> <span class='ocrx_word' id='word_1_43' title='bbox 1489 781 1769 854; x_wconf 72' lang='lat' dir='ltr'><strong>privilegia</strong></span> <span class='ocrx_word' id='word_1_44' title='bbox 1810 788 1865 835; x_wconf 91' lang='lat' dir='ltr'><strong>et</strong></span> <span class='ocrx_word' id='word_1_45' title='bbox 1883 784 2171 833; x_wconf 82' lang='lat' dir='ltr'><strong>consuetu-</strong></span> 
     </span>
    </p>
   </div>
   <div class='ocr_carea' id='block_1_10' title="bbox 594 870 2179 956">
    <p class='ocr_par' dir='ltr' id='par_1_10' title="bbox 594 870 2179 956">
     <span class='ocr_line' id='line_1_10' title="bbox 594 870 2179 956; baseline -0.016 -10"><span class='ocrx_word' id='word_1_46' title='bbox 594 891 752 946; x_wconf 83' lang='lat' dir='ltr'><strong>dines</strong></span> <span class='ocrx_word' id='word_1_47' title='bbox 795 886 1005 956; x_wconf 91' lang='lat' dir='ltr'><strong>aliquas</strong></span> <span class='ocrx_word' id='word_1_48' title='bbox 1047 883 1320 954; x_wconf 69' lang='lat' dir='ltr'><strong>priorum,</strong></span> <span class='ocrx_word' id='word_1_49' title='bbox 1367 890 1504 948; x_wconf 88' lang='lat' dir='ltr'><strong>quas</strong></span> <span class='ocrx_word' id='word_1_50' title='bbox 1549 874 1655 929; x_wconf 73' lang='lat'><strong>259</strong></span> <span class='ocrx_word' id='word_1_51' title='bbox 1685 886 1877 935; x_wconf 86' lang='lat' dir='ltr'><strong>annos,</strong></span> <span class='ocrx_word' id='word_1_52' title='bbox 1905 870 2179 924; x_wconf 77' lang='lat' dir='ltr'><strong>Ludovrco</strong></span> 
     </span>
    </p>
   </div>
   <div class='ocr_carea' id='block_1_11' title="bbox 520 962 2181 1054">
    <p class='ocr_par' dir='ltr' id='par_1_11' title="bbox 520 962 2181 1054">
     <span class='ocr_line' id='line_1_11' title="bbox 520 962 2181 1054; baseline -0.016 -15"><span class='ocrx_word' id='word_1_53' title='bbox 520 1016 521 1019; x_wconf 60' lang='grc' dir='ltr'><strong>η</strong></span> <span class='ocrx_word' id='word_1_54' title='bbox 597 982 694 1054; x_wconf 93' lang='lat' dir='ltr'><strong>pio</strong></span> <span class='ocrx_word' id='word_1_55' title='bbox 720 980 902 1040; x_wconf 86' lang='lat' dir='ltr'><strong>dante.</strong></span> <span class='ocrx_word' id='word_1_56' title='bbox 934 975 1257 1037; x_wconf 81' lang='lat' dir='ltr'><strong>habuerant,</strong></span> <span class='ocrx_word' id='word_1_57' title='bbox 1287 965 1612 1041; x_wconf 83' lang='lat' dir='ltr'><strong>potestative</strong></span> <span class='ocrx_word' id='word_1_58' title='bbox 1636 962 1885 1025; x_wconf 85' lang='lat' dir='ltr'><strong>mutavit,</strong></span> <span class='ocrx_word' id='word_1_59' title='bbox 1913 968 1969 1014; x_wconf 92' lang='lat' dir='ltr'><strong>et</strong></span> <span class='ocrx_word' id='word_1_60' title='bbox 1999 967 2181 1013; x_wconf 88' lang='lat' dir='ltr'><strong>amoto</strong></span> 
     </span>
    </p>
   </div>
   <div class='ocr_carea' id='block_1_12' title="bbox 598 1050 2185 1140">
    <p class='ocr_par' dir='ltr' id='par_1_12' title="bbox 598 1050 2185 1140">
     <span class='ocr_line' id='line_1_12' title="bbox 598 1050 2185 1140; baseline -0.016 -9"><span class='ocrx_word' id='word_1_61' title='bbox 598 1050 916 1131; x_wconf 71' lang='lat' dir='ltr'><strong>monasterii</strong></span> <span class='ocrx_word' id='word_1_62' title='bbox 946 1075 1122 1140; x_wconf 83' lang='lat' dir='ltr'><strong>patre,</strong></span> <span class='ocrx_word' id='word_1_63' title='bbox 1177 1065 1417 1136; x_wconf 87' lang='lat' dir='ltr'><strong>ignotum</strong></span> <span class='ocrx_word' id='word_1_64' title='bbox 1467 1067 1523 1115; x_wconf 88' lang='lat' dir='ltr'><strong>et</strong></span> <span class='ocrx_word' id='word_1_65' title='bbox 1558 1058 1760 1113; x_wconf 84' lang='lat' dir='ltr'><strong>bonum</strong></span> <span class='ocrx_word' id='word_1_66' title='bbox 1805 1053 2037 1109; x_wconf 79' lang='lat' dir='ltr'><strong>fortasse</strong></span> <span class='ocrx_word' id='word_1_67' title='bbox 2080 1050 2185 1106; x_wconf 92' lang='lat' dir='ltr'><strong>illis</strong></span> 
     </span>
    </p>
   </div>
   <div class='ocr_carea' id='block_1_13' title="bbox 599 1141 2186 1229">
    <p class='ocr_par' dir='ltr' id='par_1_13' title="bbox 599 1141 2186 1229">
     <span class='ocr_line' id='line_1_13' title="bbox 599 1141 2186 1229; baseline -0.015 -10"><span class='ocrx_word' id='word_1_68' title='bbox 599 1161 811 1226; x_wconf 67' lang='lat' dir='ltr'><strong>adurit,</strong></span> <span class='ocrx_word' id='word_1_69' title='bbox 862 1159 955 1229; x_wconf 90' lang='lat' dir='ltr'><strong>qui</strong></span> <span class='ocrx_word' id='word_1_70' title='bbox 1006 1154 1162 1226; x_wconf 89' lang='lat' dir='ltr'><strong>quasi</strong></span> <span class='ocrx_word' id='word_1_71' title='bbox 1201 1152 1413 1207; x_wconf 82' lang='lat' dir='ltr'><strong>doctior</strong></span> <span class='ocrx_word' id='word_1_72' title='bbox 1437 1156 1620 1204; x_wconf 89' lang='lat' dir='ltr'><strong>errata</strong></span> <span class='ocrx_word' id='word_1_73' title='bbox 1651 1145 1970 1216; x_wconf 84' lang='lat' dir='ltr'><strong>corrigeret,</strong></span> <span class='ocrx_word' id='word_1_74' title='bbox 2016 1150 2072 1198; x_wconf 88' lang='lat' dir='ltr'><strong>et</strong></span> <span class='ocrx_word' id='word_1_75' title='bbox 2095 1141 2186 1197; x_wconf 89' lang='lat' dir='ltr'><strong>de-</strong></span> 
     </span>
    </p>
   </div>
   <div class='ocr_carea' id='block_1_14' title="bbox 590 1231 2185 1323">
    <p class='ocr_par' dir='ltr' id='par_1_14' title="bbox 590 1231 2185 1323">
     <span class='ocr_line' id='line_1_14' title="bbox 590 1231 2185 1323; baseline -0.014 -13"><span class='ocrx_word' id='word_1_76' title='bbox 590 1256 721 1310; x_wconf 84' lang='lat' dir='ltr'><strong>.vios</strong></span> <span class='ocrx_word' id='word_1_77' title='bbox 748 1258 947 1323; x_wconf 64' lang='lat' dir='ltr'><strong>sanctae</strong></span> <span class='ocrx_word' id='word_1_78' title='bbox 990 1246 1188 1316; x_wconf 65' lang='lat' dir='ltr'><strong>regulae</strong></span> <span class='ocrx_word' id='word_1_79' title='bbox 1226 1240 1501 1297; x_wconf 83' lang='lat' dir='ltr'><strong>tramitem</strong></span> <span class='ocrx_word' id='word_1_80' title='bbox 1537 1236 1750 1293; x_wconf 87' lang='lat' dir='ltr'><strong>cautius</strong></span> <span class='ocrx_word' id='word_1_81' title='bbox 1798 1233 2050 1291; x_wconf 84' lang='lat' dir='ltr'><strong>incedere</strong></span> <span class='ocrx_word' id='word_1_82' title='bbox 2088 1231 2185 1288; x_wconf 84' lang='lat' dir='ltr'><strong>d0-</strong></span> 
     </span>
    </p>
   </div>
   <div class='ocr_carea' id='block_1_15' title="bbox 590 1329 2191 1402">
    <p class='ocr_par' dir='ltr' id='par_1_15' title="bbox 590 1329 2191 1402">
     <span class='ocr_line' id='line_1_15' title="bbox 590 1329 2191 1402; baseline -0.016 1"><span class='ocrx_word' id='word_1_83' title='bbox 590 1356 774 1402; x_wconf 34' lang='lat' dir='ltr'><strong>.ceret.</strong></span> <span class='ocrx_word' id='word_1_84' title='bbox 802 1342 931 1398; x_wconf 87' lang='lat' dir='ltr'><strong>Inde</strong></span> <span class='ocrx_word' id='word_1_85' title='bbox 962 1338 1037 1395; x_wconf 92' lang='lat' dir='ltr'><strong>illi</strong></span> <span class='ocrx_word' id='word_1_86' title='bbox 1061 1336 1285 1395; x_wconf 88' lang='lat' dir='ltr'><strong>nimium</strong></span> <span class='ocrx_word' id='word_1_87' title='bbox 1322 1340 1641 1394; x_wconf 65' lang='lat' dir='ltr'><strong>maerentes,</strong></span> <span class='ocrx_word' id='word_1_88' title='bbox 1673 1329 1839 1384; x_wconf 89' lang='lat' dir='ltr'><strong>vitam</strong></span> <span class='ocrx_word' id='word_1_89' title='bbox 1865 1342 2043 1392; x_wconf 89' lang='lat' dir='ltr'><strong>suam,</strong></span> <span class='ocrx_word' id='word_1_90' title='bbox 2070 1337 2191 1395; x_wconf 67' lang='lat' dir='ltr'><strong>quae</strong></span> 
     </span>
    </p>
   </div>
   <div class='ocr_carea' id='block_1_16' title="bbox 606 1417 2194 1504">
    <p class='ocr_par' dir='ltr' id='par_1_16' title="bbox 606 1417 2194 1504">
     <span class='ocr_line' id='line_1_16' title="bbox 606 1417 2194 1504; baseline -0.014 -11"><span class='ocrx_word' id='word_1_91' title='bbox 606 1435 818 1494; x_wconf 89' lang='lat' dir='ltr'><strong>cunctis</strong></span> <span class='ocrx_word' id='word_1_92' title='bbox 849 1447 984 1504; x_wconf 84' lang='lat' dir='ltr'><strong>pene</strong></span> <span class='ocrx_word' id='word_1_93' title='bbox 1021 1428 1303 1486; x_wconf 79' lang='lat' dir='ltr'><strong>monachis</strong></span> <span class='ocrx_word' id='word_1_94' title='bbox 1333 1423 1580 1495; x_wconf 84' lang='lat' dir='ltr'><strong>exemplo</strong></span> <span class='ocrx_word' id='word_1_95' title='bbox 1610 1421 1904 1486; x_wconf 86' lang='lat' dir='ltr'><strong>claruerat,</strong></span> <span class='ocrx_word' id='word_1_96' title='bbox 1932 1417 2194 1473; x_wconf 88' lang='lat' dir='ltr'><strong>vilescere</strong></span> 
     </span>
    </p>
   </div>
   <div class='ocr_carea' id='block_1_17' title="bbox 606 1509 2192 1600">
    <p class='ocr_par' dir='ltr' id='par_1_17' title="bbox 606 1509 2192 1600">
     <span class='ocr_line' id='line_1_17' title="bbox 606 1509 2192 1600; baseline -0.015 -15"><span class='ocrx_word' id='word_1_97' title='bbox 606 1530 987 1600; x_wconf 81' lang='lat' dir='ltr'><strong>ingemiscant,</strong></span> <span class='ocrx_word' id='word_1_98' title='bbox 1009 1513 1238 1592; x_wconf 81' lang='lat' dir='ltr'><strong>seseque</strong></span> <span class='ocrx_word' id='word_1_99' title='bbox 1265 1528 1451 1574; x_wconf 85' lang='lat' dir='ltr'><strong>mutuo</strong></span> <span class='ocrx_word' id='word_1_100' title='bbox 1482 1516 1787 1576; x_wconf 83' lang='lat' dir='ltr'><strong>hortantur,</strong></span> <span class='ocrx_word' id='word_1_101' title='bbox 1815 1511 1993 1583; x_wconf 88' lang='lat' dir='ltr'><strong>potius</strong></span> <span class='ocrx_word' id='word_1_102' title='bbox 2017 1509 2192 1564; x_wconf 82' lang='lat' dir='ltr'><strong>disce-</strong></span> 
     </span>
    </p>
   </div>
   <div class='ocr_carea' id='block_1_18' title="bbox 605 1603 2196 1690">
    <p class='ocr_par' dir='ltr' id='par_1_18' title="bbox 605 1603 2196 1690">
     <span class='ocr_line' id='line_1_18' title="bbox 605 1603 2196 1690; baseline -0.015 -14"><span class='ocrx_word' id='word_1_103' title='bbox 605 1622 735 1676; x_wconf 83' lang='lat' dir='ltr'><strong>dere</strong></span> <span class='ocrx_word' id='word_1_104' title='bbox 760 1632 922 1690; x_wconf 88' lang='lat' dir='ltr'><strong>quam</strong></span> <span class='ocrx_word' id='word_1_105' title='bbox 955 1613 1164 1683; x_wconf 72' lang='lat' dir='ltr'><strong>injuriae</strong></span> <span class='ocrx_word' id='word_1_106' title='bbox 1193 1610 1495 1681; x_wconf 87' lang='lat' dir='ltr'><strong>subjacere.</strong></span> <span class='ocrx_word' id='word_1_107' title='bbox 1529 1606 1727 1675; x_wconf 87' lang='lat' dir='ltr'><strong>Sicque</strong></span> <span class='ocrx_word' id='word_1_108' title='bbox 1754 1603 1957 1658; x_wconf 78' lang='lat' dir='ltr'><strong>factum</strong></span> <span class='ocrx_word' id='word_1_109' title='bbox 1982 1610 2088 1666; x_wconf 88' lang='lat' dir='ltr'><strong>est,</strong></span> <span class='ocrx_word' id='word_1_110' title='bbox 2135 1606 2196 1653; x_wconf 84' lang='lat' dir='ltr'><strong>ut</strong></span> 
     </span>
    </p>
   </div>
   <div class='ocr_carea' id='block_1_19' title="bbox 605 1692 2200 1782">
    <p class='ocr_par' dir='ltr' id='par_1_19' title="bbox 605 1692 2200 1782">
     <span class='ocr_line' id='line_1_19' title="bbox 605 1692 2200 1782; baseline -0.014 -16"><span class='ocrx_word' id='word_1_111' title='bbox 605 1711 764 1782; x_wconf 88' lang='lat' dir='ltr'><strong>pauci</strong></span> <span class='ocrx_word' id='word_1_112' title='bbox 791 1708 1080 1765; x_wconf 82' lang='lat' dir='ltr'><strong>admodum</strong></span> <span class='ocrx_word' id='word_1_113' title='bbox 1110 1698 1715 1774; x_wconf 68' lang='lat' dir='ltr'><strong>supet&#39;essent,fc;eteris</strong></span> <span class='ocrx_word' id='word_1_114' title='bbox 1740 1695 1944 1760; x_wconf 91' lang='lat' dir='ltr'><strong>seculo,</strong></span> <span class='ocrx_word' id='word_1_115' title='bbox 1974 1692 2200 1748; x_wconf 91' lang='lat' dir='ltr'><strong>misera-</strong></span> 
     </span>
    </p>
   </div>
   <div class='ocr_carea' id='block_1_20' title="bbox 606 1778 2195 1870">
    <p class='ocr_par' dir='ltr' id='par_1_20' title="bbox 606 1778 2195 1870">
     <span class='ocr_line' id='line_1_20' title="bbox 606 1778 2195 1870; baseline -0.016 -12"><span class='ocrx_word' id='word_1_116' title='bbox 606 1778 785 1858; x_wconf 80' lang='lat' dir='ltr'><strong>biliter</strong></span> <span class='ocrx_word' id='word_1_117' title='bbox 833 1796 1100 1870; x_wconf 86' lang='lat' dir='ltr'><strong>vagando,</strong></span> <span class='ocrx_word' id='word_1_118' title='bbox 1149 1791 1446 1863; x_wconf 87' lang='lat' dir='ltr'><strong>occupatis.</strong></span> <span class='ocrx_word' id='word_1_119' title='bbox 1500 1789 1606 1845; x_wconf 89' lang='lat' dir='ltr'><strong>Sed</strong></span> <span class='ocrx_word' id='word_1_120' title='bbox 1637 1786 1821 1843; x_wconf 90' lang='lat' dir='ltr'><strong>multis</strong></span> <span class='ocrx_word' id='word_1_121' title='bbox 1870 1787 2066 1840; x_wconf 83' lang='lat' dir='ltr'><strong>iterum</strong></span> <span class='ocrx_word' id='word_1_122' title='bbox 2095 1778 2195 1835; x_wconf 89' lang='lat' dir='ltr'><strong>Dei</strong></span> 
     </span>
    </p>
   </div>
   <div class='ocr_carea' id='block_1_21' title="bbox 2275 582 3845 661">
    <p class='ocr_par' dir='ltr' id='par_1_21' title="bbox 2275 582 3845 661">
     <span class='ocr_line' id='line_1_21' title="bbox 2275 582 3845 661; baseline -0.01 -11"><span class='ocrx_word' id='word_1_123' title='bbox 2275 596 2390 650; x_wconf 91' lang='lat' dir='ltr'><strong>lore</strong></span> <span class='ocrx_word' id='word_1_124' title='bbox 2428 592 2575 650; x_wconf 87' lang='lat' dir='ltr'><strong>Gero</strong></span> <span class='ocrx_word' id='word_1_125' title='bbox 2601 606 2783 648; x_wconf 91' lang='lat' dir='ltr'><strong>comes</strong></span> <span class='ocrx_word' id='word_1_126' title='bbox 2813 589 3078 661; x_wconf 85' lang='lat' dir='ltr'><strong>miserans</strong></span> <span class='ocrx_word' id='word_1_127' title='bbox 3120 600 3305 642; x_wconf 88' lang='lat' dir='ltr'><strong>casum</strong></span> <span class='ocrx_word' id='word_1_128' title='bbox 3339 583 3632 640; x_wconf 87' lang='lat' dir='ltr'><strong>morientis</strong></span> <span class='ocrx_word' id='word_1_129' title='bbox 3673 582 3845 645; x_wconf 83' lang='lat' dir='ltr'><strong>amici,</strong></span> 
     </span>
    </p>
   </div>
   <div class='ocr_carea' id='block_1_22' title="bbox 2277 674 3853 747">
    <p class='ocr_par' dir='ltr' id='par_1_22' title="bbox 2277 674 3853 747">
     <span class='ocr_line' id='line_1_22' title="bbox 2277 674 3853 747; baseline -0.01 -3"><span class='ocrx_word' id='word_1_130' title='bbox 2277 686 2487 744; x_wconf 90' lang='lat' dir='ltr'><strong>medios</strong></span> <span class='ocrx_word' id='word_1_131' title='bbox 2536 684 2710 741; x_wconf 81' lang='lat' dir='ltr'><strong>fertur</strong></span> <span class='ocrx_word' id='word_1_132' title='bbox 2757 683 2810 738; x_wconf 91' lang='lat' dir='ltr'><strong>in</strong></span> <span class='ocrx_word' id='word_1_133' title='bbox 2862 682 3080 747; x_wconf 87' lang='lat' dir='ltr'><strong>hostes;</strong></span> <span class='ocrx_word' id='word_1_134' title='bbox 3121 693 3265 735; x_wconf 84' lang='lat' dir='ltr'><strong>nunc</strong></span> <span class='ocrx_word' id='word_1_135' title='bbox 3310 678 3412 734; x_wconf 90' lang='lat' dir='ltr'><strong>bos</strong></span> <span class='ocrx_word' id='word_1_136' title='bbox 3457 675 3642 731; x_wconf 89' lang='lat' dir='ltr'><strong>valida</strong></span> <span class='ocrx_word' id='word_1_137' title='bbox 3680 674 3853 729; x_wconf 74' lang='lat' dir='ltr'><strong>dextra</strong></span> 
     </span>
    </p>
   </div>
   <div class='ocr_carea' id='block_1_23' title="bbox 2278 765 3848 842">
    <p class='ocr_par' dir='ltr' id='par_1_23' title="bbox 2278 765 3848 842">
     <span class='ocr_line' id='line_1_23' title="bbox 2278 765 3848 842; baseline -0.008 -9"><span class='ocrx_word' id='word_1_138' title='bbox 2278 777 2466 842; x_wconf 65' lang='lat' dir='ltr'><strong>ruinte,</strong></span> <span class='ocrx_word' id='word_1_139' title='bbox 2514 790 2659 831; x_wconf 88' lang='lat' dir='ltr'><strong>nunc</strong></span> <span class='ocrx_word' id='word_1_140' title='bbox 2703 772 2822 829; x_wconf 86' lang='lat' dir='ltr'><strong>illos</strong></span> <span class='ocrx_word' id='word_1_141' title='bbox 2850 770 3100 827; x_wconf 90' lang='lat' dir='ltr'><strong>frementi</strong></span> <span class='ocrx_word' id='word_1_142' title='bbox 3145 768 3376 841; x_wconf 85' lang='lat' dir='ltr'><strong>proterit</strong></span> <span class='ocrx_word' id='word_1_143' title='bbox 3421 781 3591 838; x_wconf 86' lang='lat' dir='ltr'><strong>equo.</strong></span> <span class='ocrx_word' id='word_1_144' title='bbox 3624 765 3848 820; x_wconf 84' lang='lat' dir='ltr'><strong>Tandem</strong></span> 
     </span>
    </p>
   </div>
   <div class='ocr_carea' id='block_1_24' title="bbox 2279 856 3856 936">
    <p class='ocr_par' dir='ltr' id='par_1_24' title="bbox 2279 856 3856 936">
     <span class='ocr_line' id='line_1_24' title="bbox 2279 856 3856 936; baseline -0.01 -10"><span class='ocrx_word' id='word_1_145' title='bbox 2279 868 2452 926; x_wconf 87' lang='lat' dir='ltr'><strong>nimia</strong></span> <span class='ocrx_word' id='word_1_146' title='bbox 2499 868 2646 924; x_wconf 71' lang='lat' dir='ltr'><strong>crede</strong></span> <span class='ocrx_word' id='word_1_147' title='bbox 2684 865 2938 932; x_wconf 85' lang='lat' dir='ltr'><strong>lassatus,</strong></span> <span class='ocrx_word' id='word_1_148' title='bbox 2970 862 3220 936; x_wconf 66' lang='lat' dir='ltr'><strong>gloriosae</strong></span> <span class='ocrx_word' id='word_1_149' title='bbox 3250 860 3447 917; x_wconf 90' lang='lat' dir='ltr'><strong>mortis</strong></span> <span class='ocrx_word' id='word_1_150' title='bbox 3493 856 3694 931; x_wconf 86' lang='lat' dir='ltr'><strong>pocula</strong></span> <span class='ocrx_word' id='word_1_151' title='bbox 3734 857 3856 912; x_wconf 85' lang='lat' dir='ltr'><strong>inter</strong></span> 
     </span>
    </p>
   </div>
   <div class='ocr_carea' id='block_1_25' title="bbox 2283 949 3856 1030">
    <p class='ocr_par' dir='ltr' id='par_1_25' title="bbox 2283 949 3856 1030">
     <span class='ocr_line' id='line_1_25' title="bbox 2283 949 3856 1030; baseline -0.009 -13"><span class='ocrx_word' id='word_1_152' title='bbox 2283 960 2485 1021; x_wconf 86' lang='lat' dir='ltr'><strong>multos</strong></span> <span class='ocrx_word' id='word_1_153' title='bbox 2506 957 2810 1030; x_wconf 81' lang='lat' dir='ltr'><strong>degustavit</strong></span> <span class='ocrx_word' id='word_1_154' title='bbox 2836 954 3067 1027; x_wconf 83' lang='lat' dir='ltr'><strong>primus.</strong></span> <span class='ocrx_word' id='word_1_155' title='bbox 3088 952 3267 1010; x_wconf 85' lang='lat' dir='ltr'><strong>Ceteri</strong></span> <span class='ocrx_word' id='word_1_156' title='bbox 3295 967 3447 1017; x_wconf 87' lang='lat' dir='ltr'><strong>vero,</strong></span> <span class='ocrx_word' id='word_1_157' title='bbox 3477 957 3541 1005; x_wconf 90' lang='lat' dir='ltr'><strong>ut</strong></span> <span class='ocrx_word' id='word_1_158' title='bbox 3564 965 3628 1005; x_wconf 89' lang='lat' dir='ltr'><strong>se</strong></span> <span class='ocrx_word' id='word_1_159' title='bbox 3651 949 3702 1003; x_wconf 87' lang='lat' dir='ltr'><strong>in</strong></span> <span class='ocrx_word' id='word_1_160' title='bbox 3724 958 3856 1003; x_wconf 87' lang='lat' dir='ltr'><strong>arcto</strong></span> 
     </span>
    </p>
   </div>
   <div class='ocr_carea' id='block_1_26' title="bbox 2285 1045 3857 1127">
    <p class='ocr_par' dir='ltr' id='par_1_26' title="bbox 2285 1045 3857 1127">
     <span class='ocr_line' id='line_1_26' title="bbox 2285 1045 3857 1127; baseline -0.01 -16"><span class='ocrx_word' id='word_1_161' title='bbox 2285 1055 2494 1127; x_wconf 83' lang='lat' dir='ltr'><strong>positos</strong></span> <span class='ocrx_word' id='word_1_162' title='bbox 2523 1052 2727 1118; x_wconf 89' lang='lat' dir='ltr'><strong>vident,</strong></span> <span class='ocrx_word' id='word_1_163' title='bbox 2765 1050 2934 1107; x_wconf 90' lang='lat' dir='ltr'><strong>Deum</strong></span> <span class='ocrx_word' id='word_1_164' title='bbox 2964 1048 3067 1104; x_wconf 91' lang='lat' dir='ltr'><strong>sibi</strong></span> <span class='ocrx_word' id='word_1_165' title='bbox 3092 1055 3320 1119; x_wconf 91' lang='lat' dir='ltr'><strong>poscunt</strong></span> <span class='ocrx_word' id='word_1_166' title='bbox 3353 1045 3636 1117; x_wconf 89' lang='lat' dir='ltr'><strong>placatum</strong></span> <span class='ocrx_word' id='word_1_167' title='bbox 3662 1057 3857 1111; x_wconf 80' lang='lat' dir='ltr'><strong>gemen-</strong></span> 
     </span>
    </p>
   </div>
   <div class='ocr_carea' id='block_1_27' title="bbox 2289 1135 3858 1215">
    <p class='ocr_par' dir='ltr' id='par_1_27' title="bbox 2289 1135 3858 1215">
     <span class='ocr_line' id='line_1_27' title="bbox 2289 1135 3858 1215; baseline -0.011 -14"><span class='ocrx_word' id='word_1_168' title='bbox 2289 1155 2371 1202; x_wconf 89' lang='lat' dir='ltr'><strong>tes</strong></span> <span class='ocrx_word' id='word_1_169' title='bbox 2396 1158 2567 1215; x_wconf 87' lang='lat' dir='ltr'><strong>quem.</strong></span> <span class='ocrx_word' id='word_1_170' title='bbox 2588 1148 2922 1214; x_wconf 86' lang='lat' dir='ltr'><strong>cognoscunt</strong></span> <span class='ocrx_word' id='word_1_171' title='bbox 2951 1138 3173 1194; x_wconf 89' lang='lat' dir='ltr'><strong>iratum.</strong></span> <span class='ocrx_word' id='word_1_172' title='bbox 3220 1135 3327 1190; x_wconf 87' lang='lat' dir='ltr'><strong>Sed</strong></span> <span class='ocrx_word' id='word_1_173' title='bbox 3357 1150 3465 1189; x_wconf 91' lang='lat' dir='ltr'><strong>non</strong></span> <span class='ocrx_word' id='word_1_174' title='bbox 3513 1141 3733 1203; x_wconf 88' lang='lat' dir='ltr'><strong>poterat</strong></span> <span class='ocrx_word' id='word_1_175' title='bbox 3752 1148 3858 1187; x_wconf 85' lang='lat' dir='ltr'><strong>sen-</strong></span> 
     </span>
    </p>
   </div>
   <div class='ocr_carea' id='block_1_28' title="bbox 2291 1222 3856 1304">
    <p class='ocr_par' dir='ltr' id='par_1_28' title="bbox 2291 1222 3856 1304">
     <span class='ocr_line' id='line_1_28' title="bbox 2291 1222 3856 1304; baseline -0.012 -9"><span class='ocrx_word' id='word_1_176' title='bbox 2291 1238 2458 1295; x_wconf 87' lang='lat' dir='ltr'><strong>tentia</strong></span> <span class='ocrx_word' id='word_1_177' title='bbox 2500 1234 2679 1300; x_wconf 84' lang='lat' dir='ltr'><strong>avelli,</strong></span> <span class='ocrx_word' id='word_1_178' title='bbox 2718 1232 2845 1304; x_wconf 86' lang='lat' dir='ltr'><strong>quia</strong></span> <span class='ocrx_word' id='word_1_179' title='bbox 2896 1237 3111 1286; x_wconf 87' lang='lat' dir='ltr'><strong>constat</strong></span> <span class='ocrx_word' id='word_1_180' title='bbox 3159 1227 3281 1283; x_wconf 89' lang='lat' dir='ltr'><strong>illos</strong></span> <span class='ocrx_word' id='word_1_181' title='bbox 3322 1241 3420 1297; x_wconf 90' lang='lat' dir='ltr'><strong>pro</strong></span> <span class='ocrx_word' id='word_1_182' title='bbox 3462 1224 3691 1281; x_wconf 83' lang='lat' dir='ltr'><strong>Christo</strong></span> <span class='ocrx_word' id='word_1_183' title='bbox 3721 1222 3856 1277; x_wconf 88' lang='lat' dir='ltr'><strong>mori.</strong></span> 
     </span>
    </p>
   </div>
   <div class='ocr_carea' id='block_1_29' title="bbox 2292 1314 3856 1390">
    <p class='ocr_par' dir='ltr' id='par_1_29' title="bbox 2292 1314 3856 1390">
     <span class='ocr_line' id='line_1_29' title="bbox 2292 1314 3856 1390; baseline -0.013 -3"><span class='ocrx_word' id='word_1_184' title='bbox 2292 1329 2410 1387; x_wconf 87' lang='lat' dir='ltr'><strong>Non</strong></span> <span class='ocrx_word' id='word_1_185' title='bbox 2438 1337 2558 1385; x_wconf 89' lang='lat' dir='ltr'><strong>erat</strong></span> <span class='ocrx_word' id='word_1_186' title='bbox 2584 1327 2736 1383; x_wconf 91' lang='lat' dir='ltr'><strong>locus</strong></span> <span class='ocrx_word' id='word_1_187' title='bbox 2749 1322 3013 1382; x_wconf 85' lang='lat' dir='ltr'><strong>evadendi</strong></span> <span class='ocrx_word' id='word_1_188' title='bbox 3028 1320 3112 1377; x_wconf 88' lang='lat' dir='ltr'><strong>vel</strong></span> <span class='ocrx_word' id='word_1_189' title='bbox 3135 1319 3242 1376; x_wconf 90' lang='lat' dir='ltr'><strong>ulla</strong></span> <span class='ocrx_word' id='word_1_190' title='bbox 3264 1334 3390 1390; x_wconf 88' lang='lat' dir='ltr'><strong>spes</strong></span> <span class='ocrx_word' id='word_1_191' title='bbox 3411 1318 3587 1372; x_wconf 85' lang='lat' dir='ltr'><strong>vitam</strong></span> <span class='ocrx_word' id='word_1_192' title='bbox 3610 1314 3856 1386; x_wconf 82' lang='lat' dir='ltr'><strong>sperandi,</strong></span> 
     </span>
    </p>
   </div>
   <div class='ocr_carea' id='block_1_30' title="bbox 2293 1408 3856 1482">
    <p class='ocr_par' dir='ltr' id='par_1_30' title="bbox 2293 1408 3856 1482">
     <span class='ocr_line' id='line_1_30' title="bbox 2293 1408 3856 1482; baseline -0.014 0"><span class='ocrx_word' id='word_1_193' title='bbox 2293 1442 2353 1482; x_wconf 86' lang='lat' dir='ltr'><strong>se</strong></span> <span class='ocrx_word' id='word_1_194' title='bbox 2380 1421 2629 1480; x_wconf 87' lang='lat' dir='ltr'><strong>mortalia</strong></span> <span class='ocrx_word' id='word_1_195' title='bbox 2656 1432 2752 1476; x_wconf 89' lang='lat' dir='ltr'><strong>sua</strong></span> <span class='ocrx_word' id='word_1_196' title='bbox 2779 1417 3148 1474; x_wconf 87' lang='lat' dir='ltr'><strong>indubitanter</strong></span> <span class='ocrx_word' id='word_1_197' title='bbox 3186 1414 3261 1469; x_wconf 90' lang='lat' dir='ltr'><strong>illi</strong></span> <span class='ocrx_word' id='word_1_198' title='bbox 3285 1420 3559 1469; x_wconf 90' lang='lat' dir='ltr'><strong>voverunt</strong></span> <span class='ocrx_word' id='word_1_199' title='bbox 3589 1410 3755 1481; x_wconf 71' lang='lat'><strong>(287),</strong></span> <span class='ocrx_word' id='word_1_200' title='bbox 3782 1408 3856 1477; x_wconf 87' lang='lat' dir='ltr'><strong>qui</strong></span> 
     </span>
    </p>
   </div>
   <div class='ocr_carea' id='block_1_31' title="bbox 2295 1499 3859 1576">
    <p class='ocr_par' dir='ltr' id='par_1_31' title="bbox 2295 1499 3859 1576">
     <span class='ocr_line' id='line_1_31' title="bbox 2295 1499 3859 1576; baseline -0.013 -5"><span class='ocrx_word' id='word_1_201' title='bbox 2295 1525 2351 1571; x_wconf 91' lang='lat' dir='ltr'><strong>et</strong></span> <span class='ocrx_word' id='word_1_202' title='bbox 2406 1512 2735 1569; x_wconf 85' lang='lat' dir='ltr'><strong>Inortilicare</strong></span> <span class='ocrx_word' id='word_1_203' title='bbox 2786 1508 3040 1576; x_wconf 89' lang='lat' dir='ltr'><strong>solusque</strong></span> <span class='ocrx_word' id='word_1_204' title='bbox 3085 1512 3263 1574; x_wconf 86' lang='lat' dir='ltr'><strong>potest</strong></span> <span class='ocrx_word' id='word_1_205' title='bbox 3311 1502 3616 1556; x_wconf 79' lang='lat' dir='ltr'><strong>vivificare.</strong></span> <span class='ocrx_word' id='word_1_206' title='bbox 3668 1499 3859 1554; x_wconf 80' lang='lat' dir='ltr'><strong>Certant</strong></span> 
     </span>
    </p>
   </div>
   <div class='ocr_carea' id='block_1_32' title="bbox 2299 1593 3859 1677">
    <p class='ocr_par' dir='ltr' id='par_1_32' title="bbox 2299 1593 3859 1677">
     <span class='ocr_line' id='line_1_32' title="bbox 2299 1593 3859 1677; baseline -0.015 -11"><span class='ocrx_word' id='word_1_207' title='bbox 2299 1609 2490 1666; x_wconf 87' lang='lat' dir='ltr'><strong>deinde</strong></span> <span class='ocrx_word' id='word_1_208' title='bbox 2541 1619 2703 1677; x_wconf 86' lang='lat' dir='ltr'><strong>quam</strong></span> <span class='ocrx_word' id='word_1_209' title='bbox 2751 1600 2971 1676; x_wconf 85' lang='lat' dir='ltr'><strong>plurimi</strong></span> <span class='ocrx_word' id='word_1_210' title='bbox 3028 1613 3129 1669; x_wconf 90' lang='lat' dir='ltr'><strong>pro</strong></span> <span class='ocrx_word' id='word_1_211' title='bbox 3171 1596 3349 1668; x_wconf 89' lang='lat' dir='ltr'><strong>patria</strong></span> <span class='ocrx_word' id='word_1_212' title='bbox 3396 1593 3783 1662; x_wconf 85' lang='lat' dir='ltr'><strong>fratribusque,</strong></span> <span class='ocrx_word' id='word_1_213' title='bbox 3816 1600 3859 1644; x_wconf 88' lang='lat' dir='ltr'><strong>et</strong></span> 
     </span>
    </p>
   </div>
   <div class='ocr_carea' id='block_1_33' title="bbox 2299 1683 3859 1763">
    <p class='ocr_par' dir='ltr' id='par_1_33' title="bbox 2299 1683 3859 1763">
     <span class='ocr_line' id='line_1_33' title="bbox 2299 1683 3859 1763; baseline -0.014 -6"><span class='ocrx_word' id='word_1_214' title='bbox 2299 1700 2539 1757; x_wconf 77' lang='lat' dir='ltr'><strong>maxime</strong></span> <span class='ocrx_word' id='word_1_215' title='bbox 2564 1696 2765 1758; x_wconf 83' lang='lat' dir='ltr'><strong>milites</strong></span> <span class='ocrx_word' id='word_1_216' title='bbox 2794 1691 3109 1749; x_wconf 77' lang='lat' dir='ltr'><strong>Mauriciani</strong></span> <span class='ocrx_word' id='word_1_217' title='bbox 3138 1690 3308 1763; x_wconf 72' lang='lat'><strong>(288),</strong></span> <span class='ocrx_word' id='word_1_218' title='bbox 3332 1697 3643 1744; x_wconf 88' lang='lat' dir='ltr'><strong>sectatores</strong></span> <span class='ocrx_word' id='word_1_219' title='bbox 3660 1683 3859 1747; x_wconf 85' lang='lat' dir='ltr'><strong>Domini,</strong></span> 
     </span>
    </p>
   </div>
   <div class='ocr_carea' id='block_1_34' title="bbox 2302 1780 3860 1863">
    <p class='ocr_par' dir='ltr' id='par_1_34' title="bbox 2302 1780 3860 1863">
     <span class='ocr_line' id='line_1_34' title="bbox 2302 1780 3860 1863; baseline -0.011 -15"><span class='ocrx_word' id='word_1_220' title='bbox 2302 1791 2665 1863; x_wconf 88' lang='lat' dir='ltr'><strong>procumbunt</strong></span> <span class='ocrx_word' id='word_1_221' title='bbox 2694 1786 2926 1852; x_wconf 90' lang='lat' dir='ltr'><strong>fortiter,</strong></span> <span class='ocrx_word' id='word_1_222' title='bbox 2953 1783 3027 1839; x_wconf 91' lang='lat' dir='ltr'><strong>illi</strong></span> <span class='ocrx_word' id='word_1_223' title='bbox 3054 1783 3420 1853; x_wconf 84' lang='lat' dir='ltr'><strong>obsequendo,</strong></span> <span class='ocrx_word' id='word_1_224' title='bbox 3451 1789 3517 1835; x_wconf 89' lang='lat' dir='ltr'><strong>ut</strong></span> <span class='ocrx_word' id='word_1_225' title='bbox 3541 1780 3860 1850; x_wconf 79' lang='lat' dir='ltr'><strong>conspirave-</strong></span> 
     </span>
    </p>
   </div>
   <div class='ocr_carea' id='block_1_35' title="bbox 589 1861 3861 1962">
    <p class='ocr_par' dir='ltr' id='par_1_35' title="bbox 589 1861 3861 1962">
     <span class='ocr_line' id='line_1_35' title="bbox 589 1861 3861 1962; baseline -0.013 1"><span class='ocrx_word' id='word_1_226' title='bbox 589 1892 779 1962; x_wconf 71' lang='lat' dir='ltr'><strong>sratia</strong></span> <span class='ocrx_word' id='word_1_227' title='bbox 814 1890 1110 1954; x_wconf 78' lang='lat' dir='ltr'><strong>conversis.</strong></span> <span class='ocrx_word' id='word_1_228' title='bbox 1157 1884 1359 1957; x_wconf 71' lang='lat' dir='ltr'><strong>placuit</strong></span> <span class='ocrx_word' id='word_1_229' title='bbox 1404 1898 1461 1938; x_wconf 77' lang='lat' dir='ltr'><strong>se</strong></span> <span class='ocrx_word' id='word_1_230' title='bbox 1503 1874 1734 1937; x_wconf 74' lang='lat' dir='ltr'><strong>subderé</strong></span> <span class='ocrx_word' id='word_1_231' title='bbox 1782 1875 1980 1946; x_wconf 50' lang='lat' dir='ltr'><strong>regule</strong></span> <span class='ocrx_word' id='word_1_232' title='bbox 2032 1888 2196 1944; x_wconf 74' lang='lat' dir='ltr'><strong>quam</strong></span> <span class='ocrx_word' id='word_1_233' title='bbox 2225 1861 2272 1921; x_wconf 76' lang='grc' dir='ltr'><strong><em>Β</em></strong></span> <span class='ocrx_word' id='word_1_234' title='bbox 2302 1861 2717 1941; x_wconf 75' lang='lat' dir='ltr'><strong>rantconstauti</strong></span> <span class='ocrx_word' id='word_1_235' title='bbox 2748 1879 2979 1937; x_wconf 82' lang='lat' dir='ltr'><strong>animo.</strong></span> <span class='ocrx_word' id='word_1_236' title='bbox 3022 1874 3306 1940; x_wconf 83' lang='lat' dir='ltr'><strong>Adelheid,</strong></span> <span class='ocrx_word' id='word_1_237' title='bbox 3358 1873 3464 1941; x_wconf 85' lang='lat' dir='ltr'><strong>Ira,</strong></span> <span class='ocrx_word' id='word_1_238' title='bbox 3512 1870 3785 1927; x_wconf 78' lang='lat' dir='ltr'><strong>Titietmcr</strong></span> <span class='ocrx_word' id='word_1_239' title='bbox 3819 1877 3861 1923; x_wconf 83' lang='lat' dir='ltr'><strong>ct</strong></span> 
     </span>
    </p>
   </div>
   <div class='ocr_carea' id='block_1_36' title="bbox 612 1963 2200 2052">
    <p class='ocr_par' dir='ltr' id='par_1_36' title="bbox 612 1963 2200 2052">
     <span class='ocr_line' id='line_1_36' title="bbox 612 1963 2200 2052; baseline -0.012 -16"><span class='ocrx_word' id='word_1_240' title='bbox 612 1997 753 2038; x_wconf 88' lang='lat' dir='ltr'><strong>vana</strong></span> <span class='ocrx_word' id='word_1_241' title='bbox 784 1981 1023 2052; x_wconf 79' lang='lat' dir='ltr'><strong>diligere.</strong></span> <span class='ocrx_word' id='word_1_242' title='bbox 1052 1976 1273 2033; x_wconf 85' lang='lat' dir='ltr'><strong>Addidit</strong></span> <span class='ocrx_word' id='word_1_243' title='bbox 1299 1973 1464 2029; x_wconf 88' lang='lat' dir='ltr'><strong>etiam</strong></span> <span class='ocrx_word' id='word_1_244' title='bbox 1497 1972 1793 2042; x_wconf 85' lang='lat' dir='ltr'><strong>imperator</strong></span> <span class='ocrx_word' id='word_1_245' title='bbox 1821 1969 1924 2022; x_wconf 90' lang='lat' dir='ltr'><strong>hoc</strong></span> <span class='ocrx_word' id='word_1_246' title='bbox 1954 1980 2096 2021; x_wconf 88' lang='lat' dir='ltr'><strong>anno</strong></span> <span class='ocrx_word' id='word_1_247' title='bbox 2123 1963 2200 2018; x_wconf 92' lang='lat' dir='ltr'><strong>le-</strong></span> 
     </span>
    </p>
   </div>
   <div class='ocr_carea' id='block_1_37' title="bbox 610 2059 2201 2148">
    <p class='ocr_par' dir='ltr' id='par_1_37' title="bbox 610 2059 2201 2148">
     <span class='ocr_line' id='line_1_37' title="bbox 610 2059 2201 2148; baseline -0.013 -16"><span class='ocrx_word' id='word_1_248' title='bbox 610 2076 884 2148; x_wconf 78' lang='lat' dir='ltr'><strong>gationem</strong></span> <span class='ocrx_word' id='word_1_249' title='bbox 916 2073 1131 2129; x_wconf 86' lang='lat' dir='ltr'><strong>mittere</strong></span> <span class='ocrx_word' id='word_1_250' title='bbox 1155 2072 1223 2125; x_wconf 86' lang='lat' dir='ltr'><strong>ad</strong></span> <span class='ocrx_word' id='word_1_251' title='bbox 1253 2067 1584 2123; x_wconf 84' lang='lat' dir='ltr'><strong>Bolizlavum</strong></span> <span class='ocrx_word' id='word_1_252' title='bbox 1613 2079 1714 2135; x_wconf 85' lang='lat' dir='ltr'><strong>pro</strong></span> <span class='ocrx_word' id='word_1_253' title='bbox 1737 2059 2084 2118; x_wconf 89' lang='lat' dir='ltr'><strong>restituendis</strong></span> <span class='ocrx_word' id='word_1_254' title='bbox 2111 2073 2201 2113; x_wconf 89' lang='lat' dir='ltr'><strong>re-</strong></span> 
     </span>
    </p>
   </div>
   <div class='ocr_carea' id='block_1_38' title="bbox 594 2152 2205 2244">
    <p class='ocr_par' dir='ltr' id='par_1_38' title="bbox 594 2152 2205 2244">
     <span class='ocr_line' id='line_1_38' title="bbox 594 2152 2205 2244; baseline -0.012 -17"><span class='ocrx_word' id='word_1_255' title='bbox 594 2170 888 2244; x_wconf 81' lang='lat' dir='ltr'><strong>gionibus,</strong></span> <span class='ocrx_word' id='word_1_256' title='bbox 936 2183 1074 2239; x_wconf 89' lang='lat' dir='ltr'><strong>quas</strong></span> <span class='ocrx_word' id='word_1_257' title='bbox 1117 2162 1434 2220; x_wconf 87' lang='lat' dir='ltr'><strong>abstulerat.</strong></span> <span class='ocrx_word' id='word_1_258' title='bbox 1465 2160 1578 2226; x_wconf 85' lang='lat' dir='ltr'><strong>llle,</strong></span> <span class='ocrx_word' id='word_1_259' title='bbox 1611 2168 1669 2213; x_wconf 92' lang='lat' dir='ltr'><strong>ut</strong></span> <span class='ocrx_word' id='word_1_260' title='bbox 1703 2157 1936 2223; x_wconf 87' lang='lat' dir='ltr'><strong>solebat,</strong></span> <span class='ocrx_word' id='word_1_261' title='bbox 1974 2152 2205 2223; x_wconf 87' lang='lat' dir='ltr'><strong>superbe</strong></span> 
     </span>
    </p>
   </div>
   <div class='ocr_carea' id='block_1_39' title="bbox 594 2242 2204 2331">
    <p class='ocr_par' dir='ltr' id='par_1_39' title="bbox 594 2242 2204 2331">
     <span class='ocr_line' id='line_1_39' title="bbox 594 2242 2204 2331; baseline -0.013 -14"><span class='ocrx_word' id='word_1_262' title='bbox 594 2242 916 2331; x_wconf 78' lang='lat' dir='ltr'><strong>respondit,</strong></span> <span class='ocrx_word' id='word_1_263' title='bbox 941 2272 1001 2331; x_wconf 89' lang='lat' dir='ltr'><strong>se</strong></span> <span class='ocrx_word' id='word_1_264' title='bbox 1031 2272 1137 2313; x_wconf 90' lang='lat' dir='ltr'><strong>non</strong></span> <span class='ocrx_word' id='word_1_265' title='bbox 1168 2253 1341 2310; x_wconf 86' lang='lat' dir='ltr'><strong>solum</strong></span> <span class='ocrx_word' id='word_1_266' title='bbox 1369 2251 1588 2323; x_wconf 89' lang='lat' dir='ltr'><strong>propria</strong></span> <span class='ocrx_word' id='word_1_267' title='bbox 1623 2248 1860 2304; x_wconf 86' lang='lat' dir='ltr'><strong>retinere</strong></span> <span class='ocrx_word' id='word_1_268' title='bbox 1887 2243 2048 2310; x_wconf 88' lang='lat' dir='ltr'><strong>velle,</strong></span> <span class='ocrx_word' id='word_1_269' title='bbox 2073 2242 2204 2312; x_wconf 86' lang='lat' dir='ltr'><strong>quin</strong></span> 
     </span>
    </p>
   </div>
   <div class='ocr_carea' id='block_1_40' title="bbox 617 2339 2208 2424">
    <p class='ocr_par' dir='ltr' id='par_1_40' title="bbox 617 2339 2208 2424">
     <span class='ocr_line' id='line_1_40' title="bbox 617 2339 2208 2424; baseline -0.011 -19"><span class='ocrx_word' id='word_1_270' title='bbox 617 2353 929 2424; x_wconf 82' lang='lat' dir='ltr'><strong>potiusnon</strong></span> <span class='ocrx_word' id='word_1_271' title='bbox 980 2365 1079 2406; x_wconf 85' lang='lat' dir='ltr'><strong>sua</strong></span> <span class='ocrx_word' id='word_1_272' title='bbox 1131 2348 1368 2417; x_wconf 86' lang='lat' dir='ltr'><strong>diripere</strong></span> <span class='ocrx_word' id='word_1_273' title='bbox 1416 2343 1594 2399; x_wconf 89' lang='lat' dir='ltr'><strong>malle.</strong></span> <span class='ocrx_word' id='word_1_274' title='bbox 1627 2341 1707 2396; x_wconf 84' lang='lat' dir='ltr'><strong>Ad</strong></span> <span class='ocrx_word' id='word_1_275' title='bbox 1747 2341 1862 2395; x_wconf 66' lang='lat' dir='ltr'><strong>haec</strong></span> <span class='ocrx_word' id='word_1_276' title='bbox 1912 2339 2208 2406; x_wconf 67' lang='lat' dir='ltr'><strong>imperator</strong></span> 
     </span>
    </p>
   </div>
   <div class='ocr_carea' id='block_1_41' title="bbox 622 2430 2289 2516">
    <p class='ocr_par' dir='ltr' id='par_1_41' title="bbox 622 2430 2289 2516">
     <span class='ocr_line' id='line_1_41' title="bbox 622 2430 2289 2516; baseline -0.01 -16"><span class='ocrx_word' id='word_1_277' title='bbox 622 2447 818 2501; x_wconf 87' lang='lat' dir='ltr'><strong>merito</strong></span> <span class='ocrx_word' id='word_1_278' title='bbox 870 2443 1201 2516; x_wconf 83' lang='lat' dir='ltr'><strong>indignatus,</strong></span> <span class='ocrx_word' id='word_1_279' title='bbox 1234 2430 1373 2495; x_wconf 86' lang='lat' dir='ltr'><strong>bella</strong></span> <span class='ocrx_word' id='word_1_280' title='bbox 1423 2446 1603 2510; x_wconf 90' lang='lat' dir='ltr'><strong>parat,</strong></span> <span class='ocrx_word' id='word_1_281' title='bbox 1637 2435 1908 2505; x_wconf 87' lang='lat' dir='ltr'><strong>fortiaque</strong></span> <span class='ocrx_word' id='word_1_282' title='bbox 1969 2433 2208 2486; x_wconf 84' lang='lat' dir='ltr'><strong>virorum</strong></span> <span class='ocrx_word' id='word_1_283' title='bbox 2284 2483 2289 2491; x_wconf 83' lang='grc'><strong><em>,</em></strong></span> 
     </span>
    </p>
   </div>
   <div class='ocr_carea' id='block_1_42' title="bbox 592 2519 2210 2598">
    <p class='ocr_par' dir='ltr' id='par_1_42' title="bbox 592 2519 2210 2598">
     <span class='ocr_line' id='line_1_42' title="bbox 592 2519 2210 2598; baseline -0.011 -7"><span class='ocrx_word' id='word_1_284' title='bbox 592 2536 764 2591; x_wconf 68' lang='lat' dir='ltr'><strong>milia</strong></span> <span class='ocrx_word' id='word_1_285' title='bbox 800 2543 959 2591; x_wconf 88' lang='lat' dir='ltr'><strong>vocat</strong></span> <span class='ocrx_word' id='word_1_286' title='bbox 989 2535 1043 2588; x_wconf 91' lang='lat' dir='ltr'><strong>in</strong></span> <span class='ocrx_word' id='word_1_287' title='bbox 1079 2547 1252 2597; x_wconf 86' lang='lat' dir='ltr'><strong>arma,</strong></span> <span class='ocrx_word' id='word_1_288' title='bbox 1285 2546 1407 2586; x_wconf 91' lang='lat' dir='ltr'><strong>cum</strong></span> <span class='ocrx_word' id='word_1_289' title='bbox 1453 2527 1650 2598; x_wconf 89' lang='lat' dir='ltr'><strong>quibus</strong></span> <span class='ocrx_word' id='word_1_290' title='bbox 1681 2525 1824 2595; x_wconf 82' lang='lat' dir='ltr'><strong>haud</strong></span> <span class='ocrx_word' id='word_1_291' title='bbox 1852 2537 2004 2578; x_wconf 87' lang='lat' dir='ltr'><strong>mora</strong></span> <span class='ocrx_word' id='word_1_292' title='bbox 2054 2519 2210 2576; x_wconf 76' lang='lat' dir='ltr'><strong>l’olu—</strong></span> 
     </span>
    </p>
   </div>
   <div class='ocr_carea' id='block_1_43' title="bbox 617 2612 2211 2696">
    <p class='ocr_par' dir='ltr' id='par_1_43' title="bbox 617 2612 2211 2696">
     <span class='ocr_line' id='line_1_43' title="bbox 617 2612 2211 2696; baseline -0.011 -14"><span class='ocrx_word' id='word_1_293' title='bbox 617 2627 724 2682; x_wconf 68' lang='lat' dir='ltr'><strong>nire</strong></span> <span class='ocrx_word' id='word_1_294' title='bbox 753 2625 928 2696; x_wconf 87' lang='lat' dir='ltr'><strong>attigit</strong></span> <span class='ocrx_word' id='word_1_295' title='bbox 962 2624 1116 2679; x_wconf 84' lang='lat' dir='ltr'><strong>fines.</strong></span> <span class='ocrx_word' id='word_1_296' title='bbox 1143 2621 1280 2677; x_wconf 87' lang='lat' dir='ltr'><strong>Cum</strong></span> <span class='ocrx_word' id='word_1_297' title='bbox 1321 2619 1374 2675; x_wconf 90' lang='lat' dir='ltr'><strong>in</strong></span> <span class='ocrx_word' id='word_1_298' title='bbox 1416 2619 1592 2690; x_wconf 88' lang='lat' dir='ltr'><strong>primo</strong></span> <span class='ocrx_word' id='word_1_299' title='bbox 1622 2616 1768 2673; x_wconf 88' lang='lat' dir='ltr'><strong>aditu</strong></span> <span class='ocrx_word' id='word_1_300' title='bbox 1797 2613 1977 2669; x_wconf 87' lang='lat' dir='ltr'><strong>divina</strong></span> <span class='ocrx_word' id='word_1_301' title='bbox 2016 2612 2211 2666; x_wconf 73' lang='lat' dir='ltr'><strong>adsunt</strong></span> 
     </span>
    </p>
   </div>
   <div class='ocr_carea' id='block_1_44' title="bbox 620 2703 2209 2785">
    <p class='ocr_par' dir='ltr' id='par_1_44' title="bbox 620 2703 2209 2785">
     <span class='ocr_line' id='line_1_44' title="bbox 620 2703 2209 2785; baseline -0.011 -11"><span class='ocrx_word' id='word_1_302' title='bbox 620 2720 848 2785; x_wconf 88' lang='lat' dir='ltr'><strong>solatia;</strong></span> <span class='ocrx_word' id='word_1_303' title='bbox 878 2719 1062 2773; x_wconf 86' lang='lat' dir='ltr'><strong>hostes</strong></span> <span class='ocrx_word' id='word_1_304' title='bbox 1094 2724 1246 2785; x_wconf 88' lang='lat' dir='ltr'><strong>terga</strong></span> <span class='ocrx_word' id='word_1_305' title='bbox 1265 2723 1497 2775; x_wconf 88' lang='lat' dir='ltr'><strong>vertere,</strong></span> <span class='ocrx_word' id='word_1_306' title='bbox 1533 2708 1660 2765; x_wconf 87' lang='lat' dir='ltr'><strong>alibi</strong></span> <span class='ocrx_word' id='word_1_307' title='bbox 1706 2716 2008 2778; x_wconf 76' lang='lat' dir='ltr'><strong>nongentos</strong></span> <span class='ocrx_word' id='word_1_308' title='bbox 2032 2703 2209 2775; x_wconf 83' lang='lat' dir='ltr'><strong>gladio</strong></span> 
     </span>
    </p>
   </div>
   <div class='ocr_carea' id='block_1_45' title="bbox 595 2794 2212 2879">
    <p class='ocr_par' dir='ltr' id='par_1_45' title="bbox 595 2794 2212 2879">
     <span class='ocr_line' id='line_1_45' title="bbox 595 2794 2212 2879; baseline -0.013 -9"><span class='ocrx_word' id='word_1_309' title='bbox 595 2811 999 2875; x_wconf 49' lang='lat' dir='ltr'><strong>succumbere,</strong></span> <span class='ocrx_word' id='word_1_310' title='bbox 1033 2808 1206 2879; x_wconf 87' lang='lat' dir='ltr'><strong>ipsum</strong></span> <span class='ocrx_word' id='word_1_311' title='bbox 1237 2818 1453 2876; x_wconf 89' lang='lat' dir='ltr'><strong>quoque</strong></span> <span class='ocrx_word' id='word_1_312' title='bbox 1483 2801 1812 2858; x_wconf 83' lang='lat' dir='ltr'><strong>Bolizlavum</strong></span> <span class='ocrx_word' id='word_1_313' title='bbox 1855 2813 1885 2853; x_wconf 83' lang='lat' dir='ltr'><strong>a</strong></span> <span class='ocrx_word' id='word_1_314' title='bbox 1930 2796 2065 2852; x_wconf 84' lang='lat' dir='ltr'><strong>facie</strong></span> <span class='ocrx_word' id='word_1_315' title='bbox 2094 2794 2212 2865; x_wconf 88' lang='lat' dir='ltr'><strong>ejus</strong></span> 
     </span>
    </p>
   </div>
   <div class='ocr_carea' id='block_1_46' title="bbox 622 2887 2215 2968">
    <p class='ocr_par' dir='ltr' id='par_1_46' title="bbox 622 2887 2215 2968">
     <span class='ocr_line' id='line_1_46' title="bbox 622 2887 2215 2968; baseline -0.014 -5"><span class='ocrx_word' id='word_1_316' title='bbox 622 2905 839 2963; x_wconf 90' lang='lat' dir='ltr'><strong>eminus</strong></span> <span class='ocrx_word' id='word_1_317' title='bbox 873 2901 1121 2957; x_wconf 84' lang='lat' dir='ltr'><strong>evadere.</strong></span> <span class='ocrx_word' id='word_1_318' title='bbox 1160 2897 1358 2968; x_wconf 86' lang='lat' dir='ltr'><strong>Sicque</strong></span> <span class='ocrx_word' id='word_1_319' title='bbox 1387 2895 1584 2967; x_wconf 80' lang='lat' dir='ltr'><strong>gaudet</strong></span> <span class='ocrx_word' id='word_1_320' title='bbox 1612 2892 1812 2957; x_wconf 89' lang='lat' dir='ltr'><strong>animo,</strong></span> <span class='ocrx_word' id='word_1_321' title='bbox 1843 2904 1942 2946; x_wconf 90' lang='lat' dir='ltr'><strong>suo</strong></span> <span class='ocrx_word' id='word_1_322' title='bbox 1982 2887 2215 2943; x_wconf 84' lang='lat' dir='ltr'><strong>satellite</strong></span> 
     </span>
    </p>
   </div>
   <div class='ocr_carea' id='block_1_47' title="bbox 625 2979 2212 3058">
    <p class='ocr_par' dir='ltr' id='par_1_47' title="bbox 625 2979 2212 3058">
     <span class='ocr_line' id='line_1_47' title="bbox 625 2979 2212 3058; baseline -0.014 -5"><span class='ocrx_word' id='word_1_323' title='bbox 625 2999 925 3054; x_wconf 87' lang='lat' dir='ltr'><strong>etiamnum</strong></span> <span class='ocrx_word' id='word_1_324' title='bbox 973 2992 1145 3055; x_wconf 85' lang='lat' dir='ltr'><strong>salvo,</strong></span> <span class='ocrx_word' id='word_1_325' title='bbox 1189 2996 1415 3058; x_wconf 75' lang='lat' dir='ltr'><strong>excepto</strong></span> <span class='ocrx_word' id='word_1_326' title='bbox 1462 2985 1684 3040; x_wconf 91' lang='lat' dir='ltr'><strong>llodone</strong></span> <span class='ocrx_word' id='word_1_327' title='bbox 1725 2982 1926 3053; x_wconf 81' lang='lat' dir='ltr'><strong>juvene</strong></span> <span class='ocrx_word' id='word_1_328' title='bbox 1975 2979 2212 3050; x_wconf 81' lang='lat' dir='ltr'><strong>egregio,</strong></span> 
     </span>
    </p>
   </div>
   <div class='ocr_carea' id='block_1_48' title="bbox 597 3068 2217 3162">
    <p class='ocr_par' dir='ltr' id='par_1_48' title="bbox 597 3068 2217 3162">
     <span class='ocr_line' id='line_1_48' title="bbox 597 3068 2217 3162; baseline -0.016 -16"><span class='ocrx_word' id='word_1_329' title='bbox 597 3091 721 3162; x_wconf 31' lang='lat' dir='ltr'><strong>lqui</strong></span> <span class='ocrx_word' id='word_1_330' title='bbox 752 3089 959 3144; x_wconf 82' lang='lat' dir='ltr'><strong>viribus</strong></span> <span class='ocrx_word' id='word_1_331' title='bbox 985 3081 1215 3140; x_wconf 83' lang='lat' dir='ltr'><strong>imbellis</strong></span> <span class='ocrx_word' id='word_1_332' title='bbox 1241 3094 1368 3136; x_wconf 90' lang='lat' dir='ltr'><strong>cum</strong></span> <span class='ocrx_word' id='word_1_333' title='bbox 1400 3077 1607 3148; x_wconf 66' lang='lat' dir='ltr'><strong>paucis,</strong></span> <span class='ocrx_word' id='word_1_334' title='bbox 1640 3073 1868 3128; x_wconf 88' lang='lat' dir='ltr'><strong>fortibus</strong></span> <span class='ocrx_word' id='word_1_335' title='bbox 1906 3080 2105 3134; x_wconf 87' lang='lat' dir='ltr'><strong>tamen,</strong></span> <span class='ocrx_word' id='word_1_336' title='bbox 2136 3068 2217 3121; x_wconf 88' lang='lat' dir='ltr'><strong>in-</strong></span> 
     </span>
    </p>
   </div>
   <div class='ocr_carea' id='block_1_49' title="bbox 2301 1961 3859 2046">
    <p class='ocr_par' dir='ltr' id='par_1_49' title="bbox 2301 1961 3859 2046">
     <span class='ocr_line' id='line_1_49' title="bbox 2301 1961 3859 2046; baseline -0.015 -9"><span class='ocrx_word' id='word_1_337' title='bbox 2301 1979 2470 2046; x_wconf 86' lang='lat' dir='ltr'><strong>Gera,</strong></span> <span class='ocrx_word' id='word_1_338' title='bbox 2519 1976 2665 2031; x_wconf 84' lang='lat' dir='ltr'><strong>Deda</strong></span> <span class='ocrx_word' id='word_1_339' title='bbox 2713 1980 2767 2029; x_wconf 89' lang='lat' dir='ltr'><strong>et</strong></span> <span class='ocrx_word' id='word_1_340' title='bbox 2799 1970 3068 2035; x_wconf 84' lang='lat' dir='ltr'><strong>Volcmer,</strong></span> <span class='ocrx_word' id='word_1_341' title='bbox 3120 1983 3243 2023; x_wconf 90' lang='lat' dir='ltr'><strong>cum</strong></span> <span class='ocrx_word' id='word_1_342' title='bbox 3283 1964 3405 2021; x_wconf 91' lang='lat' dir='ltr'><strong>aliis</strong></span> <span class='ocrx_word' id='word_1_343' title='bbox 3440 1962 3636 2019; x_wconf 85' lang='lat' dir='ltr'><strong>multis</strong></span> <span class='ocrx_word' id='word_1_344' title='bbox 3682 1961 3859 2016; x_wconf 86' lang='lat' dir='ltr'><strong>felicius</strong></span> 
     </span>
    </p>
   </div>
   <div class='ocr_carea' id='block_1_50' title="bbox 2303 2052 3861 2128">
    <p class='ocr_par' dir='ltr' id='par_1_50' title="bbox 2303 2052 3861 2128">
     <span class='ocr_line' id='line_1_50' title="bbox 2303 2052 3861 2128; baseline -0.014 -1"><span class='ocrx_word' id='word_1_345' title='bbox 2303 2071 2490 2127; x_wconf 84' lang='lat' dir='ltr'><strong>vivant</strong></span> <span class='ocrx_word' id='word_1_346' title='bbox 2515 2068 2567 2124; x_wconf 93' lang='lat' dir='ltr'><strong>iu</strong></span> <span class='ocrx_word' id='word_1_347' title='bbox 2599 2064 2771 2122; x_wconf 74' lang='lat' dir='ltr'><strong>oculis.</strong></span> <span class='ocrx_word' id='word_1_348' title='bbox 2802 2061 2938 2117; x_wconf 88' lang='lat' dir='ltr'><strong>Eido</strong></span> <span class='ocrx_word' id='word_1_349' title='bbox 2974 2058 3316 2115; x_wconf 82' lang='lat' dir='ltr'><strong>Miseniensis</strong></span> <span class='ocrx_word' id='word_1_350' title='bbox 3348 2057 3645 2128; x_wconf 86' lang='lat' dir='ltr'><strong>episcopus</strong></span> <span class='ocrx_word' id='word_1_351' title='bbox 3686 2052 3861 2123; x_wconf 79' lang='lat' dir='ltr'><strong>deposi-</strong></span> 
     </span>
    </p>
   </div>
   <div class='ocr_carea' id='block_1_51' title="bbox 2277 2144 3859 2221">
    <p class='ocr_par' dir='ltr' id='par_1_51' title="bbox 2277 2144 3859 2221">
     <span class='ocr_line' id='line_1_51' title="bbox 2277 2144 3859 2221; baseline -0.015 -1"><span class='ocrx_word' id='word_1_352' title='bbox 2277 2173 2419 2220; x_wconf 91' lang='lat' dir='ltr'><strong>-tum</strong></span> <span class='ocrx_word' id='word_1_353' title='bbox 2443 2161 2601 2219; x_wconf 86' lang='lat' dir='ltr'><strong>fidele</strong></span> <span class='ocrx_word' id='word_1_354' title='bbox 2624 2157 2858 2215; x_wconf 88' lang='lat' dir='ltr'><strong>reddidit</strong></span> <span class='ocrx_word' id='word_1_355' title='bbox 2894 2152 3064 2221; x_wconf 64' lang='lat' dir='ltr'><strong>coelo;</strong></span> <span class='ocrx_word' id='word_1_356' title='bbox 3116 2152 3203 2209; x_wconf 90' lang='lat' dir='ltr'><strong>cui</strong></span> <span class='ocrx_word' id='word_1_357' title='bbox 3234 2150 3504 2207; x_wconf 87' lang='lat' dir='ltr'><strong>successit</strong></span> <span class='ocrx_word' id='word_1_358' title='bbox 3536 2144 3859 2219; x_wconf 77' lang='lat' dir='ltr'><strong>Agilwardus.</strong></span> 
     </span>
    </p>
   </div>
   <div class='ocr_carea' id='block_1_52' title="bbox 2309 2242 3856 2330">
    <p class='ocr_par' dir='ltr' id='par_1_52' title="bbox 2309 2242 3856 2330">
     <span class='ocr_line' id='line_1_52' title="bbox 2309 2242 3856 2330; baseline -0.012 -17"><span class='ocrx_word' id='word_1_359' title='bbox 2309 2258 2587 2330; x_wconf 82' lang='lat' dir='ltr'><strong>Megingoz</strong></span> <span class='ocrx_word' id='word_1_360' title='bbox 2637 2255 2991 2314; x_wconf 86' lang='lat' dir='ltr'><strong>Treverensis</strong></span> <span class='ocrx_word' id='word_1_361' title='bbox 3060 2252 3507 2324; x_wconf 82' lang='lat' dir='ltr'><strong>archiepiscopus</strong></span> <span class='ocrx_word' id='word_1_362' title='bbox 3568 2246 3729 2310; x_wconf 89' lang='lat' dir='ltr'><strong>obiit;</strong></span> <span class='ocrx_word' id='word_1_363' title='bbox 3786 2242 3856 2298; x_wconf 88' lang='lat' dir='ltr'><strong>cui</strong></span> 
     </span>
    </p>
   </div>
   <div class='ocr_carea' id='block_1_53' title="bbox 2280 2350 2804 2422">
    <p class='ocr_par' dir='ltr' id='par_1_53' title="bbox 2280 2350 2804 2422">
     <span class='ocr_line' id='line_1_53' title="bbox 2280 2350 2804 2422; baseline -0.006 -16"><span class='ocrx_word' id='word_1_364' title='bbox 2280 2380 2287 2385; x_wconf 94' lang='lat'><strong>-</strong></span> <span class='ocrx_word' id='word_1_365' title='bbox 2308 2351 2490 2422; x_wconf 85' lang='lat' dir='ltr'><strong>Poppo</strong></span> <span class='ocrx_word' id='word_1_366' title='bbox 2522 2350 2804 2406; x_wconf 77' lang='lat' dir='ltr'><strong>successit.</strong></span> 
     </span>
    </p>
   </div>
   <div class='ocr_carea' id='block_1_54' title="bbox 2380 2427 3858 2505">
    <p class='ocr_par' dir='ltr' id='par_1_54' title="bbox 2380 2427 3858 2505">
     <span class='ocr_line' id='line_1_54' title="bbox 2380 2427 3858 2505; baseline -0.015 -4"><span class='ocrx_word' id='word_1_367' title='bbox 2380 2444 2540 2501; x_wconf 86' lang='grc'><strong>1016.</strong></span> <span class='ocrx_word' id='word_1_368' title='bbox 2577 2442 2613 2499; x_wconf 80' lang='lat'><strong>3</strong></span> <span class='ocrx_word' id='word_1_369' title='bbox 2649 2443 2728 2500; x_wconf 88' lang='lat' dir='ltr'><strong>Id.</strong></span> <span class='ocrx_word' id='word_1_370' title='bbox 2761 2438 3075 2503; x_wconf 87' lang='lat' dir='ltr'><strong>Februarii,</strong></span> <span class='ocrx_word' id='word_1_371' title='bbox 3109 2438 3235 2494; x_wconf 90' lang='lat' dir='ltr'><strong>luna</strong></span> <span class='ocrx_word' id='word_1_372' title='bbox 3256 2436 3347 2505; x_wconf 81' lang='lat'><strong>50,</strong></span> <span class='ocrx_word' id='word_1_373' title='bbox 3394 2432 3632 2491; x_wconf 88' lang='lat' dir='ltr'><strong>sabatho</strong></span> <span class='ocrx_word' id='word_1_374' title='bbox 3658 2427 3858 2486; x_wconf 82' lang='lat' dir='ltr'><strong>collisio—</strong></span> 
     </span>
    </p>
   </div>
   <div class='ocr_carea' id='block_1_55' title="bbox 2311 2521 3863 2594">
    <p class='ocr_par' dir='ltr' id='par_1_55' title="bbox 2311 2521 3863 2594">
     <span class='ocr_line' id='line_1_55' title="bbox 2311 2521 3863 2594; baseline -0.015 0"><span class='ocrx_word' id='word_1_375' title='bbox 2311 2552 2409 2594; x_wconf 90' lang='lat' dir='ltr'><strong>nes</strong></span> <span class='ocrx_word' id='word_1_376' title='bbox 2437 2536 2658 2591; x_wconf 90' lang='lat' dir='ltr'><strong>nubium</strong></span> <span class='ocrx_word' id='word_1_377' title='bbox 2703 2533 3024 2594; x_wconf 64' lang='lat' dir='ltr'><strong>horrisonae,</strong></span> <span class='ocrx_word' id='word_1_378' title='bbox 3050 2541 3172 2586; x_wconf 89' lang='lat' dir='ltr'><strong>cum</strong></span> <span class='ocrx_word' id='word_1_379' title='bbox 3202 2528 3393 2585; x_wconf 88' lang='lat' dir='ltr'><strong>crebra</strong></span> <span class='ocrx_word' id='word_1_380' title='bbox 3435 2521 3801 2582; x_wconf 83' lang='lat' dir='ltr'><strong>coruscationc</strong></span> <span class='ocrx_word' id='word_1_381' title='bbox 3820 2524 3863 2572; x_wconf 87' lang='lat' dir='ltr'><strong>ct</strong></span> 
     </span>
    </p>
   </div>
   <div class='ocr_carea' id='block_1_56' title="bbox 2314 2610 3861 2694">
    <p class='ocr_par' dir='ltr' id='par_1_56' title="bbox 2314 2610 3861 2694">
     <span class='ocr_line' id='line_1_56' title="bbox 2314 2610 3861 2694; baseline -0.013 -12"><span class='ocrx_word' id='word_1_382' title='bbox 2314 2626 2573 2682; x_wconf 86' lang='lat' dir='ltr'><strong>imbrium</strong></span> <span class='ocrx_word' id='word_1_383' title='bbox 2600 2624 2901 2688; x_wconf 88' lang='lat' dir='ltr'><strong>nimietate,</strong></span> <span class='ocrx_word' id='word_1_384' title='bbox 2927 2620 3160 2694; x_wconf 90' lang='lat' dir='ltr'><strong>plurima</strong></span> <span class='ocrx_word' id='word_1_385' title='bbox 3200 2619 3472 2675; x_wconf 90' lang='lat' dir='ltr'><strong>subruunt</strong></span> <span class='ocrx_word' id='word_1_386' title='bbox 3497 2613 3744 2672; x_wconf 63' lang='lat' dir='ltr'><strong>aedificia.</strong></span> <span class='ocrx_word' id='word_1_387' title='bbox 3781 2610 3861 2664; x_wconf 82' lang='lat' dir='ltr'><strong>lm-</strong></span> 
     </span>
    </p>
   </div>
   <div class='ocr_carea' id='block_1_57' title="bbox 2313 2703 3861 2793">
    <p class='ocr_par' dir='ltr' id='par_1_57' title="bbox 2313 2703 3861 2793">
     <span class='ocr_line' id='line_1_57' title="bbox 2313 2703 3861 2793; baseline -0.014 -14"><span class='ocrx_word' id='word_1_388' title='bbox 2313 2731 2534 2793; x_wconf 86' lang='lat' dir='ltr'><strong>perator</strong></span> <span class='ocrx_word' id='word_1_389' title='bbox 2567 2720 2619 2774; x_wconf 91' lang='lat' dir='ltr'><strong>in</strong></span> <span class='ocrx_word' id='word_1_390' title='bbox 2648 2717 3103 2780; x_wconf 84' lang='lat' dir='ltr'><strong>Padarbrunnan,</strong></span> <span class='ocrx_word' id='word_1_391' title='bbox 3151 2712 3428 2785; x_wconf 84' lang='lat' dir='ltr'><strong>paschalia</strong></span> <span class='ocrx_word' id='word_1_392' title='bbox 3456 2709 3601 2766; x_wconf 86' lang='lat' dir='ltr'><strong>festa</strong></span> <span class='ocrx_word' id='word_1_393' title='bbox 3628 2720 3726 2763; x_wconf 80' lang='lat' dir='ltr'><strong>rue</strong></span> <span class='ocrx_word' id='word_1_394' title='bbox 3757 2703 3861 2760; x_wconf 79' lang='lat' dir='ltr'><strong>cele-</strong></span> 
     </span>
    </p>
   </div>
   <div class='ocr_carea' id='block_1_58' title="bbox 2316 2794 3861 2887">
    <p class='ocr_par' dir='ltr' id='par_1_58' title="bbox 2316 2794 3861 2887">
     <span class='ocr_line' id='line_1_58' title="bbox 2316 2794 3861 2887; baseline -0.015 -16"><span class='ocrx_word' id='word_1_395' title='bbox 2316 2814 2509 2887; x_wconf 77' lang='lat' dir='ltr'><strong>bravit.</strong></span> <span class='ocrx_word' id='word_1_396' title='bbox 2535 2812 2823 2868; x_wconf 86' lang='lat' dir='ltr'><strong>lleinrieus</strong></span> <span class='ocrx_word' id='word_1_397' title='bbox 2863 2823 3046 2864; x_wconf 87' lang='lat' dir='ltr'><strong>comes</strong></span> <span class='ocrx_word' id='word_1_398' title='bbox 3091 2806 3246 2862; x_wconf 79' lang='lat' dir='ltr'><strong>bona:</strong></span> <span class='ocrx_word' id='word_1_399' title='bbox 3271 2803 3554 2861; x_wconf 65' lang='lat' dir='ltr'><strong>memoriae</strong></span> <span class='ocrx_word' id='word_1_400' title='bbox 3584 2799 3730 2856; x_wconf 91' lang='lat' dir='ltr'><strong>obiit.</strong></span> <span class='ocrx_word' id='word_1_401' title='bbox 3751 2794 3861 2861; x_wconf 79' lang='lat' dir='ltr'><strong>Wig-</strong></span> 
     </span>
    </p>
   </div>
   <div class='ocr_carea' id='block_1_59' title="bbox 2284 2884 3861 2960">
    <p class='ocr_par' dir='ltr' id='par_1_59' title="bbox 2284 2884 3861 2960">
     <span class='ocr_line' id='line_1_59' title="bbox 2284 2884 3861 2960; baseline -0.013 -5"><span class='ocrx_word' id='word_1_402' title='bbox 2284 2950 2288 2955; x_wconf 85' lang='lat'><strong>.</strong></span> <span class='ocrx_word' id='word_1_403' title='bbox 2317 2884 2646 2959; x_wconf 17' lang='lat' dir='ltr'><strong>manﬁcomes</strong></span> <span class='ocrx_word' id='word_1_404' title='bbox 2683 2897 3036 2956; x_wconf 84' lang='lat' dir='ltr'><strong>occidentalis</strong></span> <span class='ocrx_word' id='word_1_405' title='bbox 3062 2894 3331 2960; x_wconf 71' lang='lat' dir='ltr'><strong>Saxonice,</strong></span> <span class='ocrx_word' id='word_1_406' title='bbox 3357 2894 3503 2949; x_wconf 90' lang='lat' dir='ltr'><strong>inter</strong></span> <span class='ocrx_word' id='word_1_407' title='bbox 3532 2906 3594 2947; x_wconf 90' lang='lat' dir='ltr'><strong>se</strong></span> <span class='ocrx_word' id='word_1_408' title='bbox 3622 2900 3673 2945; x_wconf 90' lang='lat' dir='ltr'><strong>et</strong></span> <span class='ocrx_word' id='word_1_409' title='bbox 3698 2884 3861 2941; x_wconf 68' lang='lat' dir='ltr'><strong>Balari-</strong></span> 
     </span>
    </p>
   </div>
   <div class='ocr_carea' id='block_1_60' title="bbox 2318 2979 3858 3060">
    <p class='ocr_par' dir='ltr' id='par_1_60' title="bbox 2318 2979 3858 3060">
     <span class='ocr_line' id='line_1_60' title="bbox 2318 2979 3858 3060; baseline -0.016 -6"><span class='ocrx_word' id='word_1_410' title='bbox 2318 3013 2440 3055; x_wconf 90' lang='lat' dir='ltr'><strong>cum</strong></span> <span class='ocrx_word' id='word_1_411' title='bbox 2465 2994 2719 3051; x_wconf 90' lang='lat' dir='ltr'><strong>comitem</strong></span> <span class='ocrx_word' id='word_1_412' title='bbox 2748 2990 3100 3048; x_wconf 89' lang='lat' dir='ltr'><strong>reconciliata</strong></span> <span class='ocrx_word' id='word_1_413' title='bbox 3125 3004 3278 3060; x_wconf 87' lang='lat' dir='ltr'><strong>pace,</strong></span> <span class='ocrx_word' id='word_1_414' title='bbox 3319 2986 3684 3059; x_wconf 84' lang='lat' dir='ltr'><strong>persuadente</strong></span> <span class='ocrx_word' id='word_1_415' title='bbox 3708 2979 3858 3036; x_wconf 78' lang='lat' dir='ltr'><strong>callida</strong></span> 
     </span>
    </p>
   </div>
   <div class='ocr_carea' id='block_1_61' title="bbox 2320 3073 3860 3161">
    <p class='ocr_par' dir='ltr' id='par_1_61' title="bbox 2320 3073 3860 3161">
     <span class='ocr_line' id='line_1_61' title="bbox 2320 3073 3860 3161; baseline -0.013 -16"><span class='ocrx_word' id='word_1_416' title='bbox 2320 3089 2524 3161; x_wconf 78' lang='lat' dir='ltr'><strong>perfida</strong></span> <span class='ocrx_word' id='word_1_417' title='bbox 2556 3096 2612 3142; x_wconf 90' lang='lat' dir='ltr'><strong>et</strong></span> <span class='ocrx_word' id='word_1_418' title='bbox 2636 3100 2800 3140; x_wconf 87' lang='lat' dir='ltr'><strong>avara</strong></span> <span class='ocrx_word' id='word_1_419' title='bbox 2837 3081 3065 3154; x_wconf 81' lang='lat' dir='ltr'><strong>conjuge</strong></span> <span class='ocrx_word' id='word_1_420' title='bbox 3105 3081 3368 3153; x_wconf 86' lang='lat' dir='ltr'><strong>ejusdem,</strong></span> <span class='ocrx_word' id='word_1_421' title='bbox 3403 3077 3622 3134; x_wconf 89' lang='lat' dir='ltr'><strong>insidiis</strong></span> <span class='ocrx_word' id='word_1_422' title='bbox 3648 3073 3860 3147; x_wconf 84' lang='lat' dir='ltr'><strong>pessimo-</strong></span> 
     </span>
    </p>
   </div>
   <div class='ocr_carea' id='block_1_62' title="bbox 631 3158 3599 3274">
    <p class='ocr_par' dir='ltr' id='par_1_62' title="bbox 631 3158 3599 3274">
     <span class='ocr_line' id='line_1_62' title="bbox 631 3158 3599 3274; baseline -0.013 -38"><span class='ocrx_word' id='word_1_423' title='bbox 631 3158 840 3250; x_wconf 66' lang='lat' dir='ltr'><strong>tiepida</strong></span> <span class='ocrx_word' id='word_1_424' title='bbox 873 3184 1048 3232; x_wconf 86' lang='lat' dir='ltr'><strong>morte</strong></span> <span class='ocrx_word' id='word_1_425' title='bbox 1076 3168 1419 3228; x_wconf 86' lang='lat' dir='ltr'><strong>laudabiliter</strong></span> <span class='ocrx_word' id='word_1_426' title='bbox 1446 3165 1733 3229; x_wconf 90' lang='lat' dir='ltr'><strong>occubuit;</strong></span> <span class='ocrx_word' id='word_1_427' title='bbox 1770 3160 1934 3274; x_wconf 54' lang='lat' dir='ltr'><strong>‘cujus</strong></span> <span class='ocrx_word' id='word_1_428' title='bbox 1962 3158 2213 3274; x_wconf 59' lang='lat' dir='ltr'><strong>cada&#39;ver,</strong></span> <span class='ocrx_word' id='word_1_429' title='bbox 2243 3211 2286 3274; x_wconf 56' lang='grc' dir='ltr'><strong>Γ</strong></span> <span class='ocrx_word' id='word_1_430' title='bbox 2322 3158 2441 3235; x_wconf 47' lang='grc' dir='ltr'><strong>ᾖηη</strong></span> <span class='ocrx_word' id='word_1_431' title='bbox 2466 3180 2518 3234; x_wconf 64' lang='lat' dir='ltr'><strong>in</strong></span> <span class='ocrx_word' id='word_1_432' title='bbox 2543 3178 2741 3233; x_wconf 61' lang='lat' dir='ltr'><strong>iuuere</strong></span> <span class='ocrx_word' id='word_1_433' title='bbox 2768 3173 2954 3230; x_wconf 69' lang='lat' dir='ltr'><strong>dolose</strong></span> <span class='ocrx_word' id='word_1_434' title='bbox 2975 3179 3289 3244; x_wconf 49' lang='lat' dir='ltr'><strong>peremptus</strong></span> <span class='ocrx_word' id='word_1_435' title='bbox 3316 3168 3599 3225; x_wconf 42' lang='lat' dir='ltr'><strong>occubuit.</strong></span> 
     </span>
     <span class='ocr_line' id='line_1_63' title="bbox 722 3249 3537 3274; baseline 0 0"><span class='ocrx_word' id='word_1_436' title='bbox 722 3271 737 3274; x_wconf 66' lang='lat'><strong>-</strong></span> <span class='ocrx_word' id='word_1_437' title='bbox 1032 3265 1096 3274; x_wconf 84' lang='grc'><strong>...</strong></span> <span class='ocrx_word' id='word_1_438' title='bbox 1135 3264 1146 3274; x_wconf 76' lang='grc' dir='ltr'>ι</span> <span class='ocrx_word' id='word_1_439' title='bbox 1336 3258 1431 3274; x_wconf 69' lang='grc' dir='ltr'><strong>ην,</strong></span> <span class='ocrx_word' id='word_1_440' title='bbox 1488 3254 1739 3274; x_wconf 34' lang='grc' dir='ltr'><strong>ιιᾼμαι---ξ</strong></span> <span class='ocrx_word' id='word_1_441' title='bbox 1794 3268 1851 3274; x_wconf 63' lang='grc' dir='ltr'><strong>,η</strong></span> <span class='ocrx_word' id='word_1_442' title='bbox 1878 3251 2026 3274; x_wconf 36' lang='lat' dir='ltr'><strong>snt“..-</strong></span> <span class='ocrx_word' id='word_1_443' title='bbox 2055 3249 2085 3274; x_wconf 47' lang='grc' dir='ltr'><strong>εἰ</strong></span> <span class='ocrx_word' id='word_1_444' title='bbox 2114 3249 2216 3274; x_wconf 68' lang='grc' dir='ltr'><strong>ειη..</strong></span> <span class='ocrx_word' id='word_1_445' title='bbox 2275 3252 2288 3273; x_wconf 70' lang='grc'><strong>6</strong></span> <span class='ocrx_word' id='word_1_446' title='bbox 2400 3273 2409 3274; x_wconf 31' lang='grc' dir='ltr'><em>κ</em></span> <span class='ocrx_word' id='word_1_447' title='bbox 2472 3273 2527 3274; x_wconf 31' lang='grc' dir='ltr'><strong>κη</strong></span> <span class='ocrx_word' id='word_1_448' title='bbox 2589 3264 2633 3274; x_wconf 74' lang='lat'><strong>.._</strong></span> <span class='ocrx_word' id='word_1_449' title='bbox 2671 3269 2682 3274; x_wconf 84' lang='lat'><em>_</em></span> <span class='ocrx_word' id='word_1_450' title='bbox 2759 3268 2770 3274; x_wconf 82' lang='lat'><em>_</em></span> <span class='ocrx_word' id='word_1_451' title='bbox 2901 3267 2912 3274; x_wconf 88' lang='lat'><strong>.</strong></span> <span class='ocrx_word' id='word_1_452' title='bbox 3225 3264 3237 3274; x_wconf 80' lang='grc' dir='ltr'>ι</span> <span class='ocrx_word' id='word_1_453' title='bbox 3523 3262 3537 3273; x_wconf 74' lang='grc' dir='ltr'><em>υ</em></span> 
     </span>
    </p>
   </div>
   <div class='ocr_carea' id='block_1_63' title="bbox 598 3249 2288 3333">
    <p class='ocr_par' dir='ltr' id='par_1_63' title="bbox 598 3249 2288 3333">
     <span class='ocr_line' id='line_1_64' title="bbox 598 3249 2288 3333; baseline -0.016 -6"><span class='ocrx_word' id='word_1_454' title='bbox 598 3280 691 3327; x_wconf 77' lang='grc' dir='ltr'><strong>-ιιι</strong></span> <span class='ocrx_word' id='word_1_455' title='bbox 716 3249 914 3333; x_wconf 85' lang='lat' dir='ltr'><strong>ferunt,</strong></span> <span class='ocrx_word' id='word_1_456' title='bbox 952 3282 982 3322; x_wconf 88' lang='lat' dir='ltr'><strong>a</strong></span> <span class='ocrx_word' id='word_1_457' title='bbox 1029 3264 1292 3321; x_wconf 78' lang='lat' dir='ltr'><strong>Misicone</strong></span> <span class='ocrx_word' id='word_1_458' title='bbox 1334 3258 1443 3313; x_wconf 92' lang='lat' dir='ltr'><strong>lilio</strong></span> <span class='ocrx_word' id='word_1_459' title='bbox 1484 3254 1744 3311; x_wconf 79' lang='lat' dir='ltr'><strong>Bolizlavi</strong></span> <span class='ocrx_word' id='word_1_460' title='bbox 1770 3249 2216 3309; x_wconf 88' lang='lat' dir='ltr'><strong>lachrimabiliter</strong></span> <span class='ocrx_word' id='word_1_461' title='bbox 2243 3249 2288 3313; x_wconf 62' lang='grc' dir='ltr'>ν</span> 
     </span>
    </p>
   </div>
   <div class='ocr_carea' id='block_1_64' title="bbox 630 3340 2214 3428">
    <p class='ocr_par' dir='ltr' id='par_1_64' title="bbox 630 3340 2214 3428">
     <span class='ocr_line' id='line_1_65' title="bbox 630 3340 2214 3428; baseline -0.017 -8"><span class='ocrx_word' id='word_1_462' title='bbox 630 3363 928 3428; x_wconf 89' lang='lat' dir='ltr'><strong>sublatum,</strong></span> <span class='ocrx_word' id='word_1_463' title='bbox 956 3357 1210 3414; x_wconf 89' lang='lat' dir='ltr'><strong>omnibus</strong></span> <span class='ocrx_word' id='word_1_464' title='bbox 1258 3349 1579 3408; x_wconf 84' lang='lat' dir='ltr'><strong>necessariis</strong></span> <span class='ocrx_word' id='word_1_465' title='bbox 1610 3346 1895 3417; x_wconf 82' lang='lat' dir='ltr'><strong>diligenter</strong></span> <span class='ocrx_word' id='word_1_466' title='bbox 1936 3340 2214 3412; x_wconf 88' lang='lat' dir='ltr'><strong>appositis,</strong></span> 
     </span>
    </p>
   </div>
   <div class='ocr_carea' id='block_1_65' title="bbox 629 3433 2214 3518">
    <p class='ocr_par' dir='ltr' id='par_1_65' title="bbox 629 3433 2214 3518">
     <span class='ocr_line' id='line_1_66' title="bbox 629 3433 2214 3518; baseline -0.016 -8"><span class='ocrx_word' id='word_1_467' title='bbox 629 3455 747 3511; x_wconf 87' lang='lat' dir='ltr'><strong>suis</strong></span> <span class='ocrx_word' id='word_1_468' title='bbox 789 3452 1035 3508; x_wconf 88' lang='lat' dir='ltr'><strong>redditur</strong></span> <span class='ocrx_word' id='word_1_469' title='bbox 1083 3444 1495 3518; x_wconf 86' lang='lat' dir='ltr'><strong>rcportandum.</strong></span> <span class='ocrx_word' id='word_1_470' title='bbox 1544 3440 1844 3508; x_wconf 80' lang='lat' dir='ltr'><strong>imperator</strong></span> <span class='ocrx_word' id='word_1_471' title='bbox 1892 3449 2021 3490; x_wconf 88' lang='lat' dir='ltr'><strong>vero</strong></span> <span class='ocrx_word' id='word_1_472' title='bbox 2051 3433 2214 3497; x_wconf 86' lang='lat' dir='ltr'><strong>dolet,</strong></span> 
     </span>
    </p>
   </div>
   <div class='ocr_carea' id='block_1_66' title="bbox 594 3523 2220 3613">
    <p class='ocr_par' dir='ltr' id='par_1_66' title="bbox 594 3523 2220 3613">
     <span class='ocr_line' id='line_1_67' title="bbox 594 3523 2220 3613; baseline -0.018 -10"><span class='ocrx_word' id='word_1_473' title='bbox 594 3584 597 3587; x_wconf 59' lang='grc' dir='ltr'>η</span> <span class='ocrx_word' id='word_1_474' title='bbox 631 3545 737 3602; x_wconf 78' lang='lat' dir='ltr'><strong>s‘.bi</strong></span> <span class='ocrx_word' id='word_1_475' title='bbox 765 3554 1036 3613; x_wconf 82' lang='lat' dir='ltr'><strong>quemque</strong></span> <span class='ocrx_word' id='word_1_476' title='bbox 1085 3536 1335 3606; x_wconf 88' lang='lat' dir='ltr'><strong>periisse,</strong></span> <span class='ocrx_word' id='word_1_477' title='bbox 1367 3532 1458 3588; x_wconf 91' lang='lat' dir='ltr'><strong>cui</strong></span> <span class='ocrx_word' id='word_1_478' title='bbox 1498 3530 1648 3601; x_wconf 88' lang='lat' dir='ltr'><strong>prius</strong></span> <span class='ocrx_word' id='word_1_479' title='bbox 1689 3528 1990 3596; x_wconf 80' lang='lat' dir='ltr'><strong>contigerat</strong></span> <span class='ocrx_word' id='word_1_480' title='bbox 2033 3523 2220 3577; x_wconf 88' lang='lat' dir='ltr'><strong>trium-</strong></span> 
     </span>
    </p>
   </div>
   <div class='ocr_carea' id='block_1_67' title="bbox 633 3613 2219 3712">
    <p class='ocr_par' dir='ltr' id='par_1_67' title="bbox 633 3613 2219 3712">
     <span class='ocr_line' id='line_1_68' title="bbox 633 3613 2219 3712; baseline -0.016 -20"><span class='ocrx_word' id='word_1_481' title='bbox 633 3638 851 3712; x_wconf 85' lang='lat' dir='ltr'><strong>phasse.</strong></span> <span class='ocrx_word' id='word_1_482' title='bbox 905 3632 1057 3689; x_wconf 85' lang='lat' dir='ltr'><strong>Unde</strong></span> <span class='ocrx_word' id='word_1_483' title='bbox 1103 3627 1329 3685; x_wconf 88' lang='lat' dir='ltr'><strong>consilio</strong></span> <span class='ocrx_word' id='word_1_484' title='bbox 1376 3639 1597 3680; x_wconf 81' lang='lat' dir='ltr'><strong>suorum</strong></span> <span class='ocrx_word' id='word_1_485' title='bbox 1650 3619 1993 3680; x_wconf 87' lang='lat' dir='ltr'><strong>admonitus,</strong></span> <span class='ocrx_word' id='word_1_486' title='bbox 2054 3613 2219 3669; x_wconf 80' lang='lat' dir='ltr'><strong>colle—</strong></span> 
     </span>
    </p>
   </div>
   <div class='ocr_carea' id='block_1_68' title="bbox 632 3707 2224 3799">
    <p class='ocr_par' dir='ltr' id='par_1_68' title="bbox 632 3707 2224 3799">
     <span class='ocr_line' id='line_1_69' title="bbox 632 3707 2224 3799; baseline -0.018 -15"><span class='ocrx_word' id='word_1_487' title='bbox 632 3707 739 3784; x_wconf 70' lang='lat' dir='ltr'><strong>etis</strong></span> <span class='ocrx_word' id='word_1_488' title='bbox 768 3724 916 3799; x_wconf 72' lang='lat'><strong>(285)</strong></span> <span class='ocrx_word' id='word_1_489' title='bbox 945 3721 1113 3794; x_wconf 84' lang='lat' dir='ltr'><strong>copiis</strong></span> <span class='ocrx_word' id='word_1_490' title='bbox 1140 3717 1438 3775; x_wconf 76' lang='lat' dir='ltr'><strong>exercitum</strong></span> <span class='ocrx_word' id='word_1_491' title='bbox 1476 3713 1633 3785; x_wconf 88' lang='lat' dir='ltr'><strong>jubet</strong></span> <span class='ocrx_word' id='word_1_492' title='bbox 1662 3710 1857 3766; x_wconf 90' lang='lat' dir='ltr'><strong>redire.</strong></span> <span class='ocrx_word' id='word_1_493' title='bbox 1885 3707 1962 3762; x_wconf 89' lang='lat' dir='ltr'><strong>llli</strong></span> <span class='ocrx_word' id='word_1_494' title='bbox 1987 3716 2043 3761; x_wconf 91' lang='lat' dir='ltr'><strong>ut</strong></span> <span class='ocrx_word' id='word_1_495' title='bbox 2067 3712 2224 3760; x_wconf 86' lang='lat' dir='ltr'><strong>erant</strong></span> 
     </span>
    </p>
   </div>
   <div class='ocr_carea' id='block_1_69' title="bbox 637 3798 2225 3893">
    <p class='ocr_par' dir='ltr' id='par_1_69' title="bbox 637 3798 2225 3893">
     <span class='ocr_line' id='line_1_70' title="bbox 637 3798 2225 3893; baseline -0.016 -16"><span class='ocrx_word' id='word_1_496' title='bbox 637 3798 813 3893; x_wconf 85' lang='lat' dir='ltr'><strong>ignari</strong></span> <span class='ocrx_word' id='word_1_497' title='bbox 836 3819 1069 3881; x_wconf 80' lang='lat' dir='ltr'><strong>viarum,</strong></span> <span class='ocrx_word' id='word_1_498' title='bbox 1100 3828 1196 3885; x_wconf 84' lang='lat' dir='ltr'><strong>per</strong></span> <span class='ocrx_word' id='word_1_499' title='bbox 1224 3810 1415 3867; x_wconf 80' lang='lat' dir='ltr'><strong>silvam</strong></span> <span class='ocrx_word' id='word_1_500' title='bbox 1467 3805 1736 3877; x_wconf 89' lang='lat' dir='ltr'><strong>quandam</strong></span> <span class='ocrx_word' id='word_1_501' title='bbox 1771 3802 1998 3858; x_wconf 90' lang='lat' dir='ltr'><strong>tendunt</strong></span> <span class='ocrx_word' id='word_1_502' title='bbox 2046 3799 2113 3852; x_wconf 89' lang='lat' dir='ltr'><strong>ad</strong></span> <span class='ocrx_word' id='word_1_503' title='bbox 2149 3798 2225 3852; x_wconf 84' lang='lat' dir='ltr'><strong>lo-</strong></span> 
     </span>
    </p>
   </div>
   <div class='ocr_carea' id='block_1_70' title="bbox 636 3892 2226 3982">
    <p class='ocr_par' dir='ltr' id='par_1_70' title="bbox 636 3892 2226 3982">
     <span class='ocr_line' id='line_1_71' title="bbox 636 3892 2226 3982; baseline -0.016 -12"><span class='ocrx_word' id='word_1_504' title='bbox 636 3892 789 3980; x_wconf 86' lang='lat' dir='ltr'><strong>cum,</strong></span> <span class='ocrx_word' id='word_1_505' title='bbox 844 3910 937 3982; x_wconf 80' lang='lat' dir='ltr'><strong>qui</strong></span> <span class='ocrx_word' id='word_1_506' title='bbox 987 3909 1076 3964; x_wconf 76' lang='lat' dir='ltr'><strong>vix</strong></span> <span class='ocrx_word' id='word_1_507' title='bbox 1123 3913 1286 3961; x_wconf 67' lang='lat' dir='ltr'><strong>tantas</strong></span> <span class='ocrx_word' id='word_1_508' title='bbox 1331 3898 1691 3959; x_wconf 88' lang='lat' dir='ltr'><strong>multitudinis</strong></span> <span class='ocrx_word' id='word_1_509' title='bbox 1746 3910 1937 3966; x_wconf 78' lang='lat' dir='ltr'><strong>capax,</strong></span> <span class='ocrx_word' id='word_1_510' title='bbox 1990 3892 2226 3961; x_wconf 85' lang='lat' dir='ltr'><strong>undique</strong></span> 
     </span>
    </p>
   </div>
   <div class='ocr_carea' id='block_1_71' title="bbox 644 3990 2224 4071">
    <p class='ocr_par' dir='ltr' id='par_1_71' title="bbox 644 3990 2224 4071">
     <span class='ocr_line' id='line_1_72' title="bbox 644 3990 2224 4071; baseline -0.015 -11"><span class='ocrx_word' id='word_1_511' title='bbox 644 4002 987 4060; x_wconf 77' lang='lat' dir='ltr'><strong>interﬂuente</strong></span> <span class='ocrx_word' id='word_1_512' title='bbox 1024 3998 1218 4071; x_wconf 88' lang='lat' dir='ltr'><strong>palude</strong></span> <span class='ocrx_word' id='word_1_513' title='bbox 1265 4004 1323 4051; x_wconf 92' lang='lat' dir='ltr'><strong>et</strong></span> <span class='ocrx_word' id='word_1_514' title='bbox 1367 3992 1639 4049; x_wconf 87' lang='lat' dir='ltr'><strong>frondium</strong></span> <span class='ocrx_word' id='word_1_515' title='bbox 1697 3990 1951 4060; x_wconf 85' lang='lat' dir='ltr'><strong>cingente</strong></span> <span class='ocrx_word' id='word_1_516' title='bbox 2004 3999 2224 4048; x_wconf 90' lang='lat' dir='ltr'><strong>corona,</strong></span> 
     </span>
    </p>
   </div>
   <div class='ocr_carea' id='block_1_72' title="bbox 610 4077 2230 4162">
    <p class='ocr_par' dir='ltr' id='par_1_72' title="bbox 610 4077 2230 4162">
     <span class='ocr_line' id='line_1_73' title="bbox 610 4077 2230 4162; baseline -0.014 -12"><span class='ocrx_word' id='word_1_517' title='bbox 610 4097 863 4150; x_wconf 67' lang='lat' dir='ltr'><strong>.lircvem</strong></span> <span class='ocrx_word' id='word_1_518' title='bbox 892 4092 1094 4162; x_wconf 65' lang='lat' dir='ltr'><strong>praebet</strong></span> <span class='ocrx_word' id='word_1_519' title='bbox 1121 4087 1280 4142; x_wconf 87' lang='lat' dir='ltr'><strong>lassis</strong></span> <span class='ocrx_word' id='word_1_520' title='bbox 1307 4086 1566 4156; x_wconf 92' lang='lat' dir='ltr'><strong>quietem.</strong></span> <span class='ocrx_word' id='word_1_521' title='bbox 1596 4080 1940 4138; x_wconf 69' lang='lat' dir='ltr'><strong>Conveniunt</strong></span> <span class='ocrx_word' id='word_1_522' title='bbox 1969 4077 2230 4148; x_wconf 85' lang='lat' dir='ltr'><strong>primates</strong></span> 
     </span>
    </p>
   </div>
   <div class='ocr_carea' id='block_1_73' title="bbox 598 4172 2226 4255">
    <p class='ocr_par' dir='ltr' id='par_1_73' title="bbox 598 4172 2226 4255">
     <span class='ocr_line' id='line_1_74' title="bbox 598 4172 2226 4255; baseline -0.012 -13"><span class='ocrx_word' id='word_1_523' title='bbox 598 4202 601 4209; x_wconf 59' lang='grc' dir='ltr'><strong><em>ί</em></strong></span> <span class='ocrx_word' id='word_1_524' title='bbox 643 4196 951 4253; x_wconf 65' lang='grc' dir='ltr'><strong>εωιοταιιιιο</strong></span> <span class='ocrx_word' id='word_1_525' title='bbox 965 4182 1245 4252; x_wconf 82' lang='lat' dir='ltr'><strong>juventus,</strong></span> <span class='ocrx_word' id='word_1_526' title='bbox 1265 4178 1386 4255; x_wconf 71' lang='lat' dir='ltr'><strong>suis</strong></span> <span class='ocrx_word' id='word_1_527' title='bbox 1408 4176 1614 4232; x_wconf 88' lang='lat' dir='ltr'><strong>viribus</strong></span> <span class='ocrx_word' id='word_1_528' title='bbox 1634 4174 1920 4230; x_wconf 80' lang='lat' dir='ltr'><strong>victoriam</strong></span> <span class='ocrx_word' id='word_1_529' title='bbox 1938 4172 2226 4243; x_wconf 86' lang='lat' dir='ltr'><strong>jactautes,</strong></span> 
     </span>
    </p>
   </div>
   <div class='ocr_carea' id='block_1_74' title="bbox 643 4261 2225 4346">
    <p class='ocr_par' dir='ltr' id='par_1_74' title="bbox 643 4261 2225 4346">
     <span class='ocr_line' id='line_1_75' title="bbox 643 4261 2225 4346; baseline -0.013 -15"><span class='ocrx_word' id='word_1_530' title='bbox 643 4285 701 4333; x_wconf 91' lang='lat' dir='ltr'><strong>et</strong></span> <span class='ocrx_word' id='word_1_531' title='bbox 727 4290 824 4346; x_wconf 90' lang='lat' dir='ltr'><strong>pro</strong></span> <span class='ocrx_word' id='word_1_532' title='bbox 856 4271 1102 4329; x_wconf 88' lang='lat' dir='ltr'><strong>iteranda</strong></span> <span class='ocrx_word' id='word_1_533' title='bbox 1151 4280 1330 4340; x_wconf 74' lang='lat' dir='ltr'><strong>strage</strong></span> <span class='ocrx_word' id='word_1_534' title='bbox 1356 4268 1671 4324; x_wconf 87' lang='lat' dir='ltr'><strong>absentibus</strong></span> <span class='ocrx_word' id='word_1_535' title='bbox 1698 4265 1933 4322; x_wconf 88' lang='lat' dir='ltr'><strong>inaniter</strong></span> <span class='ocrx_word' id='word_1_536' title='bbox 1965 4261 2225 4333; x_wconf 75' lang='lat' dir='ltr'><strong>minitan-</strong></span> 
     </span>
    </p>
   </div>
   <div class='ocr_carea' id='block_1_75' title="bbox 645 4358 2233 4430">
    <p class='ocr_par' dir='ltr' id='par_1_75' title="bbox 645 4358 2233 4430">
     <span class='ocr_line' id='line_1_76' title="bbox 645 4358 2233 4430; baseline -0.014 -5"><span class='ocrx_word' id='word_1_537' title='bbox 645 4379 748 4425; x_wconf 87' lang='lat' dir='ltr'><strong>tes.</strong></span> <span class='ocrx_word' id='word_1_538' title='bbox 777 4365 989 4430; x_wconf 84' lang='lat' dir='ltr'><strong>Nullus,</strong></span> <span class='ocrx_word' id='word_1_539' title='bbox 1027 4373 1086 4419; x_wconf 93' lang='lat' dir='ltr'><strong>ut</strong></span> <span class='ocrx_word' id='word_1_540' title='bbox 1115 4363 1321 4427; x_wconf 90' lang='lat' dir='ltr'><strong>decuit,</strong></span> <span class='ocrx_word' id='word_1_541' title='bbox 1362 4361 1531 4416; x_wconf 91' lang='lat' dir='ltr'><strong>Deum</strong></span> <span class='ocrx_word' id='word_1_542' title='bbox 1561 4358 1824 4414; x_wconf 74' lang='lat' dir='ltr'><strong>cmlorum</strong></span> <span class='ocrx_word' id='word_1_543' title='bbox 1846 4365 1900 4411; x_wconf 91' lang='lat' dir='ltr'><strong>et</strong></span> <span class='ocrx_word' id='word_1_544' title='bbox 1936 4368 2114 4424; x_wconf 82' lang='lat' dir='ltr'><strong>regem</strong></span> <span class='ocrx_word' id='word_1_545' title='bbox 2148 4364 2233 4404; x_wconf 84' lang='lat' dir='ltr'><strong>re-</strong></span> 
     </span>
    </p>
   </div>
   <div class='ocr_carea' id='block_1_76' title="bbox 644 4449 2231 4532">
    <p class='ocr_par' dir='ltr' id='par_1_76' title="bbox 644 4449 2231 4532">
     <span class='ocr_line' id='line_1_77' title="bbox 644 4449 2231 4532; baseline -0.011 -17"><span class='ocrx_word' id='word_1_546' title='bbox 644 4476 771 4532; x_wconf 84' lang='lat' dir='ltr'><strong>gum</strong></span> <span class='ocrx_word' id='word_1_547' title='bbox 802 4459 984 4515; x_wconf 91' lang='lat' dir='ltr'><strong>studet</strong></span> <span class='ocrx_word' id='word_1_548' title='bbox 1004 4456 1252 4513; x_wconf 90' lang='lat' dir='ltr'><strong>laudibus</strong></span> <span class='ocrx_word' id='word_1_549' title='bbox 1280 4453 1563 4518; x_wconf 74' lang='lat' dir='ltr'><strong>extollere,</strong></span> <span class='ocrx_word' id='word_1_550' title='bbox 1596 4462 1651 4508; x_wconf 94' lang='lat' dir='ltr'><strong>et</strong></span> <span class='ocrx_word' id='word_1_551' title='bbox 1678 4467 1778 4523; x_wconf 87' lang='lat' dir='ltr'><strong>pro</strong></span> <span class='ocrx_word' id='word_1_552' title='bbox 1809 4449 2019 4506; x_wconf 83' lang='lat' dir='ltr'><strong>collatis</strong></span> <span class='ocrx_word' id='word_1_553' title='bbox 2068 4449 2231 4501; x_wconf 83' lang='lat' dir='ltr'><strong>bene-</strong></span> 
     </span>
    </p>
   </div>
   <div class='ocr_carea' id='block_1_77' title="bbox 2392 3254 3860 3338">
    <p class='ocr_par' dir='ltr' id='par_1_77' title="bbox 2392 3254 3860 3338">
     <span class='ocr_line' id='line_1_78' title="bbox 2392 3254 3860 3338; baseline -0.014 -11"><span class='ocrx_word' id='word_1_554' title='bbox 2392 3273 2549 3327; x_wconf 83' lang='grc'><strong>1017.</strong></span> <span class='ocrx_word' id='word_1_555' title='bbox 2589 3264 2873 3325; x_wconf 86' lang='lat' dir='ltr'><strong>Ileinricns</strong></span> <span class='ocrx_word' id='word_1_556' title='bbox 2900 3267 3198 3338; x_wconf 89' lang='lat' dir='ltr'><strong>imperator</strong></span> <span class='ocrx_word' id='word_1_557' title='bbox 3225 3264 3328 3319; x_wconf 89' lang='lat' dir='ltr'><strong>hoc</strong></span> <span class='ocrx_word' id='word_1_558' title='bbox 3347 3277 3491 3318; x_wconf 89' lang='lat' dir='ltr'><strong>anno</strong></span> <span class='ocrx_word' id='word_1_559' title='bbox 3520 3262 3579 3316; x_wconf 90' lang='lat' dir='ltr'><strong>in</strong></span> <span class='ocrx_word' id='word_1_560' title='bbox 3601 3254 3860 3327; x_wconf 79' lang='lat' dir='ltr'><strong>lngilahcint</strong></span> 
     </span>
    </p>
   </div>
   <div class='ocr_carea' id='block_1_78' title="bbox 2320 3353 3861 3439">
    <p class='ocr_par' dir='ltr' id='par_1_78' title="bbox 2320 3353 3861 3439">
     <span class='ocr_line' id='line_1_79' title="bbox 2320 3353 3861 3439; baseline -0.013 -18"><span class='ocrx_word' id='word_1_561' title='bbox 2320 3365 2666 3439; x_wconf 87' lang='lat' dir='ltr'><strong>paschalibus</strong></span> <span class='ocrx_word' id='word_1_562' title='bbox 2708 3362 2920 3434; x_wconf 78' lang='lat' dir='ltr'><strong>gaudiis</strong></span> <span class='ocrx_word' id='word_1_563' title='bbox 2964 3360 3191 3417; x_wconf 87' lang='lat' dir='ltr'><strong>festivus</strong></span> <span class='ocrx_word' id='word_1_564' title='bbox 3222 3356 3490 3413; x_wconf 89' lang='lat' dir='ltr'><strong>interfuit.</strong></span> <span class='ocrx_word' id='word_1_565' title='bbox 3521 3353 3717 3411; x_wconf 88' lang='lat' dir='ltr'><strong>Eodem</strong></span> <span class='ocrx_word' id='word_1_566' title='bbox 3754 3362 3861 3405; x_wconf 87' lang='lat' dir='ltr'><strong>anno</strong></span> 
     </span>
    </p>
   </div>
   <div class='ocr_carea' id='block_1_79' title="bbox 2323 3439 3859 3523">
    <p class='ocr_par' dir='ltr' id='par_1_79' title="bbox 2323 3439 3859 3523">
     <span class='ocr_line' id='line_1_80' title="bbox 2323 3439 3859 3523; baseline -0.012 -12"><span class='ocrx_word' id='word_1_567' title='bbox 2323 3458 2376 3513; x_wconf 90' lang='lat' dir='ltr'><strong>iu</strong></span> <span class='ocrx_word' id='word_1_568' title='bbox 2405 3455 2655 3513; x_wconf 71' lang='lat' dir='ltr'><strong>cmnobio</strong></span> <span class='ocrx_word' id='word_1_569' title='bbox 2680 3453 3068 3509; x_wconf 86' lang='lat' dir='ltr'><strong>monacbarnm</strong></span> <span class='ocrx_word' id='word_1_570' title='bbox 3120 3450 3267 3523; x_wconf 70' lang='lat'><strong>(289)</strong></span> <span class='ocrx_word' id='word_1_571' title='bbox 3298 3449 3331 3505; x_wconf 92' lang='lat'><strong>8</strong></span> <span class='ocrx_word' id='word_1_572' title='bbox 3372 3447 3491 3505; x_wconf 89' lang='lat' dir='ltr'><strong>Cal.</strong></span> <span class='ocrx_word' id='word_1_573' title='bbox 3540 3445 3709 3502; x_wconf 74' lang='lat' dir='ltr'><strong>Martii</strong></span> <span class='ocrx_word' id='word_1_574' title='bbox 3745 3439 3859 3496; x_wconf 86' lang='lat' dir='ltr'><strong>dedi-</strong></span> 
     </span>
    </p>
   </div>
   <div class='ocr_carea' id='block_1_80' title="bbox 2323 3533 3859 3615">
    <p class='ocr_par' dir='ltr' id='par_1_80' title="bbox 2323 3533 3859 3615">
     <span class='ocr_line' id='line_1_81' title="bbox 2323 3533 3859 3615; baseline -0.012 -10"><span class='ocrx_word' id='word_1_575' title='bbox 2323 3562 2442 3605; x_wconf 88' lang='lat' dir='ltr'><strong>cata</strong></span> <span class='ocrx_word' id='word_1_576' title='bbox 2471 3559 2552 3606; x_wconf 92' lang='lat' dir='ltr'><strong>est</strong></span> <span class='ocrx_word' id='word_1_577' title='bbox 2573 3548 2803 3604; x_wconf 88' lang='lat' dir='ltr'><strong>ecclesia</strong></span> <span class='ocrx_word' id='word_1_578' title='bbox 2829 3554 3030 3602; x_wconf 66' lang='lat' dir='ltr'><strong>sanctas</strong></span> <span class='ocrx_word' id='word_1_579' title='bbox 3053 3544 3477 3615; x_wconf 68' lang='lat' dir='ltr'><strong>Mariaesemper</strong></span> <span class='ocrx_word' id='word_1_580' title='bbox 3496 3539 3731 3612; x_wconf 82' lang='lat' dir='ltr'><strong>virginis,</strong></span> <span class='ocrx_word' id='word_1_581' title='bbox 3755 3546 3799 3589; x_wconf 89' lang='lat' dir='ltr'><strong>et</strong></span> <span class='ocrx_word' id='word_1_582' title='bbox 3820 3533 3859 3587; x_wconf 85' lang='lat' dir='ltr'><strong>in</strong></span> 
     </span>
    </p>
   </div>
   <div class='ocr_carea' id='block_1_81' title="bbox 2325 3622 3861 3711">
    <p class='ocr_par' dir='ltr' id='par_1_81' title="bbox 2325 3622 3861 3711">
     <span class='ocr_line' id='line_1_82' title="bbox 2325 3622 3861 3711; baseline -0.015 -17"><span class='ocrx_word' id='word_1_583' title='bbox 2325 3639 2722 3711; x_wconf 83' lang='lat' dir='ltr'><strong>Magadehurch</strong></span> <span class='ocrx_word' id='word_1_584' title='bbox 2776 3644 2967 3693; x_wconf 76' lang='lat' dir='ltr'><strong>exusta</strong></span> <span class='ocrx_word' id='word_1_585' title='bbox 3015 3643 3100 3691; x_wconf 92' lang='lat' dir='ltr'><strong>est</strong></span> <span class='ocrx_word' id='word_1_586' title='bbox 3148 3633 3380 3690; x_wconf 89' lang='lat' dir='ltr'><strong>ecclesia</strong></span> <span class='ocrx_word' id='word_1_587' title='bbox 3431 3630 3611 3687; x_wconf 88' lang='lat' dir='ltr'><strong>sancti</strong></span> <span class='ocrx_word' id='word_1_588' title='bbox 3651 3622 3861 3684; x_wconf 82' lang='lat' dir='ltr'><strong>Johannis</strong></span> 
     </span>
    </p>
   </div>
   <div class='ocr_carea' id='block_1_82' title="bbox 2282 3719 3863 3801">
    <p class='ocr_par' dir='ltr' id='par_1_82' title="bbox 2282 3719 3863 3801">
     <span class='ocr_line' id='line_1_83' title="bbox 2282 3719 3863 3801; baseline -0.009 -15"><span class='ocrx_word' id='word_1_589' title='bbox 2282 3760 2287 3761; x_wconf 50' lang='grc' dir='ltr'>ί</span> <span class='ocrx_word' id='word_1_590' title='bbox 2329 3732 2576 3801; x_wconf 74' lang='lat' dir='ltr'><strong>Baptista:</strong></span> <span class='ocrx_word' id='word_1_591' title='bbox 2603 3742 2727 3785; x_wconf 90' lang='lat' dir='ltr'><strong>eum</strong></span> <span class='ocrx_word' id='word_1_592' title='bbox 2773 3726 3104 3783; x_wconf 86' lang='lat' dir='ltr'><strong>monasterio</strong></span> <span class='ocrx_word' id='word_1_593' title='bbox 3132 3734 3189 3781; x_wconf 90' lang='lat' dir='ltr'><strong>et</strong></span> <span class='ocrx_word' id='word_1_594' title='bbox 3216 3740 3324 3782; x_wconf 90' lang='lat' dir='ltr'><strong>uno</strong></span> <span class='ocrx_word' id='word_1_595' title='bbox 3360 3722 3649 3780; x_wconf 88' lang='lat' dir='ltr'><strong>monacho.</strong></span> <span class='ocrx_word' id='word_1_596' title='bbox 3682 3719 3863 3787; x_wconf 70' lang='lat' dir='ltr'><strong>impera-</strong></span> 
     </span>
    </p>
   </div>
   <div class='ocr_carea' id='block_1_83' title="bbox 2282 3809 3861 3881">
    <p class='ocr_par' dir='ltr' id='par_1_83' title="bbox 2282 3809 3861 3881">
     <span class='ocr_line' id='line_1_84' title="bbox 2282 3809 3861 3881; baseline -0.012 -1"><span class='ocrx_word' id='word_1_597' title='bbox 2282 3848 2285 3851; x_wconf 56' lang='grc' dir='ltr'>λ</span> <span class='ocrx_word' id='word_1_598' title='bbox 2330 3834 2413 3881; x_wconf 89' lang='lat' dir='ltr'><strong>tor</strong></span> <span class='ocrx_word' id='word_1_599' title='bbox 2436 3825 2599 3881; x_wconf 84' lang='lat' dir='ltr'><strong>etiam</strong></span> <span class='ocrx_word' id='word_1_600' title='bbox 2626 3822 2729 3878; x_wconf 87' lang='lat' dir='ltr'><strong>hoc</strong></span> <span class='ocrx_word' id='word_1_601' title='bbox 2763 3836 2905 3877; x_wconf 90' lang='lat' dir='ltr'><strong>anno</strong></span> <span class='ocrx_word' id='word_1_602' title='bbox 2934 3820 3129 3876; x_wconf 88' lang='lat' dir='ltr'><strong>iterum</strong></span> <span class='ocrx_word' id='word_1_603' title='bbox 3174 3827 3353 3874; x_wconf 90' lang='lat' dir='ltr'><strong>castra</strong></span> <span class='ocrx_word' id='word_1_604' title='bbox 3390 3817 3563 3873; x_wconf 89' lang='lat' dir='ltr'><strong>movit</strong></span> <span class='ocrx_word' id='word_1_605' title='bbox 3590 3823 3758 3870; x_wconf 87' lang='lat' dir='ltr'><strong>contra</strong></span> <span class='ocrx_word' id='word_1_606' title='bbox 3788 3809 3861 3861; x_wconf 66' lang='lat' dir='ltr'><strong>lto-</strong></span> 
     </span>
    </p>
   </div>
   <div class='ocr_carea' id='block_1_84' title="bbox 2328 3896 3858 3982">
    <p class='ocr_par' dir='ltr' id='par_1_84' title="bbox 2328 3896 3858 3982">
     <span class='ocr_line' id='line_1_85' title="bbox 2328 3896 3858 3982; baseline -0.01 -9"><span class='ocrx_word' id='word_1_607' title='bbox 2328 3917 2602 3981; x_wconf 80' lang='lat' dir='ltr'><strong>lizlavum,</strong></span> <span class='ocrx_word' id='word_1_608' title='bbox 2626 3913 2721 3971; x_wconf 90' lang='lat' dir='ltr'><strong>sed</strong></span> <span class='ocrx_word' id='word_1_609' title='bbox 2747 3912 2914 3968; x_wconf 89' lang='lat' dir='ltr'><strong>nimia</strong></span> <span class='ocrx_word' id='word_1_610' title='bbox 2940 3909 3247 3982; x_wconf 87' lang='lat' dir='ltr'><strong>pestilentia</strong></span> <span class='ocrx_word' id='word_1_611' title='bbox 3275 3918 3331 3965; x_wconf 92' lang='lat' dir='ltr'><strong>et</strong></span> <span class='ocrx_word' id='word_1_612' title='bbox 3373 3906 3696 3963; x_wconf 88' lang='lat' dir='ltr'><strong>mortalitate</strong></span> <span class='ocrx_word' id='word_1_613' title='bbox 3720 3896 3858 3973; x_wconf 77' lang='lat' dir='ltr'><strong>populi</strong></span> 
     </span>
    </p>
   </div>
   <div class='ocr_carea' id='block_1_85' title="bbox 2284 3992 3862 4074">
    <p class='ocr_par' dir='ltr' id='par_1_85' title="bbox 2284 3992 3862 4074">
     <span class='ocr_line' id='line_1_86' title="bbox 2284 3992 3862 4074; baseline -0.016 -7"><span class='ocrx_word' id='word_1_614' title='bbox 2284 4031 2291 4039; x_wconf 66' lang='grc'><em>’</em></span> <span class='ocrx_word' id='word_1_615' title='bbox 2329 4011 2598 4074; x_wconf 84' lang='lat' dir='ltr'><strong>obstante,</strong></span> <span class='ocrx_word' id='word_1_616' title='bbox 2625 4006 2744 4063; x_wconf 91' lang='lat' dir='ltr'><strong>sine</strong></span> <span class='ocrx_word' id='word_1_617' title='bbox 2770 4004 2892 4060; x_wconf 90' lang='lat' dir='ltr'><strong>belli</strong></span> <span class='ocrx_word' id='word_1_618' title='bbox 2913 4002 3108 4060; x_wconf 82' lang='lat' dir='ltr'><strong>ell‘ectu</strong></span> <span class='ocrx_word' id='word_1_619' title='bbox 3130 4002 3292 4059; x_wconf 88' lang='lat' dir='ltr'><strong>rediit</strong></span> <span class='ocrx_word' id='word_1_620' title='bbox 3315 4002 3367 4056; x_wconf 90' lang='lat' dir='ltr'><strong>in</strong></span> <span class='ocrx_word' id='word_1_621' title='bbox 3390 4001 3645 4071; x_wconf 89' lang='lat' dir='ltr'><strong>patriam.</strong></span> <span class='ocrx_word' id='word_1_622' title='bbox 3667 3994 3750 4052; x_wconf 90' lang='lat' dir='ltr'><strong>Cui</strong></span> <span class='ocrx_word' id='word_1_623' title='bbox 3769 3992 3862 4046; x_wconf 78' lang='lat' dir='ltr'><strong>il&#39;co</strong></span> 
     </span>
    </p>
   </div>
   <div class='ocr_carea' id='block_1_86' title="bbox 2331 4078 3860 4162">
    <p class='ocr_par' dir='ltr' id='par_1_86' title="bbox 2331 4078 3860 4162">
     <span class='ocr_line' id='line_1_87' title="bbox 2331 4078 3860 4162; baseline -0.014 -8"><span class='ocrx_word' id='word_1_624' title='bbox 2331 4099 2640 4162; x_wconf 87' lang='lat' dir='ltr'><strong>nunciatur,</strong></span> <span class='ocrx_word' id='word_1_625' title='bbox 2692 4094 3031 4152; x_wconf 86' lang='lat' dir='ltr'><strong>Gerhardum</strong></span> <span class='ocrx_word' id='word_1_626' title='bbox 3080 4093 3138 4148; x_wconf 91' lang='lat' dir='ltr'><strong>in</strong></span> <span class='ocrx_word' id='word_1_627' title='bbox 3184 4090 3436 4156; x_wconf 85' lang='lat' dir='ltr'><strong>Francia,</strong></span> <span class='ocrx_word' id='word_1_628' title='bbox 3488 4085 3722 4160; x_wconf 88' lang='lat' dir='ltr'><strong>plurimis</strong></span> <span class='ocrx_word' id='word_1_629' title='bbox 3754 4078 3860 4137; x_wconf 76' lang='lat' dir='ltr'><strong>civili</strong></span> 
     </span>
    </p>
   </div>
   <div class='ocr_carea' id='block_1_87' title="bbox 2333 4174 3859 4262">
    <p class='ocr_par' dir='ltr' id='par_1_87' title="bbox 2333 4174 3859 4262">
     <span class='ocr_line' id='line_1_88' title="bbox 2333 4174 3859 4262; baseline -0.016 -15"><span class='ocrx_word' id='word_1_630' title='bbox 2333 4190 2510 4262; x_wconf 83' lang='lat' dir='ltr'><strong>gladio</strong></span> <span class='ocrx_word' id='word_1_631' title='bbox 2536 4186 2853 4260; x_wconf 85' lang='lat' dir='ltr'><strong>peremptis,</strong></span> <span class='ocrx_word' id='word_1_632' title='bbox 2885 4184 3053 4240; x_wconf 89' lang='lat' dir='ltr'><strong>multa</strong></span> <span class='ocrx_word' id='word_1_633' title='bbox 3094 4176 3236 4238; x_wconf 82' lang='lat' dir='ltr'><strong>mala</strong></span> <span class='ocrx_word' id='word_1_634' title='bbox 3279 4181 3577 4237; x_wconf 89' lang='lat' dir='ltr'><strong>concitare.</strong></span> <span class='ocrx_word' id='word_1_635' title='bbox 3608 4174 3743 4233; x_wconf 86' lang='lat' dir='ltr'><strong>Unde</strong></span> <span class='ocrx_word' id='word_1_636' title='bbox 3777 4179 3859 4223; x_wconf 86' lang='lat' dir='ltr'><strong>tur-</strong></span> 
     </span>
    </p>
   </div>
   <div class='ocr_carea' id='block_1_88' title="bbox 2335 4256 3858 4347">
    <p class='ocr_par' dir='ltr' id='par_1_88' title="bbox 2335 4256 3858 4347">
     <span class='ocr_line' id='line_1_89' title="bbox 2335 4256 3858 4347; baseline -0.014 -11"><span class='ocrx_word' id='word_1_637' title='bbox 2335 4256 2653 4345; x_wconf 45' lang='lat' dir='ltr'><strong>batum—illo</strong></span> <span class='ocrx_word' id='word_1_638' title='bbox 2699 4256 2779 4333; x_wconf 82' lang='lat' dir='ltr'><strong>ire</strong></span> <span class='ocrx_word' id='word_1_639' title='bbox 2820 4276 3053 4347; x_wconf 87' lang='lat' dir='ltr'><strong>paravit.</strong></span> <span class='ocrx_word' id='word_1_640' title='bbox 3104 4273 3348 4345; x_wconf 85' lang='lat' dir='ltr'><strong>Eclypsis</strong></span> <span class='ocrx_word' id='word_1_641' title='bbox 3400 4271 3542 4325; x_wconf 75' lang='lat' dir='ltr'><strong>luna:</strong></span> <span class='ocrx_word' id='word_1_642' title='bbox 3571 4268 3700 4323; x_wconf 87' lang='lat' dir='ltr'><strong>facta</strong></span> <span class='ocrx_word' id='word_1_643' title='bbox 3739 4270 3804 4315; x_wconf 50' lang='lat' dir='ltr'><strong>erit</strong></span> <span class='ocrx_word' id='word_1_644' title='bbox 3837 4256 3858 4307; x_wconf 80' lang='lat'><strong>7</strong></span> 
     </span>
    </p>
   </div>
   <div class='ocr_carea' id='block_1_89' title="bbox 2336 4351 3860 4433">
    <p class='ocr_par' dir='ltr' id='par_1_89' title="bbox 2336 4351 3860 4433">
     <span class='ocr_line' id='line_1_90' title="bbox 2336 4351 3860 4433; baseline -0.014 -4"><span class='ocrx_word' id='word_1_645' title='bbox 2336 4373 2459 4429; x_wconf 85' lang='lat' dir='ltr'><strong>ldus</strong></span> <span class='ocrx_word' id='word_1_646' title='bbox 2505 4370 2849 4428; x_wconf 81' lang='lat' dir='ltr'><strong>Novembris.</strong></span> <span class='ocrx_word' id='word_1_647' title='bbox 2900 4366 3048 4424; x_wconf 92' lang='lat' dir='ltr'><strong>Obiit</strong></span> <span class='ocrx_word' id='word_1_648' title='bbox 3092 4365 3368 4433; x_wconf 79' lang='lat' dir='ltr'><strong>Thaetdeg</strong></span> <span class='ocrx_word' id='word_1_649' title='bbox 3402 4358 3681 4433; x_wconf 84' lang='lat' dir='ltr'><strong>Pragensis</strong></span> <span class='ocrx_word' id='word_1_650' title='bbox 3704 4351 3860 4423; x_wconf 67' lang='lat' dir='ltr'><strong>episco-</strong></span> 
     </span>
    </p>
   </div>
   <div class='ocr_carea' id='block_1_90' title="bbox 2337 4446 3809 4537">
    <p class='ocr_par' dir='ltr' id='par_1_90' title="bbox 2337 4446 3809 4537">
     <span class='ocr_line' id='line_1_91' title="bbox 2337 4446 3809 4537; baseline -0.02 -15"><span class='ocrx_word' id='word_1_651' title='bbox 2337 4480 2458 4537; x_wconf 85' lang='lat' dir='ltr'><strong>pus,</strong></span> <span class='ocrx_word' id='word_1_652' title='bbox 2481 4462 2565 4520; x_wconf 87' lang='lat' dir='ltr'><strong>cui</strong></span> <span class='ocrx_word' id='word_1_653' title='bbox 2590 4461 2858 4520; x_wconf 90' lang='lat' dir='ltr'><strong>succeseit</strong></span> <span class='ocrx_word' id='word_1_654' title='bbox 2882 4458 3164 4529; x_wconf 77' lang='lat' dir='ltr'><strong>Eghardus</strong></span> <span class='ocrx_word' id='word_1_655' title='bbox 3189 4451 3617 4524; x_wconf 81' lang='lat' dir='ltr'><strong>Niauburgensis</strong></span> <span class='ocrx_word' id='word_1_656' title='bbox 3654 4446 3809 4501; x_wconf 74' lang='lat' dir='ltr'><strong>abbas.</strong></span> 
     </span>
    </p>
   </div>
   <div class='ocr_carea' id='block_1_91' title="bbox 644 4534 2227 4626">
    <p class='ocr_par' dir='ltr' id='par_1_91' title="bbox 644 4541 2227 4626">
     <span class='ocr_line' id='line_1_92' title="bbox 644 4541 2227 4626; baseline -0.013 -13"><span class='ocrx_word' id='word_1_657' title='bbox 644 4555 787 4613; x_wconf 74' lang='lat' dir='ltr'><strong>liciis</strong></span> <span class='ocrx_word' id='word_1_658' title='bbox 804 4555 998 4626; x_wconf 86' lang='lat' dir='ltr'><strong>dignas</strong></span> <span class='ocrx_word' id='word_1_659' title='bbox 1040 4550 1091 4608; x_wconf 89' lang='lat' dir='ltr'><strong>ei</strong></span> <span class='ocrx_word' id='word_1_660' title='bbox 1125 4558 1308 4623; x_wconf 82' lang='lat' dir='ltr'><strong>grates</strong></span> <span class='ocrx_word' id='word_1_661' title='bbox 1336 4544 1559 4614; x_wconf 91' lang='lat' dir='ltr'><strong>referre,</strong></span> <span class='ocrx_word' id='word_1_662' title='bbox 1600 4545 1687 4602; x_wconf 87' lang='lat' dir='ltr'><strong>vel</strong></span> <span class='ocrx_word' id='word_1_663' title='bbox 1716 4546 1783 4602; x_wconf 90' lang='lat' dir='ltr'><strong>de</strong></span> <span class='ocrx_word' id='word_1_664' title='bbox 1826 4541 2021 4600; x_wconf 86' lang='lat' dir='ltr'><strong>futuris</strong></span> <span class='ocrx_word' id='word_1_665' title='bbox 2046 4553 2227 4612; x_wconf 80' lang='lat' dir='ltr'><strong>preces</strong></span> 
     </span>
    </p>
   </div>
   <div class='ocr_carea' id='block_1_92' title="bbox 2303 4534 3858 4626">
    <p class='ocr_par' dir='ltr' id='par_1_92' title="bbox 2303 4534 3858 4624">
     <span class='ocr_line' id='line_1_93' title="bbox 2303 4534 3858 4624; baseline -0.022 -11"><span class='ocrx_word' id='word_1_666' title='bbox 2303 4534 2353 4613; x_wconf 27' lang='lat' dir='ltr'><strong>li</strong></span> <span class='ocrx_word' id='word_1_667' title='bbox 2409 4555 2567 4613; x_wconf 83' lang='grc'><strong>1018.</strong></span> <span class='ocrx_word' id='word_1_668' title='bbox 2603 4554 2903 4624; x_wconf 88' lang='lat' dir='ltr'><strong>Imperator</strong></span> <span class='ocrx_word' id='word_1_669' title='bbox 2930 4548 3217 4606; x_wconf 80' lang='lat' dir='ltr'><strong>ileinricus</strong></span> <span class='ocrx_word' id='word_1_670' title='bbox 3238 4543 3436 4601; x_wconf 89' lang='lat' dir='ltr'><strong>natalis</strong></span> <span class='ocrx_word' id='word_1_671' title='bbox 3472 4538 3674 4598; x_wconf 90' lang='lat' dir='ltr'><strong>Domini</strong></span> <span class='ocrx_word' id='word_1_672' title='bbox 3710 4534 3858 4588; x_wconf 72' lang='lat' dir='ltr'><strong>festum</strong></span> 
     </span>
    </p>
   </div>
   <div class='ocr_carea' id='block_1_93' title="bbox 600 4633 2235 4716">
    <p class='ocr_par' dir='ltr' id='par_1_93' title="bbox 600 4633 2235 4716">
     <span class='ocr_line' id='line_1_94' title="bbox 600 4633 2235 4716; baseline -0.012 -13"><span class='ocrx_word' id='word_1_673' title='bbox 600 4662 604 4667; x_wconf 75' lang='lat'><em>&#39;</em></span> <span class='ocrx_word' id='word_1_674' title='bbox 646 4646 953 4713; x_wconf 82' lang='lat' dir='ltr'><strong>effundere;</strong></span> <span class='ocrx_word' id='word_1_675' title='bbox 988 4645 1109 4701; x_wconf 89' lang='lat' dir='ltr'><strong>ideo</strong></span> <span class='ocrx_word' id='word_1_676' title='bbox 1130 4641 1278 4716; x_wconf 73' lang='lat'><strong>(286)</strong></span> <span class='ocrx_word' id='word_1_677' title='bbox 1302 4639 1528 4711; x_wconf 81' lang='lat' dir='ltr'><strong>contigit</strong></span> <span class='ocrx_word' id='word_1_678' title='bbox 1555 4639 1712 4696; x_wconf 90' lang='lat' dir='ltr'><strong>nobis</strong></span> <span class='ocrx_word' id='word_1_679' title='bbox 1733 4635 1954 4694; x_wconf 81' lang='lat' dir='ltr'><strong>deflere.</strong></span> <span class='ocrx_word' id='word_1_680' title='bbox 1987 4633 2235 4703; x_wconf 84' lang='lat' dir='ltr'><strong>Cingitur</strong></span> 
     </span>
    </p>
   </div>
   <div class='ocr_carea' id='block_1_94' title="bbox 2336 4627 3860 4717">
    <p class='ocr_par' dir='ltr' id='par_1_94' title="bbox 2336 4627 3860 4717">
     <span class='ocr_line' id='line_1_95' title="bbox 2336 4627 3860 4717; baseline -0.018 -14"><span class='ocrx_word' id='word_1_681' title='bbox 2336 4648 2449 4717; x_wconf 79' lang='lat' dir='ltr'><strong>agit</strong></span> <span class='ocrx_word' id='word_1_682' title='bbox 2477 4646 2531 4702; x_wconf 84' lang='lat' dir='ltr'><strong>ia</strong></span> <span class='ocrx_word' id='word_1_683' title='bbox 2556 4643 2977 4707; x_wconf 83' lang='lat' dir='ltr'><strong>Fraueonofurt,</strong></span> <span class='ocrx_word' id='word_1_684' title='bbox 3020 4649 3074 4697; x_wconf 86' lang='lat' dir='ltr'><strong>et</strong></span> <span class='ocrx_word' id='word_1_685' title='bbox 3104 4647 3353 4713; x_wconf 82' lang='lat' dir='ltr'><strong>sanetum</strong></span> <span class='ocrx_word' id='word_1_686' title='bbox 3383 4635 3593 4692; x_wconf 88' lang='lat' dir='ltr'><strong>Pascha</strong></span> <span class='ocrx_word' id='word_1_687' title='bbox 3622 4632 3671 4686; x_wconf 92' lang='lat' dir='ltr'><strong>in</strong></span> <span class='ocrx_word' id='word_1_688' title='bbox 3697 4627 3860 4681; x_wconf 79' lang='lat' dir='ltr'><strong>Niuma-</strong></span> 
     </span>
    </p>
   </div>
   <div class='ocr_carea' id='block_1_95' title="bbox 650 4716 3857 4809">
    <p class='ocr_par' dir='ltr' id='par_1_95' title="bbox 650 4716 3857 4809">
     <span class='ocr_line' id='line_1_96' title="bbox 650 4716 3857 4809; baseline -0.01 -13"><span class='ocrx_word' id='word_1_689' title='bbox 650 4740 869 4797; x_wconf 88' lang='lat' dir='ltr'><strong>interim</strong></span> <span class='ocrx_word' id='word_1_690' title='bbox 893 4738 1048 4795; x_wconf 92' lang='lat' dir='ltr'><strong>miles</strong></span> <span class='ocrx_word' id='word_1_691' title='bbox 1075 4735 1332 4792; x_wconf 89' lang='lat' dir='ltr'><strong>collectus</strong></span> <span class='ocrx_word' id='word_1_692' title='bbox 1352 4732 1532 4788; x_wconf 89' lang='lat' dir='ltr'><strong>subita</strong></span> <span class='ocrx_word' id='word_1_693' title='bbox 1556 4729 1845 4787; x_wconf 89' lang='lat' dir='ltr'><strong>formidine</strong></span> <span class='ocrx_word' id='word_1_694' title='bbox 1868 4726 2017 4791; x_wconf 87' lang='lat' dir='ltr'><strong>belli,</strong></span> <span class='ocrx_word' id='word_1_695' title='bbox 2041 4733 2236 4779; x_wconf 84' lang='lat' dir='ltr'><strong>assunt</strong></span> <span class='ocrx_word' id='word_1_696' title='bbox 2286 4750 2296 4781; x_wconf 72' lang='grc' dir='ltr'>ς</span> <span class='ocrx_word' id='word_1_697' title='bbox 2337 4716 2466 4809; x_wconf 44' lang='lat' dir='ltr'><strong>gn&quot;.</strong></span> <span class='ocrx_word' id='word_1_698' title='bbox 2496 4737 2560 4793; x_wconf 70' lang='grc' dir='ltr'><strong>ιςι</strong></span> <span class='ocrx_word' id='word_1_699' title='bbox 2580 4735 2683 4794; x_wconf 73' lang='grc' dir='ltr'><strong>ι,οε</strong></span> <span class='ocrx_word' id='word_1_700' title='bbox 2706 4748 2852 4791; x_wconf 68' lang='lat' dir='ltr'><strong>anno</strong></span> <span class='ocrx_word' id='word_1_701' title='bbox 2876 4728 3193 4798; x_wconf 56' lang='lat' dir='ltr'><strong>Bonum-0,</strong></span> <span class='ocrx_word' id='word_1_702' title='bbox 3210 4744 3309 4801; x_wconf 64' lang='lat' dir='ltr'><strong>per</strong></span> <span class='ocrx_word' id='word_1_703' title='bbox 3329 4727 3560 4784; x_wconf 70' lang='lat' dir='ltr'><strong>nuncios</strong></span> <span class='ocrx_word' id='word_1_704' title='bbox 3580 4716 3857 4779; x_wconf 68' lang='lat' dir='ltr'><strong>reconciliati</strong></span> 
     </span>
    </p>
   </div>
   <div class='ocr_carea' id='block_1_96' title="bbox 652 4805 3857 4904">
    <p class='ocr_par' dir='ltr' id='par_1_96' title="bbox 652 4805 3857 4904">
     <span class='ocr_line' id='line_1_97' title="bbox 652 4805 3857 4904; baseline -0.015 -9"><span class='ocrx_word' id='word_1_705' title='bbox 652 4838 839 4895; x_wconf 83' lang='lat' dir='ltr'><strong>hostes</strong></span> <span class='ocrx_word' id='word_1_706' title='bbox 890 4834 957 4891; x_wconf 90' lang='lat' dir='ltr'><strong>de</strong></span> <span class='ocrx_word' id='word_1_707' title='bbox 1009 4830 1327 4887; x_wconf 89' lang='lat' dir='ltr'><strong>insidiarum</strong></span> <span class='ocrx_word' id='word_1_708' title='bbox 1374 4824 1631 4891; x_wconf 80' lang='lat' dir='ltr'><strong>latibulis,</strong></span> <span class='ocrx_word' id='word_1_709' title='bbox 1683 4834 1954 4878; x_wconf 90' lang='lat' dir='ltr'><strong>memores</strong></span> <span class='ocrx_word' id='word_1_710' title='bbox 2026 4817 2237 4889; x_wconf 80' lang='lat' dir='ltr'><strong>injuria:</strong></span> <span class='ocrx_word' id='word_1_711' title='bbox 2339 4805 2495 4904; x_wconf 53' lang='grc' dir='ltr'><strong>ᾗπερ,</strong></span> <span class='ocrx_word' id='word_1_712' title='bbox 2541 4827 2885 4900; x_wconf 51' lang='lat' dir='ltr'><strong>imperatoris</strong></span> <span class='ocrx_word' id='word_1_713' title='bbox 2928 4825 3161 4897; x_wconf 56' lang='lat' dir='ltr'><strong>gramm</strong></span> <span class='ocrx_word' id='word_1_714' title='bbox 3215 4821 3448 4891; x_wconf 52' lang='lat' dir='ltr'><strong>mecm.</strong></span> <span class='ocrx_word' id='word_1_715' title='bbox 3500 4817 3705 4874; x_wconf 58' lang='lat' dir='ltr'><strong>comem</strong></span> <span class='ocrx_word' id='word_1_716' title='bbox 3741 4805 3857 4879; x_wconf 60' lang='grc' dir='ltr'><strong>ριῑεω</strong></span> 
     </span>
    </p>
   </div>
   <div class='ocr_carea' id='block_1_97' title="bbox 655 4891 2227 5012">
    <p class='ocr_par' dir='ltr' id='par_1_97' title="bbox 655 4891 2227 5012">
     <span class='ocr_line' id='line_1_98' title="bbox 655 4891 2227 5012; baseline -0.015 -27"><span class='ocrx_word' id='word_1_717' title='bbox 907 4923 1017 5012; x_wconf 75' lang='lat' dir='ltr'><strong>llos</strong></span> <span class='ocrx_word' id='word_1_718' title='bbox 1038 4936 1287 4980; x_wconf 89' lang='lat' dir='ltr'><strong>recessus</strong></span> <span class='ocrx_word' id='word_1_719' title='bbox 1309 4919 1522 4991; x_wconf 83' lang='lat' dir='ltr'><strong>gladiis,</strong></span> <span class='ocrx_word' id='word_1_720' title='bbox 1552 4916 1673 4971; x_wconf 87' lang='lat' dir='ltr'><strong>illos</strong></span> <span class='ocrx_word' id='word_1_721' title='bbox 1700 4912 1920 4985; x_wconf 90' lang='lat' dir='ltr'><strong>spiculis</strong></span> <span class='ocrx_word' id='word_1_722' title='bbox 1936 4910 2227 4981; x_wconf 83' lang='lat' dir='ltr'><strong>jacnlisquc</strong></span> 
     </span>
    </p>
   </div>
   <div class='ocr_carea' id='block_1_98' title="bbox 2303 4891 3839 5012">
    <p class='ocr_par' dir='ltr' id='par_1_98' title="bbox 2340 4891 3839 4986">
     <span class='ocr_line' id='line_1_99' title="bbox 2340 4891 3839 4986; baseline -0.015 -7"><span class='ocrx_word' id='word_1_723' title='bbox 2340 4924 2532 4979; x_wconf 89' lang='lat' dir='ltr'><strong>eodem</strong></span> <span class='ocrx_word' id='word_1_724' title='bbox 2563 4934 2705 4976; x_wconf 91' lang='lat' dir='ltr'><strong>anno</strong></span> <span class='ocrx_word' id='word_1_725' title='bbox 2734 4919 2825 4974; x_wconf 86' lang='lat' dir='ltr'><strong>diu</strong></span> <span class='ocrx_word' id='word_1_726' title='bbox 2861 4918 3014 4973; x_wconf 87' lang='lat' dir='ltr'><strong>visus</strong></span> <span class='ocrx_word' id='word_1_727' title='bbox 3041 4926 3146 4980; x_wconf 88' lang='lat' dir='ltr'><strong>est,</strong></span> <span class='ocrx_word' id='word_1_728' title='bbox 3178 4914 3268 4986; x_wconf 78' lang='lat' dir='ltr'><strong>qui</strong></span> <span class='ocrx_word' id='word_1_729' title='bbox 3307 4891 3514 4979; x_wconf 82' lang='lat' dir='ltr'><strong>luetum</strong></span> <span class='ocrx_word' id='word_1_730' title='bbox 3555 4905 3717 4963; x_wconf 74' lang='lat' dir='ltr'><strong>nimia:</strong></span> <span class='ocrx_word' id='word_1_731' title='bbox 3743 4899 3839 4953; x_wconf 65' lang='grc' dir='ltr'><strong>(1οω</strong></span> 
     </span>
    </p>
   </div>
   <div class='ocr_carea' id='block_1_99' title="bbox 2720 4994 3857 5020">
    <p class='ocr_par' dir='ltr' id='par_1_99' title="bbox 2720 4994 3857 5020">
     <span class='ocr_line' id='line_1_100' title="bbox 2720 4994 3857 5020; baseline 0 0"><span class='ocrx_word' id='word_1_732' title='bbox 2720 5008 2779 5020; x_wconf 71' lang='grc' dir='ltr'><strong>ιν.</strong></span> <span class='ocrx_word' id='word_1_733' title='bbox 2806 5008 2818 5020; x_wconf 74' lang='grc' dir='ltr'><strong><em>ο</em></strong></span> <span class='ocrx_word' id='word_1_734' title='bbox 2879 5008 2889 5020; x_wconf 80' lang='grc' dir='ltr'>ι</span> <span class='ocrx_word' id='word_1_735' title='bbox 2927 5008 2940 5020; x_wconf 73' lang='grc' dir='ltr'>ι</span> <span class='ocrx_word' id='word_1_736' title='bbox 3087 5006 3122 5020; x_wconf 78' lang='grc' dir='ltr'>η</span> <span class='ocrx_word' id='word_1_737' title='bbox 3165 5005 3217 5020; x_wconf 74' lang='grc'><strong>11·</strong></span> <span class='ocrx_word' id='word_1_738' title='bbox 3330 5018 3333 5019; x_wconf 41' lang='grc' dir='ltr'><em>ν</em></span> <span class='ocrx_word' id='word_1_739' title='bbox 3385 5002 3441 5020; x_wconf 70' lang='grc' dir='ltr'><strong>,Ἰ</strong></span> <span class='ocrx_word' id='word_1_740' title='bbox 3508 5017 3521 5020; x_wconf 79' lang='grc'><strong>-</strong></span> <span class='ocrx_word' id='word_1_741' title='bbox 3572 4994 3857 5020; x_wconf 56' lang='grc' dir='ltr'><strong>..-Αἶνηηιῖῶιη</strong></span> 
     </span>
    </p>
   </div>
  </div>
