3952 5346
154 279 254 340 519

786 275 873 330 ΕΤ
917 275 1263 333 ιΑΜΒΕΒΤι
1286 271 1744 330 ASCHAFNABU

1834 273 1867 327 ;.
1912 271 2089 329 PARS
2118 271 2390 328 ALTERA
2432 272 2774 331 CENUINA.

3318 277 3421 332 550

1013 409 1333 466 ANNALES
1371 403 2090 477 QUEDLINBURGENSES
2126 403 2192 457 A.
2237 404 2546 460 1019-1020

148 530 242 586 dus
298 525 744 594 archiepiscopus
788 521 1158 586 Ravennatus,
1211 520 1364 576 Odda
1411 518 1734 575 venerabilis
1761 521 1811 580 Α
1841 515 2168 582 ministerio;
2203 517 2384 588 ibique
2413 518 2757 589 imperatoris
2795 534 2858 575 ac
2899 535 3202 594 principum
3239 525 3422 580 debito

147 615 657 690 Magadaburgensis
697 614 997 685 presbyter,
1046 611 1292 684 Athilger
1329 611 1735 666 ilalberstaten-

145 711 214 766 sis
235 708 590 780 praepositus,
625 706 822 776 aliique
852 705 1169 776 perplurimi
1206 705 1414 760 nobiles
1451 705 1733 773 utriusque

143 818 305 859 sexus
345 803 415 856 de
444 803 546 856 hac
575 799 692 854 luce
739 799 998 854 abstracti
1043 807 1190 854 sunt.
1234 797 1532 867 Thiatburg
1585 795 1730 866 (290)

143 892 446 948 Bernhardi
478 889 808 946 marchionis
837 889 946 944 [ilia
993 889 1162 944 seculi
1189 903 1354 945 onere
1381 886 1612 956 abjecto,
1643 886 1733 956 pie

145 1003 432 1051 conversa,
465 985 674 1042 coalesti
712 983 994 1040 locaturin
1028 998 1182 1038 aura.

216 1080 726 1149 1019.1mperator
786 1076 966 1131 natale
1024 1075 1234 1130 Domini
1289 1073 1732 1144 Pathelburgensi

144 1174 368 1229 civitate
405 1171 706 1232 celebrato,
754 1167 965 1224 Gosleri
1011 1166 1479 1237 quadragesimale
1523 1175 1733 1236 tempus

150 1264 435 1336 transegit.
465 1263 594 1318 lnde
618 1259 855 1316 Walbiki
887 1260 989 1314 iter
1015 1274 1202 1330 agens,
1233 1259 1526 1312 comitante
1565 1257 1734 1326 impe-

146 1356 349 1411 ratrice
377 1364 433 1410 ct
461 1352 761 1410 venerabili
789 1368 884 1408 sua
934 1361 1096 1421 nepte
1123 1351 1415 1406 Adelheida
1449 1350 1733 1418 Quedelin-

142 1446 292 1518 gensi
322 1445 620 1508 abbatissa,
655 1459 762 1498 una
792 1459 914 1498 cum
940 1442 1208 1514 episc0pis
1237 1458 1301 1496 ac
1330 1441 1558 1498 collecto
1585 1450 1733 1495 utro.

147 1555 248 1610 que
274 1555 412 1595 sexu
437 1537 654 1593 familiae
682 1536 796 1602 Dei,
829 1536 1015 1592 laudes
1040 1536 1251 1591 divinas
1274 1534 1547 1590 studiosus
1572 1533 1735 1588 alter-

145 1640 327 1695 nante,
356 1631 500 1686 diem
545 1630 850 1700 palmarum
898 1629 1052 1685 laetus
1090 1628 1389 1685 solenniter
1418 1627 1733 1683 celebravit.

141 1725 346 1781 Deinde
375 1724 657 1795 Mersburg
681 1724 959 1794 paschalia
991 1724 1184 1793 gaudia
1212 1721 1585 1778 celebratnrus
1609 1737 1735 1792 per-

145 1817 309 1880 venit,
344 1831 454 1887 quo
473 1815 765 1870 multorum
795 1816 1032 1886 nequitia
1064 1815 1424 1878 manifestata,
1456 1814 1612 1884 digna
1646 1821 1730 1868 est

146 1923 301 1978 ptena
350 1906 632 1961 mulctata.
679 1905 794 1962 Hoc
830 1906 946 1976 ipso
992 1921 1135 1961 anno
1181 1905 1506 1973 Fridericus,
1562 1903 1731 1960 frater

149 1999 481 2070 Cunigunda:
507 1997 888 2069 imperatricis,
921 1996 1208 2053 defunctus
1237 2008 1340 2053 est.
1385 1997 1490 2054 Sed
1516 2009 1569 2053 et
1595 2014 1732 2069 prae-

150 2091 291 2145 fatus
321 2089 652 2145 Bolitzlavus
681 2088 908 2145 Ruciam
940 2091 1141 2145 auxilio
1173 2089 1445 2146 Saxonum
1477 2091 1574 2145 sibi
1604 2093 1734 2146 sub-

142 2184 269 2254 egit.
304 2183 363 2238 1n
392 2183 512 2252 ipso
543 2197 689 2238 anno
718 2183 1028 2237 consobrini
1072 2182 1440 2253 imperatoris,
1473 2183 1565 2237 filii
1597 2183 1733 2238 llcr-

143 2274 323 2327 manni
378 2273 624 2338 comitis,
676 2288 801 2328 cum
855 2273 1179 2328 Thiatmaro
1226 2273 1526 2329 Bernhardi
1579 2273 1732 2329 ducis

143 2363 253 2418 filio
305 2362 573 2419 rebellare
621 2372 934 2433 cmpernnt;
987 2364 1077 2434 qui
1114 2374 1292 2419 tamen
1356 2365 1731 2434 comprehensi

140 2454 404 2509 custodia:
431 2453 777 2524 deputantur.
808 2454 1396 2526 lnterinr'l‘hiatmarus
1432 2455 1578 2525 (291)
1606 2455 1727 2525 fuga

139 2545 358 2614 elapsus
389 2544 623 2615 patriam
653 2545 877 2615 repetit;
911 2545 1006 2600 sed
1032 2545 1213 2600 statim
1242 2561 1346 2600 non
1385 2554 1506 2616 post
1537 2546 1730 2599 multos

138 2635 255 2688 dies
278 2649 471 2690 omnes
496 2635 705 2705 pariter
744 2634 1090 2705 imperatoris
1117 2636 1292 2707 gratia
1334 2635 1727 2690 condonantur.

138 2728 263 2784 llam
292 2729 460 2799 igitur
493 2729 835 2799 perturbatio
862 2729 930 2784 ad
961 2739 1173 2799 tempus
1205 2729 1411 2784 sedata.

208 2822 378 2876 1020°
417 2821 577 2876 Anno
604 2821 954 2876 Bernhardus
977 2821 1162 2892 junior
1187 2823 1317 2887 dux,
1345 2821 1516 2876 frater
1547 2819 1705 2876 Thiat

139 2918 302 2983 mari,
355 2926 684 2988 congregato
742 2915 1068 2970 occidentali
1127 2917 1369 2970 exercitu
1418 2915 1728 2985 imperatori

139 3005 527 3073 rebellaturus,
583 3005 982 3076 Schalkesburg
1056 3006 1206 3077 (292)
1253 3007 1502 3072 intravit;
1567 3023 1728 3077 quam

139 3084 281 3154 idem
308 3099 612 3168 imperator
645 3114 765 3152 cum
810 3099 936 3161 suis.
973 3099 1203 3154 obsedit.
1238 3097 1342 3154 Sed
1384 3099 1729 3154 Bernhardus

1835 609 2217 678 obsequiorum
2265 610 2371 664 ritu
2420 610 2734 680 aliquandiu
2783 611 3082 668 honorifice
3131 622 3420 680 tractatus,

1835 699 2118 769 multiplici
2160 716 2325 771 opum
2372 702 2528 772 copia
2581 705 2833 768 donatus,
2893 704 3168 759 dominam
3205 708 3415 770 mundi,

1835 793 2062 848 Romam
2109 796 2340 862 scilicet,
2384 797 2680 866 apostolica
2720 798 2821 853 sibi
2875 808 3025 854 sorte
3051 800 3421 865 commissam,

1835 887 2008 953 laetus,
2047 887 2284 959 locuples
2314 889 2598 947 revisit-ac
2623 905 2834 962 sospes.
2907 892 3111 949 Deinde
3144 893 3196 948 in
3227 894 3294 948 15
3321 893 3423 949 Ca-

1834 977 1976 1034 lend.
2031 979 2285 1051 Augusti,
2331 981 2466 1038 feria
2511 982 2578 1050 2,
2627 985 2752 1040 luna
2808 985 2899 1052 25,
2950 986 3239 1057 incipiente
3286 987 3420 1041 hora

1835 1069 1938 1124 dici
1973 1072 2007 1125 5
2042 1087 2211 1143 usque
2242 1081 2362 1143 post
2385 1073 2440 1139 ϐ,
2473 1077 2723 1146 apparuit
2747 1076 2983 1131 circulus
3017 1093 3246 1148 magnus
3275 1081 3421 1134 circa

1835 1162 2024 1228 solem,
2055 1164 2290 1219 colorem
2323 1165 2422 1222 Iris
2451 1167 2676 1233 habens,
2709 1183 2869 1238 quem
2908 1167 2998 1222 alii
3027 1180 3262 1238 quatuor
3287 1168 3420 1224 luci-

1835 1253 2014 1309 diores
2038 1254 2225 1310 circuli
2250 1255 2392 1312 binis
2431 1256 2564 1312 locis
2595 1259 2646 1312 in
2678 1259 2895 1312 modum
2935 1260 3114 1314 crucis
3151 1258 3420 1328 complexi

1834 1356 1978 1401 sunt.
2005 1349 2256 1402 Attamen
2281 1349 2453 1405 tribus
2487 1352 2910 1416 rarescentibus,
2940 1351 3066 1417 duo,
3103 1351 3156 1405 id
3185 1360 3272 1406 est
3307 1367 3422 1405 mc-

1835 1436 1956 1492 dius
1985 1446 2039 1494 et
2066 1438 2417 1508 aquilonaris,
2449 1439 2755 1496 diutissime
2797 1441 3170 1512 perstiterunt.
3196 1441 3419 1496 Interim

1835 1531 1962 1587 Otto
1985 1533 2224 1602 quidam,
2275 1533 2534 1589 nobilium
2582 1544 2733 1590 satus
2764 1536 3011 1606 prosapia
3050 1535 3415 1602 Francorum,

1835 1622 2022 1678 illicito
2065 1623 2282 1679 sibimet
2313 1626 2658 1682 matrimonio
2695 1627 2907 1682 incaute
2963 1628 3153 1694 ascito,
3187 1628 3315 1683 dum
3347 1629 3418 1684 ab

1835 1714 2202 1781 Arkanbaldo,
2228 1716 2555 1788 Moguntina:
2582 1719 2726 1775 sedis
2762 1720 3194 1791 archiepiscopo,
3222 1721 3419 1792 saepius

1835 1805 2205 1862 ecclesiastico
2236 1822 2387 1862 more
2427 1823 2526 1878 pro
2566 1809 2671 1865 hoc
2715 1810 2906 1865 eodem
2947 1811 3421 1881 corripereturin-

1834 1910 2003 1966 cestu,
2054 1916 2206 1956 cmco
2263 1901 2586 1958 furibundus
2639 1917 2848 1970 amore,
2883 1903 3158 1974 dispositis
3189 1905 3422 1961 circum-

1833 2007 2048 2063 quaque
2065 1993 2296 2058 insidiis,
2313 1992 2600 2048 nefandam
2615 1995 2788 2049 eidem
2806 1996 3012 2052 christo
3035 1997 3244 2052 Domini
3263 2007 3422 2068 parat

1833 2084 2035 2138 inferre
2067 2099 2305 2139 manum.
2361 2083 2468 2140 Sed
2498 2085 2682 2140 divina
2722 2087 2776 2142 id
2821 2087 3045 2144 sceleris
3093 2089 3418 2158 prohibente

1832 2174 2143 2242 clementia,
2181 2176 2366 2246 elapso
2413 2175 2708 2234 frustratus
2765 2179 3038 2242 antistite,
3095 2181 3272 2238 socios
3327 2182 3424 2252 qni

1834 2271 2010 2325 navali
2061 2272 2292 2326 eundem
2345 2273 2713 2341 sequebantur
2747 2273 2943 2328 itinere
2993 2274 3220 2342 invadit,
3256 2276 3421 2345 capit,

1831 2361 2090 2418 custodite
2114 2362 2293 2425 tradit,
2322 2362 2922 2433 multisqueinhumane
2940 2363 3153 2432 injuriis
3185 2375 3416 2434 tractat;

1831 2454 2282 2525 eo.ferociorque,
2307 2471 2412 2525 quo
2439 2457 2563 2523 sibi,
2584 2472 2742 2526 quem
2773 2458 2911 2512 ultra
2938 2459 3027 2527 jus
3054 2469 3109 2515 et
3134 2462 3212 2516 fas
3240 2463 3422 2517 sitivc-

1832 2548 2086 2620 rat(293)
2133 2549 2379 2618 prtesulis
2417 2549 2735 2620 sanguinem
2782 2550 3019 2605 ablatum
3067 2552 3236 2607 dolet.
3268 2553 3422 2620 Quod

1832 2653 1954 2694 cum
1990 2630 2303 2709 imperatori
2350 2649 2579 2711 augusto
2626 2639 2788 2696 celeri
2838 2641 3116 2713 legatione
3158 2643 3420 2708 defertur,

1833 2731 2015 2786 habita
2073 2748 2197 2788 cum
2250 2732 2522 2804 episcopis
2569 2735 2843 2805 totiusque
2897 2737 3048 2807 regni
3101 2737 3422 2807 primatibus

1832 2824 2240 2890 deliberatione,
2279 2827 2454 2896 pritno
2485 2841 2582 2897 per
2611 2829 2856 2895 nuncios,
2887 2829 3078 2885 deinde
3097 2845 3195 2900 per
3219 2831 3422 2886 amicos

1831 2931 2032 2988 perque
2059 2920 2435 2988 semetipsum,
2487 2921 2555 2976 ab
2604 2921 2705 2977 hac
2735 2922 2881 2976 inani
2937 2931 3112 2978 tentat
3167 2937 3424 2979 revocare

1829 3011 2084 3075 vesania;
2123 3011 2320 3080 quibus
2349 3011 2602 3068 omnibus
2653 3013 2907 3068 rebellem
2952 3015 3424 3085 refragantemque

1830 3101 2105 3154 communi
2153 3116 2382 3156 assensu
2421 3104 2787 3158 anathematis
2818 3105 3016 3160 damno
3057 3107 3334 3176 subigunt,
3365 3114 3424 3160 ut

134 3189 347 3257 iustitia
392 3190 615 3258 cedens,
665 3191 1044 3261 interpellante
1081 3193 1446 3261 imperatrice,
1495 3185 1801 3286 gratiatn'c
1835 3189 1917 3246 vel
1945 3192 2023 3246 sic
2046 3191 2160 3262 jatn
2190 3195 2382 3248 timore
2424 3195 2624 3264 pmnali
2662 3204 2858 3261 tactus,
2886 3197 3095 3252 civibus
3121 3198 3308 3251 matris
3334 3211 3426 3251 cc-

137 3284 488 3355 imperatoris
531 3285 741 3354 pariter
782 3300 904 3340 cum
955 3285 1219 3341 beneficio
1265 3285 1430 3355 patris
1471 3285 1726 3339 obtinuit.

138 3373 344 3431 Eodem
371 3391 515 3431 anno
543 3377 720 3432 hiems
743 3376 904 3432 solito
943 3378 1189 3448 asperior
1230 3388 1388 3448 atque
1424 3377 1731 3431 diuturnior

139 3467 432 3532 inhorrttit,
467 3467 603 3522 dura
632 3468 791 3535 adeo,
823 3477 881 3523 ut
907 3470 1022 3539 ipsa
1071 3470 1119 3524 vi
1146 3468 1345 3538 algoris
1371 3468 1611 3538 plerique
1637 3483 1730 3521 ex-

139 3559 736 3626 tinctioceumberent;
766 3576 930 3630 quam
967 3561 1132 3616 etiam
1167 3560 1316 3630 prius
1341 3559 1578 3612 inaudita
1617 3557 1729 3611 cla-

135 3651 232 3706 des
256 3651 671 3721 morlalitasqne
693 3655 980 3707 subsecuta
1007 3660 1177 3706 totum
1197 3664 1335 3720 pene
1360 3649 1547 3702 orbem
1579 3646 1729 3701 subi-

137 3755 300 3798 taneo
320 3753 543 3798 vastans
571 3757 788 3807 occasu,
837 3743 890 3797 in
937 3751 1214 3798 momento
1257 3741 1417 3810 inque
1443 3739 1598 3810 oculi.
1620 3739 1729 3793 ictu

134 3833 462 3901 incolumes,
495 3849 561 3889 ac
587 3849 684 3889 sua
713 3835 866 3905 quasi
899 3836 965 3889 de
993 3836 1258 3906 sospitate
1281 3833 1638 3898 certissimos,
1675 3833 1728 3887 in

134 3926 274 3996 ipsis
301 3942 403 3982 nec
431 3940 534 3981 non
563 3927 740 3997 epulis
781 3927 1104 3993 laetissimos,
1132 3928 1410 3996 inepinato
1437 3925 1726 3982 subtraxit.

136 4018 285 4072 lnter
309 4019 424 4073 lucc
439 4033 569 4090 ergo
591 4021 896 4074 connnunia
925 4035 988 4076 ac
1010 4021 1292 4076 metuenda
1321 4019 1599 4089 dispendia
1627 4018 1730 4074 Me-

135 4108 584 4177 tropolisnostra,
598 4106 804 4176 judicio
826 4111 1009 4166 divino
1033 4126 1308 4180 nunquam
1335 4110 1554 4180 injuste,
1578 4109 1728 4179 gravi

135 4201 351 4256 viscere
390 4211 546 4257 tenus
591 4204 890 4271 percutitur
934 4203 1138 4268 ulcere,
1175 4213 1410 4274 quatuor
1451 4203 1729 4258 sororibus

136 4317 204 4330 —
238 4292 477 4347 Emerita
502 4308 632 4359 nua,
667 4295 719 4348 in
751 4295 1018 4350 famulitio
1048 4297 1247 4351 Christi
1280 4294 1404 4350 Sisu
1431 4295 1728 4358 nominata,

130 4384 349 4440 duabus
411 4387 669 4451 ueteris,
711 4386 1016 4443 Othellulda
1071 4387 1402 4442 tuarchionis
1452 4380 1729 4441 Tbiedrici

134 4477 244 4532 ﬁlia
276 4488 332 4534 et
364 4474 631 4543 Tbiedan,
670 4478 987 4550 dignitatem
1019 4481 1236 4550 generis
1283 4494 1496 4534 morum
1546 4478 1730 4549 probi-

1832 3282 2028 3350 clesiae,
2063 3283 2237 3352 dignis
2265 3286 2583 3354 paenitentia
2631 3285 2905 3351 lamentis,
2956 3288 3105 3344 reddi
3155 3288 3424 3344 studeret.

1831 3376 1964 3443 Qute
1997 3375 2088 3430 ille
2118 3378 2444 3433 omnimodis
2493 3380 2769 3450 deSpectui
2807 3381 3034 3446 habens,
3079 3381 3262 3450 copias
3292 3397 3420 3436 suas

1831 3484 1953 3522 cum
1985 3469 2212 3540 conjuge
2235 3470 2288 3523 in
2319 3471 2588 3539 quandam
2617 3487 2798 3527 arcem
2829 3472 3224 3527 llammcrstein
3255 3489 3420 3527 voca-

1833 3569 1942 3616 tam
1965 3562 2256 3628 contrahit,
2287 3577 2447 3632 qnam
2469 3572 2675 3618 natura:
2698 3579 2820 3634 0pc,
2844 3579 2948 3617 non
2974 3564 3250 3618 hominum
3277 3573 3419 3625 arte,

1831 3654 2102 3724 saxigenis
2131 3653 2368 3724 undique
2398 3655 2628 3710 molibus
2662 3658 2932 3709 muratam
2982 3654 3266 3722 Rhenique
3311 3656 3418 3710 cir-

1833 3747 2197 3802 cumferentia
2230 3749 2364 3803 adeo
2387 3750 2648 3804 munitam
2689 3749 2888 3815 ferunt,
2919 3759 2976 3804 ut
3010 3749 3278 3804 difﬁcilem
3302 3751 3417 3805 cui-

1832 3839 1962 3894 libet
2011 3839 2092 3894 vel
2123 3841 2426 3906 obsidendi,
2474 3841 2558 3896 vel
2608 3855 2823 3911 quoquo
2865 3841 3024 3894 modo
3075 3841 3420 3912 oppugnandi

1833 3934 2037 4002 pandat
2083 3949 2384 3989 accessum.
2414 3932 2569 3988 Hunc
2618 3948 2746 4003 ergo
2790 3932 2965 3987 locum
2998 3931 3292 4004 imperator
3325 3948 3426 3987 au-

1831 4036 2043 4097 gustus,
2077 4027 2303 4097 justitia:
2335 4025 2525 4092 fidens,
2550 4026 2840 4096 omnigeuo
2861 4024 3199 4080 obsidionum
3221 4039 3422 4095 genere

1833 4117 2196 4188 circumligat,
2231 4133 2327 4171 nec
2357 4117 2464 4171 ullo
2501 4116 2791 4171 rebellibus
2831 4113 2916 4170 vel
2956 4115 3104 4169 aditu
3149 4114 3232 4170 vel
3271 4115 3421 4170 exitu

1832 4222 2114 4273 concesso,
2135 4208 2332 4277 ipstun,
2349 4207 2603 4263 dominici
2629 4207 2822 4268 natalis
2846 4207 2986 4262 diem
3012 4206 3209 4262 ibidem
3229 4222 3414 4278 agens,

1831 4301 1969 4355 adeo
2000 4301 2214 4366 minuti,
2243 4313 2302 4354 ut
2331 4301 2421 4370 qui
2447 4305 2636 4355 semet
2680 4315 2788 4354 non
2819 4299 3006 4362 armis,
3039 4314 3143 4354 non
3173 4310 3414 4354 armato-

1832 4406 1952 4446 rum
2012 4390 2232 4446 milibus
2283 4404 2538 4445 cessuros
2580 4391 2962 4456 meminerant,
3010 4389 3173 4444 famis
3224 4388 3422 4458 injuria

1834 4487 2051 4542 tandem
2087 4483 2372 4555 perempti,
2429 4483 2541 4538 sola
2593 4481 2752 4550 hujus
2799 4482 2920 4536 vitae
2967 4481 3201 4550 suspiria
3245 4481 3425 4551 pacis-

137 4580 250 4625 tate
296 4571 667 4635 vincentibus,
716 4571 983 4627 Henniltin
1037 4587 1275 4644 quoque,
1325 4587 1445 4642 qua:
1504 4573 1726 4626 πηίιιῖιιιίι
1753 4569 2025 4642 Dcendo,
2069 4577 2306 4632 instante
2335 4575 2534 4630 celebri
2580 4589 2678 4643 per
2707 4574 2894 4628 orbem
2939 4573 3197 4641 Stephani
3229 4585 3421 4642 proto-

130 4672 298 4719 aztate
340 4663 465 4720 licet
489 4674 640 4720 esset
667 4673 721 4718 et
748 4666 1205 4744 ordine,.0ptimaa
1238 4675 1417 4722 tamen
1443 4665 1639 4721 indolis
1659 4695 1730 4705 —

133 4772 240 4811 una
272 4755 422 4813 velut
445 4756 640 4812 horula
661 4756 986 4822 subtractis;
1036 4768 1164 4814 ante
1194 4774 1353 4829 quas,
1384 4759 1499 4829 ipsa
1528 4768 1728 4814 sanctae

131 4866 457 4924 parasceves
482 4853 739 4908 illueente
759 4869 974 4918 aurora,
997 4852 1186 4918 Lucia,
1211 4855 1402 4910 devota
1426 4867 1724 4923 pauperum

132 4943 407 5011 ministra,
438 4957 665 4997 emenso
709 4944 890 4998 mundi
938 4944 1096 4999 istius
1151 4944 1362 5015 pelago,
1411 4953 1625 5014 portum
1657 4943 1724 4998 ad

132 5052 302 5108 usque
342 5039 522 5092 beatae
566 5037 787 5105 quietis,
831 5039 924 5092 Dei
976 5037 1152 5108 gratia
1195 5039 1353 5104 duce,
1379 5037 1717 5108 provehitur.

133 5127 240 5184 Hoc
287 5129 459 5201 igitur
505 5127 561 5182 in
620 5135 874 5198 tempore,
931 5127 1080 5198 quod
1135 5129 1296 5184 nullis
1342 5139 1490 5185 retro
1526 5129 1723 5185 seculis

1835 4667 2115 4738 martiyris
2131 4665 2288 4731 festo,
2318 4680 2375 4720 se
2398 4678 2600 4732 suaque
2624 4664 2805 4718 omnia
2837 4663 3197 4731 imperatoria:
3219 4661 3424 4718 dedunt

1830 4761 2108 4834 potestati.
2148 4760 2378 4831 Dignutn
2431 4771 2667 4826 namque
2715 4765 2834 4810 erat
2879 4763 2928 4810 et
2975 4756 3203 4825 justum,
3240 4765 3301 4810 ut
3330 4755 3422 4826 qui

1830 4853 2020 4911 eodem
2047 4852 2135 4906 die
2163 4866 2261 4920 pro
2310 4847 2545 4904 inimicis
2585 4849 2727 4902 inter
2763 4855 3016 4903 cruentos
3058 4846 3418 4918 lapidantium

1830 4948 1971 5003 ictus
1999 4945 2085 5017 pie
2110 4948 2450 5006 exoraverat,
2488 4940 2694 5004 amicis,
2730 4939 2923 4995 matris
2956 4939 3209 5017 videlicet
3237 4939 3419 4995 eccle-

1835 5040 1929 5096 siae
1954 5015 2101 5103 ﬁliis,
2126 5051 2314 5106 pacem
2346 5048 2446 5090 suo
2474 5031 2849 5088 reconciliaret
2874 5015 3205 5090 interventu.
3231 5062 3292 5071 —-
3321 5034 3435 5088 Res

1837 5131 1978 5190 mira
2025 5129 2343 5201 cunctisque
2399 5127 2641 5184 inaudita
2695 5124 2914 5189 seculis,
2967 5123 3164 5185 incolis
3213 5135 3434 5195 septen-

1894 5225 1904 5236 -
1970 5224 2078 5244 ηιξ-
2115 5223 2162 5244 --ι
2269 5242 2272 5243 ,
2316 5220 2574 5244 -....:.t:--..
2615 5217 2809 5244 .t:..:.....
2861 5213 2994 5244 Nam
3052 5216 3199 5244 AIIJ-
3232 5231 3293 5244 nn
3319 5216 3402 5244 ur:
