3944 6382
601 355 698 412 551

1470 347 1714 409 ΑΝΝΑι.
1756 342 2193 404 lllLDESllEIM.
2231 339 2596 410 QUEDLINB.
2642 337 3015 399 WEISSEMB.
3732 336 3809 398 55?.

1517 482 1836 540 ANNALES
1869 471 2607 550 QUEDMNBURGENSES.
2657 473 2724 528 A.
2768 471 2927 528 1021.

603 597 787 654 nescio
815 596 1037 653 immani
1081 604 1365 657 ventorum
1419 595 1678 652 violentia
1724 594 1917 658 evulsi,
1964 592 2184 664 oppida,
2212 578 2262 655 Α
2290 586 2495 653 studio,
2530 600 2718 641 verum
2751 593 2809 640 ut
2830 584 3218 657 gloriosissime
3248 576 3441 651 Valuit,
3480 586 3691 658 peregit.
3714 589 3813 648 Pro-

603 690 752 755 i-nra,
768 698 961 745 cuncta
977 689 1479 760 circumjacentium
1503 688 1617 744 late
1636 687 1869 744 confinia
1889 697 2185 750 terrarum,

606 780 741 851 ipsis
797 795 1012 851 quoque
1059 779 1288 835 collibus
1339 795 1404 836 ac
1445 779 1743 841 montibus,
1800 793 1937 848 quos
1992 787 2189 833 natura

606 872 838 940 quadam
868 885 979 942 prec
1003 872 1204 926 ceteris
1231 869 1565 926 sublimitate
1597 869 1889 934 munierat,
1918 869 2080 925 altius
2102 869 2191 924 in-

607 964 899 1034 Surgeudo,
947 964 1221 1029 mersisse,
1277 962 1504 1032 etquod
1555 961 1640 1016 his
1703 961 2073 1017 miserabilius
2126 976 2192 1019 ac

607 1058 755 1112 omni
785 1054 1152 1112 incredibilius
1180 1062 1265 1109 est
1315 1053 1544 1117 auditui,
1592 1051 1750 1123 villas
1803 1053 2062 1124 integras,
2092 1067 2189 1107 ne-

607 1161 878 1217 quaquam
921 1146 1097 1203 soluta
1141 1145 1493 1202 maliticiorum
1544 1159 1837 1215 compage,
1897 1159 2018 1197 cum
2057 1142 2191 1200 inibi

608 1239 929 1309 degentibus
972 1238 1039 1293 de
1081 1237 1188 1292 alia
1238 1237 1291 1292 in
1337 1236 1500 1291 aliam
1550 1235 1949 1291 trausvchendo
1994 1235 2189 1305 ripam,

609 1327 797 1384 eadem
825 1342 930 1395 qua
981 1326 1131 1396 prius
1160 1326 1427 1396 positione
1479 1325 1849 1381 constituisse.
1878 1323 2024 1380 Inter
2076 1324 2193 1381 hinc

609 1420 894 1475 ecclesiam
942 1419 1234 1489 quandam,
1283 1419 1369 1487 pia
1400 1417 1666 1487 majorum
1723 1416 2003 1486 diligentia
2062 1417 2190 1472 olim

611 1520 997 1576 constructam,
1055 1511 1327 1581 opulentis
1379 1512 1617 1566 fidelium
1664 1510 1862 1566 ibidem
1916 1509 2192 1566 conﬂuen-

616 1603 750 1658 tium
777 1604 913 1658 votis
942 1603 1043 1657 rite
1063 1604 1311 1670 ditatam,
1334 1604 1519 1659 eodem
1538 1619 1645 1674 quo
1668 1614 1724 1659 et
1746 1612 1941 1658 etctera
1968 1603 2192 1674 impetu,

611 1693 842 1762 pristino
871 1693 1199 1748 omnimodis
1236 1702 1381 1748 statu
1410 1695 1681 1759 evulsam,
1723 1693 1849 1748 alibi
1880 1695 2195 1750 translatant

609 1783 895 1839 ailirmant.
923 1786 1095 1855 Supra
1114 1784 1245 1842 dicti
1262 1798 1475 1856 quoque
1499 1783 1668 1851 fluvii,
1693 1781 1908 1839 Wisara
1941 1794 1996 1841 et
2021 1786 2192 1852 Albis,

613 1875 785 1931 ternis
837 1876 1045 1930 dierum
1102 1878 1314 1934 vicibus
1374 1892 1439 1932 ac
1491 1877 1754 1943 noctium,
1811 1877 2195 1934 ﬂammivomis

626 1974 819 2018 contra
839 1974 1089 2019 naturam
1116 1966 1568 2035 superficietenus
1597 1966 1697 2021 visi
1728 1979 1854 2021 sunt
1882 1970 2083 2023 arsisse
2104 1984 2196 2023 va—
2226 1942 2271 2001 Β

609 2055 854 2123 poribus.
909 2057 1046 2123 Quid
1102 2058 1169 2112 de
1210 2057 1569 2114 cadaveribus
1627 2059 1895 2114 referam?
1961 2076 2195 2130 quorum

612 2145 995 2211 numerositas,
1027 2147 1173 2199 omni
1212 2146 1832 2205 ltuntante-mstintationi
1863 2150 2100 2207 dillicilis
2133 2152 2190 2207 in

609 2231 796 2301 plures
840 2235 992 2303 quasi
1047 2252 1303 2308 aggerum
1355 2238 1601 2294 cumulos
1654 2250 1950 2307 concreta,
2006 2243 2198 2300 decre-

611 2340 796 2382 scente
826 2328 1028 2384 diluvio
1062 2333 1188 2385 dum
1217 2333 1305 2401 pia
1332 2335 1670 2404 quorundam
1702 2336 1922 2391 solertia
1954 2337 2196 2393 debitum

614 2419 873 2475 humandi
908 2422 1148 2492 praebere
1178 2425 1422 2479 studeret
1467 2425 1744 2493 affectum,
1777 2431 1939 2484 tantis
1982 2439 2198 2500 tamque

617 2512 895 2567 tenacibus
941 2516 1295 2583 serpentium,
1342 2516 1713 2580 colubrorum,
1768 2529 2198 2590 cunctarumque

616 2602 668 2657 id
699 2619 866 2674 genus
897 2607 1131 2675 pestium
1184 2607 1482 2664 involucris
1516 2609 1587 2662 ita
1625 2626 1869 2665 connexa
1922 2614 2200 2682 reperiun-

626 2704 732 2759 tur,
762 2705 939 2752 utnec
963 2696 1108 2752 ferro
1147 2714 1248 2753 nec
1271 2697 1559 2766 cujuslibet
1593 2701 1727 2755 artis
1752 2701 2114 2758 instrumento
2135 2718 2198 2758 ea

622 2783 947 2840 dissolvendi
982 2786 1140 2842 ullam
1188 2788 1372 2843 timida
1410 2790 1715 2846 mortalitas
1771 2792 1912 2846 viam
1952 2794 2199 2850 invenire

617 2878 901 2948 quivisset.
928 2879 1034 2935 Sed
1056 2883 1121 2936 de
1144 2884 1227 2938 bis
1243 2884 1370 2953 quid
1395 2883 1577 2947 fuerit,
1602 2885 1690 2948 sit,
1719 2885 1800 2940 vel
1823 2888 1935 2951 tiat,
1959 2887 2197 2953 Christo,

617 2972 708 3040 qui
738 2972 964 3029 eandem
989 2976 1227 3043 gentium
1250 2992 1562 3047 pressuram
1587 2992 1685 3045 pro
1708 2980 2023 3034 confusione
2048 2980 2198 3035 soni-

620 3073 707 3119 tus
735 3065 902 3120 maris
951 3082 1015 3121 ac
1051 3066 1307 3122 ﬂuctuum
1357 3068 1593 3125 futuram
1622 3070 1969 3141 prmdixerat,
2019 3072 2202 3127 discu-

625 3148 867 3210 tiendum
895 3156 1301 3228 reiinquimus..

2292 676 2417 731 inde
2441 685 2652 730 curtcm
2682 686 2932 746 repetens
2958 676 3162 748 regiam
3186 674 3389 730 AISIedi
3416 676 3630 740 dictam,
3653 676 3815 737 habito-

2292 782 2396 837 que
2438 766 2567 820 inibi
2626 782 2747 821 cum
2800 767 2966 822 totius
3019 776 3241 822 senatus
3295 766 3574 838 plebisque
3600 783 3814 824 concursu

2292 856 2560 925 colloquio
2617 857 2733 927 pios
2769 856 2990 913 lenitate
3019 857 3402 929 permulcendo
3434 858 3695 929 prtedulci,
3721 875 3812 916 reos

2292 938 2631 1004 districtione
2678 952 2927 1005 terrendo
2956 963 3165 1016 severa,
3205 960 3427 1021 totaque
3471 951 3710 1007 industria
3745 968 3814 1023 pa-

2292 1042 2451 1095 triam
2476 1042 2765 1096 muniendo
2781 1042 2921 1097 inter
2947 1043 3107 1114 hujus
3129 1044 3421 1113 provincia:
3446 1043 3680 1100 civitates
3704 1044 3815 1116 (23$)

2294 1140 2463 1187 totmn
2511 1130 2658 1186 illum
2707 1131 2939 1188 feliciter
2989 1136 3239 1204 perduxit
3294 1150 3524 1189 annum.
3579 1132 3692 1189 l‘ost
3733 1138 3815 1192 hac

2294 1224 2798 1282 Hnlberstadenscm
2840 1227 3125 1282 ecclesiam
3156 1229 3499 1299 aggrediens,
3526 1237 3693 1283 sancta
3715 1226 3817 1282 Tlte-

2293 1317 2533 1372 lncorum
2586 1331 2888 1392 martyrum
2920 1320 3186 1388 solennia,
3237 1320 3467 1391 Arnulfo
3515 1320 3717 1390 prmsule
3751 1320 3816 1375 ad.

2294 1410 2662 1478 ministrante,
2720 1412 2926 1468 honore
2970 1413 3265 1469 ceiebravit
3303 1414 3634 1485 dignissimo.
3665 1412 3816 1467 Dehinc

2295 1517 2513 1577 neptem
2552 1507 2981 1576 suam,,Jherilem
3018 1510 3291 1564 dominam
3336 1494 3674 1563 Adclltcidam
3716 1506 3814 1560 invio

2295 1613 2444 1660 sere.
2502 1598 2986 1668 Quedclingncnsis
3048 1598 3553 1668 dedicationemque
3613 1596 3814 1659 basilica,

2296 1682 2424 1744 licet
2464 1691 2756 1759 improvisa
2802 1692 3185 1762 inopinataque
3230 1690 3383 1745 nrevi
3416 1699 3589 1744 tamen
3614 1689 3816 1743 delibera-

2301 1781 2446 1838 tione
2475 1796 2635 1853 quam
2669 1783 3015 1839 familiariter
3043 1786 3353 1847 instituens,
3402 1785 3618 1837 eandem
3666 1781 3813 1834 Metro-

2298 1875 2464 1946 polim
2495 1875 2738 1930 adeundo
2787 1877 3055 1948 pervenit.
3101 1875 3233 1943 Quis
3282 1875 3371 1930 ille
3424 1874 3516 1940 sit,
3557 1886 3814 1928 casarum-

2298 1978 2456 2038 gusto
2507 1969 2855 2035 adventante,
2908 1986 3094 2025 eorum
3153 1970 3415 2025 nobilium
3468 1978 3572 2023 tam
3616 1967 3814 2022 comitum

2296 2076 2457 2132 quam
2487 2062 2776 2132 praesulem
2804 2062 2871 2135 {et
2920 2063 3176 2118 abbatum
3218 2063 3540 2126 comitatus,
3566 2075 3723 2131 qurere
3752 2060 3813 2114 illa

2296 2152 2464 2223 prolis
2515 2155 2677 2224 regia:
2720 2154 2773 2208 in
2823 2156 3165 2226 susceptione
3208 2156 3555 2225 imperatoria
3584 2155 3812 2226 diligentia,

2298 2255 2610 2315 quantaque
2680 2244 2809 2300 chi
2876 2244 3153 2316 plebisque
3209 2246 3555 2316 tripudiantis
3603 2242 3813 2305 occursio,

2296 2348 2570 2403 quamque
2619 2333 2847 2388 tnisticis
2895 2333 3260 2404 angelicisque
3293 2335 3571 2389 cruralibus
3597 2334 3724 2404 plebs
3754 2347 3814 2385 sa-

2298 2423 2590 2478 cerdotalis
2611 2433 2823 2493 c0mpta
2847 2428 3183 2494 procederet,
3207 2440 3397 2496 quazve
3422 2426 3527 2480 Deo
3547 2434 3811 2478 sucularum

2298 2514 2622 2569 continentia
2655 2514 2921 2585 virginum
2954 2515 3059 2570 doli
3109 2515 3358 2586 fellisque
3393 2518 3677 2571 carentium
3716 2514 3808 2567 sint-

2298 2604 2650 2676 plicitateque
2703 2606 3007 2661 columbiua
3064 2607 3296 2677 pleniter
3351 2607 3649 2669 nitentium,
3687 2603 3811 2675 qualis

2299 2712 2572 2768 quamque
2603 2698 2887 2753 laudabilis
2932 2698 3144 2754 illarum
3191 2700 3261 2753 sit
3287 2714 3458 2754 StlllliS
3486 2713 3721 2768 quamque
3741 2708 3806 2765 pa-

2302 2787 2421 2843 rilis
2449 2788 2662 2841 illarum
2690 2788 2761 2842 sit
2788 2798 3107 2858 conventus,
3149 2804 3269 2859 (]ll|S
3299 2790 3514 2844 habitus
3537 2791 3698 2859 quisve
3732 2788 3809 2855 ipse

2301 2878 2371 2933 sit
2397 2879 2660 2944 incessus,
2694 2894 2792 2933 nec
2818 2879 2928 2933 stili
2958 2881 3135 2935 ollicio
3183 2895 3280 2935 nec
3310 2882 3431 2935 viva
3476 2896 3597 2935 voce
3623 2878 3809 2948 potisest

2300 2972 2593 3041 explicare.
2620 2971 2686 3026 Et
2709 2974 2840 3044 quid
2871 2974 2939 3028 de
2969 2973 3401 3028 victoriosissimi
3434 2970 3811 3041 imperatorisrc-

2304 3065 2476 3121 feram
2504 3068 2901 3137 gratulatione?
2949 3069 3035 3122 cui
3066 3080 3258 3123 cuncta
3289 3070 3473 3122 tnundi
3500 3066 3688 3121 climata
3712 3060 3807 3118 colla

2304 3157 2584 3212 subdenth
2630 3159 2955 3223 inserviunt,
2984 3160 3186 3230 quique
3211 3173 3288 3214 eo.
3306 3158 3478 3231 magis
3521 3173 3664 3227 super
3695 3168 3808 3209 accu-

697 3249 851 3305 102l.
891 3251 985 3306 llis
1013 3253 1250 3322 peractis
1288 3254 1584 3326 imperator
1612 3267 1894 3329 angustus,
1925 3274 2199 3317 concessa:

2307 3248 2508 3301 mulata
2536 3247 2705 3318 gloria
2736 3250 2933 3303 merito
2964 3250 3180 3319 gaudet,
3220 3265 3327 3319 quo
3356 3267 3437 3315 se,
3487 3250 3588 3305 Deo
3614 3249 3806 3307 donante.

621 3341 725 3397 sibi
763 3344 1003 3399 victoriae
1050 3347 1538 3418 prosperitatisque
1582 3366 1747 3406 causa
1776 3353 1978 3423 gratias
2005 3354 2203 3409 divina:

621 3435 810 3506 pietati
863 3440 1185 3509 rependens,
1228 3439 1393 3496 alacri
1448 3445 1682 3512 tripudio
1713 3445 1966 3502 Savonia:
2015 3458 2203 3519 partes

622 3528 954 3600 aggreditur.
984 3531 1201 3587 Interim
1224 3544 1577 3603 procul-rente
1598 3547 1859 3607 tempore,
1882 3555 2005 3597 cum
2030 3539 2204 3598 Saxo-

622 3619 770 3674 niam
812 3632 1129 3692 properaret
1173 3626 1429 3692 revisere,
1465 3627 1769 3698 palmisque
1801 3628 2076 3687 Walbekaa
2103 3632 2204 3688 ite-

620 3718 744 3766 rato
775 3712 880 3768 rite
897 3723 1242 3784 peracturus,
1266 3714 1509 3786 festaque
1536 3718 1811 3788 paschalia
1840 3718 2204 3795 Meresburgaa

624 3805 880 3877 deinceps
904 3807 1083 3863 debita
1104 3808 1474 3863 celebraturu‘s
1505 3812 1885 3877 veneratione;
1916 3814 2056 3869 inter
2085 3815 2201 3885 ipsa

623 3894 815 3950 itinera
840 3896 1203 3952 venerabilem
1231 3896 1573 3953 lleribertum
1602 3900 2063 3971 archiepiscOpum
2104 3906 2204 3960 hu-

626 3986 801 4041 manis
830 3988 1129 4043 excessisse
1180 3988 1368 4056 rebus,
1418 3987 1793 4055 imperatorias
1840 3992 2088 4061 pervenit
2138 3993 2206 4049 ad

628 4092 813 4132 aures.
861 4076 958 4131 llic
1003 4079 1266 4148 siquidem
1309 4080 1445 4135 div-.e
1495 4082 1767 4136 memoria:
1808 4083 2001 4153 prmsul
2042 4100 2204 4156 quant

630 4168 880 4223 assiduus
910 4169 963 4223 in
989 4170 1253 4235 oratione,
1278 4187 1439 4240 quam
1461 4186 1662 4241 pernox
1697 4172 1750 4227 in
1780 4173 2206 4245 vigiliis,quam-

630 4273 736 4329 que
779 4259 833 4313 in
864 4260 1240 4330 procuratione
1268 4277 1560 4333 pauperum
1609 4261 1891 4331 sollicitus,
1937 4282 2207 4336 quamque

630 4353 685 4406 in
716 4352 863 4408 omni
894 4353 1153 4424 religione
1198 4353 1566 4410 ecclesiastica
1612 4357 1884 4411 studiosus
1929 4358 2202 4424 extiterit;

627 4444 757 4515 quia
792 4444 1030 4500 humana
1054 4445 1307 4501 facundia
1335 4447 1577 4518 proferre
1600 4464 1704 4505 non
1741 4448 1954 4513 sullieit,
1984 4461 2105 4504 acta
2133 4451 2209 4505 di-

635 4534 835 4591 vinitus
890 4536 1149 4592 miracula
1201 4538 1269 4593 ad
1330 4539 1592 4593 tumulant
1645 4539 1759 4609 ejus
1816 4548 2206 4611 protestantur.

2304 3341 2554 3397 altiorem
2603 3343 2835 3410 cmteris,
2869 3343 3276 3413 praeminentem
3334 3344 3543 3398 laetatur
3588 3339 3805 3395 universis.

2305 3431 2411 3487 Sed
2441 3447 2508 3490 nc
2536 3433 2869 3489 audientium
2919 3449 3079 3488 aures
3121 3434 3329 3488 diutina
3371 3432 3687 3490 verbositatis
3723 3444 3808 3501 pro-

2304 3524 2511 3581 lixitate
2532 3526 2870 3596 protraltam,
2897 3526 3131 3597 qualiter
3154 3527 3265 3582 inec
3297 3535 3629 3582 sacrosancta
3651 3523 3807 3578 dedica-

2306 3616 2401 3682 tio,
2435 3614 2812 3687 ipso-iubente,
2843 3617 3005 3672 fuerit
3032 3617 3241 3680 etl'ccta,
3271 3620 3462 3689 paucis
3499 3617 3802 3690 perstringam.

2304 3709 2461 3764 Anno
2493 3708 2881 3764 incarnationis
2936 3709 3151 3767 Domini
3200 3711 3357 3778 ΙΟΞΙ,
3412 3710 3675 3766 iudicione
3705 3706 3747 3771 4,
3781 3703 3803 3757 8

2304 3798 2525 3855 Caleud.
2556 3797 3126 3867 0ct0bris,dominica
3158 3801 3267 3865 die,
3314 3802 3436 3855 luna
3464 3800 3545 3866 13,
3577 3812 3694 3853 ωηο
3717 3806 3807 3849 vero

2305 3888 2489 3943 domui
2519 3889 2755 3945 lieittrici
2786 3890 3005 3945 secundi
3050 3892 3330 3962 regnantis
3367 3892 3455 3959 ΞΟ,
3486 3884 3802 3959 ἱηιρρκιηιὶεΒ,

2308 3980 2424 4051 ipso
2446 3990 2712 4051 praesente
2734 3998 2856 4037 cum
2894 3982 3143 4053 conjuge,
3173 3984 3517 4053 imperatrice
3540 3983 3711 4038 scilicet
3733 3977 3808 4031 Cu-

2307 4073 2567 4143 nigunda,
2597 4075 2866 4143 totiusque
2900 4076 3047 4145 regni
3071 4075 3447 4144 episcoporum
3473 4092 3532 4131 ac
3558 4074 3803 4143 optult-ilum

2307 4173 2575 4218 conventu
2603 4163 2670 4217 ab
2694 4164 2943 4231 Arnulfo,
2996 4165 3465 4222 llalberstadensis
3497 4164 3702 4221 cccltsia:
3724 4158 3804 4228 epi-

2307 4268 2490 4321 scopo,
2540 4253 2842 4308 dedicatum
2874 4266 2957 4310 est
3005 4257 3108 4312 hoc
3136 4258 3390 4327 templum
3419 4270 3469 4313 et
3504 4256 3652 4311 altare
3672 4262 3805 4320 supre-

2308 4360 2457 4399 mum
2505 4344 2558 4398 in
2606 4346 2813 4400 honore
2852 4356 3050 4402 sanctae
3079 4356 3133 4402 et
3176 4349 3461 4404 intimidae:
3495 4344 3741 4403 Tti.t.tatis,
3766 4343 3803 4390 ei

2309 4444 2510 4491 sancta:
2554 4433 2739 4491 Mariae
2792 4438 2980 4491 matris
3036 4436 3271 4505 Domini,
3321 4440 3585 4509 sanctique
3608 4426 3801 4489 Johannis

2309 4529 2601 4601 Baptistze,
2654 4539 2711 4583 et
2772 4530 2948 4586 sancti
2997 4529 3449 4603 Peterrincipis
3494 4526 3799 4601 apostolorum.

558 4695 571 4705 .
635 4625 869 4683 Emensa
902 4628 1084 4698 itaque
1111 4627 1405 4699 imperator
1451 4645 1612 4700 quam
1648 4640 1889 4700 creperat
1929 4631 2039 4698 via,
2075 4648 2199 4687 cun-

2311 4624 2483 4679 saucti
2526 4621 2788 4692 Stephani
2836 4626 3272 4697 protomartyris,
3324 4624 3491 4680 sancti
3529 4615 3726 4688 Dionysii
3762 4619 3801 4666 ει

632 4720 758 4787 ctis,
784 4730 860 4799 ut
887 4721 960 4777 ita
991 4723 1189 4788 dicam,
1215 4721 1440 4793 Europa:
1462 4722 1655 4793 primis
1689 4724 1883 4779 ibidem
1905 4724 2207 4793 :conﬂuen-

633 4813 814 4881 tibus,
865 4815 1311 4885 diversarumqne
1360 4816 1598 4887 gentium
1649 4816 1942 4872 missaticis
1995 4818 2060 4872 ad
2108 4818 2208 4873 im-

628 4903 833 4974 periale
904 4903 1021 4974 ejus
1094 4907 1412 4975 obsequium
1484 4905 1721 4977 undique
1795 4910 2209 4979 properantibus

629 5005 1039 5052 sacrosanctum
1102 4996 1385 5052 dominica:
1443 4997 1859 5054 resurrectionis
1911 5001 2204 5071 gaudium,

632 5096 745 5142 toto
774 5085 885 5155 jam
908 5087 1215 5141 corridente
1236 5087 1455 5153 nmndo,
1487 5096 1646 5156 prout
1680 5088 1857 5143 decuit
1881 5090 2064 5157 talem,
2092 5091 2208 5147 exi-

629 5176 742 5230 mia
787 5162 1079 5231 celebravit
1137 5177 1325 5248 gloria.
1380 5176 1581 5247 Hisque
1646 5177 1800 5234 festis
1867 5183 2210 5251 paschalibus

630 5283 829 5338 magno
862 5270 1095 5340 tripudio
1122 5256 1377 5339 peractis,
1417 5268 1858 5342 ParthenOpolim
1898 5273 2024 5328 hinc
2044 5275 2211 5345 profi-

630 5361 883 5418 ciscendo
903 5365 1237 5434 perveniens,
1251 5379 1435 5420 sacros
1460 5364 1574 5420 dies
1600 5363 1942 5422 Pentecostes
1967 5369 2106 5438 apud
2127 5368 2209 5423 fa-

631 5454 993 5510 mosissimum
1023 5454 1263 5525 ejusdem
1288 5457 1521 5513 civitatis
1540 5457 2008 5529 archiepiscopum
2040 5459 2212 5517 Gero-

631 5558 781 5612 nem,
804 5558 910 5600 non
935 5543 1175 5603 inferiori
1197 5547 1514 5618 gaudiorum
1535 5546 1819 5619 dignasque
1842 5549 2210 5608 venerationis

703 5736 853 5828 (29d)
887 5738 1039 5797 Deest
1066 5759 1110 5798 ε.

2312 4715 2582 4771 sociorum
2612 4715 2751 4785 ejus,
2779 4730 2843 4770 ac
2866 4716 3040 4771 sancti
3069 4714 3300 4777 Servatii
3326 4714 3641 4773 confessoris.
3664 4709 3708 4763 In
3728 4708 3799 4761 hoc

2314 4822 2440 4862 vero
2459 4804 2809 4864 continentur
2829 4807 3072 4879 reliquite
3086 4810 3261 4865 sancti
3282 4809 3591 4866 confessoris
3609 4796 3796 4859 Serratii.

2312 4892 2484 4960 sancti
2512 4904 2809 4972 Anastasii,
2839 4907 3015 4962 sancti
3061 4907 3268 4975 Vitatis,
3306 4907 3471 4964 sancti
3514 4893 3797 4962 Pantaleonis.

2312 5004 2623 5052 sanctorum
2655 4998 2859 5067 Aquilae
2898 5006 2954 5053 et
2980 4997 3257 5068 Priscilla),
3290 4999 3460 5056 sancti
3486 4991 3680 5053 Nicolai,
3704 4983 3801 5054 digi-

2315 5097 2399 5143 tus
2414 5090 2588 5144 sancti
2619 5089 2788 5145 Marci
2822 5092 3186 5163 evangelistaa,
3217 5093 3389 5149 sancti
3415 5085 3673 5149 Pancratii.
3694 5079 3799 5135 mu‘

2313 5184 2431 5238 ricii
2462 5192 2517 5239 ct
2550 5184 2660 5239 soci
2700 5201 2820 5239 rum
2856 5186 2992 5254 ejus,
3027 5189 3202 5241 sancti
3232 5186 3532 5248 Clementis,
3559 5172 3797 5237 Corneliiet

2313 5275 2594 5347 Cypriani,
2642 5278 2815 5332 saneti
2866 5276 3111 5345 Candidi,
3142 5281 3314 5336 sancti
3361 5276 3595 5348 Stephani
3627 5270 3795 5343 p293“

2314 5369 2589 5441 martyris,
2618 5372 2792 5425 sancti
2826 5371 2929 5426 Viti
2976 5374 3249 5444 martyris,
3280 5382 3474 5429 Sancta:
3504 5368 3647 5425 Iusta:
3677 5353 3795 5426 Viri“

2314 5459 2428 5526 nis,
2482 5463 2656 5517 sancti
2706 5460 3007 5531 Valentini,
3058 5466 3229 5522 sancti
3278 5462 3524 5522 Johannis
3580 5460 3790 5545 martyris.

2313 5553 2487 5610 sancti
2520 5553 2815 5611 Alexandri
2835 5570 2987 5628 papa:
3006 5566 3061 5613 et
3081 5559 3359 5630 martyris,
3384 5565 3436 5615 et
3458 5554 3652 5611 aliorum
3668 5542 3789 5615 P‘lm‘
