3944 6420
137 415 233 475 553

734 403 824 462 ΕΤ
860 402 1207 461 LAMBERTI
1241 399 1818 459 ASCllAFNABURG.
1862 398 2040 471 PARS
2082 398 2356 457 ALTERA
2398 399 2748 459 GEUINANA

3268 400 3382 458 33!

1072 515 1396 573 ANNALES
1431 511 2161 583 QUEDLINBUBGENSES.
2196 518 2260 571 A.
2302 518 2462 573 1022.

136 657 333 703 morum
362 644 691 696 sanctorum.
716 632 901 688 Altare
930 632 983 687 in
1014 632 1191 690 medio
1212 630 1459 687 ecclesia:
1483 629 1695 684 dedica-
1723 630 1772 687 Α
1802 626 1981 681 Mai-ire
2027 626 2382 701 Magdalenae,
2420 641 2623 690 sanctae
2653 632 2835 689 Mariae
2867 632 3124 702 Zoziniae,
3178 643 3384 693 sancta:

130 745 240 790 tum
259 737 349 788 est
386 743 418 783 a
434 726 673 790 Gerone,
699 723 1105 793 archiepiscopo
1126 720 1624 791 Magadeburgensi,
1643 718 1696 773 in

132 823 330 879 honore
360 825 563 875 sanctae
586 825 644 871 et
666 799 1131 868 victorie‘sissima‘.
1156 812 1356 874 erucis,
1399 819 1454 866 et
1480 817 1700 864 sancto-

135 926 248 967 rum
294 920 592 978 martyrum
646 902 934 960 Laurentii
980 911 1036 956 et
1082 900 1391 971 Pergentini
1445 899 1696 965 fratrum,

134 1002 299 1061 sancti
324 999 602 1056 Laurentii
651 1006 706 1053 et
752 995 1048 1062 Vincentii,
1096 993 1267 1050 sancti
1294 992 1480 1056 Blasii,
1526 988 1700 1047 sancti

130 1095 519 1168 Cliristophori,
573 1090 748 1148 sancti
798 1088 1012 1145 Erasmi
1053 1085 1331 1157 martyris,
1388 1095 1702 1141 sanctorum

132 1188 333 1245 Cosmte
346 1197 400 1242 et
422 1182 692 1248 Damiani,
720 1180 896 1237 sancti
920 1178 1232 1241 Clementis,
1264 1176 1436 1232 sancti
1460 1172 1700 1229 Mauricii

132 1289 185 1335 et
209 1279 478 1332 sociorum
508 1272 643 1343 ejus.
681 1271 745 1326 Et
772 1271 823 1325 in
854 1270 956 1325 hoc
979 1267 1133 1323 altari
1163 1267 1473 1323 continetur
1498 1265 1702 1334 lignum

139 1374 325 1421 sanctze
351 1363 532 1419 crucis
557 1362 741 1432 spinea
786 1373 1005 1414 corona.
1055 1356 1120 1410 Et
1148 1357 1201 1412 in
1237 1356 1341 1410 hoc
1382 1356 1501 1424 ipso
1532 1354 1704 1408 conti-

131 1465 317 1513 nentur
350 1454 595 1525 reliquia‘.
632 1459 947 1507 sanctorum
978 1437 1274 1518 martyrum
1307 1444 1629 1500 Laurentini
1651 1450 1707 1500 et

132 1545 455 1619 Pet-gemini,
486 1544 661 1600 sancti
704 1541 936 1598 Mauritii
966 1540 1341 1608 sociorumque
1366 1536 1500 1606 ejus,
1532 1534 1704 1592 sancti

138 1635 334 1699 Vitalis,
369 1634 551 1690 sancti
574 1630 811 1702 Georgii,
855 1629 1028 1685 sancti
1054 1628 1346 1693 Vincentii,
1380 1626 1553 1682 sancti
1584 1624 1706 1679 Bla-

138 1726 215 1791 sii,
268 1725 443 1782 sancti
496 1722 720 1779 Fabiani
747 1730 806 1778 et
850 1717 1198 1789 Sebastiani,
1250 1719 1422 1776 sancti
1463 1718 1708 1775 Christo-

132 1817 297 1886 phori,
326 1822 641 1870 sanctorum
672 1811 885 1867 Cosmte
916 1816 977 1865 et
1003 1809 1272 1875 Damiani,
1316 1808 1492 1863 sancti
1513 1807 1708 1862 Eusta-

135 1908 255 1971 chii,
303 1906 478 1962 sancti
526 1903 819 1972 Quintini,
891 1901 1066 1957 sanati
1117 1900 1301 1955 Liberi
1351 1897 1705 1954 confessoris.

1798 712 2117 782 Felicitatis,
2174 726 2385 787 septem
2446 718 2679 776 ﬁliorum
2735 719 2872 790 ejus,
2911 729 3121 778 sancta:
3163 718 3382 789 0diliae,

1800 816 2002 861 sanctae
2027 806 2228 873 Lucina,
2257 819 2457 865 sanctae
2496 810 2820 879 Adeldridar,
2859 820 3061 869 vectas
3110 810 3386 885 Margare-

1805 900 1930 963 tbae,
1959 898 2200 952 omnium
2234 908 2543 955 sanctarum
2590 900 2880 972 virginum.
2926 900 2995 956 Et
3043 902 3098 956 in
3143 902 3390 972 hocipso

1801 990 1958 1045 altari
2013 992 2357 1047 continentur
2386 993 2628 1064 reliquias
2698 1003 3007 1051 sanctarum
3073 995 3383 1068 virginum,

1800 1091 2005 1139 sanctze
2042 1084 2367 1150 Laurentiae,
2421 1093 2622 1142 sanctis
2668 1084 2858 1154 Justte,
2904 1096 3107 1145 sanctae
3140 1090 3388 1159 Agatha,

1806 1180 2008 1227 sanctae
2033 1167 2361 1243 Walburgae,
2386 1185 2587 1230 sanctae
2602 1173 2942 1247 Margarette,
2962 1185 3164 1234 sanctae
3184 1178 3388 1245 Lucise,

1805 1268 2007 1315 sanctae
2027 1259 2275 1328 Julianae,
2300 1274 2504 1318 sancuu
2531 1262 2902 1333 Columbanaa,
2928 1275 3135 1323 sanctae
3154 1267 3392 1336 Cecilite,

1804 1358 2011 1406 sanctae
2044 1350 2285 1422 Sophim,
2336 1362 2537 1409 sanctae
2593 1354 2911 1422 Felicitatis,
2966 1365 3170 1414 sanctae
3221 1357 3389 1428 Afra,

1806 1451 2007 1498 sanctze
2031 1441 2313 1509 Praxedis,
2341 1457 2453 1499 san.
2473 1452 2542 1499 ta:
2565 1444 2870 1502 Gertrudis.
2902 1446 3015 1503 llac
3042 1447 3275 1518 denique
3301 1464 3390 1504 re-

1808 1534 1914 1605 gali
1987 1534 2112 1589 aula
2191 1536 2445 1604 pretiosis
2506 1536 2753 1608 reliquiis
2827 1538 3215 1595 venerabiliter
3283 1540 3395 1596 suf-

1808 1625 1941 1680 fulta
1967 1625 2134 1697 (297),
2162 1625 2460 1696 imperator
2491 1625 2860 1683 Romanorum
2913 1629 3164 1695 eximius,
3211 1638 3396 1685 conte-

1805 1716 1932 1772 ctali
1962 1732 2057 1772 sua
2086 1716 2430 1788 imperatrice
2455 1716 2769 1790 Cunigunda
2822 1719 3158 1791 pignoreque
3196 1720 3388 1791 regali,

1810 1808 1969 1864 herili
2010 1809 2266 1864 videlicet
2306 1810 2523 1865 domina
2558 1810 2880 1878 Adclheida,
2929 1826 3050 1883 quae
3098 1813 3264 1868 decus
3314 1814 3391 1867 di-

1810 1898 2093 1971 gnoscitur
2122 1898 2637 1966 sanctimonialium,
2667 1915 2772 1954 una
2798 1915 2922 1955 cum
2949 1915 3137 1956 sorore
3157 1916 3255 1956 sua
3285 1899 3391 1956 Sc-

136 1966 305 2053 Alta're
327 1966 573 2053 australe
603 1966 910 2051 dedicatqu
937 2004 1022 2048 est
1059 2008 1093 2048 a
1136 1991 1466 2049 Meinwerco
1492 1989 1706 2046 Pathel-
1737 1966 1787 2029 Β
1812 1966 1960 2062 phia,
1992 1989 2313 2060 cunctisque
2348 1991 2499 2058 regni
2550 1989 2923 2060 Optimatibus,
2966 2004 3090 2045 cunt
3120 1993 3397 2046 communi

139 2089 375 2146 burnensi
409 2089 668 2160 episcopo
690 2087 744 2142 in
780 2087 986 2142 honore
1017 2086 1191 2140 sancti
1232 2084 1437 2148 Liberi,
1461 2083 1703 2138 omnium

138 2166 434 2238 sanctorum
484 2187 543 2236 et
605 2178 902 2235 electorum
946 2176 1076 2241 Dei,
1128 2174 1391 2238 Victoris,
1445 2173 1702 2240 Candidi,

143 2274 402 2346 Exnperii,
433 2273 667 2329 aliorum
699 2272 990 2333 sociorum,
1024 2272 1198 2324 sancti
1230 2268 1499 2334 Mauricii,
1530 2270 1704 2324 sancti

142 2366 395 2437 llippoliti,
434 2364 610 2421 sancti
653 2361 1025 2426 Pantaleonis,
1052 2360 1226 2416 sancti
1256 2359 1492 2431 Cyriaci,
1531 2360 1705 2415 sancti

142 2457 367 2524 Adriani,
392 2466 449 2513 et
477 2456 712 2512 aliorum
741 2452 1102 2524 plurimorum
1147 2460 1482 2507 sanctorum.
1523 2450 1707 2506 Altare

134 2548 438 2616 aquilonare
466 2546 776 2602 dedicatum
818 2552 901 2599 est
926 2544 994 2597 ab
1020 2542 1269 2597 Eilvardo
1297 2542 1551 2598 Misnensi
1594 2543 1706 2612 epi-

144 2650 288 2708 scopo
315 2638 365 2692 in
395 2639 606 2693 honore
651 2632 826 2689 sancti
851 2628 1231 2688 Bartholomrei
1262 2633 1486 2704 apostoli
1509 2642 1562 2688 et
1592 2647 1708 2688 om-

148 2732 275 2786 nium
300 2729 670 2801 apostolorum
693 2724 1220 2796 ct~evangelistarum
1242 2733 1298 2779 et
1321 2724 1707 2793 discipulorum

148 2819 359 2874 Domini.
392 2819 459 2873 Et
502 2819 558 2872 in
586 2816 688 2872 hoc
721 2815 838 2886 ipso
883 2812 1039 2869 altari
1087 2813 1437 2869 continentur
1469 2815 1709 2886 reliquim

148 2911 301 2965 sancti
352 2909 504 2966 Petri
557 2907 818 2978 principis
866 2904 1253 2977 apostolorum,
1307 2908 1479 2962 sancti
1529 2908 1707 2974 Pauli,

140 3001 299 3055 sancti
324 3000 577 3063 Andreae,
605 2997 783 3052 sancti
810 2994 1020 3060 Jacobi,
1052 2995 1222 3050 sancti
1264 2996 1509 3060 Thomas.
1536 2999 1708 3054 sancti

140 3086 525 3154 Bartholomazi,
555 3087 726 3142 sancti
743 3084 1181 3155 Philippi,sancti
1211 3085 1468 3152 Mattluei,
1495 3099 1710 3143 sancto-

144 3197 251 3236 rum
281 3181 518 3237 Simonis
547 3191 604 3235 et
628 3179 798 3242 Judre,
828 3176 1001 3235 sancti
1036 3176 1318 3242 Barnabas,
1367 3180 1541 3237 sancti
1576 3181 1707 3247 Viti,

1805 2102 2070 2144 consensu
2092 2088 2228 2143 cieri
2262 2104 2327 2143 ac
2356 2087 2538 2159 populi
2581 2089 2912 2154 astantibus,
2960 2087 3089 2144 illud
3135 2086 3399 2159 apostoli-

1800 2196 1927 2238 cum
1973 2180 2247 2236 inhianter
2289 2181 2605 2237 desiderans
2634 2180 2961 2252 promissum
2982 2196 3007 2234 ς
3043 2180 3146 2247 Qui
3175 2182 3397 2235 seminat

1804 2271 1862 2325 in
1895 2271 2267 2335 benedictione,
2299 2272 2353 2325 in
2378 2258 2824 2327 benedictionibus
2865 2281 2912 2326 et
2953 2280 3123 2334 metet,
3150 2269 3400 2339 pluribus

1806 2361 1924 2414 auri
1987 2362 2398 2432 sericorumque
2451 2360 2695 2416 donariis
2756 2359 2995 2430 doloque
3051 2360 3398 2416 hereditaria

1807 2466 1968 2520 quam
1995 2451 2229 2505 maxime
2252 2451 2392 2505 hanc
2421 2451 2743 2506 laudabilem
2781 2450 3066 2507 basilicam
3093 2448 3398 2509 honoriﬁce

1808 2540 2018 2596 ditavit.
2045 2541 2247 2595 Deinde
2271 2555 2428 2596 sacro
2450 2542 2806 2597 dedicationis
2838 2542 3066 2614 hujusce
3092 2542 3178 2597 die
3202 2550 3397 2598 octavo

1807 2631 2266 2700 Meresbtirgensis
2309 2633 2551 2688 ecclesiae
2599 2634 2995 2690 dedicationem
3036 2662 3109 2674 -
3146 2648 3247 2705 pro
3269 2648 3392 2690 coro

1805 2723 2154 2792 ruptibilibus
2173 2723 2740 2796 incorruptibilia,.pro
2754 2723 3150 2795 temporalibus
3168 2736 3399 2791 aeterna,

1808 2828 1928 2884 quae
1959 2814 2148 2869 oculus
2173 2829 2280 2869 non
2311 2814 2449 2868 vidit
2479 2829 2579 2870 nec
2608 2815 2757 2871 auris
2784 2816 2989 2871 audivit
3019 2831 3120 2872 nec
3146 2815 3200 2871 in
3225 2816 3397 2872 corda

1810 2908 2179 2964 ascenderant
2211 2910 2447 2964 humana
2476 2925 2596 2979 quae
2621 2910 2761 2965 Deus
2784 2908 3112 2980 prmparavit
3132 2908 3404 2981 diligenti-

1809 3001 1911 3056 bus
1940 3016 1998 3056 se
2028 3031 2096 3041 ρ-
2124 3000 2335 3056 viscere
2374 3008 2530 3055 tenus
2562 3000 2813 3068 sitiendo,
2847 3016 2954 3056 non
2993 3000 3187 3071 impari
3234 2998 3404 3070 tripu-

1811 3092 1978 3147 diavit
2008 3091 2194 3162 gloria.
2240 3090 2506 3146 Perlectis
2553 3091 2735 3163 itaque
2769 3092 3291 3162 consummatisque,
3334 3101 3395 3146 ut

1811 3182 2176 3253 pmiiximus,
2236 3182 2639 3236 dedicationem
2688 3182 3070 3253 ganlimoniis,
3102 3182 3399 3252 imperator

140 3271 300 3326 sancti
330 3269 494 3327 Marci
527 3267 888 3353 evangelistaa.
917 3266 972 3320 ln
1004 3267 1325 3322 occidentali
1354 3280 1505 3339 parte
1538 3272 1708 3332 altare
1745 3302 1787 3365 ο
1824 3284 2086 3342 augusms
2116 3271 2293 3327 locum
2316 3272 2585 3341 quendam
2617 3273 2768 3344 regni
2794 3274 2989 3342 smpius
3014 3289 3171 3342 supra
3202 3288 3405 3329 memo-

142 3361 363 3418 australe
409 3363 462 3417 in
517 3361 722 3416 honore
770 3348 949 3414 sancti
984 3358 1239 3429 Remigii,
1293 3362 1469 3416 sancti
1498 3362 1711 3434 Cyria:i

152 3456 383 3527 martyris
427 3462 486 3511 et
533 3452 805 3508 sociorum
840 3448 978 3518 ejus,
1035 3451 1208 3505 sancti
1269 3450 1401 3506 Sisti
1456 3468 1608 3524 papa:
1650 3464 1716 3511 et

152 3551 401 3621 martyris,
432 3557 748 3604 sanctorum
774 3544 1004 3602 Joannis
1046 3553 1101 3599 et
1129 3544 1305 3611 Pauli,
1338 3555 1652 3602 sanctorum
1679 3547 1715 3602 4

157 3638 566 3704 Coronatorum,
600 3636 774 3693 sancti
829 3635 1095 3690 Bonilacii
1140 3645 1196 3690 et
1250 3637 1523 3691 sociorum
1575 3637 1713 3707 ejus,

154 3730 307 3786 sancti
328 3728 531 3785 Kiliani
561 3726 944 3795 sociorumque
966 3724 1106 3791 ejus,
1138 3725 1313 3780 sancti
1357 3724 1547 3780 Donati
1578 3741 1718 3781 mar-

156 3820 291 3889 lyris,
318 3821 491 3877 sancti
512 3816 862 3873 Wenceslavi
911 3801 1191 3888 martyris,
1242 3817 1716 3873 sanctiAnastasii

150 3924 302 3979 papae,
354 3908 532 3966 sancti
584 3906 907 3972 Innocentii,
956 3905 1128 3960 sancti
1180 3905 1361 3977 Magni
1435 3907 1714 3977 martyris,

148 4001 305 4055 sancti
335 3998 615 4055 Lamberti
647 3997 926 4069 martyris,
970 3997 1141 4050 sancti
1171 3996 1714 4068 Maguiconl‘essoris,

155 4090 306 4145 sancti
334 4087 594 4154 Odalrici,
629 4088 802 4143 sancti
858 4085 1021 4151 Sixti,
1062 4089 1237 4141 sancti
1278 4088 1508 4153 Arnulti,
1544 4086 1733 4144 sancti“

156 4177 368 4235 Meinulﬁ
425 4178 604 4251 (295),
640 4178 814 4235 sancti
857 4176 1261 4247 Gundulli(296)
1297 4218 1311 4243 ,
1367 4178 1539 4234 sancti
1568 4178 1720 4233 Lint-

159 4270 278 4337 geri,
312 4270 515 4327 *sancti
561 4268 829 4340 Wigberti
873 4268 1149 4338 martyris,
1199 4269 1373 4323 sancti
1418 4268 1716 4332 Maximini,

149 4358 310 4413 sancti
359 4357 597 4423 Valerii,
643 4359 819 4412 sancti
877 4357 1159 4423 Eucherii,
1205 4358 1379 4413 sancti
1439 4357 1716 4424 Ludovici,

156 4451 312 4505 sancti
354 4450 565 4506 Paulini
619 4449 994 4513 Treverensis,
1044 4451 1217 4503 sancti
1266 4449 1473 4504 Paulini
1502 4447 1722 4505 Nolana:

148 4540 374 4599 civitatis
393 4542 658 4614 episcopi,
689 4541 780 4611 qui
802 4556 900 4610 pro
932 4541 1043 4595 lilio
1067 4540 1242 4595 viduae
1271 4554 1330 4594 se
1361 4539 1583 4595 tradidit
1606 4554 1721 4594 ser-

1828 3379 2029 3431 ratum,
2076 3362 2283 3419 AlsteJi
2334 3364 2562 3432 dictum,
2604 3362 2693 3420 via
2722 3364 3044 3437 aggrediens
3085 3364 3405 3429 accelerata,

1816 3456 2210 3525 conductisquc
2238 3454 2546 3511 Cermaniae
2588 3454 2807 3526 primis,
2839 3465 3000 3526 prout
3036 3470 3263 3512 censura
3289 3456 3408 3512 exi-

1816 3556 1967 3617 gerat
2003 3547 2320 3617 imperialis,
2354 3562 2611 3619 magnum
2640 3549 2837 3602 ibidem
2861 3563 2973 3616 per.
2994 3550 3071 3617 g't
3097 3546 3404 3603 consilium.

1816 3637 1951 3693 Rebt
1974 3653 2001 3694 ε
2025 3651 2259 3706 namque
2302 3636 2594 3708 regalibus,
2636 3643 2811 3711 prout
2832 3639 3046 3705 sagacis
3083 3637 3164 3692 sui
3201 3635 3404 3706 ingenii

1819 3729 2083 3785 industria
2128 3731 2408 3795 docuerat,
2445 3730 2722 3798 sapienter
2748 3727 3082 3799 compositis,
3121 3742 3180 3784 se
3202 3741 3406 3797 suaque

1816 3820 2003 3875 omnia
2057 3834 2238 3875 aure-.2
2294 3819 2597 3883 Saxonum,
2654 3833 2819 3874 saxea
2869 3817 3036 3874 corda
3081 3818 3407 3890 gerentium,

1818 3910 1942 3967 ﬁdei
1973 3912 2384 3977 commendans,
2418 3910 2472 3965 in
2502 3910 2702 3981 quibus
2730 3918 2935 3981 patres,
2964 3910 3281 3981 sceptrigeri
3305 3909 3409 3964 im-

1818 4015 2100 4074 peratores
2151 4001 2420 4066 vidclcet,
2458 4003 2724 4058 vincendo
2774 4011 3088 4075 regnantes,
3133 4005 3408 4074 regnando

1819 4097 2097 4153 fructuose
2151 4097 2503 4165 imperantes,
2556 4093 2923 4150 firmissimam
2973 4092 3090 4164 spei
3134 4091 3283 4165 (298)
3322 4091 3407 4146 in-

1821 4187 2054 4243 ﬁxerant
2079 4187 2404 4254 anchoram;
2450 4199 2691 4255 quosque
2716 4183 2872 4254 regni
2915 4185 3221 4239 columnam
3245 4181 3410 4252 proli-

1821 4280 1983 4339 tendo
2018 4282 2402 4350 munimenqzte
2432 4280 2708 4349 egregium
2758 4277 3170 4346 congaudendo,
3199 4274 3405 4346 pacife-

1821 4381 2050 4436 rumque
2074 4367 2299 4420 heroum
2328 4379 2548 4435 germen
2587 4363 2854 4426 inclitum,
2888 4371 3038 4416 veste
3087 4372 3288 4433 togata,
3315 4363 3409 4417 sed

1820 4472 2098 4528 nunquam
2128 4455 2209 4511 vel
2233 4470 2354 4510 sero
2381 4455 2620 4511 scissura
2663 4453 2923 4509 continuo
2948 4453 3194 4506 indutum
3225 4462 3412 4520 gratu.

1822 4548 2002 4616 laudo,
2019 4548 2093 4602 nil
2115 4546 2218 4602 illis
2237 4559 2463 4617 excepto
2491 4547 2596 4601 Deo
2616 4553 2950 4613 cogratoque
2976 4588 2982 4595 ,
3006 4542 3062 4600 bi
3085 4544 3405 4608 .liademats,

161 4630 321 4701 vituti,
345 4634 517 4690 sancti
552 4631 875 4696 Ethelberti,
914 4631 1088 4686 sancti
1122 4630 1337 4685 Martini
1365 4629 1711 4691 confessoris,

1827 4639 2088 4709 praeferre
2116 4638 2399 4700 studendo,
2426 4646 2651 4707 patcrno
2674 4635 2705 4688 d
2724 4633 2746 4688 1
2764 4644 2973 4688 :xerant
2996 4632 3185 4688 alfectu
3204 4662 3277 4673 --
3299 4641 3407 4701 qua

154 4727 313 4781 sancti
351 4725 602 4791 Metroni,
632 4724 803 4780 sancti
838 4723 1092 4778 Zetionis.
1132 4722 1189 4777 ln
1240 4723 1342 4778 hoc
1400 4723 1517 4792 ipso
1561 4720 1718 4776 altari

150 4819 485 4874 continentur
507 4818 748 4888 reliquiae
801 4816 976 4871 sancti
1021 4816 1211 4870 Donati
1239 4815 1509 4885 martyris,
1544 4813 1720 4868 sancti

163 4907 381 4973 Quintini
428 4910 719 4981 tnartyris,
765 4910 939 4965 sancti
988 4908 1313 4963 Materniani
1370 4907 1722 4974 confessoris,

162 5001 321 5055 sancti
344 5002 518 5056 Adulli
549 5001 899 5065 confessoris,
943 5000 1116 5055 sancti
1152 4998 1407 5055 Germani
1442 5000 1723 5055 confesso-

158 5089 250 5156 ris,
272 5104 581 5148 sanctarum
610 5093 882 5164 virginum
928 5093 997 5146 de
1043 5091 1285 5147 Colonia.
1319 5091 1375 5145 ln
1402 5090 1722 5146 occidentali

164 5187 304 5245 parte
331 5181 500 5237 altare
526 5181 842 5253 aquilonare
891 5181 943 5235 in
977 5180 1186 5235 honore
1217 5187 1530 5235 sanctarum
1561 5178 1723 5249 virgi-

162 5283 305 5336 num,
329 5282 531 5328 sancta:
556 5272 867 5344 Stephante,
890 5271 1215 5336 Laurentius,
1242 5270 1429 5334 Justaz,
1454 5270 1723 5336 Pusinnze,

168 5371 353 5416 sancta:
387 5360 619 5425 Ceciliae,
652 5371 855 5417 sancta:
876 5360 1221 5425 Petronellre,
1254 5368 1453 5415 sanetae
1485 5358 1725 5416 'Gertru-

170 5448 260 5515 dis,
311 5463 509 5511 sanctae
558 5454 885 5524 Walburgte,
949 5462 1151 5509 sancta:
1206 5453 1462 5524 Agnetis,
1523 5464 1726 5511 sanctte

170 5543 394 5612 Aghatze,
452 5556 650 5603 sanctte
693 5546 893 5613 Tecla),
946 5554 1149 5602 sancta:
1196 5543 1468 5611 Barbarae,
1521 5555 1725 5601 sanctae

170 5633 327 5704 Mm,
366 5651 672 5694 sanctarum
726 5639 998 5710 virginum
1049 5636 1474 5705 Coloniensium,
1527 5647 1726 5694 sanctte

226 5749 373 5821 (295)
411 5753 495 5808 Ita
532 5752 594 5809 L.
626 5752 850 5809 Mumilli
885 5770 934 5808 ο.

136 5825 144 5845 ’
230 5820 375 5894 ’(196)
410 5823 558 5880 Deest
583 5842 632 5880 c.
918 5855 929 5873 ι

358 5911 626 5976 Ριτιιοι..
658 5895 917 5989 CXLI?

1823 4729 2167 4796 facto,sicrei
2188 4738 2380 4782 eventu
2411 4727 2659 4797 exigente
2682 4725 2841 4792 idque
2872 4724 3016 4792 regni
3052 4722 3405 4793 rptin'atibus

1822 4821 2090 4876 inlriantcr
2123 4833 2254 4888 posc
2290 4818 2503 4879 ritibus,
2525 4816 2738 4885 Alpina)
2774 4813 2930 4869 devia
2968 4811 3400 4868 transvolandmr

1822 4911 2091 4985 proﬁcisci
2117 4910 2350 4965 inchoat.
2376 4908 2611 4976 Quarum
2637 4904 2945 4963 dilllcnltate
2973 4906 3120 4960 enisa
3140 4945 3154 4971 ,
3183 4919 3408 4960 cunctas

1825 5004 2061 5076 regionis
2084 5002 2228 5058 illius
2257 4999 2563 5073 provincias
2592 4998 3191 5069 vincendo,regnanda,
3233 4999 3407 5068 impe-

1831 5094 2486 5163 randoque-transmeans,
2511 5090 2690 5147 natale
2712 5090 2920 5146 Domini
2945 5105 3096 5145 more
3119 5090 3404 5159 imperato-

1830 5184 1914 5240 rio
1952 5181 2099 5239 horis
2124 5182 2327 5242 Italicis
2354 5181 2586 5252 gloriose
2608 5179 3034 5250 potestativeque
3061 5177 3333 5249 perduxit.

1904 5272 2063 5329 1022.
2106 5271 2236 5329 Post
2282 5274 2397 5329 haec
2435 5273 2503 5328 de
2531 5271 2650 5326 loco
2671 5272 2723 5324 in
2759 5269 2933 5324 locum
2981 5270 3397 5340 proficiscendo

1830 5364 1982 5419 urbis
2050 5363 2456 5427 munitissimae,
2521 5358 2696 5431 Tnje
2748 5357 3038 5424 videlicet,
3100 5362 3404 5424 ma'nihus,

1833 5455 1986 5525 cujus
2054 5455 2333 5526 indigenas
2398 5451 2806 5523 provincialium
2882 5450 3152 5520 legatione
3218 5445 3410 5506 ditionl

1832 5550 1993 5621 regite
2056 5553 2442 5618 recognovcrat
2509 5543 2771 5608 rebelles,
2835 5542 3148 5599 bellicosam
3204 5542 3409 5598 invexit
3469 5584 3478 5598 ,

1832 5640 2035 5701 aciem;
2083 5652 2246 5707 quam
2276 5639 2460 5699 etiam,
2485 5634 2610 5726 licet
2639 5635 2920 5691 obsidione
2966 5634 3122 5707 longa
3154 5649 3377 5692 suorum

1906 5749 2054 5821 (ξω)
2093 5747 2180 5821 {ta
2212 5747 2271 5821 ζι.
2295 5745 2529 5803 sul'fultis
2552 5763 2579 5802 ο
2886 5747 2895 5755 ’
3396 5742 3428 5780 ⁵

1909 5816 2056 5893 (298)
2092 5817 2178 5873 Ita
2206 5816 2270 5872 L.
2301 5832 2449 5887 spem
2479 5833 2528 5871 ο.

3098 5900 3174 5975 ω
