3952 5346
550 286 667 345 Έζὸ

1424 250 1694 342 .ANNAL.
1743 280 2173 340 iilLDESiiEiM.
2203 279 2565 348 quemme.
2607 280 2997 342 WEISSEMB.

3705 285 3798 343 556

1439 398 1764 454 'ANNALES
1801 392 2520 465 QUEDLINBUIIGENSIS.
2547 400 2614 455 Α.
2650 399 2787 456 1015
2819 401 2977 456 1022.

558 534 664 594 que
692 518 889 576 sudore
918 516 1167 602 plurimo,
1198 528 1349 601 more
1379 528 1603 570 avorum
1628 520 2017 581 atavorumque
2043 523 2127 564 re-
2156 514 2203 572 Α
2234 512 2711 579 manis,.Aruult‘us
2748 517 3215 575 iialberstadensis
3252 519 3561 590 episcopus,
3591 522 3800 593 sapien-

557 630 683 697 μη]
730 599 975 683 namque
997 596 1440 665 victoriosissime
1481 607 1788 670 devincens,
1820 603 2132 670 incolasque

556 691 927 775 hujuscemodi
984 708 1078 756 aut
1125 698 1244 755 neci
1293 698 1510 753 tradens
1540 705 1634 752 aut
1673 703 1858 766 captos
1896 691 2132 763 colligari

554 792 896 863 praecipiens,
928 805 1065 861 quos
1112 798 1271 844 antea
1304 788 1486 843 animo
1513 786 1819 842 contumaci
1849 784 1950 839 sibi
1980 783 2132 853 inge-

543 892 768 961 ‘muerat
813 883 1130 962 renitentes,
1181 894 1279 937 suo
1322 879 1661 959 postmodum
1692 876 1931 933 dominio
1962 873 2131 945 (299),

554 975 670 1030 Deo
697 982 1044 1043 cooperante,
1078 971 1348 1043 gaudebat
1380 969 1714 1040 subjugatos.
1750 967 1854 1022 Sed
1886 967 1971 1021 his
2012 979 2138 1034 pro-

555 1063 909 1132 speritatibus
938 1075 1046 1115 non
1077 1056 1275 1125 elatus,
1301 1074 1489 1114 verum
1513 1056 1775 1127 sapientia
1806 1053 2138 1122 scientiaque

556 1151 655 1233 Dei
700 1154 979 1225 praeditus,
1026 1151 1399 1222 hujuscemodi
1446 1150 1732 1206 victoriam
1769 1163 1875 1204 non
1904 1145 2003 1201 sibi
2041 1145 2135 1200 sed

538 1247 744 1325 pietati
777 1245 973 1302 divinae
1000 1242 1415 1314 apostolicisque
1446 1242 1720 1313 imputans
1757 1237 1990 1301 meritis,
2026 1235 2134 1291 Ro-

553 1352 729 1393 manae
779 1336 986 1406 apicem
1028 1335 1186 1413 sedis
1234 1332 1516 1406 gaudendo
1559 1330 1892 1402 supplicans,
1932 1328 2136 1399 glorifi-

549 1430 725 1495 cando
759 1430 1011 1496 adorans,
1038 1427 1325 1484 accelerat.
1366 1427 1553 1497 ibique
1581 1424 1972 1496 aliquantulum
2014 1426 2145 1478 mo-'

553 1531 727 1588 ratus,
758 1521 909 1593 regni
948 1520 1094 1575 illius
1147 1518 1501 1590 optimatibus
1549 1531 1683 1587 pace
1724 1515 2009 1586 gratiaque
2051 1511 2135 1568 sui

551 1613 843 1675 redimitis.
889 1612 1078 1668 nivosa
1105 1610 1325 1682 Alpium
1354 1608 1638 1665 cacumina
1669 1606 1836 1663 citato
1862 1615 2137 1675 transgre-

551 1704 698 1760 ditur
717 1719 914 1771 cursu;
946 1710 1110 1781 tanta
1152 1699 1402 1757 videlicet
1443 1698 1776 1756 mortalitate
1819 1697 2131 1764 subsecuta,

542 1809 673 1864 qua:
709 1795 799 1849 vix
848 1801 943 1848 aut
972 1790 1280 1847 nullatenus
1309 1805 1501 1847 vocum
1548 1790 1792 1853 nutibus,
1846 1786 1933 1842 vel
1969 1785 2133 1842 etiam

2238 605 2312 661 tia
2340 608 2514 664 divina
2538 611 2814 679 praeditus,
2848 610 3072 666 scientia
3104 610 3334 666 humana
3356 612 3639 679 facundus,
3680 629 3804 669 cuu-

2238 701 2341 755 ctis
2370 704 2631 773 perpetim
2648 703 3240 775 seclislugendus,cmii
3270 704 3569 761 collocatur
3594 707 3804 775 palatio,

2236 796 2464 863 postque
2502 793 2662 864 hujus
2682 795 3061 851 dormitionem
3093 795 3272 851 clerus
3298 803 3549 867 totusque
3586 798 3803 868 papulus

2237 887 2505 954 quendam
2533 886 2926 951 Hermannum,
2961 896 3086 941 natu
3112 887 3340 944 nobilem
3362 888 3460 943 sed
3488 902 3700 943 morum
3720 904 3801 942 ar-

2240 977 2480 1047 tiumque
2522 979 2790 1049 probitate
2839 979 3183 1046 nobiliorem,
3221 981 3492 1036 seniorem
3520 996 3697 1045 suum,
3724 996 3806 1035 an-

2241 1067 2391 1122 tistiti
2443 1068 2649 1140 eligunt
2685 1069 2986 1136 vicarium;
3045 1070 3282 1125 maxime
3339 1086 3618 1142 proceres,
3660 1071 3804 1126 beato

2238 1161 2615 1232 protomartyri
2659 1158 2932 1231 Stephano
2963 1160 3147 1217 habitu
3174 1162 3395 1217 militari
3423 1161 3798 1229 deservientes,

2239 1251 2443 1307 centies
2464 1252 2819 1322 centuplicata
2858 1254 3207 1324 pecuniarum
3232 1254 3538 1323 praebentes
3570 1269 3800 1319 munera,

2237 1356 2344 1412 quo
2372 1342 2505 1398 velle
2527 1359 2706 1410 suum,
2738 1345 2963 1414 prmfata
2995 1345 3247 1400 videlicet
3269 1345 3486 1410 eiectio,
3520 1360 3587 1399 eo
3611 1343 3802 1399 ﬁrmius

2238 1439 2426 1497 staret,
2455 1432 2797 1488 hmreditates
2839 1433 3085 1504 proprias
3116 1433 3367 1504 potestati
3399 1432 3563 1503 regiae
3589 1431 3801 1487 subdere

2238 1535 2344 1576 non
2370 1519 2641 1577 diﬂ‘crunt.
2683 1520 2816 1576 Nam
2862 1536 2970 1592 quo
3014 1521 3067 1578 id
3115 1522 3303 1577 ordine
3351 1520 3469 1576 ﬁeri
3516 1520 3800 1591 nequiverit

2238 1612 2564 1678 nescientes,
2609 1621 2789 1669 utrum
2840 1612 2895 1667 id
2945 1619 3127 1667 nostra
3157 1611 3539 1682 prwpedierint
3568 1610 3797 1675 crimina,

2234 1699 2431 1770 quibus
2497 1714 2609 1756 suae
2680 1700 2826 1756 cordi
2895 1711 3039 1757 esset
3089 1700 3311 1757 subesse
3373 1699 3690 1771 parochia3,
3740 1714 3801 1754 an

2239 1792 2386 1847 illum
2432 1792 2604 1862 pietas
2660 1792 2839 1848 divina
2907 1792 3196 1849 virtutibus
3253 1802 3472 1847 auctum
3539 1791 3801 1862 perfectio-

542 1883 746 1941 oliiciis
790 1882 900 1957 stili
946 1881 1122 1936 valeat
1150 1878 1444 1936 enucleari.
1495 1878 1669 1945 Quam
1703 1877 2002 1948 imperator
2042 1890 2133 1929 au-
2165 1848 2211 1909 Β
2238 1898 2463 1955 remque
2500 1883 2569 1938 ad
2613 1883 2666 1938 id
2694 1899 2828 1954 opus
2857 1883 2975 1940 aliis
3021 1883 3318 1940 servaveri;
3352 1848 3705 1953 ιειηροξίυιιε,
3732 1881 3799 1937 di.

540 1981 742 2043 gustus
773 1970 1246 2041 coalitusevadens
1278 1967 1653 2034 adumbratus,
1684 1966 1780 2020 sed
1812 1979 1935 2019 raro
1963 1962 2136 2017 milite

544 2050 874 2128 eoniitatus,
899 2056 1141 2135 exceptis
1187 2062 1272 2117 his
1300 2074 1438 2132 quos
1477 2057 1578 2115 sibi
1610 2066 1783 2113 mater
1809 2055 2023 2127 Europa
2045 2068 2136 2110 oc-

543 2156 821 2216 currendo
844 2143 1156 2233 admiserat,
1197 2150 1556 2208 Germanicas
1586 2147 1836 2219 pervenit
1872 2146 1941 2201 ad
1984 2159 2132 2209 oras,

540 2262 916 2325 ,magnumque
951 2234 1077 2303 mox
1100 2242 1365 2318 synodale
1404 2241 1709 2302 consilium,
1741 2236 2135 2294 conﬂuentibus

546 2341 790 2411 undique
815 2340 1150 2394 diversarmn
1187 2333 1465 2405 regionum
1494 2330 1760 2402 episcopis
1788 2328 2016 2398 aliisque
2040 2340 2135 2397 po-

533 2433 691 2504 pulis
719 2447 880 2503 quam
908 2428 1174 2501 plurimis,
1206 2428 1256 2482 in
1278 2427 1523 2497 partibus
1544 2424 1754 2495 peregit
1782 2422 2134 2477 occcidenta-

549 2525 713 2597 iibus.
743 2524 967 2592 Hisque,
997 2529 1154 2592 prout
1184 2534 1271 2573 res
1321 2528 1637 2587 tempusque
1662 2514 1975 2585 poscebant,
2014 2526 2134 2581 per.

546 2617 713 2693 lactis,
742 2612 923 2670 Gror’ta
952 2610 1218 2667 vocabulo
1267 2610 1471 2664 dictum
1502 2606 1769 2678 quendam
1814 2612 2132 2674 perventum

548 2692 636 2762 est
677 2707 875 2769 locum,
915 2718 1023 2773 quo
1074 2701 1242 2771 regali
1288 2700 1341 2754 in
1385 2698 1675 2769 praesentia
1722 2697 1865 2750 inter
1890 2692 2135 2767 geminos

539 2778 1131 2873 prmsuies,Geronem
1163 2792 1414 2847 videlicet
1449 2800 1502 2845 ct
1549 2787 1858 2852 Arnulfum,
1902 2784 2134 2840 nefanda

534 2891 816 2961 .onmique
856 2879 947 2960 pio
985 2885 1288 2942 execranda
1334 2883 1575 2939 exoritur
1616 2881 1840 2944 seditio;
1890 2878 2010 2933 dico
2039 2890 2135 2930 nc-

546 2983 739 3057 i‘anda,
788 2982 914 3051 quia
957 2978 1279 3049 periculosa,
1329 2974 1654 3047 periculosa,
1693 2971 1820 3043 quia
1858 2985 1962 3025 non
1994 2968 2134 3039 peri-

552 3085 672 3149 tura
699 3072 1011 3151 (500),‘sed,
1037 3078 1094 3124 ut
1116 3083 1323 3133 vereor,
1350 3066 1467 3121 illos
1488 3066 1794 3137 perditura;
1827 3061 2137 3117 amborum-

2237 1975 2362 2030 vino
2392 1974 2746 2046 relinquimus
2773 1973 3021 2032 arbitrio.
3062 1975 3373 2030 Fridericus
3402 1974 3606 2045 regalis
3633 1986 3797 2028 came-

2238 2068 2445 2133 rarius,
2479 2067 2639 2121 herili
2667 2081 2956 2136 procerum
2996 2076 3284 2122 stemmate
3324 2075 3609 2119 natus.....
3650 2064 3801 2133 impe-

2244 2158 2364 2212 riali
2390 2158 2617 2213 nimium
2647 2167 2837 2213 auctus
2865 2156 3152 2213 alliuentia:
3178 2156 3412 2212 nobilius
3434 2164 3797 2219 conversatus,

2238 2250 2385 2321 prior
2407 2249 2727 2320 primatibus
2756 2248 3226 2305 iatniliaribus.....
3266 2249 3453 2302 eadem
3478 2262 3642 2317 quam
3672 2246 3801 2301 horis

2239 2351 2557 2412 susceperat
2604 2340 2807 2397 Italicis
2851 2341 3164 2413 aegrimonia
3214 2341 3540 2410 depressus,
3574 2354 3707 2394 onus
3742 2336 3799 2391 li-

2239 2452 2403 2493 messe
2428 2436 2585 2491 molis
2605 2437 2920 2493 dormiendo
2944 2434 3098 2489 obiit.
3131 2433 3293 2503 Cujus
3321 2443 3497 2488 morte
3525 2434 3803 2501 imperator

2237 2542 2344 2587 non
2386 2528 2597 2583 modice
2637 2526 2939 2592 sauciatus,
2973 2539 3270 2596 pauperum
3316 2523 3671 2579 sustentando
3697 2522 3801 2576 ino-

2236 2617 2500 2685 piam.....
2551 2615 2790 2686 regionis
2834 2612 3203 2688 hujuscemodi
3232 2613 3482 2669 coenobia
3506 2627 3613 2682 pro
3642 2610 3799 2681 adipi-

2236 2711 2435 2765 scenda
2467 2708 2660 2762 anima:
2692 2707 2859 2778 ipsius
2884 2705 3059 2761 salute
3092 2705 3343 2760 maximis
3368 2703 3557 2758 ditavit
3587 2701 3794 2773 opulen-

2238 2805 2345 2859 tiis.
2370 2802 2552 2860 Ghero
2577 2800 3038 2871 archiepiscopus,
3065 2798 3247 2853 multis
3269 2797 3549 2853 doloribus
3568 2795 3800 2860 atl'cctus,

2237 2911 2364 2952 suos
2400 2904 2523 2964 post
2560 2908 2619 2949 se
2646 2908 2751 2947 non
2780 2892 3013 2947 sine.....
3045 2890 3191 2962 (505)
3230 2890 3607 2959 relinquendo,
3633 2885 3802 2943 seculo

2238 2986 2476 3041 moriens
2499 2985 2591 3039 sed
2620 2981 2836 3038 Christo
2861 2982 3065 3042 vivens,
3092 2979 3246 3033 obiit.
3272 2977 3580 3031 Aiiwardtts
3609 2975 3804 3045 cpisco-

2239 3093 2363 3148 pus,
2401 3076 2681 3131 rebus.....
2718 3073 2864 3145 (506)
2892 3071 2971 3125 uti
3002 3082 3333 3140 parcumque
3370 3067 3553 3122 sciens
3596 3064 3802 3119 modum

540 3182 659 3235 -que
709 3178 899 3220 necem
957 3160 1308 3231 perdurabat,
1359 3158 1494 3228 prob
1526 3156 1710 3211 doiorl
1764 3160 2169 3242 expectatum.‘

2238 3185 2461 3226 scrvare
2511 3167 2768 3231 fruendo,
2816 3181 2922 3219 non
2975 3162 3200 3217 modicis
3248 3175 3279 3214 a
3340 3160 3489 3225 suis,
3527 3165 3591 3213 ut
3635 3154 3806 3211 decuit

537 3256 757 3333 ‘Debittc
797 3252 1183 3308 Bernwardum
1211 3248 1359 3320 (501)
1381 3247 1887 3333 'iliideshemensem
1915 3242 2131 3333 antisti-

557 3358 666 3403 tem
694 3324 979 3418 dhumanis
1028 3342 1338 3413 divulgatur
1381 3323 1689 3395 excessisse
1741 3328 1919 3391 rebus
1960 3333 2131 3403 (502).

542 3444 765 3515 _Erispa,
828 3442 1001 3496 beata:
1073 3418 1348 3492 memoria:
1412 3430 1838 3489 sanctimonialis
1886 3427 2133 3491 foemina,

540 3537 831 3603 subtracta
870 3529 1073 3596 seculo,
1124 3528 1245 3584 (ια)ιί
1286 3533 1710 3583 connumeratur
1747 3521 1967 3594 palatio.
2009 3518 2135 3574 Liu-

531 3625 732 3681 aiulrus
783 3623 1107 3696 praepositus
1156 3635 1383 3691 corpore
1435 3618 1732 3682 resolutus,
1795 3616 1977 3670 lmtum
2024 3614 2134 3668 Deo

536 3706 777 3799 (tradidit
802 3717 1074 3788 spiritum.
1110 3713 1332 3785 Ricdagi
1359 3696 1695 3768 marciiionis
1717 3709 1975 3780 praeclara
2000 3707 2132 3773 tilia,

534 3809 797 3879 .Gerburg
828 3808 1045 3864 nomine
1068 3806 1239 3881 dicta,
1263 3803 1457 3859 studiis
1479 3801 1791 3857 liberalibus
1815 3815 1844 3854 a
1875 3799 2134 3870 primaevo

532 3890 1016 3972 juventutis.'.llore
1059 3895 1440 3952 honestissima
1485 3891 1875 3948 exercitatione
1922 3888 2131 3942 irrctita

536 3989 964 4061 .omnigenisque
1018 3989 1279 4043 virtutum
1328 3995 1598 4059 gemmata
1638 3982 1903 4052 insigniis,
1948 3980 1981 4034 5
2031 3978 2133 4033 Ca-

538 4081 703 4138 .lend.
750 4080 1075 4149 Novembris
1120 4090 1277 4153 terra:
1305 4079 1447 4150 quod
1474 4094 1651 4145 suum,
1677 4077 1788 4131 Deo
1832 4073 1975 4145 quod
2010 4086 2131 4142 pro-

538 4174 753 4244 .prium,
779 4173 1143 4245 praesentavit.
1537 4156 1542 4160 ’

584 4322 589 4325 ,
635 4267 795 4322 1025.
835 4266 946 4323 Oda
1005 4265 1411 4336 religiosissima
1467 4263 1706 4329 domina,
1773 4256 2127 4332 primogenita

551 4360 888 4415 marcbionis
911 4359 1252 4424 Theodorici,
1277 4357 1495 4412 homine
1517 4366 1676 4411 exuta
1704 4355 1947 4410 redditur
1968 4350 2126 4407 coelo.

537 4450 1029 4523 Burgaredaiicet
1071 4459 1227 4506 aetate
1279 4449 1491 4516 tenella,
1533 4449 1916 4518 magistrorum
1947 4451 2125 4499 tamen

2242 3263 2431 3327 talem,
2475 3261 2787 3333 deploratus
2835 3258 3154 3329 gemitibus,
3212 3256 3490 3325 inopinata
3550 3248 3802 3323 praeveni-

2241 3366 2330 3410 tur
2371 3365 2562 3411 morte.
2604 3354 2803 3410 Eodem
2827 3368 2968 3407 anno
2995 3347 3816 3423 BernbardusMekiiinburgcnj

2238 3448 2315 3503 sis
2337 3448 2642 3517 episcopus,
2673 3454 2727 3501 et
2757 3445 3062 3510 Eiihardus,
3091 3441 3453 3514 Pragonensis
3506 3434 3815 3509 episcopus

2227 3538 2440 3611 aliique
2482 3539 2754 3605 antistites
2797 3552 2957 3608 quam
2994 3534 3208 3606 plurimi
3238 3535 3511 3588 obierunt.
3550 3530 3692 3599 Ergo
3718 3542 3804 3582 ex-

2226 3632 2423 3686 -tinctis
2476 3638 2550 3685 tot
2611 3631 2884 3699 tantisque
2928 3636 3131 3682 sancta:
3178 3623 3436 3679 Ecclesia:
3476 3618 3802 3678 doctoribus,

2238 3723 2523 3778 iiciuricus
2546 3721 2840 3790 imperator
2866 3726 3142 3789 angustus,
3170 3725 3322 3771 tanto
3349 3721 3635 3783 comperto
3663 3722 3803 3772 casu,

2237 3830 2344 3871 non
2374 3813 2721 3871 mediocriter
2742 3813 2836 3868 sed
2862 3810 3020 3865 anxie
3050 3809 3308 3877 tristeque
3335 3805 3549 3870 dolens,
3569 3803 3803 3873 aliquan-

2240 3914 2350 3960 tum
2388 3904 2646 3974 temporis
2677 3903 2761 3957 his
2789 3900 3100 3971 regionibus
3128 3906 3355 3952 moestus
3380 3895 3561 3949 duxit.
3590 3892 3802 3947 interim

2204 3997 2521 4053 'dominicze
2564 3993 2864 4050 nativitatis
2892 3991 3027 4047 festa
3060 3991 3217 4062 digna
3246 3988 3627 4046 celebraturus
3665 3996 3803 4040 reve-

2237 4089 2434 4152 rentia,
2488 4087 2637 4159 regio
2692 4084 2973 4147 comitatu,
3031 4090 3193 4152 prout
3241 4079 3440 4142 decuit,
3495 4076 3802 4144 Bavanherg

2234 4176 2548 4247 profectus,
2582 4175 2713 4230 inibi
2762 4175 2918 4228 turba
2976 4170 3214 4227 desolata
3258 4169 3492 4224 diversis
3545 4165 3803 4238 episcopis

2235 4256 2555 4323 catervatim
2597 4265 2746 4319 illum
2770 4268 3133 4326 convenerat,
3165 4258 3544 4328 unusquisque
3583 4255 3803 4328 pastoris

2236 4362 2318 4418 sui
2363 4375 2495 4417 nece
2541 4359 2704 4416 corde
2737 4366 2895 4413 tenus
2933 4356 3227 4412 sauciatus.
3254 4350 3420 4421 Cujus
3457 4349 3802 4422 providentia:

2235 4468 2362 4509 cura
2381 4492 2395 4519 ,
2428 4449 2692 4522 imperiali
2723 4456 3022 4519 potestate,
3053 4443 3531 4501 committerentur
3561 4438 3799 4513 regendi,

548 4521 834 4612 diligentia
856 4542 1059 4611 optime
1079 4541 1291 4604 sudata,
1314 4548 1421 4605 tam
1448 4554 1655 4593 morum
1678 4537 1944 4608 probitate
1967 4547 2127 4604 quam
2155 4521 2211 4583 Β
2238 4558 2424 4599 omnes
2449 4521 2655 4613 trepida
2680 4554 2932 4596 curarum
2961 4539 3186 4609 ambage
3213 4535 3464 4608 suspensi
3498 4535 3800 4591 manebant,

535 4632 766 4705 generis
792 4633 1054 4703 dignitate
1100 4630 1330 4701 pollens,
1364 4639 1538 4685 morte
1580 4627 1909 4698 praevenitur
1939 4624 2129 4678 imma-

550 4733 695 4779 tura.
730 4716 1017 4783 Heinricus
1061 4723 1356 4793 imperator
1386 4729 1643 4793 angustus
1685 4718 1840 4772 albas
1885 4716 2131 4783 festaque

531 4812 850 4882 paschalia,
881 4812 1215 4883 principibus
1243 4813 1518 4866 turmatim
1549 4810 1785 4871 undique
1808 4803 2130 4862 conﬂuenti-

536 4904 674 4981 bus,
699 4902 1056 4977 Mpresburgaa
1084 4903 1186 4956 rite
1219 4916 1501 4971 peragens,
1538 4900 1681 4971 quod
1712 4914 1893 4951 rarum
1922 4895 2005 4949 vel
2036 4909 2129 4963 pe-

538 4997 701 5054 .nitus
728 4997 875 5068 (505)
908 4997 1117 5050 videtur
1159 4993 1480 5058 inauditum,
1523 5001 1671 5047 terna
1705 4990 1864 5044 mtius
1892 4987 2128 5059 ejusdem

2240 4638 2438 4692 Verum
2484 4633 2774 4702 imperator
2818 4629 2952 4685 inito
2996 4628 3372 4683 destinationis
3415 4627 3648 4682 decreto
3693 4634 3797 4679 cum

2236 4727 2323 4783 his
2363 4739 2498 4795 quos
2531 4736 2771 4778 summos
2802 4720 2991 4776 habuit
3029 4719 3082 4774 in
3117 4717 3383 4783 consiliis,
3434 4717 3661 4772 induxit
3692 4711 3799 4770 ani—

2236 4831 2419 4880 mum,
2447 4811 2796 4868 iiunl‘rithum
2845 4809 3079 4866 Geronis
3121 4807 3515 4878 archiepiscopi
3552 4806 3797 4863 vicarium

2238 4914 2512 4961 constare.
2556 4902 2753 4957 Eadem
2773 4900 2874 4955 die
2902 4900 3248 4970 Brandagns,
3286 4898 3550 4954 Vuldensi
3602 4891 3797 4952 abbati:

2237 5004 2394 5050 antea
2465 4992 2819 5056 sublimatus,
2875 4988 3136 5058 Arnuiphi
3210 4988 3472 5043 antistitis
3531 4993 3797 5042 successor
