3944 6438
196 418 300 475 557

843 415 930 472 ET
965 413 1311 470 LAMBERTI
1340 408 1916 468 ASCIIAFNABURG.
1945 409 2122 464 PARS
2153 410 2424 465 ALTERA
2469 409 2792 470 GENUINA.

3331 413 3440 470 358

1027 526 1348 584 ANNALES
1371 518 2100 594 QUEDLINBURGENSES.
2138 526 2204 580 A.
2238 525 2563 582 10244025.

191 640 366 696 cilicio
413 639 713 702 ordinatus,
759 637 993 710 Eg‘hardi
1045 637 1333 710 Pragensis
1366 638 1610 694 ecclesia:
1652 637 1767 708 epi-
1796 621 1842 671 Α
1871 632 2116 700 sistente,
2151 633 2481 708 llogtmtiam
2504 638 2776 704 convenit,
2801 647 3182 712 praesenteque
3216 638 3446 716 .mpera-

191 734 338 804 scopi
365 731 484 792 vice
512 732 806 797 successit,
831 731 1038 802 aliique
1070 731 1418 802 quamplures
1443 730 1509 786 ad
1535 731 1766 785 eundern

189 825 423 882 ordinati
450 825 710 881 honorem
731 866 746 890 ,
777 823 972 894 quibus
1003 831 1196 878 sancta
1245 821 1476 878 ecclesia
1514 822 1650 876 mira
1675 821 1767 876 ﬁr-

190 917 378 972 mitate
400 924 586 972 manet
605 915 830 971 subnixa
849 930 862 980 ;
884 928 1022 984 quos
1049 911 1364 968 nominatim
1388 912 1760 984 perstringere

184 1006 408 1079 longum
433 1008 670 1063 videtur.

257 1096 416 1152 1024.
455 1095 722 1152 Post'haec
751 1094 1050 1165 imperator
1071 1092 1302 1149 diversis
1329 1091 1607 1149 doloribus
1641 1105 1768 1147 cru-

178 1191 390 1257 ciatus,
432 1190 619 1246 eodem
650 1188 770 1245 loco
812 1187 1002 1243 crebra
1028 1185 1350 1241 inﬁrrnitate
1379 1184 1616 1239 diutinas
1640 1198 1767 1255 pro-

185 1284 360 1338 traxit
391 1296 593 1347 moras,
628 1279 1025 1349 resumptisque
1059 1280 1272 1333 demum
1301 1285 1422 1346 post
1451 1285 1613 1330 tantae
1638 1291 1765 1347 gra-

183 1377 395 1432 vedinis
444 1375 638 1430 molem
686 1374 854 1428 animi
898 1373 1127 1439 viribus,
1174 1371 1342 1426 citato
1391 1384 1580 1433 cursu,
1630 1370 1674 1424 si
1713 1368 1765 1423 id

181 1468 329 1538 quod
359 1475 484 1523 voto
518 1467 688 1522 tenuit
717 1465 910 1522 etl‘ectu
942 1463 1130 1536 perﬁci
1155 1462 1362 1534 possit,
1391 1461 1768 1530 Parthenopo-

181 1559 273 1612 Tun
307 1559 389 1613 ire
428 1558 684 1613 instituit.
729 1555 972 1612 Tandem
1007 1563 1130 1627 post
1157 1554 1373 1624 longam
1413 1553 1763 1608 deliberatio-

181 1666 342 1715 nem,
387 1648 647 1705 laboriosi
695 1649 906 1704 itineris
959 1646 1271 1702 difﬁcultate
1319 1659 1573 1708 emensa,
1623 1644 1764 1698 diem

179 1741 486 1808 palmarum
525 1739 578 1794 in
617 1739 737 1794 loco
765 1738 985 1794 Alstede
1017 1739 1163 1792 dicto
1190 1735 1384 1792 festive
1411 1735 1654 1806 peregit;
1679 1734 1768 1790 die

177 1845 311 1886 vero
333 1829 1080 1898 reconciliationis,exigente
1105 1828 1437 1882 inﬁrmitatis
1453 1827 1764 1897 gravedine,

179 1931 392 1978 remota
437 1937 466 1977 a
506 1937 564 1979 se
597 1937 716 1992 quas
755 1929 1084 1977 convenerat
1123 1920 1311 1984 turba,
1342 1921 1533 1990 paucis
1579 1934 1763 1974 secum
1797 1945 1844 2006 Β

175 2014 607 2080 comitantibus,
634 2014 687 2068 in
729 2012 1077 2084 Nuwanburg
1107 2012 1256 2084 (507)
1288 2027 1500 2068 cuinam
1549 2011 1762 2068 Domini

173 2121 277 2161 nec
322 2121 426 2160 non
458 2120 790 2176 parasceuen
832 2104 1048 2176 egregie
1084 2104 1397 2160 celebravit.
1439 2103 1494 2158 ln
1536 2105 1764 2160 sabbato

172 2210 310 2266 ergo
353 2203 570 2262 sancto,
622 2203 906 2251 contracto
961 2201 1183 2251 senatus
1237 2203 1535 2260 conventu,
1579 2203 1765 2250 conte-

175 2284 308 2339 ctali
360 2300 457 2340 sna
494 2284 811 2356 Cunigunda
846 2301 952 2341 una
979 2287 1295 2353 comitante,
1324 2286 1762 2357 Parthenopolim

177 2376 433 2432 adeundo
475 2379 744 2448 pervenit.
794 2379 851 2433 ln
888 2380 1232 2448 susceptione
1267 2380 1615 2450 imperatoria
1659 2396 1765 2451 qua

171 2460 511 2527 auctoritate
534 2480 726 2528 cuncta
751 2481 880 2528 sunt
909 2471 1014 2528 rite
1038 2472 1317 2542 disposita,
1346 2473 1636 2528 ordinatim
1666 2487 1764 2528 ex-

178 2575 418 2628 ponere,
443 2561 596 2632 longa
633 2571 717 2617 est
745 2563 935 2619 series.
965 2563 1165 2618 Verum
1202 2563 1490 2621 redeamus
1512 2565 1586 2620 ad
1626 2579 1762 2620 rem.

179 2647 465 2719 Siquidem
511 2652 797 2708 dominicae
843 2654 1262 2710 resurrectionis
1309 2655 1508 2726 gaudio
1559 2655 1764 2712 celebri

179 2743 394 2799 honore
437 2754 692 2814 peracto,
731 2746 1028 2817 imperator
1073 2740 1364 2820 augustas,
1411 2751 1480 2805 ab
1523 2753 1766 2822 ejusdem

181 2835 281 2890 loci
316 2836 562 2892 antistite
598 2837 716 2893 auri
747 2841 1156 2913 sericorumque
1186 2843 1446 2898 varietate
1471 2844 1767 2915 plurimum

181 2923 438 2990 donatus,
463 2924 968 2984 Halverstadensem
992 2931 1333 3002 metropolim
1362 2933 1441 2987 ire
1468 2935 1765 2990 contendit.

182 3015 324 3086 Ergo
359 3016 582 3073 athleta:
608 3018 756 3091 (308)
787 3021 959 3076 sancti
979 3020 1240 3093 Stephani
1271 3025 1534 3096 regularis
1562 3038 1768 3082 norma:

182 3105 542 3178 religiositate
566 3109 764 3166 choros
789 3111 1070 3179 ducentes,
1093 3128 1157 3170 ac
1181 3114 1298 3184 pari
1327 3127 1590 3172 concentu
1616 3133 1767 3188 quae-

181 3211 284 3265 que
313 3197 597 3255 dulcisona
622 3203 865 3281 canendo
895 3206 1084 3261 caesari
1111 3217 1358 3279 augusto,
1386 3211 1549 3281 regia:
1568 3211 1769 3266 adven-

1871 722 2008 778 trice
2040 723 2358 794 Cunigunda
2391 729 2682 798 omniaque
2713 730 2784 786 ad
2823 732 2942 788 haec
2972 735 3299 802 pertinentia
3345 737 3452 795 bo~‘

1869 821 2048 884 ueste,
2078 822 2138 869 ut
2166 817 2380 884 decuit,
2406 819 2858 891 administrante,
2889 838 2918 878 a
2948 824 3174 896 praefato
3197 827 3451 902 episcopo

1867 903 1968 960 sub
2004 906 2176 963 multo
2204 907 2337 965 cleri
2375 921 2707 983 senatusque
2737 924 3014 971 conventu
3055 917 3260 975 honore
3297 920 3450 992 regio

1867 993 2210 1054 benedicitur
2237 1015 2303 1056 ac
2339 1012 2653 1059 coronatur.
2685 1004 2814 1062 inde
2841 1022 3164 1080 progressus
3195 1023 3312 1076 rex,
3340 1026 3450 1066 una

1866 1085 2164 1144 comitante
2223 1090 2440 1162 regina,
2494 1091 2824 1167 Neomagum
2882 1097 3208 1168 deveniunt,
3265 1099 3451 1173 ibique

1868 1173 2181 1246 aliquandiu
2205 1179 2486 1246 demorati,
2504 1193 2700 1254 postea
2722 1187 3075 1244 occidentalia
3098 1201 3451 1263 peragrantes

1869 1267 2009 1334 loca,
2047 1270 2413 1329 Fretbennam
2436 1274 2761 1362 praeclaram
2793 1279 3133 1350 subintrant;
3163 1282 3255 1338 ubi
3280 1284 3451 1357 impe-

1868 1359 2032 1417 riales
2047 1361 2176 1419 ﬁliae
2203 1379 2267 1420 ac
2289 1381 2527 1435 sorores,
2549 1359 2750 1440 Sophia
2779 1371 3032 1430 videlicet
3054 1382 3110 1430 et
3133 1375 3450 1447 Adelheida,

1867 1449 2002 1509 laetae
2027 1465 2340 1523 occurrunt,
2369 1458 2738 1532 laitioresque,
2770 1463 2955 1534 utijus
2983 1467 3450 1539 consanguineum

1868 1555 2150 1616 exegerat,
2183 1547 2373 1604 ambos
2407 1552 2730 1622 suscipiunt.
2765 1553 2895 1609 inde
2925 1555 3298 1612 Trutmoniam
3323 1574 3453 1630 per-

1867 1633 2173 1703 venientes,
2241 1639 2694 1697 convenientibus
2761 1643 2963 1699 ibidem
3022 1646 3454 1706 occidentalibus

1867 1725 2138 1796 episcopis
2173 1743 2238 1784 ac
2277 1730 2629 1799 primoribus,
2668 1731 3002 1804 aliquantum
3042 1739 3300 1808 temporis
3330 1755 3453 1810 per-

1869 1825 2050 1884 agunt.
2071 1816 2197 1872 Inde
2212 1818 2542 1875 Mindeuscm
2570 1823 2782 1889 urbem,
2809 1823 3003 1881 festum
3023 1827 3278 1885 dominici
3295 1838 3453 1885 nata-

1869 1904 1934 1958 lis
1965 1905 2323 1977 celebraturi,
2356 1915 2705 1968 conveniunt.
3301 1984 3305 1989 _

1945 1999 2104 2053 l025.
2148 2000 2503 2072 Epiphaniam
2526 2005 2746 2060 Domini
2777 2007 2918 2079 apud
2947 2005 3455 2069 Patharburncnses

1865 2089 2060 2145 festive
2112 2092 2344 2160 ducunt;
2399 2095 2569 2150 multa
2635 2096 2922 2168 disposuit.
2975 2098 3278 2176 Rostposita
3318 2118 3455 2175 ergo

1866 2181 2010 2264 omni
2075 2181 2331 2238 dilatione
2400 2200 2749 2254 progressus,
2802 2189 3013 2260 insigne
3070 2194 3235 2248 decus
3285 2194 3452 2267 (310)

1867 2261 2378 2338 Sanctimonialium,
2413 2273 2863 2346 Quedelingneusi
2913 2281 3220 2351 metropoli,
3263 2261 3455 2340 celerit-

1869 2371 1952 2418 ter
1976 2373 2250 2434 properat.
2283 2364 2411 2420 Inde
2435 2366 3279 2443 digressus,‘ParthenOpolitana:
3301 2377 3454 2432 urbis

1865 2453 2137 2508 mmnibus
2172 2455 2609 2523 puriﬁcationem
2639 2467 2844 2514 sancta:
2875 2461 3057 2518 Mariae
3091 2479 3299 2520 summa
3329 2481 3456 2537 per-

1869 2542 2056 2598 ﬁciens
2075 2545 2376 2616 diligentia,
2390 2545 2766 2621 Mersbu‘rgum
2787 2550 2952 2609 laetus
2978 2555 3308 2626 aggreditur.
3323 2558 3456 2612 inde

1866 2638 2138 2706 perurbes
2159 2637 2342 2693 etloca
2367 2641 2766 2710 provinciarum
2790 2645 3068 2716 prolectus
3092 2650 3454 2719 diversarum,

1872 2727 2120 2797 regiones
2149 2730 2426 2784 nationum
2458 2747 2570 2788 sua:
2602 2734 2824 2790 ditionis
2860 2737 3176 2808 imperando
3200 2741 3457 2816 subjuga-

1870 2827 2043 2872 verat.
2075 2819 2183 2874 Res
2217 2821 2538 2879 admiranda
2577 2827 2890 2900 nostrisque
2933 2833 3269 2903 temporibus
3292 2836 3457 2891 vehe-

1871 2917 2082 2964 menter
2109 2914 2372 2980 stupenda
2413 2914 2448 2968 2
2505 2915 2643 2972 Non.
2677 2917 2964 2977 Februarii
2999 2925 3255 2995 contigit;
3290 2926 3460 2998 siqui-

1870 3001 1990 3056 dem
2045 3002 2125 3057 sol
2174 3006 2354 3061 aureis
2406 3007 2654 3066 invectus
2703 3013 3003 3087 quadrigis,
3044 3017 3171 3072 dum
3224 3020 3456 3075 mediam

1870 3091 1977 3160 poli
2016 3107 2197 3147 arcem
2242 3096 2379 3150 mira
2411 3097 2499 3155 sui
2541 3101 2850 3172 splendoris
2876 3105 3128 3163 claritate
3156 3107 3460 3178 perfunde-

1872 3194 1974 3251 ret,
2007 3187 2186 3242 subito
2220 3190 2320 3242 sub
2351 3198 2504 3246 terna
2540 3194 2711 3266 ﬁgura
2743 3197 2890 3255 visus
2925 3208 3008 3254 est
3027 3197 3277 3268 fulsisse;
3311 3202 3456 3272 quod

181 3288 315 3342 tanti
378 3287 515 3343 aulae
561 3275 720 3362 quali
759 3301 1069 3366 quantoque
1120 3275 1476 3354 ocemrerint
1507 3301 1762 3371 tripudio,
1788 3284 1841 3350 (ἶ
1871 3278 2468 3371 Ψίτίώηθ-Ρτθδίὲίυῖη
2517 3289 2594 3342 rei
2632 3299 2826 3346 event“
2861 3295 3048 3361 Ροέίθδ
3081 3303 3298 3350 θοηδωι
3332 3311 3459 3365 Pro‘

183 3378 410 3450 insuper
433 3383 595 3438 etiam
626 3385 870 3455 praeclari
899 3402 1155 3456 proceres
1190 3390 1409 3444 militari
1435 3391 1560 3461 jure
1586 3405 1771 3463 proto-

181 3471 412 3542 martyri
470 3470 748 3544 Stephano
787 3477 1090 3533 servientes
1135 3494 1242 3550 qua
1276 3481 1552 3551 diligentia
1598 3483 1770 3538 victo—

181 3561 817 3635 riosissimoimperatori
833 3566 1087 3625 lleinrico
1109 3572 1518 3644 omnigenarum
1549 3573 1770 3632 amuen-

182 3651 254 3705 tia
280 3651 599 3707 divitiarum
627 3655 947 3712 assisterent
974 3659 1368 3728 ministrando;
1402 3679 1674 3736 quamque
1712 3667 1768 3722 in

181 3744 432 3800 donariis
454 3746 571 3802 auri
586 3761 1032 3824 gemmarumque
1060 3754 1196 3808 mira
1220 3755 1514 3811 haberetur
1537 3759 1766 3828 species,

181 3848 302 3903 qua:
330 3835 688 3905 imperatoria
720 3838 986 3910 dignitate
1019 3841 1219 3898 ibidem
1271 3853 1488 3901 constat
1539 3849 1768 3917 donata,

183 3924 236 3979 in
269 3926 532 3982 humanis
565 3929 835 3986 mentibus
867 3931 1031 4001 (509)
1064 3949 1164 3989 nec
1189 3938 1523 4009 excogitari,
1556 3955 1658 3997 nec
1680 3942 1771 3997 lit-

186 4015 319 4072 teris
348 4015 492 4072 valet
516 4021 924 4090 comprehendi.
954 4023 1091 4092 Quid
1121 4025 1314 4095 plura?
1331 4027 1564 4086 Remota
1585 4049 1776 4090 moro-

182 4106 384 4173 sitate,
416 4107 624 4166 Gosleri
657 4115 992 4184 aggreditur,
1022 4117 1370 4189 peractisque
1413 4122 1544 4179 inibi
1585 4123 1776 4185 decem

184 4199 404 4267 diebus,
429 4205 695 4272 quendam
719 4206 894 4263 locum
918 4209 1100 4266 Grone
1127 4211 1333 4271 dictum
1357 4215 1551 4276 festive
1582 4237 1779 4294 appro-

182 4301 369 4361 perat,
398 4292 580 4365 ibique
613 4296 871 4355 diuturna
906 4303 1224 4372 :egrimonia
1254 4321 1356 4378 per
1378 4308 1538 4382 longa
1572 4292 1778 4386 tempo-

185 4398 306 4439 rum
339 4383 606 4457 fatigatur
634 4391 927 4448 curricula.
957 4393 1312 4470 Tandemque
1345 4418 1545 4459 amara:
1583 4383 1776 4463 mortis

186 4474 505 4534 deebriatus
543 4479 763 4547 poculo,
793 4483 936 4551 quod
975 4487 1172 4542 summi
1220 4488 1598 4550 Arcitenensis
1637 4495 1778 4552 dono

191 4577 512 4639 acceperat,
557 4571 776 4630 homine
819 4573 1085 4646 deposito,
1121 4581 1246 4636 coeli
1303 4582 1487 4639 intulit
1540 4585 1763 4656 palatio.

188 4657 404 4716 Dehinc
456 4658 618 4717 ﬂebili
665 4665 1050 4735 quaerimonia,
1099 4671 1402 4730 incredibili
1467 4675 1773 4747 frequentia

188 4753 690 4824 eomitante,juxta
741 4757 794 4812 id
843 4759 988 4828 quod
1037 4761 1154 4832 ipse
1186 4763 1535 4831 decreverat,
1563 4768 1776 4824 Baven-

188 4846 448 4917 bergensi
505 4849 730 4906 castello
790 4851 1054 4920 defertur,
1105 4865 1161 4911 et
1209 4859 1322 4928 qui
1359 4860 1517 4917 vivus
1567 4874 1776 4920 sancta:

187 4936 456 4994 Ecclesiae
483 4957 738 5012 magnum
777 4945 1033 5001 extiterat
1077 4949 1362 5019 solatium,
1393 4965 1660 5025 perpetuo
1697 4957 1777 5012 lu-

190 5031 425 5098 gendus,
448 5031 650 5104 ingenti
669 5036 896 5105 honore,
913 5040 1081 5096 mixto
1096 5043 1261 5098 etiam
1281 5043 1406 5100 ﬁetu
1431 5061 1496 5102 ac
1517 5062 1774 5117 mcerore,

190 5129 360 5177 terra:
380 5123 686 5194 deponitur.
719 5126 888 5184 Facto
908 5139 1087 5186 autem
1112 5131 1164 5186 in
1196 5134 1345 5190 brevi
1370 5137 1535 5194 totius
1557 5150 1776 5196 senatus

192 5221 502 5278 conventu,
538 5215 852 5284 ‘Conradus,
874 5219 1081 5291 inclyta
1108 5237 1290 5292 regum
1321 5229 1776 5296 prosa‘piaort’us,

193 5302 248 5357 in
306 5319 534 5376 regnum
584 5308 826 5378 eligitur,
870 5319 1032 5382 atque
1082 5329 1109 5367 a
1160 5314 1484 5386 Moguntina:
1535 5321 1778 5377 ecclesiae

195 5394 612 5470 archiepiscopo
667 5401 906 5458 Aribone
963 5417 1186 5471 unctus,
1235 5420 1550 5466 coronatur.
1605 5413 1780 5471 Parvo

196 5483 409 5543 dierum
447 5489 730 5550 intervallo
761 5495 924 5550 etiam
950 5493 1141 5562 Gisila,
1181 5494 1441 5557 divinitus
1485 5501 1595 5572 iam
1644 5521 1780 5575 prae-

201 5574 400 5647 electa,
420 5579 582 5649 lussu
613 5592 678 5638 et
718 5585 1074 5644 advocatione
1102 5590 1264 5661 regis,
1292 5592 1406 5662 ipso
1429 5592 1630 5649 ibidem
1653 5574 1786 5666 per-

271 5715 438 5782 (30W
459 5717 772 5778 Nienburch
789 5724 930 5779 'C-hr.
973 5725 1032 5783 S.

275 5786 422 5853 (508)
456 5788 544 5844 Ita
570 5790 630 5844 L.
665 5793 730 5847 ad
760 5794 892 5850 laetae
919 5814 964 5852 τι

271 5853 420 5937 (ᾷο9)
456 5859 526 5943 bl.
552 5875 657 5919 nec
680 5861 891 5936 deum,
921 5869 1177 5927 Lcibnitio
1205 5881 1441 5928 monenle
1486 5873 1783 5934 inserenda.

1873 3368 2083 3423 batum.
2119 3369 2237 3424 Rex
2267 3373 2553 3434 dominicae
2594 3383 3012 3439 resurrectionis
3054 3383 3195 3440 ‘festa
3231 3387 3284 3441 in
3325 3388 3462 3443 civi-

1875 3471 1986 3516 tate
2019 3463 2267 3534 Aagusta
2301 3472 2543 3539 paschali
2580 3475 2777 3545 gaudio
2817 3477 3116 3534 solenniter
3157 3490 3277 3535 erat
3323 3483 3463 3536 cele-

1862 3552 2150 3609 braturus.
2194 3556 2402 3616 Eodem
2449 3579 2592 3620 anno
2635 3565 2816 3623 {ames
2851 3571 3173 3638 ‘prmvaluit,
3209 3582 3262 3628 et
3293 3573 3464 3629 multa

1875 3643 1992 3698 loca
2044 3647 2297 3706 inccndio
2346 3654 2647 3722 perierunt.
2697 3658 2990 3715 Bolizlawo
3041 3663 3146 3718 dux
3197 3663 3459 3727 Pulonite.

1875 3737 2024 3790 obitu
2064 3736 2304 3798 lieinrici
2341 3744 2685 3815 imperatoris
2714 3751 2926 3821 augusti
2963 3761 3262 3824 comperto,
3287 3754 3463 3812 elatus

1876 3829 2062 3887 animo
2089 3834 2300 3890 viscere
2345 3845 2504 3893 tenus
2540 3841 2807 3910 superbiae
2830 3858 3044 3899 veneno
3092 3845 3460 3914 perfunditur,

1879 3922 2014 3980 adeo
2055 3936 2116 3983 ut
2157 3935 2324 3984 uncto
2361 3930 2527 3985 etiam
2568 3932 2668 3987 sibi
2704 3933 2908 4003 imponi
2955 3951 3213 3994 coronam
3261 3947 3466 3996 temere

1881 4018 1953 4072 sit
1978 4027 2292 4090 usurpatus.
2321 4018 2691 4088 Quam‘a‘nimi
2729 4006 2812 4082 sui
2836 4030 3271 4101 prtesumptionis
3295 4032 3465 4088 auda-

1881 4110 2020 4165 ciam
2053 4112 2233 4168 divina
2268 4123 2392 4170 mox
2431 4118 2719 4174 subsecuta
2751 4129 2828 4176 est
2863 4122 3016 4178 ultio.
3048 4132 3104 4178 tn
3137 4123 3286 4181 brevi
3312 4140 3468 4181 nam-

1881 4213 1987 4271 que
2043 4206 2256 4261 tristem
2313 4210 2505 4265 mortis
2555 4213 2876 4268 sententiam
2935 4216 3246 4287 compulsus
3295 4218 3464 4273 subit.

1868 4292 2012 4348 'Post
2066 4296 2213 4352 hunc
2267 4298 2409 4354 ﬁlius
2465 4299 2582 4369 ejus
2626 4302 2854 4371 Misuka,
2910 4317 3036 4362 natu
3088 4307 3282 4378 major,
3332 4309 3466 4364 haut

1881 4384 2132 4440 dissimili
2183 4391 2436 4459 superbia
2492 4403 2728 4461 tumens,
2755 4396 2904 4452 virus
2943 4401 3272 4470 arrogantia:
3309 4400 3466 4472 longe

1867 4469 2098 4550 ‘lateque
2137 4482 2406 4538 diffundit.
2434 4481 2559 4541 'Rex
2592 4503 2744 4555 vero,
2778 4490 3057 4560 dispositis
3087 4469 3251 4563 apud
3292 4469 3465 4548 Saxo-

1882 4569 2028 4624 niam
2079 4573 2157 4626 rei
2195 4574 2421 4642 publicai
2455 4578 2808 4644 necessariis,
2839 4579 3124 4636 Franciam
3159 4583 3466 4652 ingressus,

1885 4663 2030 4730 apud
2059 4661 2359 4732 Augustam
2385 4681 2534 4720 more
2566 4668 2712 4736 regio
2733 4668 2934 4736 pascha
2964 4669 3278 4734 celebravit.
3301 4683 3468 4742 atque

1885 4767 1993 4806 non
2039 4754 2209 4808 multo
2243 4765 2362 4824 post
2411 4771 2511 4825 pro
2549 4758 2898 4827 adipiscendo
2943 4761 3152 4816 honore
3197 4762 3466 4830 imperiali

1888 4861 1955 4900 ac
1993 4844 2374 4901 Romanorum
2428 4863 2596 4919 regno
2649 4849 2857 4904 Italiam
2901 4851 3096 4914 iturus.
3151 4851 3464 4909 Triburiam

1889 4939 2138 5005 devenit;
2168 4939 2348 5010 ibique
2370 4942 2470 4995 sub
2493 4942 2662 4997 multo
2680 4943 2858 5015 populi
2879 4955 3170 5012 conventu,
3199 4946 3467 5003 ordinatis

1887 5030 2285 5100 sapientissime
2309 5032 2493 5099 rebus,
2525 5034 2631 5089 iter
2656 5035 3004 5102 destinatum,
3033 5053 3139 5092 una
3161 5037 3458 5092 comitante

1888 5121 2456 5193 regina,aggreditur;
2485 5125 2760 5196 ﬁliamque
2783 5128 2996 5182 unicam
3015 5131 3175 5185 unice
3192 5129 3466 5192 dilectam.

1888 5211 2097 5266 dilectae
2133 5227 2197 5267 ac
2219 5214 2484 5284 adoptiva‘
2509 5215 2730 5271 sibimet
2755 5217 2951 5282 sorori,
2984 5218 3294 5275 Adelbeida:
3321 5219 3470 5276 vidc-

1886 5303 2015 5358 licet
2044 5304 2353 5370 abbatissae,
2385 5307 2730 5362 nutriendam
2755 5309 3149 5364 transmittunt.
3174 5309 3292 5364 Mox
3330 5326 3462 5381 quo.

1887 5408 1993 5462 que
2051 5396 2281 5465 probate
2333 5397 2546 5451 domum
2599 5399 2866 5453 Bcatricis
2928 5400 3196 5466 adventu,
3242 5400 3466 5472 pratfata

1890 5486 2187 5554 itnperialis
2225 5487 2496 5542 abbatissa
2529 5489 2749 5544 Trobiki
2779 5491 2926 5562 (3H)
2956 5506 3078 5546 cum
3111 5493 3227 5548 suis
3269 5507 3468 5548 occur-

1889 5596 2037 5646 rcus,
2075 5581 2195 5636 Ireta
2228 5582 2871 5655 Quidelingaburgensem
2903 5589 3242 5658 metropolim
3282 5604 3469 5649 secum

1963 5717 2110 5783 (3l0)
2152 5719 2240 5772 Ita
2274 5721 2334 5772 L.
2364 5725 2540 5775 clerus
2569 5709 2618 5776 ἐ.

1899 5813 1902 5815 λ
1963 5788 2110 5859 (511)
2151 5789 2385 5859 Drubke,
2420 5792 2665 5849 Drubeck
2693 5794 2828 5851 citra
2851 5794 3322 5868 Wernigerodam.
