3944 6384
509 293 616 348 563
1194 361 1199 366 η
1288 289 1544 346 ANNAL.
1588 289 2028 347 lllLDESHElM.
2059 291 2424 360 QUEDLINB.
2465 293 2850 351 WEISSEMB.
3647 292 3733 347 1101

791 399 1113 459 ANNALES
1136 399 1797 458 HlLDESllElMENSES.
2673 407 3027 464 LAMBERTI
3056 403 3389 460 ANNALES.

578 492 738 547 Anno
792 491 1034 561 eiusdem
1079 493 1135 548 4ο
1195 508 1322 566 rege
1373 493 1802 565 gloriosissime.
1859 493 1974 548 ind.
2027 492 2083 548 5.
2266 499 2425 557 1005.
2463 500 2796 555 Bernharius
2843 499 3011 555 abbas
3053 495 3430 555 ﬂerveldensis
3477 496 3622 564 obiit,
3663 498 3732 552 cui

507 581 669 639 1005.
724 597 822 638 rex
876 582 1116 638 natalem
1150 582 1365 638 Domini
1411 583 1736 639 Thornburh
1765 583 2003 650 feriavit,
2033 591 2091 638 et
2193 590 2539 648 actutm-dus
2565 589 2854 647 successit.

508 673 564 726 in
595 670 840 742 partibus
865 670 1118 729 Samnite
1138 687 1310 743 usque
1333 673 1400 727 ad
1427 683 1636 744 tempus
1661 674 2090 744 quadragesimae

507 765 800 834 habitavit,
825 765 1240 838 quadragesima
1265 765 1484 829 Thielze,
1508 765 1711 835 pascha
1755 779 1886 822 vero
1921 767 2248 838 Aquisgrani
2292 767 2607 824 celebravit.
2667 764 3000 822 Bernharins
3071 761 3237 818 abbas
3285 759 3654 817 llerveldcnsis

505 857 686 925 obiit;
753 857 843 914 cui
884 855 1260 922 Godehardus,
1304 855 1637 912 monachicae
1673 855 1818 923 vitae,
1880 857 1966 911 vir
2002 856 2058 913 in
2085 866 2271 914 sancta
2296 857 2706 914 conversatione
2730 855 3162 928 probatissimus,
3195 853 3476 908 successit.

577 969 751 1043 Regni
791 985 923 1028 vero
951 969 1171 1029 Henrici
1206 968 1262 1023 5.
1308 967 1420 1023 ind.
1451 966 1506 1021 4r.
1535 965 1692 1022 1006.
1727 981 1823 1022 rex
1851 966 2087 1022 natalem
2265 971 2420 1028 1006.
2460 970 2812 1034 Guntherns,
2863 967 3060 1023 nobilis
3090 965 3175 1020 vir
3199 965 3264 1021 de
3300 962 3608 1034 Thttringia,
3635 979 3733 1018 mo-

505 1059 722 1117 Domini
757 1059 954 1118 Palithi
985 1060 1138 1132 egit:
1170 1057 1546 1114 celebritatem
1600 1071 1836 1127 namque
1857 1057 2094 1128 pascalis
2191 1064 2402 1120 nachus
2450 1062 2628 1118 factus
2675 1070 2760 1118 est
2807 1059 3138 1123 Ilerveldim;
3188 1057 3281 1112 sed
3338 1064 3526 1126 postea
3573 1055 3633 1109 ad
3663 1056 3737 1108 Αι.

504 1149 1202 1220 sollemnitatisNuvimago
1227 1147 1461 1205 feliciter
1485 1147 2084 1218 tripudiavit.Gunthe-
2194 1155 2318 1210 taha
2379 1153 2667 1222 transivit,
2713 1152 2938 1210 consilio
2993 1148 3287 1209 Gotehardi
3321 1146 3551 1203 abbatis.
3573 1145 3737 1203 Fames

505 1257 605 1300 rus
655 1243 840 1299 divina
885 1243 1086 1314 pietate
1131 1243 1443 1306 instinctus,
1477 1240 1794 1297 renuntians
1826 1239 2009 1296 seculo
2033 1251 2088 1296 et
2193 1247 2393 1304 valida.

503 1333 719 1405 pompis
740 1331 878 1403 ejus,
904 1333 1203 1392 monachus
1227 1341 1310 1389 est
1333 1331 1525 1389 factus.
1543 1330 1736 1390 Fames
1751 1330 1929 1387 valida
1947 1345 2087 1403 pene

502 1423 560 1480 in
589 1425 844 1481 universa
874 1434 1042 1482 terra.

577 1513 851 1589 llenricho
904 1524 1165 1588 regnante
1194 1514 1246 1570 6.
1292 1515 1401 1572 ind.
1436 1515 1487 1569 Κ.
1521 1515 1678 1571 1007.
1719 1530 1810 1572 rex
1844 1515 2082 1572 natalem
2264 1526 2397 1582 1007

501 1601 633 1658 ltem
678 1603 877 1660 Palithi
931 1605 1248 1663 celebravit.
1279 1605 1638 1677 Epiphaniam
1683 1621 1812 1661 vero
1865 1607 2082 1662 Gaude-

499 1691 678 1748 sheim
718 1695 974 1762 venit,et
1001 1695 1255 1752 odibilem
1283 1695 1672 1751 dissensionem
1721 1697 1862 1751 inter
1888 1695 2210 1768 Willigisum
2240 1700 2700 1780 archiepiscopum
2745 1709 2801 1760 et
2839 1702 3230 1758 Bernwardum
3277 1701 3568 1759 antistitem
3595 1701 3654 1758 de

499 1786 690 1842 eadem
719 1787 955 1846 ecclesia
977 1788 1229 1859 prudenti
1281 1787 1496 1859 ingenio
1517 1789 1791 1858 sapienter
1819 1790 2054 1844 diremit.
2085 1789 2325 1846 Domnus
2347 1807 2478 1848 vero
2516 1792 2958 1850 Bernwardusin
3007 1794 3293 1864 praesentia
3332 1794 3477 1864 regis
3500 1802 3552 1848 et
3576 1807 3654 1848 ar-

500 1875 830 1948 chiepiscopi
876 1887 1292 1948 ceterorumque
1321 1877 1472 1948 regni
1507 1879 1806 1947 primorum
1835 1879 2060 1933 eandem
2091 1881 2379 1939 ecclesiam
2407 1885 2695 1954 dedicavit,
2725 1896 2782 1943 et
2806 1900 3024 1943 omnem
3071 1885 3270 1942 ibidem
3299 1883 3651 1957 episcopalem

507 1969 877 2038 provisionem
907 1970 1026 2026 sine
1055 1969 1373 2040 cujusquam
1427 1969 1808 2026 interdictione
1842 1973 2164 2041 potestative
2193 1976 2510 2034 celebravit.

573 2078 744 2151 Regni
779 2091 960 2138 autem
1013 2081 1255 2138 lleinrici
1287 2081 1338 2136 7.
1381 2083 1494 2138 ind.
1535 2089 1590 2138 6.
1626 2084 1777 2141 1003.
1808 2100 1900 2140 ιρι
1934 2094 2089 2140 nata-
2265 2089 2426 2148 1008.
2467 2089 2705 2162 Nothger
2741 2091 3057 2147 Leodiensis
3107 2089 3410 2160 episcopus.
3452 2086 3612 2151 obiit;
3666 2085 3735 2139 cui

500 2170 615 2226 lem.
641 2172 853 2228 Domini
878 2173 1069 2238 Palidi,
1102 2175 1300 2246 pascha
1340 2175 2086 2248 Merseburgh,pentecosten
2194 2181 2506 2240 Baldaricns
2532 2184 2812 2240 successit.
2835 2182 3148 2239 Guntherns
3172 2180 3472 2236 monachus
3495 2179 3737 2233 heremum

501 2275 634 2319 vero
667 2263 965 2336 Agrippine
987 2263 1246 2346 ‘l‘eriavit.
1278 2265 1558 2323 Lindoli‘us
1595 2268 1950 2326 Treverensis
1968 2286 2083 2326 me-
2191 2275 2402 2345 petivit.

501 2355 861 2426 tropolitanus
905 2356 1079 2422 obiit;
1110 2357 1196 2412 cui
1220 2356 1463 2414 Meinzoz
1510 2360 1906 2430 primiscrinins
1945 2361 2088 2432 regis

499 2444 782 2501 successit.
835 2444 1142 2516 Nohtgerus
1189 2449 1498 2519 prepositus
1537 2451 1850 2505 monasterii
1911 2451 2050 2505 beati
2085 2449 2245 2518 Galli,
2293 2451 2641 2510 Leodicensis
2684 2453 2901 2525 prtesnl,
2959 2455 3028 2509 ad
3073 2453 3350 2508 Christum
3395 2449 3654 2522 migravit.

502 2533 633 2591 Post
683 2551 845 2609 quem
898 2538 1210 2596 Baldericus
1239 2539 1674 2611 Radasponensis
1725 2541 2063 2596 vicidommts
2089 2545 2437 2601 subintravit.
2485 2547 2760 2603 Gunterus
2806 2547 3105 2602 monachus
3153 2553 3344 2600 sancta
3376 2556 3652 2599 conversa-

501 2625 652 2684 tione
675 2628 726 2682 in
744 2628 1078 2694 monasterio
1097 2630 1377 2699 probatus,
1395 2631 1657 2685 heremita
1677 2631 2013 2686 esteﬂectns.

574 2717 644 2773 Et
667 2719 902 2774 nondum
933 2720 1235 2790 imperante
1261 2720 1313 2776 8.
1345 2720 1456 2776 iud.
1482 2721 1532 2775 7.
1569 2723 1725 2777 1009.
1775 2739 1868 2777 rex
1898 2721 2093 2776 nativi-
2260 2722 2414 2778 1009.
2460 2722 2699 2779 Ecclesia
2728 2723 2900 2795 major
2922 2720 3238 2792 Mogontize,
3281 2733 3446 2789 qnam
3471 2715 3734 2787 Willigisus

502 2817 675 2864 tatem
715 2809 918 2866 Christi
953 2811 1276 2882 Salzburgh,
1331 2812 1529 2882 pascha
1577 2828 1704 2867 vero
1737 2811 2088 2882 Auguslburg
2195 2825 2597 2882 construxerat,
2650 2815 2872 2871 incensa
2925 2822 3010 2871 est
3053 2813 3179 2884 ipso.
3221 2812 3308 2868 die
3353 2805 3738 2866 consecrationis

499 2899 728 2971 peregit.
749 2898 1042 2956 Retharins
1058 2901 1859 2972 PaderbrunnensisepiscOpus
1876 2901 1930 2956 Ξ.
1947 2900 2056 2955 Non

2195 2925 2326 2969 811$.
3614 2889 3662 2900 -

502 2987 694 3047 Marcii
721 2991 890 3058 obiit;
917 2992 1006 3048 cui
1054 2991 1409 3048 Meinwercus
1458 2994 1603 3062 regis
1632 2992 1945 3063 capellanus
1971 3008 2092 3046 suc-

499 3084 685 3142 cessit.
719 3083 1105 3143 Monasterinm
1135 3101 1348 3158 quoque
1371 3087 1819 3160 Mogonciacense
1841 3085 2227 3156 praetitulatum
2259 3088 2442 3144 divino
2487 3088 2694 3143 honore
2724 3097 2779 3142 et
2803 3085 3051 3156 reliquiis
3072 3084 3214 3140 beati
3238 3081 3458 3138 Martini
3487 3079 3651 3134 futura

504 3177 955 3251 εοηδθεΐᾶιῖοῐιε».
969 3176 1665 3250 COHSU‘uclumaWilligiso
1679 3177 2087 3249 archiepiscopo
2117 3183 2354 3239 maximo
2383 3181 2597 3238 decoris
2625 3179 2823 3245 studio,
2857 3176 3046 3232 5.Kal.
3075 3174 3418 3246 Septembris
3447 3173 3650 3228 misera-

506 3267 602 3323 bili
636 3267 798 3340 periit
821 3269 1089 3325 incendio.

572 3365 730 3420 Anno
760 3364 908 3435 regni
936 3362 1052 3433 ejus
1078 3362 1134 3420 9.
1183 3363 1296 3418 ind.
1328 3363 1377 3419 8.
1411 3363 1564 3418 1010.
1591 3363 1826 3418 natalem
1862 3363 2079 3418 Domini
2266 3362 2424 3418 1010.
2465 3359 2756 3416 Ansl‘ridus
2777 3357 3143 3430 Trajectensis
3169 3356 3460 3429 episcopus
3488 3356 3638 3423 obiit;
3662 3353 3730 3410 cui

502 3471 600 3511 rex
629 3453 828 3521 Palidi,
857 3453 1058 3524 pascha
1107 3451 1416 3508 Badisbone
1451 3453 1767 3508 celebravit.
1797 3451 2092 3508 Ansfridus
2192 3456 2521 3515 Adelboldus
2549 3455 2834 3512 successit.

503 3547 876 3618 Trajectensis
897 3546 1144 3604 ecclesia:
1165 3546 1392 3604 antistes
1412 3546 1548 3602 obiit
1574 3564 1587 3612 ;
1615 3545 1767 3616 cujus
1790 3546 1909 3602 loco
1928 3544 2090 3601 Adel-

385 3669 388 3676 ι
501 3638 695 3723 boldus
719 3638 1004 3697 successit.

575 3752 854 3828 Regnante
889 3769 954 3813 eo
983 3755 1072 3812 10.
1113 3769 1280 3824 anno,
1309 3757 1418 3813 ind.
1441 3757 1494 3814 9.
1530 3759 1687 3814 1011.
1721 3775 1815 3815 rex
1849 3759 2082 3815 natalem
2263 3757 2419 3814 1011.
2456 3753 2758 3822 Willigisus
2791 3749 3076 3822 Mogontia:
3127 3747 3562 3839 archiepiscopus
3595 3742 3725 3839 obiit;

503 3845 717 3902 Domini
750 3848 1170 3905 Frankenavord
1193 3849 1514 3916 celebravit,
1542 3861 1596 3905 et
1624 3851 1674 3904 in
1702 3852 1879 3922 capite
1893 3852 2083 3922 jejunii
2191 3850 2277 3905 cui
2302 3844 2672 3904 Erkenbaldus
2694 3841 3004 3915 [Fuldensis
3024 3840 3192 3896 abbas
3211 3839 3266 3894 4.
3290 3838 3346 3893 5.
3379 3837 3457 3910 6.]
3485 3837 3722 3892 succesnt.

502 3935 792 3994 Corbeiam
814 3941 984 3995 venit.
1009 3941 1086 3996 ibi
1137 3939 1492 3997 Bernbardus
1517 3943 1636 4012 pius
1661 3943 1767 3997 «lux
1800 3942 1853 3997 5.
1882 3943 1957 3998 ld.
1984 3943 2085 3999 Fe-
2191 3938 2476 3996 Abbatiam
2506 3936 2750 3992 Brantho
2772 3933 3032 4005 suscepit.

500 4027 710 4084 brnarii
733 4030 887 4095 obiit,
917 4040 973 4086 ct
1001 4031 1054 4085 in
1085 4030 1365 4103 Luniburg
1390 4033 1618 4088 cenobio
1644 4034 1783 4088 beati
1811 4033 2083 4088 Michahe-

502 4119 572 4174 lis
599 4121 1166 4191 magnoexequiarnm
1191 4121 1407 4192 planctu
1439 4123 1701 4194 sepultus,
1743 4126 1887 4196 quod
1911 4126 2024 4196 ipse
2054 4139 2085 4179 a
2115 4123 2468 4180 fundamento
2511 4122 2910 4181 construxerat,
2953 4122 3010 4170 et
3055 4113 3108 4168 in
3133 4127 3239 4183 qua
3277 4111 3643 4168 monachorum

505 4214 990 4280 congregaeionem
1040 4213 1394 4269 adunaverat.
1426 4213 1555 4271 Post
1584 4232 1746 4287 quem
1791 4233 1921 4274 vero
1949 4217 2089 4274 ﬁlius
2114 4214 2230 4286 ejus
2256 4211 2603 4268 Bernhardus
2629 4208 2775 4280 (554)
2811 4209 3066 4263 ducatum
3095 4205 3352 4261 obtinuit.
3385 4203 3478 4258 His
3503 4201 3643 4254 etiam

504 4301 853 4371 temporibus.
872 4302 1174 4374 Willigisus
1199 4304 1584 4377 Mongontinus
1615 4310 2062 4380 metropolitanus
2091 4307 2159 4362 ad
2196 4303 2472 4361 Christum
2505 4300 2785 4372 migravit;
2810 4299 2866 4352 in
2893 4297 3047 4368 cujus
3076 4297 3258 4352 locum
3292 4291 3643 4349 Erkanbaldus

503 4392 859 4450 Fuldensinm
878 4396 1046 4452 abbas
1065 4396 1585 4468 subintravit,quem
1603 4409 1787 4454 noster
1799 4402 2084 4472 episcopus
2113 4396 2476 4454 Bernvvardus
2505 4393 2623 4447 Kal.
2653 4391 2856 4462 Aprilis
2883 4389 3243 4446 consecravit.

484 4471 486 4473 i
577 4483 817 4541 Heinrici
873 4500 1016 4542 anno
1066 4487 1219 4558 regni
1268 4487 1385 4556 ejus
1411 4490 1498 4543 11.
1541 4489 1653 4543 ind.
1685 4489 1771 4544 10.
1807 4469 1962 4545 1012.
1984 4469 2086 4546 rex
2263 4485 2420 4540 1012.
2465 4482 2704 4538 Ecclesia
2736 4479 2906 4549 major
2927 4479 2982 4534 in
3005 4477 3322 4547 Babenberg
3346 4476 3412 4530 ab
3435 4469 3719 4531 Eberhartlo,

502 4574 845 4632 nativitatem
868 4576 1070 4632 Christi
1093 4576 1441 4650 Thornburg,
1478 4595 1637 4650 pasca
1675 4589 1855 4635 autem
1894 4581 2086 4637 Laodi-
2190 4577 2369 4648 primo
2396 4574 2638 4644 ejusdem
2683 4571 2826 4626 sedis
2855 4571 3135 4639 episcopo,
3183 4575 3494 4622 consecrata
3521 4570 3610 4616 est.
3641 4558 3721 4610 (ἓοο

501 4667 588 4722 cie
609 4663 1102 4739 (555)Acelebravit.
1134 4668 1261 4724 Inde
1309 4685 1435 4724 vero
1462 4686 1584 4725 cum
1643 4686 1856 4726 summa
1891 4673 2088 4744 regalis
2193 4667 2452 4723 tehardus
2500 4663 2772 4718 abbatiatn
2819 4659 3238 4717 Herveldensem
3269 4657 3522 4728 reliquit;
3551 4651 3625 4707 cui
3647 4651 3722 4700 Ar-

500 4759 805 4815 reverentia
830 4759 1150 4834 Babenberg
1184 4775 1509 4832 progressus
1535 4772 1638 4819 est.
1671 4762 1748 4819 lbi
1778 4765 2088 4820 venerabile
2190 4761 2386 4816 noldus
2407 4757 2689 4814 successit.
3691 4751 3694 4754 ’

425 4877 428 4881 λ
501 4853 912 4919 monasterium,
955 4853 1125 4924 ipsius
1159 4854 1342 4910 domni
1395 4856 1536 4926 regis
1566 4855 1744 4910 nobile
1766 4871 1830 4912 ac
1854 4856 2088 4926 speciale

500 4945 764 5010 studium,
781 4945 849 5000 ab
862 4945 1194 5002 Eberhardo.
1210 4945 1385 5015 primo
1399 4942 1639 5013 ejusdem
1656 4947 2084 5017 scdisepiscopo,

424 5093 425 5096 η
500 5051 627 5096 eum
667 5051 938 5096 consensu
990 5045 1046 5093 et
1069 5047 1341 5094 conventu
1389 5038 1631 5093 omnium
1655 5039 2042 5109 Cisalpinorum
2068 5037 2357 5107 praesulnm
2392 5035 2427 5088 ‘2
2472 5031 2608 5087 Non.
2641 5030 2763 5085 Maii
2797 5037 3177 5085 consecratum
3204 5035 3289 5083 est

412 5130 430 5211 ἰ
503 5131 574 5187 ad
597 5131 812 5188 laudem
835 5141 892 5188 et
919 5133 1185 5191 honorem
1215 5133 1429 5190 Domini
1455 5133 1625 5189 nostri
1653 5131 1780 5189 Jesu
1803 5133 2030 5194 Christi.
2062 5140 2117 5189 et
2142 5129 2525 5203 preciosissimi
2563 5127 2822 5200 martyris
2848 5126 2966 5196 ejus
2992 5123 3196 5188 Ceorii,
3234 5131 3289 5176 et

421 5253 432 5268 ι
505 5228 578 5284 ad
602 5229 966 5300 patrocinium
995 5229 1238 5285 omnium
1261 5237 1576 5286 sanctorum
1601 5229 1717 5284 Dei.
1749 5229 1970 5300 Dagano
1997 5226 2524 5297 ParthenOpolitanaa
2559 5223 2710 5278 urbis
2741 5220 3097 5290 archiprtesul
3120 5219 3255 5275 obiit

505 5323 594 5380 cui
615 5322 968 5381 Walthardus
989 5323 1230 5395 ejusdem
1247 5323 1493 5380 ecclesiae
1507 5324 1829 5395 praepositus
1842 5325 2127 5380 successit.
2151 5323 2257 5378 Sed
2280 5331 2336 5376 et
2355 5321 2480 5376 huic
2505 5327 2626 5390 post
2647 5319 2678 5374 7
2711 5327 2920 5373 tantum
2947 5315 3277 5386 epdomadas

506 5417 765 5476 defuncto
814 5409 1080 5478 successit
1129 5420 1292 5487 Gero,
1345 5413 1428 5477 vir
1454 5419 1726 5492 perfectus
1759 5420 1812 5476 in
1838 5420 1987 5477 omni
2031 5419 2415 5476 tecclesiastico
2446 5417 2642 5472 studio.
2675 5411 3274 5481 Godehardus,‘rclicta

509 5514 848 5576 Herleldensi
870 5519 1122 5588 abbacia,
1159 5520 1356 5578 iterum
1381 5521 1644 5576 remeavit
1663 5520 1731 5576 ad
1751 5518 1969 5574 Altaha.

766 5634 1110 5762 gerrabardus
1149 5655 1219 5694 an
1245 5636 1554 5709 :equivocus
1577 5637 1599 5690 ?
1623 5653 1780 5691 manu
1815 5653 1935 5692 sa’c.
1966 5635 2013 5689 Χ
2029 5635 2088 5691 ν,
2123 5636 2307 5690 Benno
2333 5633 2598 5688 scr-{bium
2627 5651 2671 5687 ιι,
2707 5633 2870 5702 infra,

815 5721 880 5763 eo
919 5722 977 5762 ιι.

815 5721 977 5763 conn.
