3952 5346
187 195 273 253 sos
352 166 356 170 Α
510 224 515 228 ο
810 197 897 254 ET
920 200 1748 262 LAMBERTIASCKAFNABU

1845 214 1872 259 ὲ.
1920 204 2102 263 PARS
2126 202 2413 262 ALTERA
2450 203 2772 262 GENUINA.
3302 203 3406 260 506

374 307 692 364 ANNALES
722 309 1377 370 HILDESHEIMENSES.
2212 334 2216 340 ’
2344 314 2690 370 LAMBERTI
2718 312 3053 368 ANNALES.

242 425 511 495 Regnante
540 424 831 482 llcinricho
868 427 958 482 12.
987 443 1148 496 anno,
1192 429 1302 484 ind.
1341 429 1427 485 11.
1458 428 1614 486 1015.
1648 428 1728 483 in—
1908 432 2065 487 1015.

182 515 543 570 caruacionem
580 516 790 570 Domini
824 532 918 573 rex
949 517 1120 574 Palidi
1142 518 1375 575 feriavit.
1412 519 1603 576 Postea
1638 518 1702 574 12

181 608 286 663 Kal.
327 607 486 664 Febr.
528 609 769 678 peccatis
811 610 1095 680 agentibus
1121 611 1418 683 principale
1450 612 1709 682 templum
1739 600 2268 664 Hildineshemensis
2295 598 2540 656 ecclesiae
2561 596 2776 654 diabolo
2798 595 2930 652 insi-

181 704 343 760 diante
383 719 482 775 per
541 713 755 763 noctem
796 707 917 778 igne
946 722 1287 775 succensum,
1313 709 1408 765 sed
1435 708 1550 765 solo
1578 708 1774 763 divina:
1818 701 2185 761 miserationis
2223 698 2477 756 subsidio
2512 695 2797 761 velociter,
2830 694 2940 749 Deo

183 801 373 873 gratias
400 801 414 855 !
446 809 533 858 est
561 803 912 860 exstinctum.
946 805 1051 861 Sed
1074 806 1197 877 hoc,
1229 806 1335 861 ah!
1368 806 1475 861 ah!
1510 805 1664 860 nobis
1687 812 1855 860 restat
1882 801 2197 873 lugendum,
2228 797 2355 868 quia
2387 792 2442 850 in
2472 793 2663 875 eodem
2688 792 2939 847 incendio

184 910 290 950 cum
318 896 726 967 preciosissimo
756 898 1706 973 missaliornamentoinexplicabilis
1730 908 1785 955 et
1812 895 2261 967 inrecuperabilis
2286 893 2443 964 copia
2474 890 2636 962 periit
2655 889 2937 945 librorum.

182 989 241 1045 Et
273 1006 366 1046 rex
408 993 789 1064 purgationem
821 1007 1021 1053 sanctae
1051 996 1232 1054 Maria:
1269 996 1651 1069 Parthenopoli
1676 996 1807 1068 egit.
1836 995 1968 1051 Inde
1994 991 2178 1049 Werla
2214 990 2461 1054 veniens,
2487 986 2640 1059 gravi
2682 986 2941 1056 languore

182 1097 445 1158 correptus
489 1090 915 1160 epdomadarum
945 1092 980 1148 5
1006 1094 1182 1165 spatio
1230 1094 1505 1151 decubuit.
1551 1093 1909 1164 Christyanus
1951 1090 2288 1147 Pataviensis
2330 1087 2615 1158 episcopus
2652 1084 2819 1150 obiit;
2850 1084 2937 1138 cui

179 1181 488 1252 Beringerus
513 1183 633 1255 ejus
656 1185 756 1243 loci
777 1187 1015 1245 decanus
1038 1191 1320 1248 successit.
1343 1190 1712 1248 Godescalcus
1734 1189 2025 1260 presbiter,
2048 1195 2236 1245 nostre
2266 1200 2363 1242 con
2373 1182 2713 1255 gregacionis
2731 1194 2939 1252 pracpo-

181 1278 319 1344 situs,
349 1278 487 1335 obiit
521 1282 607 1336 17.
640 1282 867 1341 Kalend.
892 1286 1143 1358 Augusti.

236 1405 525 1466 Heinrieho
552 1419 815 1483 regnante
838 1412 925 1469 1'5.
952 1428 1117 1480 anno,
1141 1413 1252 1470 ind.
1282 1414 1369 1470 12.
1400 1413 1555 1470 1014.
1582 1421 1733 1469 nata-
1784 1394 1839 1404 υ
1912 1412 2069 1467 1011.
2107 1408 2391 1466 lleinricus
2424 1421 2515 1461 rex
2546 1418 2668 1460 cum
2697 1397 3009 1470 Chnigunda
3034 1394 3217 1466 regina
3248 1392 3422 1462 impe-

178 1497 268 1553 lem
316 1491 531 1555 Domini
577 1516 674 1557 rex
712 1502 877 1574 Papie
904 1503 1221 1561 celebravit.
1250 1505 1384 1561 lude
1414 1503 1731 1560 commitatu
1839 1502 1972 1558 riale
1999 1516 2196 1558 nomen
2224 1497 2481 1567 suscepit.

176 1588 323 1664 regali
367 1591 601 1649 Romam
640 1607 891 1666 pergens,
923 1595 1218 1668 imperialis
1242 1612 1456 1654 corona:
1485 1595 1731 1651 diadema
2252 1678 2259 1680 ξ
2607 1604 2631 1680 _'
2697 1670 2755 1680 __

179 1699 206 1738 a
227 1685 394 1740 sancti
421 1684 576 1741 Petri
622 1687 827 1743 vicario
854 1688 1146 1745 Benedicto
1190 1688 1243 1745 6.
1277 1688 1395 1745 Kal.
1424 1688 1648 1743 Martias
1677 1701 1801 1741 cum
1830 1680 2067 1756 generali
2104 1678 2374 1736 electione
2403 1673 2667 1745 suscepit.
2696 1671 2936 1741 Ejusque

177 1779 479 1838 contectalis
529 1781 727 1838 domna
774 1782 1093 1855 Cunigunda
1150 1785 1294 1841 idem
1330 1784 1443 1841 Deo
1494 1789 1769 1839 annuente
1809 1777 2130 1851 promeruit.
2174 1775 2265 1830 Sic
2307 1774 2609 1842 imperator
2638 1769 2733 1865 Dei
2756 1767 2945 1838 gratias

178 1872 336 1930 lactus
370 1872 600 1947 Papiam
653 1876 830 1934 rediit.
886 1877 964 1934 lbi
999 1889 1246 1935 sanctum
1287 1879 1488 1952 pascha
1520 1877 1756 1934 feriavit.
1787 1876 1916 1932 Inde
1939 1887 2171 1942 namque
2212 1869 2548 1941 regrediens,
2586 1873 2936 1937 pentecosten

178 1968 515 2045 Babenberbg
556 1971 751 2031 festive
804 1977 1037 2047 peregit.
1088 1975 1205 2045 Quo
1234 1986 1361 2033 tunc
1386 1976 1666 2048 privilegia
1713 1974 1859 2048 (556)
1885 1973 2126 2046 ejusdem
2160 1968 2265 2024 loci
2294 1982 2381 2023 res
2407 1964 2745 2068 continentia
2768 1960 2933 2068 jussit

178 2065 475 2136 inscribere,
538 2069 755 2127 ﬁrmata
814 2072 901 2129 vel
950 2074 1126 2146 sigillo
1153 2073 1301 2147 (357)
1327 2088 1424 2130 sue
1455 2072 1820 2138 auctoritatis,
1861 2080 1915 2127 et
1942 2070 2197 2126 roborata
2228 2060 2675 2135 apostolica‘jure
2706 2057 2947 2113 Romani

179 2164 448 2232 pontiﬁcis,
513 2173 575 2221 ut
620 2175 807 2224 essent
865 2167 1081 2225 illorum
1131 2170 1309 2227 hanno
1339 2168 1574 2235 ﬁrmata,
1612 2175 1875 2238 regnante
1895 2165 2115 2222 Christo
2147 2161 2283 2235 Regi
2306 2172 2494 2231 regum
2538 2155 2593 2210 in
2616 2163 2863 2210 elernllm
2884 2160 2943 2204 εκ

181 2258 321 2316 ultra.

215 2378 381 2454 ’Anno
407 2379 564 2452 regni
594 2378 811 2449 ejus“.
834 2383 1121 2456 etimperii
1144 2385 1557 2456 ejus2.ind.15.
1581 2384 1736 2442 1015.
1915 2382 2074 2439 1015.
2114 2379 2413 2450 Imperator
2458 2374 2525 2429 ad
2567 2371 2794 2457 Polcnos
2841 2366 2987 2442 (540)
3026 2377 3147 2423 cum
3177 2357 3439 2441 exercitu

184 2468 452 2540 imperator
481 2474 827 2529 nativitatem
877 2474 1078 2532 Christi
1128 2477 1295 2533 Palidi
1326 2479 1455 2548 egit.
1485 2478 1552 2532 Et
1575 2478 1739 2533 duces
1839 2476 1993 2532 abiit.

183 2557 505 2618 Oudalricum
527 2562 863 2620 Bmmiorum
889 2577 942 2621 et
966 2566 1293 2622 Bolizlavum
1311 2569 1653 2624 Polianorum
1685 2568 1741 2623 in

184 2654 356 2722 pascha
384 2654 673 2727 Mersburg
697 2656 765 2711 ad
794 2671 854 2713 se
879 2667 1135 2714 venturos
1160 2659 1562 2715 determinavit.
1591 2656 1914 2715 Oudalricus
1940 2671 2069 2712 vero
2097 2656 2185 2713 die
2235 2663 2442 2712 statuto
2468 2670 2528 2712 se
2557 2668 2656 2726 pro
2684 2651 2929 2709 criminis

184 2750 427 2805 acccusati
481 2751 798 2807 innocentia
842 2754 1247 2826 expurgandum
1298 2756 1667 2826 praesentavit.
1715 2754 1783 2809 Et
1809 2755 1915 2811 hoc
1945 2753 2073 2823 quia
2098 2751 2405 2807 Bolizlavus
2444 2751 2704 2823 neglexit,
2741 2749 2932 2805 estatis

184 2843 305 2901 illius
330 2854 573 2917 tempore
599 2862 723 2902 cum
746 2848 925 2904 valida
947 2864 1166 2906 suorum
1190 2867 1351 2906 manu
1372 2851 1671 2907 Polianiam
1697 2852 1988 2924 imperator
2016 2851 2257 2905 intravit.
2286 2850 2484 2905 Ernest
2506 2849 2612 2904 dux
2640 2864 2703 2903 ex
2732 2848 2933 2917 impro-

182 2939 282 2996 viso
326 2942 380 2997 in
431 2943 735 3000 venatione’
770 2959 800 2999 a
827 2960 924 3000 suo
980 2945 1149 3002 milite
1200 2946 1546 3003 Adalberhdo
1590 2947 1787 3018 sagitta
1836 2959 2148 3018 percussus,
2209 2943 2508 3000 miserabili
2543 2950 2717 2997 morte
2745 2941 2927 3012 periit.

182 3031 483 3093 Lantbertus
504 3037 785 3109 praaliator
808 3041 1083 3097 occubuit.
1114 3040 1229 3096 lloc
1252 3056 1422 3107 anno,
1448 3040 1698 3097 videlicet
1723 3041 2121 3097 lucaruationis
2148 3040 2360 3096 Domini
2384 3039 2553 3095 nostri
2580 3036 2705 3093 Jesu
2730 3036 2931 3092 ChriSti

184 3130 319 3187 10l5.
342 3132 583 3190 Henrico
610 3134 677 3188 12
708 3134 854 3208 (558)
885 3151 1056 3193 annos
1088 3146 1368 3208 regnante,
1416 3138 1473 3191 2.
1496 3136 1610 3206 jam
1644 3138 1735 3193 Dei
1764 3138 1938 3209 gratia
1966 3138 2287 3208 imperante,
2323 3137 2497 3206 eripta
2527 3133 2701 3221 nostri
2739 3138 2931 3188 mona-

182 3227 313 3281 sterii
339 3228 486 3301 (339)
524 3229 718 3285 indict.
753 3229 839 3285 13.
869 3230 923 3286 5.
956 3231 1075 3288 Kal.
1112 3231 1334 3289 Octobr.
1367 3231 1616 3288 dedicata
1644 3242 1730 3288 est
1757 3248 1789 3287 a
1812 3232 2140 3289 Bernwardo
2163 3231 2404 3300 ejusdem
2440 3231 2684 3287 ecclesia:
2708 3242 2934 3283 venera-

183 3320 365 3379 billimo
407 3323 648 3395 presule,
688 3334 743 3383 et
796 3325 1087 3384 Tidericho
1138 3328 1733 3399 Mimigardivurdensis
1782 3329 2026 3385 ecclesia:
2079 3328 2399 3399 dignissimo
2446 3326 2712 3389 antistite,
2760 3332 2816 3381 et
2856 3325 2932 3379 ab
3026 3354 3031 3359 -

183 3412 468 3475 Ekkihardo
517 3419 913 3479 Slieswicensis
968 3423 1204 3480 civitatis
1240 3425 1534 3480 venerabili
1561 3426 1833 3496 episcopo,
1864 3425 1917 3480 in
1949 3426 2157 3480 honore
2181 3424 2485 3480 Salvatoris
2507 3422 2722 3478 Domini
2756 3423 2926 3477 nostri

178 3506 291 3565 Jesu
329 3512 560 3579 Christi,
609 3522 666 3570 et
717 3515 835 3586 ejus
864 3516 1153 3574 Genitricis
1184 3528 1565 3590 perpetuaeque
1590 3519 1851 3591 Virginis,
1884 3532 1940 3576 et
1977 3524 2043 3576 ad
2077 3521 2355 3591 singulare
2386 3520 2749 3591 patrocinium
2779 3518 2925 3575 beati

183 3603 470 3677 archangeli
507 3606 830 3665 Michahelis
853 3611 1135 3681 tociusque
1163 3613 1377 3668 miliciae
1401 3613 1660 3669 coaleslis.

242 3691 607 3767 Regnante'eo
636 3698 725 3754 15.
774 3710 829 3754 et
878 3702 1176 3771 imperante
1218 3706 1273 3759 ὃ.
1307 3720 1473 3771 anno,
1506 3705 1617 3759 ind.
1651 3705 1737 3760 14.
1921 3710 2077 3767 1016.
2116 3710 2334 3767 Crando
2365 3723 2556 3781 magna
2588 3707 2703 3775 fuit,
2729 3716 2786 3767 et,
2812 3708 2966 3766 mulli
3001 3707 3223 3765 fulmine
3245 3709 3441 3765 exusti,

185 3783 323 3841 1016.
352 3788 654 3860 imperator
696 3789 897 3847 Christi
943 3793 1278 3851 nativitatem
1332 3794 1743 3853 Patherbrunne
1806 3850 1807 3853 η
1843 3811 1985 3859 sunt.
2812 3806 2815 3809 ’
3307 3810 3313 3817 ’

185 3875 478 3935 celebravit.
527 3880 733 3954 Magna:
791 3884 949 3940 molis
991 3887 1197 3957 grando
1243 3890 1410 3955 venit,
1436 3898 1491 3945 et
1526 3889 1741 3960 plurimi

183 3966 387 4028 fulmine
410 3976 594 4032 exusti
617 3977 913 4040 perierunt.
951 3979 1312 4053 Wigmannus
1333 3997 1518 4038 comes
1542 3983 1596 4037 2.
1621 3981 1803 4037 Nonas
1822 3978 2075 4036 Octobris
2100 3976 2183 4035 est
2206 3981 2440 4038 occisus.

244 4082 394 4139 1017.
426 4085 663 4143 ind.15.
701 4093 996 4160 imperator
1040 4094 1275 4147 natalem
1315 4093 1531 4150 Domini
1573 4094 1743 4150 Palidi
1926 4089 2085 4145 1017.
2124 4090 2398 4160 Megingoz
2437 4090 3122 4165 Treverorum‘episcopus
3149 4092 3316 4159 obiit;
3341 4092 3457 4148 cui“

187 4178 297 4249 egit.
325 4180 529 4236 Eodem
574 4198 717 4239 anno
758 4200 971 4242 rursum
1015 4185 1313 4242 Polianiam
1351 4204 1472 4244 cum
1502 4192 1742 4246 exercitu

1886 4187 2035 4252 :oppo
2079 4184 2358 4237 successit.
2418 4184 2719 4252 Imperator
2761 4192 2949 4240 contra
3001 4183 3229 4239 Polenos
3279 4182 3447 4254 (μιν

187 4267 409 4328 intravit.
451 4272 695 4345 Meingoz
745 4276 1094 4332 Treverensis
1138 4276 1426 4348 episcopus
1465 4280 1627 4346 obiit;
1657 4280 1743 4335 cui

1877 4279 2049 4325 terum
2077 4271 2378 4327 exercitum
2401 4273 2574 4327 duxit.
2787 4304 2791 4308 -
2862 4284 2865 4287 ·
3434 4286 3438 4307 ῖ

188 4357 351 4430 Βορῑο
397 4365 684 4421 successit.
739 4366 865 4421 Αῑῑιι
912 4367 1250 4423 Misnicensis
1303 4369 1498 4439 prmsul
1552 4371 1746 4425 obdor-

189 4449 356 4517 mivit;
384 4464 510 4522 post
540 4472 700 4526 quem
745 4456 1086 4517 lliltlivardus
1114 4462 1453 4518 subiutravit.
1490 4462 1771 4521 Liudoll‘us
1811 4469 2078 4539 presbiter
2100 4473 2153 4529 4.
2190 4473 2325 4529 Non.
2368 4475 2531 4543 Aug.,
2566 4476 2923 4533 Godescalcus

190 4547 440 4613 presbiter
463 4560 523 4608 et
547 4552 785 4610 decanns
810 4556 866 4612 9.
897 4556 1015 4612 Kal.
1053 4558 1305 4615 Octobris
1329 4559 1600 4616 obierunt.
2060 4608 2061 4611 η

249 4640 547 4715 Imperante
574 4647 628 4703 5.
657 4649 740 4704 sui
771 4650 981 4721 imperii
1011 4667 1152 4708 anno
1178 4652 1291 4708 ind.
1311 4654 1363 4709 1.
1397 4652 1553 4710 1018.
1582 4653 1753 4724 impe-
1930 4663 2081 4719 1018.

196 4742 325 4792 ratur
366 4739 602 4795 natalem
639 4741 838 4798 Christi
884 4744 1373 4810 Patherbrnnnem,
1413 4746 1615 4816 pascha
1646 4746 1749 4801 Ba-

194 4821 414 4899 benberg
438 4829 570 4899 egit.
602 4829 925 4891 Ilemricbus
952 4835 1199 4891 marchio
1231 4835 1602 4907 Bajoariornm
1633 4837 1916 4896 subitanea
1947 4847 2123 4896 morte
2164 4849 2469 4912 praeventus
2511 4845 2669 4902 obiit.
2697 4844 2776 4901 Eo
2809 4862 2953 4904 anno

197 4915 406 4977 domnus
432 4920 794 4983 Bernwardus
821 4930 1104 5001 episcOpus
1140 4936 1382 5000 tempore
1410 4933 1839 5002 quadragesimae
1868 4933 2092 4992 Coslare
2114 4976 2131 5003 ,
2160 4947 2427 5007 praesente
2468 4939 2799 5013 imperatore
2828 4959 2953 5000 cum

198 5015 450 5088 episcopis
504 5022 804 5095 ceterisque
850 5027 999 5100 regni
1046 5025 1377 5099 primoribus
1423 5029 1611 5086 sinodo
1659 5030 1866 5100 habita,
1908 5032 2324 5104 Godescalcum,
2368 5037 2659 5108 Eggihardi
2708 5041 2957 5106 praesidis

200 5110 374 5182 lilium,
402 5124 456 5173 et
482 5117 836 5189 Gcrdrudam,
866 5123 1141 5199 Egberhdi
1179 5125 1392 5181 comitis
1431 5128 1618 5194 ﬁliam,
1662 5131 1957 5201 separavit.
2005 5127 2231 5190 Maccho
2276 5134 2546 5206 presbiter
2585 5136 2637 5189 6.
2674 5132 2798 5193 Kal.
2840 5136 2964 5195 Maii

200 5205 335 5260 obiit.

200 5208 335 5264 obiit.
