3952 5346
545 196 652 252 567
1378 195 1637 255 ANNAL.
1691 197 2135 258 HILDESHEIM.
2179 196 2542 268 QUEDIJNB.
2571 191 2956 251 WEISSEMB.
3693 188 3780 244 568

718 306 1060 366 ANNALES.
1098 309 1764 367 HELDESHEIMENSES.
2700 300 3055 363 LAMBERTI
3077 297 3451 357 ANNALES.‘

610 421 896 492 lnperante
941 423 1232 480 lleinricho
1257 423 1309 479 6.
1348 423 1432 479 sui
1468 423 1661 493 inperii
1701 438 1881 491 anno,
1913 424 2029 480 ind.
2067 424 2127 480 2.
2298 425 2458 482 1019.
2491 424 2790 493 Imperator
2826 432 3019 490 papam
3046 414 3375 484 ,Babenberg
3415 410 3649 482 suscepit
3696 411 3779 466 Lo-

540 513 702 571 1019.
733 515 1028 585 imperator
1073 515 1312 572 natalem
1360 516 1569 571 Domini
1609 515 1935 586 Werziburg
1979 517 2125 571 celeo
2222 518 2407 590 spitio.

535 603 747 672 bravit;
803 613 991 675 postea
1039 621 1161 661 eum
1217 606 1461 662 exercitu
1509 617 1696 662 contra
1747 607 2121 663 Bernhardum

539 694 732 751 ducem
763 697 831 751 ad
862 697 1145 753 castellum
1194 696 1526 770 Scalcaburg
1568 699 1831 768 perrexit,
1878 699 2089 770 ibique,
2121 698 2233 753 Deo
2261 694 2495 768 gratias!
2523 690 2702 747 omnia
2744 689 2796 744 in
2842 701 2976 760 pace
3016 684 3312 742 constituit.

534 787 616 846 Eo
644 805 786 845 anno
814 791 868 846 in
896 793 1097 862 pascha
1122 806 1319 863 papam
1347 791 1413 848 de
1440 791 1612 848 Roma
1636 793 1947 866 Bavenberg
1977 794 2218 865 hospicio
2237 792 2496 862 suscepit.

604 904 762 960 1020.
802 905 913 961 ind.
944 906 997 962 ὃ.
1030 907 1327 977 imperator
1370 908 1711 964 nativitatem
1748 910 1961 966 Domini
2010 910 2116 966 Ila-
2295 908 2452 965 109.0.
2484 906 2804 964 Heribertus
2824 900 3158 960 Coloniensis
3178 898 3617 969 archiepiscopus
3639 899 3777 963 obiit,

531 994 792 1050 merstein
836 996 965 1067 egit.
1009 996 1362 1053 Heriberhtus
1402 1000 1841 1072 archiepiscopus
1882 1001 2117 1057 Colonfaa
2221 1003 2307 1059 cui
2374 999 2677 1072 Pilegrinus
2744 995 3025 1053 successit.
3082 990 3452 1048 Erkeuhaldus
3518 990 3780 1062 Mogontia:

535 1082 820 1139 mortalem
847 1086 1011 1141 vitam
1044 1087 1130 1141 17.
1164 1087 1278 1142 Kal.
1312 1088 1514 1159 Aprilis
1554 1090 1608 1146 in
1657 1092 1961 1163 angelicam
1995 1109 2096 1147 mu-

2080 1110 2114 1147 ι·
2224 1092 2371 1164 (514)
2399 1090 2836 1161 archiepiscopus
2857 1085 3023 1150 obiit;
3049 1082 3134 1137 cui
3158 1081 3327 1138 Aribo
3351 1081 3641 1137 successit.

531 1171 697 1239 tavit;
730 1174 781 1229 in
808 1173 958 1244 cujus
983 1176 1155 1233 locum
1176 1178 1485 1250 Biligrimus
1514 1182 1856 1236 subintravit.
1889 1182 2114 1238 Erkem-

528 1261 723 1320 baldus
757 1265 1041 1338 Mogontim
1085 1271 1535 1340 metropolitauus
1570 1273 1655 1327 15.
1688 1273 1811 1328 Kal.
1859 1273 2195 1344 Septembris
2242 1269 2577 1333 susmllitur,
2623 1274 2746 1337 post
2782 1278 2942 1335 quem
2986 1261 3177 1327 Ατίὺο,
3227 1257 3313 1311 Vi?

522 1367 726 1415 salicta:
751 1361 995 1418 ecclesia
1031 1367 1469 1436 probatissimus,
1497 1367 1865 1423 substituitur.

584 1469 747 1529 Anno
793 1472 1007 1547 imperii
1043 1475 1283 1535 lleiurici
1332 1477 1386 1535 8.
1419 1478 1533 1535 ind.
1562 1479 1616 1535 4.
1661 1480 1822 1538 1021.
1856 1483 2107 1538 incarna-
2286 1478 2442 1538 1021.
2476 1477 2669 1550 ingens
2697 1485 2855 1530 terra
2882 1482 3063 1528 motus
3089 1469 3266 1528 factus
3291 1476 3378 1526 est
3411 1468 3465 1524 in
3492 1467 3746 1539 Dajoana.

519 1564 733 1622 cionem
791 1568 1005 1626 Domini
1041 1570 1352 1643 imperator
1418 1570 1803 1645 Regenesburg
1865 1574 2102 1630 feriavit.

517 1655 715 1729 Ingens
748 1669 898 1717 terre
929 1670 1109 1719 motus
1142 1662 1198 1719 in
1223 1662 1488 1735 Bajaaria:
1514 1665 1760 1737 partibus
1788 1666 1844 1720 4.
1886 1666 1962 1724 ld.
1992 1665 2143 1735 Maii,
2179 1666 2311 1721 hora
2342 1662 2434 1720 re.
2460 1659 2601 1728 diei,
2631 1657 2765 1715 feria
2800 1655 2852 1711 6.
2887 1662 3010 1725 post
3036 1648 3310 1709 ascensio-

516 1767 647 1810 nem
676 1755 891 1813 Domini
923 1758 1169 1832 contigit.

585 1864 804 1936 Imperii
852 1884 994 1927 anno
1040 1870 1095 1938 9,
1141 1872 1262 1931 ind.
1300 1873 1360 1931 5.
1403 1875 1562 1932 1022.
1605 1877 1841 1933 natalem
1884 1876 2102 1934 Domini
2274 1871 2434 1930 1022.
2462 1869 2611 1943 (345)
2636 1867 2873 1923 Domnus
2908 1859 3267 1918 Bernwardus
3287 1847 3769 1943 Hildenesheimen:

512 1924 813 2025 imperator
854 1924 2104 2034 τιιδὶηὲῦυὲἰζἠἆῐεᾶίῖᾞιὶἶὲῐέἷέὶἱεἰἷίῖἱέιῖὶ
2201 1924 2607 2032 είέὲῖνῖὲεῖρυὲ
2651 1957 2787 2012 obiit
2817 1954 2930 2026 [ιλ
2963 1951 3089 2043 Kal:
3115 1943 3433 2043 Ρθεθιηδτίε
3472 1938 3528 2043 ᾗ·
3548 1924 3770 2043 Ξ·]ὶ,ῗῖ¹

511 2019 958 2116 gardivordensis
1006 2019 1299 2125 episcopus
1327 2056 1411 2110 10.
1433 2019 2099 2126 1120⁷611ἱίοξξῶ
2205 2019 2367 2127 (546).
2388 2019 2774 2107 Gothehardus
2803 2019 2997 2099 Altaha
3042 2038 3213 2097 abbas
3247 2031 3515 2092 successit
3548 2026 3625 2102 [ιο
3646 2019 3772 2078 Νου-

513 2134 809 2207 Sigil‘ridus
834 2139 1385 2215 Parthenopolitanus
1409 2148 1578 2204 abbas
1614 2151 1901 2208 successit.
1934 2151 2100 2207 Thie~
2204 2143 2514 2203 Decembris
2540 2141 2822 2197 ordinatus
2848 2136 2903 2193 1.
2930 2133 3012 2208 6.]

508 2226 695 2284 dricus
737 2229 1034 2289 Mindensis
1065 2235 1266 2312 praesul
1308 2236 1394 2290 11.
1449 2237 1570 2292 Kal.
1618 2238 1775 2294 Mart.
1829 2240 2098 2295 discessit.

506 2315 638 2374 Post
689 2336 850 2391 quem
893 2324 1260 2394 Alberichus,
1289 2325 1529 2396 ejusdem
1578 2328 1679 2385 loci
1729 2331 2070 2402 praepositus,
2106 2339 2189 2388 est
2234 2329 2459 2392 electus,
2508 2326 2600 2381 sed
2630 2330 2805 2379 morte
2847 2322 3152 2392 prteventus
3195 2329 3296 2371 nec

507 2420 973 2476 consecrationem
1020 2424 1252 2495 accepit,
1302 2440 1403 2481 nec
1439 2426 1491 2481 in
1542 2428 2068 2499 cathedrampervet

1731 2429 2157 2499 lrampervenit.
2202 2426 2557 2498 Sigibcrlulus
2604 2437 2734 2477 vero
2783 2420 2834 2474 in
2883 2416 3292 2489 episcbopatum

506 2510 753 2568 intravit.
788 2515 1029 2574 Domnus
1060 2519 1430 2576 Bernvvardus
1458 2521 2070 2580 llildcnesheimeusium
2098 2522 2425 2580 venerabilis
2461 2519 2690 2576 antistes
2721 2514 2804 2573 l2.
2830 2512 2951 2571 Kal.
2981 2507 3293 2571 Decembris

505 2608 574 2660 ad
606 2606 882 2666 Christum
914 2615 1167 2689 migravit
1196 2633 1210 2671 :

1286 2714 1381 2772 Cui
1411 2716 1552 2774 Deus
1586 2720 1757 2775 eterni
1784 2728 2005 2791 praestet
2028 2720 2297 2777 consortia
2328 2733 2513 2790 regn.,

1363 2814 1564 2873 Vivens
1591 2832 1719 2874 arce
1744 2817 1851 2890 poli
1883 2820 1955 2875 sit
1984 2819 2164 2875 socius
2192 2817 2406 2873 Lazari.
2446 2817 2639 2871 Amen.

498 2926 556 2981 ιιι
586 2928 741 2998 cujus
777 2929 905 2987 loco
932 2933 1189 2991 domuum
1216 2935 1627 3005 Godebardum,
1654 2938 2087 2998 Herl‘eldensium
2118 2949 2175 2996 et
2201 2939 2578 2998 Altaheusium
2610 2934 2759 3007 prius
2787 2932 3068 2996 abbatem,
3098 2934 3289 2985 sancta

499 3025 730 3083 ecclesia
754 3026 857 3085 sibi
888 3030 1109 3102 suisque
1140 3033 1350 3090 utiliter
1377 3035 1713 3107 subrogavit.

572 3121 684 3177 Hoc
712 3122 862 3196 (542)
909 3141 1072 3192 atiuo,
1104 3128 1354 3186 videlicet
1386 3131 1719 3201 incorporati
1753 3131 1901 3188 verbi
1952 3132 2109 3189 1022.
2158 3131 2307 3202 regni
2350 3145 2480 3187 vero
2524 3125 2759 3183 lleiuriri
2804 3119 3148 3193 imperatoris
3191 3118 3285 3172 2|.

500 3222 843 3281 ordinatione
869 3236 1049 3281 autem
1077 3228 1263 3285 domui
1301 3230 1618 3286 Bernwardi
1645 3231 1802 3301 hujus
1829 3234 2073 3289 ecclesia:
2099 3233 2332 3304 presulis
2357 3229 2649 3287 venerandi
2688 3227 2777 3284 51.
2808 3223 3113 3280 iudiccione
3141 3218 3195 3275 5.
3227 3220 3283 3273 5.

495 3316 616 3373 Kal.
650 3318 925 3389 Octobris,
971 3325 1130 3395 hujus
1175 3331 1490 3385 monasterii
1537 3332 1836 3386 oratorium
1867 3347 1897 3386 a
1927 3331 2153 3404 praefato
2181 3330 2427 3387 antistite
2469 3342 2589 3383 cum
2618 3340 2832 3382 summo
2865 3319 3078 3379 decoris
3104 3318 3289 3375 studio

495 3412 563 3465 ad
616 3415 906 3473 utilitatem
937 3422 1278 3479 monachicae
1331 3424 1456 3479 vitae
1487 3435 1858 3483 constructum
1905 3427 2053 3483 foras
2097 3442 2281 3483 muros
2311 3420 2849 3481 Hildinesheimeusis
2896 3417 3048 3473 urbis
3095 3415 3284 3480 situm,

494 3510 803 3569 dedicatum
829 3523 935 3581 est,
973 3517 1195 3590 insuper
1224 3534 1346 3576 cum
1369 3522 1517 3577 omni
1540 3523 1836 3580 devoeione
1864 3523 2248 3583 ecclesiastica:
2273 3520 2547 3592 religionis
2575 3524 2973 3578 consecratum,
2999 3513 3053 3568 in
3078 3513 3285 3567 honore

494 3605 797 3663 Salvatoris
819 3608 1031 3667 Domini
1065 3614 1235 3669 nostri
1267 3614 1393 3671 Jesu
1424 3615 1628 3672 Christi
1658 3628 1711 3673 et
1737 3618 1853 3686 ejus
1874 3618 2166 3675 chitricis
2193 3630 2513 3687 semperque
2540 3613 2779 3686 Virginis
2805 3611 3011 3674 Μανία),
3040 3624 3104 3663 ac
3132 3606 3276 3661 salu-

494 3698 638 3756 tiferi
672 3702 803 3771 ligni
851 3706 1140 3763 adoranda:
1183 3718 1238 3762 et
1283 3710 1510 3766 viviﬁca:
1551 3713 1772 3778 crucis,
1823 3722 1894 3785 et_
1927 3714 1995 3768 ad
2041 3713 2275 3785 speciale
2319 3710 2676 3781 patrocinium
2734 3705 2909 3760 sancti
2963 3700 3283 3759 Michahelis

426 3818 435 3827 ι
491 3796 825 3865 archangeli,
861 3800 1136 3871 totiusque
1182 3804 1393 3859 milicia:
1425 3805 1572 3870 caeli,
1615 3816 1671 3861 et
1707 3807 1772 3861 ad
1819 3782 2031 3863 laudem
2064 3806 2435 3863 veneraciouis
2480 3804 2723 3862 omnium
2752 3810 3065 3858 sanctorum
3098 3796 3213 3860 Dei,
3244 3810 3277 3850 a

500 3894 812 3949 venerando
838 3894 1078 3965 ejusdem
1104 3897 1331 3954 ecclesie
1365 3900 1647 3969 provisere
1679 3901 2016 3966 Bernvardo,
2043 3910 2100 3958 et
2138 3901 2207 3956 ab
2234 3900 2535 3957 honorabili
2568 3898 2844 3955 Unewauo
2890 3888 3279 3962 archipraesule

495 3984 956 4055 tlamaburgensis
980 3989 1256 4058 ecclesiae,
1282 3994 1350 4049 ab
1381 3993 1687 4052 Ekkihardo
1715 4012 1929 4069 quoque
1960 3974 2338 4055 Sliesviccensi
2369 3997 2644 4067 episcopo,
2677 3993 2746 4049 ab
2774 3989 3091 4047 Bernbardo
3122 3987 3273 4059 (⁸545)

490 4078 710 4149 quidem
750 4080 1212 4155 Aldenburgensis
1257 4087 1503 4144 ecclesia:
1551 4094 1989 4149 reverentissimo
2018 4094 2264 4149 antistite
2282 4134 2298 4160 ,
2324 4093 2390 4148 ad
2414 4089 2798 4148 ecclesiastica:
2823 4086 2972 4161 pacis
2996 4084 3274 4139 munimen

490 4181 547 4229 et
577 4174 642 4229 ad
673 4176 1087 4237 Christianitatis
1116 4181 1346 4239 salutem
1376 4194 1430 4239 et
1473 4184 1861 4244 defensionem.
1895 4189 1959 4243 Et
1990 4189 2042 4243 in
2074 4197 2282 4260 tantum
2312 4187 2496 4259 predia
2525 4192 2582 4240 et
2608 4199 2698 4238 res
2723 4183 2913 4238 eodem
2961 4179 3078 4234 loco
3105 4177 3273 4249 perti.

491 4270 678 4325 nentia
708 4280 834 4328 sunt
859 4274 1040 4331 banno
1066 4278 1409 4335 auctoritatis
1430 4294 1616 4335 eorum
1647 4282 1904 4348 stabilita,
1929 4292 1987 4337 ut
2010 4284 2054 4339 si
2082 4284 2203 4353 quis
2226 4282 2353 4338 inde
2380 4281 2428 4335 vi
2452 4288 2542 4345 aut
2572 4287 2762 4350 sponte
2789 4276 2965 4344 aliqua
2993 4271 3271 4342 diriperet,

490 4374 750 4441 perpetua
786 4369 1141 4428 damnacione
1169 4372 1496 4444 subjaceret,
1524 4386 1579 4433 et
1607 4389 1866 4450 perpetuo
1896 4381 2244 4435 anathemate
2271 4379 2576 4441 damnatus,
2606 4383 2661 4430 et
2702 4373 2771 4429 de
2801 4382 2946 4427 terra
2974 4367 3271 4426 viventium

492 4459 726 4529 deletus,
766 4464 857 4536 qui
884 4465 1007 4522 huic
1039 4466 1158 4524 loco
1183 4479 1327 4526 esset
1352 4471 1408 4526 in
1438 4472 1620 4544 aliquo
1645 4474 1913 4531 obnoxius
1940 4485 1995 4531 et
2024 4476 2349 4531 contrarius.
2384 4473 2536 4539 Fiat,
2566 4470 2679 4538 fiat,
2710 4468 2823 4525 (lat.

1165 4589 1282 4648 Hoc
1309 4590 1407 4648 ﬁat
1441 4608 1627 4649 verum
1655 4594 1878 4653 Christo
1918 4604 2180 4665 regnante
2216 4609 2313 4665 per
2339 4608 2521 4648 evum.

567 4679 673 4736 Sed
698 4697 823 4736 mox
851 4683 1088 4752 ejusdem
1122 4689 1435 4744 monasterii
1468 4690 1835 4746 habitaculum
1880 4690 2228 4747 commissum
2262 4697 2345 4744 est
2383 4689 2451 4743 ad
2479 4688 2792 4760 ~regendum
2839 4681 3048 4741 abbatis
3085 4679 3264 4737 oﬂicio

486 4777 850 4849 Goderamuo,
890 4784 1101 4841 cenobii
1138 4787 1309 4841 sancti
1340 4787 1687 4845 Pantaleonis
1718 4790 2013 4861 preposito.

1164 4880 1315 4949 Quod
1345 4883 1432 4953 pie
1464 4899 1587 4940 nam
1620 4887 1761 4941 rexit
1783 4887 1888 4942 hoc
1919 4884 2120 4940 mundo
2145 4883 2399 4956 quamdiu
2425 4882 2580 4937 vixit.
