3944 6386
147 328 243 385 569
778 327 864 382 ΕΤ
903 327 1253 385 LAMBEHTI
1292 328 1873 386 ASCIIAFNABUllG.
1922 328 2099 385 PARS
2133 328 2407 383 ALTERA
2443 327 2769 385 GENUINA.
3289 328 3399 384 570

273 436 599 495 ANNALES
631 437 1293 498 "ILDESHEIMENSES.
2356 438 2702 495 LAMBERTI
2737 441 3077 498 ANNALES.

143 553 333 625 l‘tanus
377 551 727 622 archiprzesul
771 553 929 608 obiit.
956 552 1055 609 Cui
1105 552 1442 618 lluni'rithus,
1482 554 1567 608 vir
1618 569 1716 624 per
1823 555 2108 626 episcopus
2164 555 2339 609 factus
2391 564 2476 608 est
2541 552 3033 623 llalberstatensis;
3099 556 3398 614 Riehardus

142 644 309 699 omnia
336 644 404 698 ad
433 659 591 699 usum
627 652 816 701 sancte
842 645 1084 700 ecclesiae
1128 646 1562 716 probatissimos,
1593 660 1717 702 suc-
1824 645 1969 718 (555)
2002 647 2177 702 factus
2199 654 2283 700 est
2312 644 2479 699 abbas
2508 643 2811 699 Fuldcusis.

142 734 312 790 cessit.
334 733 595 790 Arnoll‘us
622 733 1078 791 Halbcrstatensis
1116 735 1403 807 episc0pus
1429 736 1593 803 obiit;
1626 736 1712 791 cui
2760 787 2762 790 ,

144 828 408 896 liranthog
453 825 803 883 Fuldensium
833 826 963 883 olim
1005 827 1172 883 abbas
1218 828 1501 884 successit.
1552 827 1896 883 Bernbardns
1942 824 2089 896 (548)
2139 819 2633 890 llaldenburgensis
2676 820 2904 875 antistes

144 920 471 988 abstollitur;
505 930 628 992 post
654 937 816 994 quem
845 922 1141 980 Reinoldus
1170 923 1526 980 subinfertur.
1555 925 1794 980 Domnus
1837 921 2190 979 Godehardus
2234 920 2407 989 prima
2446 926 2566 988 post
2595 915 2903 971 ordinat-io-

141 1033 253 1072 nem
290 1032 445 1073 suam
474 1019 650 1074 mstati
681 1019 928 1090 pulcrum
970 1022 1359 1078 monasterium
1398 1023 1453 1078 in
1497 1021 1719 1078 australi
1749 1020 1895 1091 (540)
1931 1028 2081 1090 parte
2110 1016 2422 1087 principalis
2448 1023 2644 1070 nostra}
2665 1012 2907 1068 ecclesiae

140 1110 424 1167 honoriﬁce
447 1110 720 1169 fundendo
758 1114 1051 1171 inchoavit.
1084 1116 1452 1175 Wolframnus
1480 1118 1548 1174 de
1585 1117 1776 1174 eadem
1803 1115 2227 1188 congregacione
2254 1112 2461 1167 electus
2489 1111 2687 1165 domno
2729 1108 2906 1164 Code-

139 1204 296 1261 hardo
327 1209 612 1264 successit.
638 1208 918 1268 Liudoll‘us
944 1226 1130 1269 comes
1153 1213 1306 1269 obiit.
1990 1194 1997 1195 ί

203 1318 354 1374 1024.
409 1319 608 1376 ind.7.
647 1320 976 1380 Heinrichus
1020 1326 1317 1395 imperator
1364 1323 1707 1380 nativitatem
1898 1322 2058 1380 1024.
2089 1317 2382 1375 Hcmrrcus
2428 1324 2700 1373 secundus
2742 1331 2832 1371 rex
2882 1315 3173 1384 imperator
3220 1304 3393 1371 obiit;

137 1405 320 1461 Christi
367 1407 709 1480 Babenbcrg,
751 1412 951 1480 pascha
991 1412 1405 1485 Parthenopoli,
1449 1423 1704 1485 penteco-
1812 1414 1898 1472 cui
1927 1411 2190 1470 successit
2208 1408 2546 1466 Cuonradus.

139 1506 246 1551 sten
274 1512 400 1552 vero
425 1497 657 1555 Goslare
693 1501 991 1558 honoriﬁce
1032 1504 1345 1560 celebravit.
1374 1504 1476 1573 Qui
1518 1511 1703 1574 postea

142 1587 310 1642 Gruna
342 1590 516 1656 venit,
549 1600 601 1646 et
633 1592 705 1646 ibi
748 1592 1007 1665 languore
1030 1604 1313 1667 correptus
1352 1596 1605 1651 decubuit
1650 1612 1664 1648 :
1700 1603 1903 1648 etcum
1942 1589 2113 1645 tocius
2141 1583 2291 1656 regni
2322 1595 2555 1643 merere,
2584 1580 2684 1633 ab!
2717 1577 2818 1633 ah!
2844 1576 2896 1632 5.

139 1682 251 1738 ldus
283 1681 408 1739 Julii
441 1684 719 1743 hominem
747 1689 1015 1762 deposuit.
1050 1692 1158 1749 Sed
1183 1692 1254 1747 22
1281 1693 1458 1758 annis,
1501 1689 1817 1762 cpdomadis
1838 1688 1872 1745 5
1903 1696 1959 1745 et
1986 1693 2034 1741 1.
2065 1683 2207 1740 diem
2241 1679 2503 1752 regnavit.
2549 1676 2743 1732 Anima
2785 1671 2901 1743 ejus

141 1782 427 1854 requiescat
457 1784 511 1838 iu
540 1798 697 1854 pace.
2112 1852 2119 1859 .

618 1876 725 1936 Det
752 1878 902 1953 (550)
930 1880 1170 1950 requiem
1200 1879 1400 1941 anime,
1429 1877 1521 1947 qui
1553 1886 1748 1933 cuncta
1776 1877 2042 1948 gubernat
2068 1876 2297 1946 ubique!

200 1976 326 2033 lluic
366 1992 606 2049 namque
631 1976 686 2032 6.
732 1977 857 2035 ldus
904 1976 1240 2047 Septembris
1285 1977 1603 2032 Cuonradus
1633 1992 1856 2047 regnum
1890 1975 2236 2030 subintrarit.
2278 1970 2474 2028 Scnior
2515 1977 2703 2026 noster
2729 1967 2905 2025 Code-

143 2073 329 2132 hardus
377 2085 592 2133 curtem
643 2091 798 2133 suam
839 2077 909 2134 ad
954 2077 1274 2135 orientalem
1304 2088 1514 2151 partem
1560 2087 1746 2134 nostre
1783 2076 2045 2143 civitatis,
2091 2076 2144 2132 in
2186 2074 2305 2131 loco
2349 2071 2443 2145 qui
2493 2071 2692 2129 dicitur
2735 2068 2897 2127 Sulza

139 2170 420 2230 fabricavit.

201 2286 346 2343 1023.
398 2287 517 2344 ind.
578 2286 631 2344 8.
669 2286 988 2345 Cuonradus
1057 2303 1151 2344 rex
1212 2287 1445 2344 natalem
1498 2287 1704 2345 Christi

485 2288 517 2344 Ι.
578 2286 631 2344 8.
669 2286 988 2345 Cuonradus
1057 2303 1151 2344 rex
1212 2287 1445 2344 natalem
1498 2287 1704 2345 Christi
1889 2286 2042 2344 1025.

141 2376 298 2434 Mindo
345 2394 468 2436 cum
522 2379 728 2452 ingenti
784 2380 954 2451 gloria
1001 2388 1057 2436 et
1108 2380 1287 2436 leticia
1337 2382 1565 2453 peregit.
1626 2379 1705 2435 lbi

142 2471 283 2525 etiam
307 2471 592 2542 plurimos,
618 2473 710 2542 qui
744 2473 1002 2543 prmdicte
1032 2473 1151 2544 ejus
1178 2474 1425 2529 electioni
1469 2489 1574 2529 non
1624 2474 1951 2535 intererant,
1989 2470 2176 2525 obvios
2205 2466 2414 2533 habuit,
2442 2469 2753 2536 Tomnesqne
2797 2463 2901 2518 sibi

143 2564 344 2623 devotos
388 2567 440 2622 in
486 2569 719 2639 gratiam
764 2568 989 2638 recepit.
1040 2568 1246 2624 Pascha
1288 2583 1421 2625 vero
1473 2568 1857 2640 Regenesburb
1908 2566 2217 2622 celebravit.
2264 2564 2507 2620 Dotnnus
2546 2558 2903 2618 Godehardus

143 2670 353 2718 montem
389 2664 689 2734 spetiosum
719 2664 771 2718 in
819 2664 1141 2721 occidentali
1179 2673 1333 2734 parte
1363 2665 1600 2720 civitatis
1630 2674 1815 2720 nostre
1845 2662 2081 2719 incolere
2122 2660 2286 2731 cepit,
2314 2674 2473 2730 quem
2522 2664 2709 2729 postea
2744 2653 2894 2710 titulc

143 2771 198 2814 ac
219 2759 410 2816 nomini
441 2759 620 2817 sancti
645 2761 888 2818 Mauricii
918 2762 1112 2818 summi
1142 2763 1226 2819 sui
1252 2763 1465 2833 patroni
1497 2761 1786 2819 dedicavit.

200 2871 325 2930 1026
344 2874 519 2948 (351).
550 2875 660 2932 ind.
684 2876 737 2932 9.
761 2876 1080 2935 Cuonradus
1110 2895 1204 2935 rex
1229 2880 1467 2937 natalem
1489 2880 1693 2938 Christi

492 2899 519 2927 ι.
550 2875 660 2932 ind.
684 2876 737 2932 9.
761 2876 1080 2935 Cuonradus
1110 2895 1204 2935 rex
1229 2880 1467 2937 natalem
1489 2880 1693 2938 Christi
1887 2876 2049 2937 1026.

142 2964 387 3040 Lindburg
408 2966 701 3025 celebriter
723 2966 957 3024 feriavit.
984 2968 1129 3027 Wolf
1129 2987 1364 3027 rannnus
1386 2973 1698 3028 Altahensis

144 3040 288 3119 abbas
309 3062 458 3121 obiit.
493 3061 661 3135 Cujus
701 3062 753 3116 in
792 3061 967 3118 locum
995 3063 1332 3119 ltatrnundus
1362 3076 1446 3120 est
1471 3066 1695 3131 electus,
1722 3075 1776 3123 et
1806 3067 1896 3123 Dei
1928 3068 2096 3138 gratia
2134 3073 2504 3121 consecratus.
2538 3064 2697 3119 Pater
2721 3060 2901 3118 Gede-

143 3155 320 3216 hardus
360 3160 460 3218 hoc
508 3175 654 3216 anno
697 3160 1014 3231 praedictum
1063 3174 1262 3215 novum
1310 3169 1553 3217 nostrum
1603 3164 1991 3218 monasterimn
2040 3164 2092 3218 in
2138 3161 2459 3218 occidentali
2510 3168 2663 3231 parte
2705 3165 2903 3212 ausim

143 3251 427 3325 principalis
451 3254 700 3311 ecclesiae
730 3255 814 3309 17.
862 3254 981 3309 Kal.
1030 3253 1366 3325 Septembris
1414 3257 1467 3311 in
1513 3257 1720 3313 honore
1763 3258 2048 3328 passionis,
2082 3256 2530 3321 resurrectionis,
2568 3252 2907 3309 ascensionis

144 3344 318 3405 Christi
345 3352 689 3410 sollemniter
711 3353 1070 3409 consecravit.
1100 3351 1442 3410 Ekkibardus
1473 3353 1850 3411 Stiesvicensis
1878 3355 2165 3426 episcopus
2193 3353 2347 3410 obiit.
2382 3353 2481 3409 Cui
2517 3349 2802 3416 Rodull'us,
2836 3350 2904 3405 de

145 3443 419 3508 Coloniensi
447 3451 604 3508 clero
632 3449 857 3519 electus,
898 3453 1180 3509 successit.

201 3563 345 3620 1027.
374 3565 489 3622 ind.
523 3566 609 3621 10.
641 3567 960 3624 Cuonradus
1008 3583 1101 3625 rex
1157 3569 1209 3624 in
1257 3569 1463 3639 pascha
1519 3569 1702 3625 Romae
1885 3568 2042 3625 1027.
2074 3567 2392 3624 Cuonradus
2430 3582 2523 3624 rex
2557 3566 2852 3638 imperator
2888 3565 3063 3623 factus
3089 3576 3172 3623 cst
3214 3566 3265 3623 in
3297 3585 3401 3635 gae

146 3651 406 3725 imperator
450 3657 633 3715 factus
677 3669 781 3716 est.
825 3660 891 3716 Et
940 3660 1080 3717 filius
1119 3660 1236 3730 ejus
1285 3660 1571 3735 ileinrieus
1608 3676 1701 3715 rex
1811 3663 1961 3719 sella.
2011 3660 2386 3727 chehardus,
2423 3660 2595 3716 frater
2639 3659 3001 3731 imperatoris,
3051 3671 3269 3717 coactus
3313 3668 3395 3716 est

144 3745 235 3799 dux
261 3746 475 3816 Bajaria:
506 3764 627 3806 esse
667 3755 831 3822 cepit.
873 3751 1108 3808 Sinodus
1133 3754 1397 3824 generalis
1444 3753 1495 3807 in
1528 3752 1703 3806 Fran-
1810 3770 1878 3810 ex
1911 3753 2047 3810 laico
2075 3753 2305 3809 clericus
2331 3751 2446 3807 ﬁeri

145 3843 409 3898 conovurdi
448 3844 831 3914 episcoporum
859 3844 949 3899 22.
984 3855 1252 3916 praesente
1284 3846 1572 3902 Cuonrado
1604 3845 1709 3898 im-

144 3940 386 4000 peratore,
413 3935 601 4007 inqua
637 3935 873 3993 domnus
891 3937 1241 3994 Godeltardus
1285 3938 1539 3993 diocesim
1594 3951 1749 3992 suam
1794 3950 1955 4008 super
1999 3935 2504 3993 Gandcshemensse
2564 3934 2896 3991 territorium

150 4029 382 4085 canonice
410 4031 657 4097 retinuit,
693 4033 1000 4089 testimonio
1029 4032 1063 4088 7
1087 4034 1464 4105 episcoporum
1483 4073 1501 4098 ,
1530 4031 1798 4088 Brunonis
1834 4032 2224 4103 Augustcnsis,
2253 4029 2551 4087 Eberhardi
2593 4030 2901 4089 Baveubcr-o

150 4125 325 4190 gensis,
374 4126 715 4198 Megiuwreci
762 4129 1268 4195 Paterbrunnensis,
1319 4130 1655 4202 Meginhardi
1686 4130 2178 4200 Werziburgensis,
2227 4127 2542 4185 llildiwardi
2587 4128 2900 4195 Citieensis,

146 4209 406 4290 Sigibertbi
437 4227 753 4293 Mindensis,
797 4230 1064 4285 Brunonis
1106 4230 1576 4301 Mersiburgensis.
1608 4228 1665 4283 lu
1692 4229 1796 4284 hac
1827 4228 2018 4284 sinodo
2062 4225 2412 4284 Gebeliardus
2445 4224 2682 4294 juvenis,
2729 4227 2897 4291 frater

146 4312 477 4389 imperatoris,
507 4337 658 4377 arma
688 4323 980 4394 conpulsus
1020 4324 1286 4397 deposuit,
1320 4334 1375 4382 et
1404 4323 1711 4381 clericalem
1740 4333 2018 4381 tonsuram
2049 4324 2277 4395 accepit.
2309 4321 2597 4395 \Viggerus
2616 4324 2896 4394 presbiter.

146 4422 318 4470 nostra:
340 4418 774 4490 congregationis
795 4419 952 4478 obiit.

205 4524 346 4584 1028.
388 4530 500 4586 ind.
532 4532 618 4586 11.
662 4531 962 4602 Imperator
1010 4531 1442 4588 incarnationem
1486 4531 1699 4587 Domini
1880 4533 2037 4589 1028.
2096 4532 2424 4596 Heinricus,
2465 4535 2807 4606 imperatoris
2853 4541 3015 4610 (ilius,
3071 4560 3163 4599 rex
3215 4544 3395 4608 factu:

146 4608 500 4691 Regencsburg
543 4619 861 4677 celebravit.
893 4621 1232 4699 Mogontinus
1262 4621 1704 4692 archiepiscopus
1805 4633 1890 4681 est
1916 4624 2243 4695 Aquisgraui
2283 4640 2378 4694 per
2426 4625 2754 4699 Pilegriuum
2801 4608 3176 4691 Coloniensem
3212 4637 3389 4697 archi.

146 4702 289 4763 Aribo
332 4710 382 4763 iu
424 4711 704 4777 Geizlethe
739 4712 889 4784 (552)
939 4713 1184 4768 sinodum
1231 4711 1537 4784 generalem
1579 4727 1701 4767 cum
1803 4715 2134 4787 episcopum.

146 4794 242 4852 suis
290 4799 639 4874 sutl'ragancis
692 4805 962 4876 episcopis
1014 4804 1240 4868 habuit,
1293 4803 1347 4858 in
1395 4818 1501 4870 qua
1560 4803 1702 4858 inter

147 4894 299 4942 cetera
325 4894 691 4951 ecclesiastica
735 4896 952 4967 quidam
987 4897 1147 4952 homo
1177 4898 1441 4967 ingenuus
1467 4896 1532 4952 de
1577 4895 1870 4950 homicidio
1895 4892 2151 4965 Sigctridi
2192 4894 2409 4949 comitis
2439 4904 2736 4961 incusatus,
2767 4911 2897 4952 can-

147 4978 270 5037 denti
316 5001 372 5041 se
420 4988 562 5044 ferro
610 4992 958 5062 expurgavit,
1010 4992 1101 5061 qui
1151 5008 1216 5047 ex
1259 4992 1479 5047 decreto
1524 4990 1767 5063 synodali
1821 4999 1944 5061 post
1991 4991 2124 5045 duas
2175 4998 2361 5047 noctes
2403 4990 2685 5060 probatus,
2713 4992 2894 5049 illesus

150 5082 387 5146 apparuit.
433 5084 659 5152 Misako,
710 5086 803 5156 qui
847 5087 961 5158 jam
1005 5104 1101 5158 per
1150 5089 1355 5159 aliquot
1398 5104 1569 5144 annos
1616 5103 1839 5160 regnum
1891 5087 2204 5144 Sclavorum
2241 5087 2522 5159 lyrannice
2553 5087 2654 5142 si-bi
2701 5096 2892 5143 contra

149 5169 452 5245 ilnperialem
482 5182 781 5255 usurpabat
808 5186 1166 5255 majestatem,
1203 5188 1498 5243 orientales
1534 5196 1715 5257 partes
1761 5184 2011 5242 Samnite
2040 5200 2162 5241 eum
2193 5184 2370 5239 valido
2401 5199 2619 5240 suorum
2650 5185 2889 5242 exercitu

151 5267 382 5331 violenter
403 5279 620 5348 invasit,
664 5288 721 5337 et
764 5279 1031 5336 incendiis
1060 5300 1122 5339 ac
1165 5284 1654 5353 deprmdationibns
1680 5284 1936 5354 peractis,
1969 5283 2119 5339 viros
2153 5296 2399 5354 quosque
2439 5282 2749 5346 trucidavit,
2781 5297 2904 5338 mu-

149 5362 287 5425 lieres
331 5372 587 5443 plurimas
631 5379 957 5448 captivavit,
1003 5379 1348 5449 parvulorum
1397 5379 1843 5436 innumerabilem
1889 5393 2113 5449 prorsus
2160 5376 2556 5433 multitudinem
2600 5373 2895 5431 miserabili

209 5516 344 5598 (Ξςξ)
369 5523 621 5598 Dennone
648 5547 717 5584 m.
748 5549 849 5587 sec.
884 5532 932 5587 Χ
951 5531 1012 5588 ν.

1874 5528 2022 5598 (552)
2046 5528 2329 5583 (ἱείειειιθη
2361 5527 2431 5598 in,
2455 5535 2597 5581 terra
2624 5525 2915 5598 Eiehsfeld.

371 5595 654 5670 9::Aztzgzali
687 5585 1018 5658 {.rorienlalvi
1056 5620 1127 5657 ιη.
1154 5621 1198 5658 s.
1235 5599 1358 5659 XV.

2056 5599 2118 5651 lt.
2156 5598 2194 5652 t‘.
2231 5613 2298 5670 ειη
2322 5613 2377 5670 a.
2413 5597 2631 5670 hanno
2671 5596 2808 5653 1021
2840 5597 3211 5655 adscribuntur
3238 5597 3294 5655 in
3323 5597 3378 5661 5.

214 5657 344 5728 (ἕδη)
376 5665 478 5723 Ded
504 5685 640 5724 corr.
673 5671 771 5725 Det
796 5686 845 5724 c.
1060 5725 1067 5728 ,
1160 5657 1163 5658 ⁷
1349 5657 1353 5659 ν
1804 5688 1849 5726 r.
1878 5657 1928 5723 Τ.
1972 5657 2022 5723 a'.
2066 5664 2325 5723 successit
2352 5667 2388 5721 2
2446 5669 2498 5720 6.

214 5726 342 5798 (551)
377 5735 505 5807 Ιζῄις
527 5739 634 5797 alia
661 5757 866 5796 manus.
