3952 5346
588 316 688 376 571
936 387 945 391 ν
1358 385 1367 394 ,
1425 326 1697 385 iANNAL.
1735 331 2168 393 HILDESllEiM.
2198 339 2560 408 QUEDLINB.
2595 349 2974 410 WEISSEMB.
3729 363 3820 420 573

758 435 1080 496 AN‘NALES
1105 439 1765 505 llll.DESllEl.\lENSES.

2698 454 2701 455 ί
2833 469 3185 527 LAMBERTI
3216 472 3553 529 ANNALES.

588 546 938 622 inauditaque
966 555 1386 615 mortiﬁcatione
1415 565 1740 631 cruentavit,
1769 576 1823 621 et
1864 584 1960 639 per
1988 574 2338 643 semetipsum
2380 595 2637 652 suosque,
2670 586 2833 641 immo
2862 587 3062 644 diaboli
3089 590 3370 657 satellites,

586 645 809 702 nimiam
836 651 1174 709 crudelitatis
1203 656 1449 712 sevitiam
1481 658 1533 713 in
1575 660 2010 720 Christianorum
2038 668 2237 726 ﬁnibus
2260 672 2370 730 Deo
2402 675 2724 747 inspiciente
2754 684 3017 738 exercuit.

657 760 814 819 1029.
848 764 959 820 ind.
999 767 1416 839 12.1mperator
1442 774 1674 830 natalem
1704 776 1901 834 Christi
1951 781 2161 850 lngleu-
2337 789 2496 846 1029.
2546 791 2728 849 Bruno
2780 795 3137 866 Augustensis
3186 797 3474 870 episcopus
3523 804 3690 869 obiit,
3743 808 3817 862 cui

586 851 729 907 heim
760 856 986 927 peregit.
1027 856 1171 914 Brun
1204 863 1459 933 Augusta:
1501 865 1758 934 civitatis,
1795 869 1962 925 frater
1996 871 2160 927 llein-
2262 878 2411 948 Eppo
2459 883 2739 939 successit.
2797 851 3137 943 wernherus
3187 851 3495 961 Limina
3558 851 3820 965 episcopus

583 942 684 998 riei
718 944 1084 1016 imperatoris,
1127 952 1282 1007 obiit.
1312 952 1409 1009 Cui
1452 955 1601 1025 Eppo
1642 959 1821 1031 regius
1851 963 2187 1032 capellauus.
2262 942 2418 1038 obiit,
2446 971 2533 1026 cui
2563 971 2926 1034 Willilielmus
2945 942 3227 1035 successit.

582 1040 866 1096 successit.
914 1041 1195 1101 Generalis
1229 1046 1453 1104 sinodus
1485 1048 1539 1104 in
1586 1049 1784 1108 Palitlii
1838 1057 2160 1125 praesidente

581 1128 910 1202 imperatore
945 1151 1065 1190 cum
1096 1137 1365 1209 episcopis
1396 1140 1484 1207 11,
1515 1141 1569 1198 in
1597 1159 1702 1214 qua
1730 1146 1922 1202 iterum
1952 1147 2290 1220 Mogontinus
2314 1150 2677 1226 archiprazsul.
2702 1152 2957 1210 domuum
2984 1155 3364 1213 Godehardum

579 1240 747 1297 super
795 1229 1159 1290 Gandesheim
1205 1235 1513 1306 inquietare
1561 1240 1723 1311 cepit.
1770 1243 2127 1305 “erinherus
2173 1247 2483 1316 Argentinae
2527 1248 2723 1319 praesul
2759 1264 2789 1305 e
2833 1251 3032 1306 mundo
3076 1252 3359 1322 migravit;

583 1333 708 1394 post
735 1341 894 1396 quem
919 1326 1308 1389 Willehzelmus
1348 1334 1548 1408 reginae
1579 1337 2043 1408 arcliicapellanus
2076 1339 2421 1397 subintravit.
2462 1341 2648 1413 Legati
2680 1342 3036 1401 Liutiziorum
3079 1344 3273 1401 Palithi
3301 1348 3369 1402 ad

579 1421 959 1492 imperatorem
1005 1428 1309 1496 venientes,
1354 1430 1472 1502 ejus
1516 1431 1773 1502 juvamen
1819 1445 2008 1491 contra
2051 1436 2384 1494 Misakonem
2433 1438 2704 1496 tirannum
2747 1441 3052 1512 petierunt,
3099 1457 3263 1513 seque
3305 1445 3354 1498 ei

578 1518 811 1576 ﬁdeliter
835 1524 1138 1582 servituros
1167 1528 1554 1599 promiserunt.
1578 1531 1645 1586 Et
1675 1533 1900 1589 mentita
1927 1544 2014 1591 est
2039 1535 2294 1606 iniquitas
2317 1537 2443 1593 sibi.

643 1641 802 1697 1050.
833 1641 945 1699 ind.
973 1644 1059 1699 i3.
1085 1644 1403 1705 Cuonradus
1432 1650 1729 1721 imperator
1757 1668 1879 1709 cum
1911 1655 2151 1710 exercitu
2331 1656 2494 1714 1050.
2526 1657 2845 1715 Cuonradus
2870 1658 3169 1730 imperator
3203 1657 3493 1729 Ungariam
3530 1675 3650 1714 cum
3678 1674 3821 1715 excr-

571 1728 675 1785 fuit
717 1730 774 1786 in
826 1731 1084 1805 Ungaria.
1134 1738 1509 1797 Goderamnus
1549 1744 1757 1814 primus
1804 1744 2156 1802 llildeneshe-
2260 1749 2369 1842 citu
2396 1751 2639 1807 intravit.

571 1821 839 1876 mensium
863 1824 1029 1881 abbas
1061 1826 1117 1880 ἓ.
1152 1827 1267 1883 Kal.
1296 1828 1420 1887 Julii
1453 1832 1611 1899 obiit,
1639 1835 1725 1890 cui
1760 1835 2156 1893 ASdelberhdus

570 1910 944 1985 llerocampiae
975 1918 1123 1991 (554)
1152 1922 1353 1977 montis
1387 1926 1559 1980 sancti
1588 1926 1849 1985 Johannis
1872 1928 2127 2001 Baptistae
2156 1929 2497 2001 praepositus,
2523 1929 2667 1999 juste
2689 1930 3121 1987 conversationis
3166 1944 3353 1985 mona-

569 2006 724 2073 chus,
753 2012 1046 2079 successit;
1075 2022 1132 2070 et
1177 2016 1228 2070 in
1256 2018 1520 2086 proximis
1546 2021 1599 2077 8.
1627 2021 1852 2080 Kalend.
1878 2024 2124 2081 Januarii
2150 2035 2502 2083 consecratus
2543 2036 2629 2083 est
2655 2043 2685 2081 a
2714 2028 2912 2084 domno
2937 2026 3259 2084 Godehardo
3282 2027 3351 2081 ad

568 2101 871 2175 principale
899 2106 1070 2164 altare
1114 2119 1321 2168 sancta
1361 2112 1909 2175 Hildinesbeimensis
1938 2120 2199 2178 ecclesire.
2230 2120 2345 2178 Hoc
2387 2136 2531 2178 anno
2576 2123 2807 2178 domnus
2846 2121 3199 2178 Godeliardus
3239 2119 3351 2190 cpi-

567 2209 766 2268 scapus
803 2208 858 2255 et
882 2200 1051 2260 Aribo
1084 2208 1530 2279 metropolitanus
1560 2211 1843 2283 Mogontia:
1875 2216 2017 2271 inter
2062 2231 2121 2273 se
2154 2216 2386 2273 invicem
2434 2232 2595 2288 super
2632 2218 2973 2275 Gandeshem
3016 2215 3350 2274 reconciliati

564 2304 714 2350 sunt.
742 2295 881 2354 Nam
908 2298 1023 2370 ipse
1046 2304 1495 2374 metropolitanus
1520 2317 1731 2377 patrem
1762 2309 2143 2368 Godehardum
2184 2324 2399 2370 secreto
2437 2314 2714 2381 convenit,
2746 2329 2912 2385 seque
2957 2327 3121 2383 super
3162 2312 3350 2368 eadem

565 2395 858 2463 parrochia
895 2411 1116 2455 errasse
1160 2402 1470 2459 conﬁtendo
1512 2406 1803 2474 nuntiavit,
1850 2416 1906 2463 et
1943 2423 2161 2464 omnem
2207 2409 2504 2465 fraternam
2560 2407 3022 2472 satisfactionem,
3051 2407 3145 2463 sed
3186 2414 3240 2462 et
3283 2406 3351 2462 de

566 2490 840 2558 praeterita
871 2491 966 2549 lite
992 2503 1309 2566 perpetuam
1357 2499 1784 2558 taciturnitatem
1816 2504 1919 2560 sub
1962 2520 2090 2561 vero
2132 2504 2335 2560 Christi
2365 2514 2419 2562 et
2449 2505 2693 2562 ecclesiae
2724 2504 3032 2562 testimonio
3065 2502 3345 2575 promisit;

565 2584 669 2641 sibi
700 2587 882 2656 priora
910 2600 1091 2648 errata
1122 2606 1220 2663 per
1241 2591 1409 2650 Deum
1442 2597 1645 2654 remitti
1670 2598 1989 2671 suppliciter
2012 2600 2187 2671 petiit.
2219 2599 2367 2655 Istud
2409 2615 2541 2671 ergo
2575 2600 2663 2657 hic
2710 2600 2830 2655 ideo
2869 2598 3138 2654 veraciter
3162 2597 3352 2652 inscri-

567 2677 734 2747 bitur,
762 2683 889 2752 quia
920 2685 1038 2755 ipso
1067 2687 1288 2744 domino
1315 2689 1641 2748 Godehardo
1665 2695 1849 2765 sepius
1874 2694 2013 2750 idem
2044 2696 2097 2751 in
2133 2711 2230 2770 suo
2259 2710 2512 2752 sermone
2540 2694 2755 2765 publice
2788 2701 3125 2764 protestante
3163 2707 3350 2748 verum

567 2787 691 2829 esse
719 2780 1119 2849 comprobatur.
1148 2783 1459 2842 Unewanus
1486 2786 2003 2862 Hammaburgensis
2047 2792 2486 2862 archiepiscopus
2525 2792 2696 2857 obiit;
2744 2791 2831 2846 cui
2865 2806 2995 2846 suus
3034 2790 3351 2861 praepositus

567 2871 786 2931 Liehizo
811 2881 1097 2936 successit.
1121 2880 1447 2940 Ecclesiam
1476 2887 1638 2942 etiam
1670 2889 1951 2959 pulchram
1977 2890 2032 2944 in
2058 2889 2368 2947 lloltbunon
2397 2889 2545 2963 (355)
2573 2890 2626 2946 in
2655 2890 2861 2945 honore
2885 2889 3059 2946 sancti
3083 2887 3341 2944 Benedict

571 2972 807 3042 abbatis,
849 2978 1149 3041 monachis:
1190 2985 1585 3041 conversationi
1627 2995 1831 3057 aptam,
1873 2987 2137 3043 fundavit.

634 3091 793 3148 1031.
826 3094 937 3150 ind.
963 3096 1050 3151 14.
1078 3098 1398 3159 Cuonradus
1436 3104 1734 3172 imperator
1768 3106 2005 3161 natalem
2038 3107 2143 3161 Do-
2313 3108 2485 3176 1051.
2514 3106 2786 3162 Arnoldus
2809 3104 3091 3204 abbatiam
3123 3102 3543 3204 llerveldensem
3578 3098 3808 3170 perdidi"

564 3184 697 3238 mini
728 3184 1175 3246 Patherbrunnen
1219 3201 1276 3246 et
1316 3196 1519 3263 pascha
1568 3194 1867 3266 Nuvimago
1909 3197 2147 3251 feriavit.
2256 3198 2344 3253 cui
2379 3197 2555 3253 Bardo
2587 3195 2868 3251 successit.
2921 3193 3026 3248 Sed
3073 3193 3119 3247 is
3160 3201 3282 3263 post
3326 3192 3809 3294 dim-itl‘imn-annum

564 3274 768 3332 Eodem
810 3294 954 3335 anno
1001 3281 1348 3352 imperatoris
1396 3286 1540 3342 ﬁlius
1589 3287 1913 3343 Heinriclius
1960 3305 2051 3345 rex
2095 3299 2148 3345 et
2251 3287 2510 3352 Ariboni,
2568 3285 2879 3357 Mogontino
2923 3283 3361 3353 archiepiscopo,
3413 3280 3668 3384 defuncto
3709 3294 3807 3391 sue-

564 3366 676 3391 t--..
705 3369 802 3391 .l---
832 3371 871 3391 τι
908 3370 1009 3391 :-_,
1032 3374 1087 3391 !,_
1156 3384 1192 3391 κ.
1221 3376 1276 3391 μ.
1356 3379 1367 3391 ι
1671 3378 1715 3391 εν
1861 3382 1871 3391 .
2376 3381 2409 3391 ..
2497 3379 2535 3391 η
2601 3379 2613 3391 ι
2657 3376 2697 3391 ur
2996 3375 3034 3391 ,s
3058 3375 3070 3391 I
3104 3375 3164 3391 ,.-
3244 3390 3251 3391 κ
3307 3372 3450 3391 [ην-φὶ
3494 3382 3681 3391 _.-_____-
3715 3386 3762 3391 ---

563 3366 678 3437 ipse
699 3369 806 3423 dux
832 3370 1114 3440 Bajoariae,
1143 3376 1526 3446 ctStephanus
1551 3395 1643 3435 rex
1671 3378 1996 3452 ngaricus,
2026 3399 2145 3437 eum
2252 3381 2447 3446 cessit;
2497 3376 2759 3435 Rudolfus
2809 3391 2940 3432 vero
2986 3375 3259 3430 abbatiam
3304 3372 3452 3444 (357)
3493 3372 3684 3428 iterum
3712 3384 3807 3424 SUS-

561 3456 870 3530 juramento
900 3464 1129 3520 invicem
1182 3466 1537 3524 ﬁrmaverunt
1580 3487 1790 3541 pacem.
1820 3473 1886 3527 Et
1933 3473 2145 3528 Heinri-
2252 3472 2416 3543 cepit.
2608 3474 2612 3478 ‘

561 3567 681 3622 cus,
714 3552 977 3626 Stephani
1022 3559 1166 3630 regis
1194 3560 1354 3628 filius,
1383 3563 1491 3617 dux
1529 3562 1825 3620 Ruizorum
1849 3607 1863 3628 .
1897 3566 1949 3620 in
1983 3581 2146 3622 vena-
2789 3596 2821 3664 ,ἑ
3260 3650 3272 3664 .

564 3643 711 3701 tione
744 3647 814 3704 ab
839 3663 973 3719 apro
1000 3649 1279 3719 discissus,
1307 3655 1465 3723 periit
1490 3655 1742 3712 ﬂebiliter
1776 3667 2040 3713 mortuus.
2087 3657 2385 3727 Imperator
2430 3668 2550 3709 cum
2591 3668 2759 3725 parvo
2788 3651 3061 3708 Saxonum
3093 3650 3335 3706 exercitu

564 3736 788 3798 Sclavos
815 3745 1115 3801 autumnali
1147 3755 1388 3819 tempore
1429 3750 1646 3817 invasit,
1675 3761 1730 3808 et
1760 3753 2145 3825 Mysachonem
2184 3746 2275 3808 diu
2325 3751 2424 3807 sibi
2459 3751 2797 3806 resistentem
2844 3748 3119 3821 regionem
3159 3747 3336 3856 busizi

562 3852 687 3892 cum
737 3838 945 3910 aliquot
990 3842 1214 3899 urbibus
1257 3854 1313 3900 et
1347 3846 1565 3916 praeda,
1615 3865 1736 3919 qua:
1779 3849 2051 3920 prioribus
2096 3849 2253 3904 annis
2301 3848 2354 3903 in
2407 3846 2643 3902 Saxonia
2699 3844 2836 3899 facta
2889 3852 3004 3909 est,
3051 3843 3339 3899 restituere

561 3943 861 4002 pacemque
905 3933 1216 4005 juramento
1244 3938 1463 3995 ﬁrmare
1493 3942 1691 4012 coegit.
1741 3942 1841 4010 Qui
1872 3944 2124 4016 Mysccho
2156 3953 2274 4016 post
2306 3944 2506 3999 mensis
2556 3952 2764 3997 tantum
2810 3941 3043 4010 spatium
3099 3955 3129 3994 a
3169 3940 3337 3995 fratre

564 4039 664 4080 suo
692 4024 1009 4086 Bezbriemo
1037 4029 1215 4088 subita
1263 4035 1542 4091 invasione
1572 4039 1942 4107 proturbatus,
1976 4048 2030 4094 ct
2060 4039 2125 4094 ad
2155 4039 2498 4095 Outlalricum
2547 4038 2601 4093 in
2635 4037 2856 4091 Behcim
2886 4035 3071 4106 fugere
3099 4044 3183 4091 est
3211 4051 3340 4143 con-

564 4121 747 4143 ___,___A
803 4124 865 4143 ,η
888 4125 906 4143 ν,
1103 4129 1143 4143 η
1214 4130 1227 4143 .
1282 4132 1295 4143 ,
1423 4134 1434 4143 ,
1721 4138 1732 4143 -
2922 4134 2953 4143 ,,
2981 4134 2993 4143 ,
3032 4134 3051 4143 ,

563 4121 769 4192 pulsus.
803 4124 907 4181 Sed
933 4127 1389 4199 idemgBezbrimo
1422 4134 1733 4205 imperatori
1767 4153 2023 4194 coronam
2069 4155 2190 4194 cum
2239 4138 2360 4194 aliis
2400 4137 2700 4205 regalibus,
2749 4150 2868 4204 qua:
2893 4134 2993 4189 sibi
3025 4134 3195 4241 frater
3224 4130 3338 4241 ejus

564 4217 765 4288 injuste
788 4235 1166 4295 usurpaverat,
1214 4232 1535 4299 transmisit,
1565 4250 1628 4290 ac
1676 4246 1847 4292 semet
1891 4237 2079 4292 humili
2112 4237 2454 4293 mandamine
2498 4250 2594 4305 per
2631 4234 2836 4305 legatos
2872 4246 2999 4287 suos
3025 4232 3335 4302 imperatori

563 4314 903 4374 subditurum
925 4314 1191 4392 promisit.
1747 4336 1751 4340 ’

635 4411 786 4486 (556)
808 4415 1063 4474 Arnolfus
1108 4427 1265 4490 pater
1311 4420 1628 4476 monasterii
1667 4421 2076 4489 llervcldensis,
2107 4424 2393 4494 precipuus
2441 4425 2493 4478 in
2540 4423 2736 4479 divinis
2775 4432 2829 4480 et
2857 4421 3119 4496 .humanis
3150 4422 3334 4486 rebus,

563 4509 901 4577 quorundam
929 4509 1153 4567 fratrum
1187 4528 1251 4569 eo
1300 4513 1402 4570 loci
1432 4515 1710 4585 cujusdam
1741 4518 1985 4574 criminis
2031 4520 2331 4591 objectionc
2362 4528 2677 4586 accusatus,
2710 4519 3091 4575 miserabiliter
3117 4520 3337 4589 proprio

563 4605 769 4663 honore
797 4616 881 4665 est
921 4608 1184 4680 privatus.
1232 4610 1289 4667 In
1336 4611 1489 4683 cujus
1519 4614 1621 4669 loci
1670 4616 2098 4673 vicissitudinem
2142 4619 2465 4688 subregatur
2512 4616 2714 4682 Bardo,
2748 4626 3071 4688 procurator
3100 4616 3334 4672 coenobii

567 4701 977 4774 Wirdunensis,
1040 4710 1384 4782 suggestione
1428 4710 1589 4768 Gislte
1632 4713 2015 4785 imperatricis.
2062 4716 2248 4773 Eidem
2296 4731 2425 4771 vero
2473 4716 2706 4772 Bardoni
2752 4716 3014 4772 successit
3068 4715 3333 4772 Geroldus

563 4796 847 4856 Fuldensis
876 4805 1191 4881 monachus.
1220 4805 1505 4879 Wiggerus
1536 4810 1828 4867 Vardensis
1853 4813 2135 4884 episcOpus
2163 4812 2325 4879 obiit,
2353 4822 2475 4882 post
2518 4829 2676 4883 quem
2717 4813 3060 4868 Thietmarus
3092 4813 3329 4867 intravit.

565 4892 769 4951 Eodem
812 4911 971 4962 anno,
999 4877 1102 4971 pize
1149 4890 1204 4959 et
1249 4877 1579 4963 venerabilis
1640 4909 1915 4965 memoriae
1961 4910 2130 4964 Aribo
2186 4908 2634 4979 Mogontiacensis
2684 4907 3120 4978 archiepiscOpus
3179 4922 3341 4962 causa

565 4993 830 5049 orationis
875 4993 1104 5053 Romam
1156 4998 1321 5067 adiit;
1368 5000 1599 5072 indeque
1646 5003 1973 5075 digrediens,
2025 5004 2209 5059 Cumis
2259 5005 2311 5060 8.
2353 5003 2431 5058 ld.
2464 5002 2702 5074 Aprilis,
2735 5001 2839 5056 ah!
2882 5002 2977 5056 ah!
3012 5018 3076 5057 ex
3119 5002 3218 5057 hac
3253 5003 3365 5056 vita

573 5086 856 5157 ηιίετθνῑις
900 5092 1054 5163 cujus
1100 5095 1325 5150 honoris
1367 5097 1731 5164 principatum
1761 5099 1997 5164 optinuit
2043 5099 2241 5164 Bardo,
2272 5109 2398 5153 tunc
2430 5113 2605 5164 nuper
2645 5096 2896 5164 praelatus
2942 5097 3109 5151 abbas
3151 5094 3362 5151 llerfel-
