3952 5346
89 165 176 221 επ
723 169 809 226 ET
840 171 1187 229 LAMBERTI
1217 170 1793 229 ASCIIAFNABURC.
1849 171 2028 228 PARS
2057 171 2328 227 ALTERA
2369 169 2694 227 GENUINA.
3219 163 3329 224 δτι

297 276 620 341 ANNALES
642 279 1298 342 HILDESIIEIMENSES.
2228 286 2312 339 LA
2322 285 2576 341 MBERTI
2611 283 2954 339 ANNALES.

142 370 294 427 I032.
327 371 445 427 ind.
487 372 575 429 15.
605 373 962 431 Cbuonradus
1008 378 1301 447 imperator
1328 379 1504 436 natale
1542 380 1645 435 Do-
1820 380 1979 435 1052.
2009 378 2302 441 Arnoldns,
2330 379 2526 434 amissa
2556 378 2768 433 abbatia
2794 376 3166 442 Hcrveldensi,
3190 377 3332 434 obiit

83 462 198 516 mini
226 461 472 530 Gosleri,
521 468 722 535 pascha
759 484 891 524 vero
938 469 1277 541 Seliganstad
1329 472 1645 529 celebravit.
1748 472 1802 527 in
1832 471 2096 541 Gcllingin
2133 469 2302 543 t36l).

84 550 181 606 Iloe
225 567 371 608 anno
422 552 702 613 Bezbriem
749 560 819 615 ob
875 559 1305 619 inmanissimam
1362 564 1647 620 tirannidis

82 656 176 697 sum
202 643 451 700 sevitiam
478 661 505 701 a
536 647 667 715 suis,
701 659 755 705 et
782 652 950 707 etiam
978 669 1085 709 non
1109 656 1224 710 sine
1253 655 1480 710 fratrum
1514 671 1735 712 suorum
1782 653 2201 718 machinatione,
2230 649 2545 705 interfectus
2573 657 2675 704 est.
2724 646 2829 703 Sed

83 732 264 791 Miseko
293 740 482 795 statim
528 743 745 799 domum
788 748 979 813 rediit;
1008 750 1099 820 qui
1142 765 1472 821 cognoscens
1513 752 1617 808 sibi
1661 760 1884 823 propter
1916 748 2303 804 inmoderatam
2340 747 2422 802 sui
2469 744 2827 807 insolentiam,

82 845 223 899 quam
249 835 526 903 prioribus
555 839 712 896 annis
755 843 1029 911 exercuit,
1054 846 1235 900 omnia
1264 862 1383 917 qum
1411 862 1697 918 perpessus
1725 856 1837 912 est,
1866 846 2062 901 merito
2088 845 2355 909 evenisse,
2382 843 2583 915 legatos
2614 857 2738 897 suos
2765 840 2831 895 ad

84 927 449 998 imperatorem
472 934 783 1003 destinavit,
806 948 1124 1012 tempusque
1153 954 1325 999 semet
1345 945 1705 1016 przescntandi
1733 944 2102 1016 condigncque
2131 941 2492 998 satisfaciendi
2520 939 2831 1011 postulavit.

84 1024 139 1079 Et
161 1029 504 1096 postmodum
526 1031 851 1103 imperatore
876 1039 1245 1095 consentiente
1269 1039 1548 1112 Mersburg
1572 1040 1741 1107 venit,
1771 1053 1827 1096 et
1853 1050 2021 1095 semet
2041 1038 2179 1093 Non.
2203 1036 2327 1092 Julii
2356 1036 2409 1091 in
2433 1033 2833 1105 imperatoriam

84 1129 409 1190 potestatem,
453 1140 669 1184 corona:
710 1130 917 1188 scilicet
959 1148 1022 1188 ac
1056 1135 1228 1191 tocius
1263 1136 1472 1207 rzcgalis
1520 1136 1827 1192 ornamenti
1874 1136 2109 1198 oblitus.
2149 1133 2427 1189 humiliter
2471 1131 2635 1187 dedit.
2664 1129 2833 1198 Quem

85 1215 357 1286 imperator
402 1221 758 1293 clementius,
795 1241 957 1296 quam
1007 1229 1122 1300 ipse
1172 1232 1519 1302 Opinaretnr,
1571 1231 1835 1303 suscepit,
1882 1233 2041 1302 eique
2090 1240 2145 1286 et
2195 1230 2310 1300 ejus
2342 1226 2573 1299 patrueli
2621 1226 2833 1281 cuidam

86 1310 350 1371 Thicdrieo
380 1331 634 1389 regnum,
665 1321 809 1392 quod
839 1323 950 1393 ipse
977 1326 1121 1381 solus
1152 1336 1278 1382 ante
1306 1330 1640 1398 possederat,
1676 1326 1891 1394 divisit;
1923 1324 2065 1396 quod
2110 1326 2225 1395 ipse
2260 1332 2438 1377 tamen
2475 1330 2659 1393 postea
2690 1320 2836 1376 solus

85 1406 256 1463 iterum
280 1408 387 1465 sibi
422 1416 728 1483 usurpavit.
752 1416 1071 1476 Oudalricus
1102 1437 1252 1486 vero,
1294 1425 1484 1478 eodem
1517 1423 1679 1493 legali
1702 1421 1945 1491 jussione
1972 1421 2243 1482 invitatus,
2274 1420 2459 1474 venire
2489 1416 2831 1486 contempsit.

88 1505 232 1572 Quem
270 1507 575 1579 imperator
602 1523 786 1583 postea
829 1515 1072 1572 Wirbeni
1103 1517 1272 1590 (358),
1303 1519 1391 1574 ubi
1440 1529 1625 1576 contra
1662 1519 1921 1574 Liutizios
1962 1517 2278 1589 paeificandi
2319 1516 2467 1587 regni
2508 1515 2678 1586 gratia
2709 1529 2836 1568 con-

86 1599 221 1667 sedit,
253 1603 317 1657 ad
349 1620 411 1660 se
442 1607 748 1664 venientem
778 1620 833 1667 et
860 1612 1021 1667 etiam
1052 1613 1262 1669 ratione
1290 1616 1617 1679 convictum,
1648 1616 1713 1669 de
1741 1615 1948 1670 insidiis
1971 1628 2201 1684 quoque,
2234 1627 2369 1681 quas
2397 1610 2498 1680 ipsi
2529 1608 2835 1679 imperatori

87 1692 211 1762 fecit,
240 1707 363 1753 ante
408 1701 692 1758 biennium
727 1706 1067 1775 confessum,
1109 1711 1164 1764 in
1211 1710 1432 1764 exilium
1485 1711 1835 1767 transmissit.
1889 1709 2199 1781 Sigifrithus
2247 1702 2839 1797 Mimigardevordensis

88 1790 299 1850 ecclesia:
323 1797 526 1865 praesul
549 1797 604 1853 5.
630 1799 851 1856 Kalend.
878 1803 1190 1859 Decembris
1218 1805 1369 1869 obiit,
1403 1806 1490 1861 cui
1525 1805 1889 1860 Herimannus
1931 1804 2167 1860 Coloniae
2193 1790 2513 1873 pnepositns
2551 1798 2833 1856 successit.

87 1883 278 1943 Liebizo
324 1889 846 1966 ﬂammaburgensis
889 1898 1326 1970 archiepiscopus
1367 1899 1418 1955 8.
1472 1900 1694 1955 Kalend.
1742 1900 2075 1971 Septembris
2119 1900 2288 1963 obiit,
2334 1898 2417 1951 cui
2477 1895 2839 1951 Herimannns

89 1980 522 2045 Halberstatensis
572 1993 784 2048 cenobii
841 1996 1161 2065 prmpositus
1213 1996 1495 2052 successit.
1550 1997 1803 2053 Arnolfus
1851 1997 2018 2053 abbas
2073 1995 2444 2063 llerocampim.
2502 1991 2554 2047 5.
2616 1990 2821 2045 Kalend

88 2078 296 2137 Januarii
319 2084 483 2150 obiit,
522 2094 579 2141 et
604 2087 671 2141 ad
699 2087 957 2160 Gellingae
997 2092 1261 2161 sepultus,
1290 2108 1396 2163 qua
1423 2102 1550 2148 tunc
1575 2093 1750 2163 gratia
1798 2091 2047 2148 manendi
2078 2088 2370 2153 habitavit;
2406 2085 2499 2141 sed
2548 2084 2674 2139 inde
2723 2090 2847 2153 post

91 2185 182 2234 tres
225 2177 339 2236 dies
388 2180 729 2252 totidemque
771 2195 961 2241 noctes
1007 2185 1299 2252 deductus,
1351 2196 1406 2243 et
1453 2188 1519 2243 de
1566 2196 1711 2242 terra
1752 2185 2000 2248 effossus,
2049 2199 2116 2238 ex
2167 2190 2437 2252 prmccpto
2471 2176 2717 2234 Roudulti
2764 2177 2847 2231 sui

94 2278 423 2346 successoris,
461 2276 750 2333 Herfeldite
780 2280 832 2334 in
861 2281 1085 2338 ecclesia
1119 2284 1296 2340 sancti
1340 2283 1657 2340 Michahelis
1699 2291 1783 2340 est
1812 2283 2128 2338 tumulatus.
2152 2280 2442 2351 Wiggerus
2488 2275 2769 2346 presbyter
2796 2281 2851 2328 et

91 2375 376 2443 praepositus
397 2375 454 2432 5.
486 2374 711 2432 Kalend.
735 2377 934 2449 Aprilis
953 2380 1089 2435 obiit
1117 2381 1289 2453 (539).

150 2470 287 2527 1055.
353 2473 475 2528 ind.
520 2475 560 2530 Ι.
621 2476 921 2549 Imperator
956 2478 1136 2534 natale
1177 2478 1388 2535 Domini
1421 2481 1648 2537 Pather—
1826 2481 1978 2536 1055.
2064 2476 2350 2548 Cunigund
2418 2472 2730 2543 imperati-ix
2806 2469 2960 2525 obiit.
3034 2469 3334 2540 Imperator

92 2561 253 2629 brune,
299 2567 510 2635 pascha
555 2567 829 2657 Nemnago
876 2570 1002 2642 egit.
1056 2571 1123 2626 Et
1169 2571 1357 2627 azstivo
1407 2581 1647 2644 tempore
1751 2574 2055 2631 exercitum
2126 2571 2281 2628 duxit
2346 2567 2401 2622 in
2469 2564 2834 2636 Burgundiam
2893 2570 3083 2618 contra
3151 2558 3335 2638 υυιίυτ

92 2651 421 2725 Burgundiam
460 2672 584 2712 cum
632 2647 875 2715 exercitu
905 2678 1223 2734 pr0perans,
1247 2662 1525 2719 Oudonem
1555 2662 1646 2717 diu
1753 2683 1899 2726 nem.

91 2746 176 2801 sibi
198 2749 564 2816 resistentem,
606 2752 697 2821 qui
742 2754 966 2809 eandem
1002 2756 1274 2826 regionem
1324 2757 1424 2811 sibi
1458 2764 1646 2810 contra

93 2839 405 2909 imperatoris
437 2842 776 2899 voluntatem
811 2847 1093 2917 lyrannice
1115 2859 1498 2917 usurpaverat,
1522 2849 1741 2905 obvium
1764 2850 2037 2920 suscepit;
2062 2847 2415 2918 acceptisque
2443 2844 2510 2899 ab
2543 2856 2608 2898 eo
2627 2840 2694 2895 de
2720 2851 2855 2911 pace

91 2932 381 3004 iuramentis
405 2949 469 2994 et
493 2940 796 3007 obsidibus,
826 2943 1051 3013 paeilice
1081 2945 1258 3000 rediit.
1292 2944 1495 3001 Eodem
1518 2947 1680 3002 etiam
1708 2963 1850 3003 anno
1873 2949 1939 3004 ad
1966 2947 2251 3003 castellum
2275 2943 2523 3001 Wirbine
2550 2941 2858 3011 Liudgerus

94 3042 268 3096 comes.
296 3043 351 3088 et
377 3033 638 3100 Thiedof,
675 3034 1136 3103 et‘Wolveradus,
1165 3056 1287 3095 cum
1313 3042 1434 3097 aliis
1464 3044 1534 3097 10
1558 3043 1726 3099 occisi
1758 3052 1906 3100 sunt.
1941 3044 2051 3099 Piaz
2097 3042 2377 3098 memoria:
2415 3038 2703 3107 Cunignnd
2738 3036 2843 3089 im—

94 3129 299 3194 pcratrix
327 3130 382 3186 5.
415 3131 562 3188 Non.
595 3133 783 3189 Marcii
811 3134 967 3190 obiit.
999 3136 1233 3206 Eelipsis
1261 3138 1391 3193 solis
1412 3138 1465 3193 5.
1498 3140 1616 3194 Kal.
1644 3140 1794 3206 Julii,
1826 3141 1965 3197 feria
1992 3141 2044 3196 6.
2082 3140 2248 3195 natali
2283 3138 2459 3194 sancti
2508 3135 2655 3191 Petri
2703 3148 2836 3202 apo-

94 3224 212 3291 stoli,
238 3227 369 3283 hora
406 3229 520 3285 diei
562 3231 613 3285 6.
638 3231 860 3299 accidit,
899 3233 1231 3304 imperatore
1266 3243 1397 3290 tunc
1439 3236 1699 3306 placitum
1751 3253 1875 3293 eum
1911 3236 2244 3309 primoribus
2284 3234 2434 3305 regni
2485 3239 2754 3286 tractante
2790 3229 2846 3283 in

95 3317 377 3397 IIerseburg
398 3326 650 3384 civitate.
686 3328 965 3386 Dedicatio
996 3333 1313 3388 monasterii
1344 3334 1519 3388 sancti
1543 3333 1862 3390 Michahelis
1894 3332 2210 3404 archangeli
2254 3333 2308 3386 in
2348 3329 2757 3385 IIildenesheim
2788 3327 2844 3382 5.

93 3416 189 3473 Kal.
219 3418 468 3479 Octobris
500 3438 601 3494 per
625 3423 1035 3495 Godehardum,
1068 3427 1310 3496 ejusdem
1344 3429 1445 3485 loci
1469 3430 1804 3501 episcopum,
1834 3447 1958 3487 cum
1994 3431 2233 3486 maxima
2279 3427 2590 3499 frequentia
2620 3422 2849 3495 populo-

99 3529 219 3569 rum.
249 3517 564 3575 Incendium
594 3519 907 3579 Altahcnsis
937 3525 1257 3580 monasterii
1282 3525 1335 3580 6.
1369 3522 1488 3579 Kal.
1520 3525 1721 3581 Martii.
2732 3512 2742 3521 ”
2774 3602 2777 3603 ν
3382 3566 3385 3569 '

147 3612 292 3669 1051.
316 3616 428 3670 ind.
456 3616 511 3670 2.
532 3617 830 3687 Imperator
853 3620 1193 3676 nativitatem
1214 3620 1415 3677 Christi
1448 3621 1649 3689 Mindo,
1826 3623 1986 3679 1054.
2017 3621 2359 3686 Albuwinus,
2383 3616 2705 3688 praepositus
2741 3610 3143 3679 Herveldcnsis,
3165 3607 3335 3689 abbaS
3369 3607 3374 3610 ’

91 3711 134 3757 et
158 3706 344 3773 pascha
384 3707 729 3780 Reinesburg
761 3710 993 3766 feriavit.
1041 3712 1098 3767 In
1137 3713 1314 3768 natale
1336 3713 1548 3769 Domini
1581 3714 1649 3769 ad
1751 3715 1929 3771 factus
1952 3716 2004 3770 in
2043 3713 2324 3784 Niunburg
2350 3709 2521 3783 (562).

92 3809 193 3849 eum
217 3798 371 3869 legati
412 3800 750 3856 diversarum
782 3803 1021 3872 gentium
1050 3818 1174 3858 cum
1206 3804 1427 3875 optimis
1467 3802 1649 3859 multi-

93 3888 343 3959 modisque
374 3892 696 3948 muneribus
723 3902 1019 3958 venerunt;
1056 3894 1240 3965 ibique
1271 3895 1711 3966 Hilderieho,qui
1738 3893 2090 3949 Altmannum
2118 3888 2411 3954 interfecit,
2444 3881 2836 3942 intercessione

94 3982 435 4054 imperatrieis
471 3999 527 4044 et
548 3991 786 4061 episc0pi
830 3988 1308 4058 Ilalberstatensis,
1354 3977 1692 4049 incolomitas
1732 3993 1856 4047 vitae
1883 4000 1940 4046 et
1968 3990 2229 4061 repetieio
2265 3985 2457 4058 patriae
2495 3981 2834 4040 conceditur.

94 4079 140 4135 In
160 4085 344 4151 pascali
369 4102 502 4141 vero
530 4087 824 4143 festivitate
858 4086 1182 4143 Oudalricus
1214 4088 1558 4143 Boemiorum
1589 4090 1721 4154 dux,
1752 4096 1976 4158 optentu
2022 4082 2389 4155 imperatricis
2425 4088 2480 4136 et
2505 4078 2834 4149 principum,

95 4175 137 4231 in
156 4183 315 4250 gratia
344 4185 413 4240 de
438 4185 603 4240 exilio
633 4186 851 4240 domum
878 4186 1057 4242 redire
1080 4186 1403 4256 promeruit,
1425 4195 1480 4240 et
1504 4187 1733 4241 ducatus
1760 4186 1842 4241 sui
1866 4185 2238 4251 medietatem,
2268 4196 2365 4236 suo
2389 4180 2559 4233 fratre
2586 4176 2839 4233 Germiro

96 4277 416 4337 medietatem
449 4282 742 4349 retinente,
780 4283 1041 4352 suscepit.
1080 4282 1196 4338 Udo
1216 4280 1457 4353 juvenis,
1490 4281 1633 4337 ﬁlius
1673 4281 1886 4337 Ottonis
1909 4280 2137 4335 comitis
2166 4280 2232 4333 de
2280 4273 2643 4339 llamerstein,
2677 4271 2832 4327 obiit.

97 4367 370 4441 Imperator
399 4379 597 4435 iterum
621 4380 726 4436 hoc
758 4396 900 4437 anno
932 4380 1299 4454 Bnrgundiam
1338 4398 1462 4438 cum
1507 4380 1697 4450 grandi
1741 4379 1984 4434 exercitu
2017 4375 2261 4441 intravit,
2298 4381 2354 4428 et
2403 4371 2682 4426 Ondonem
2708 4369 2835 4421 item

98 4467 411 4525 resistentem
437 4471 660 4545 fugavit,
684 4475 1023 4545 eandemque
1052 4477 1328 4548 regionem
1349 4476 1595 4531 Iidelibus
1623 4475 1754 4540 suis,
1782 4474 1875 4545 qui
1904 4474 1953 4529 ei
1989 4472 2150 4527 [idem
2177 4472 2493 4541 juramento
2520 4467 2834 4527 firmabant,

99 4566 493 4621 commendavit.
545 4568 932 4638 Meginhardus
976 4548 1457 4644 werziburgensis
1505 4570 1704 4642 prmsul
1749 4571 1816 4625 ad
1861 4570 2143 4625 Christum
2191 4565 2468 4637 migravit,
2501 4570 2624 4633 post
2673 4574 2835 4630 quem

101 4654 944 4736 Bruno,patruelisimpcratoris,
970 4669 1316 4735 subintravit,
1355 4685 1385 4725 a
1423 4670 1529 4725 Deo
1560 4669 1717 4723 datus
1768 4667 1940 4739 (560).
1974 4665 2347 4721 Warmundus
2381 4657 2715 4716 Constantia:
2741 4671 2839 4710 an-

104 4751 239 4811 tistes
260 4758 424 4824 obiit;
456 4760 542 4815 eui
570 4758 741 4816 frater
767 4763 883 4834 ejus
902 4764 1077 4835 Eppo,
1102 4766 1283 4840 regius
1311 4767 1644 4836 eapellanus,
1667 4766 1949 4821 successit.
1983 4763 2146 4830 Plura
2185 4770 2241 4817 et
2281 4760 2499 4816 insolita
2531 4755 2669 4813 bella
2698 4755 2841 4810 inter

103 4843 337 4908 Lvitizios
374 4861 433 4909 et
453 4863 724 4912 nostrates
762 4860 827 4914 ad
856 4859 1116 4931 oppidum
1148 4839 1377 4916 Wirbini
1404 4871 1592 4917 exorta
1615 4870 1760 4930 sunt,
1788 4861 1843 4918 in
1870 4862 2070 4933 quibus
2098 4861 2165 4916 de
2194 4860 2399 4916 nostris
2423 4856 2644 4926 quidam
2668 4852 2840 4908 inter-

106 4941 208 5000 fecti
230 4958 371 5017 sunt,
392 4961 448 5007 et
471 4952 716 5022 plerique
738 4957 988 5013 sauciati.
1019 4955 1268 5012 Peccatis
1301 4959 1465 5013 etiam
1500 4959 1703 5014 nostris
1733 4959 1835 5013 abl
1878 4959 1944 5012 ah
1971 4958 1983 5011 !
2012 4972 2200 5014 coram
2244 4956 2354 5012 Deo
2379 4949 2841 5026 promerentibus,

100 5035 408 5100 laudandum
456 5056 509 5102 et
549 5047 866 5109 honorabile
897 5051 1225 5109 exercitium
1267 5055 1596 5111 venerabilis
1632 5055 1733 5110 viri
1771 5054 2090 5113 Bernwardi
2144 5053 2410 5125 episcopi,
2452 5048 2845 5104 monaslel‘ium

108 5134 287 5193 scilicet
312 5143 484 5198 sancti
519 5142 828 5206 Michahelis
848 5147 1194 5216 archangeli,
1219 5147 1340 5202 Kal.
1365 5148 1510 5205 Junii
1542 5150 1594 5204 in
1617 5151 1798 5221 vigilia
1822 5159 2177 5222 pentecosteu
2209 5152 2276 5205 ad
2304 5157 2595 5219 vesperam
2628 5140 2861 5199 fulmine

110 5232 436 5301 combustum,
465 5246 523 5293 et
543 5238 916 5303 miserabiliter
959 5251 1054 5300 est
1075 5241 1488 5300 deterioratum.
1532 5244 1772 5302 Misacho
1801 5246 2157 5304 Polianorum
2202 5245 2312 5302 dux
2362 5247 2650 5302 inmatura
2679 5248 2863 5296 morte
