  <div class='ocr_page' id='page_1' title='image "/cluster/home/n/w/nwhite01/storage/ocr_20150623/141/hvd.32044015471790/293.png"; bbox 0 0 3944 6414; ppageno 0'>
   <div class='ocr_carea' id='block_1_1' title="bbox 629 322 3814 396">
    <p class='ocr_par' dir='ltr' id='par_1_1' title="bbox 629 322 3814 396">
     <span class='ocr_line' id='line_1_1' title="bbox 629 322 3814 396; baseline -0.003 -5"><span class='ocrx_word' id='word_1_1' title='bbox 629 333 737 393; x_wconf 76' lang='lat'><strong>575</strong></span> <span class='ocrx_word' id='word_1_2' title='bbox 1015 358 1027 367; x_wconf 79' lang='lat'><strong><em>~</em></strong></span> <span class='ocrx_word' id='word_1_3' title='bbox 1462 328 1730 386; x_wconf 80' lang='lat' dir='ltr'><strong>&#39;ANNAL.</strong></span> <span class='ocrx_word' id='word_1_4' title='bbox 1765 328 2201 387; x_wconf 72' lang='lat' dir='ltr'><strong>HILDESHEIM.</strong></span> <span class='ocrx_word' id='word_1_5' title='bbox 2239 326 2600 396; x_wconf 81' lang='lat' dir='ltr'><strong>QUEDLlNB.</strong></span> <span class='ocrx_word' id='word_1_6' title='bbox 2630 322 3011 382; x_wconf 72' lang='lat' dir='ltr'><strong>WEISSEMB.</strong></span> <span class='ocrx_word' id='word_1_7' title='bbox 3736 327 3814 381; x_wconf 66' lang='grc' dir='ltr'>ωδ</span> 
     </span>
    </p>
   </div>
   <div class='ocr_carea' id='block_1_2' title="bbox 612 414 3472 545">
    <p class='ocr_par' dir='ltr' id='par_1_2' title="bbox 612 414 3472 545">
     <span class='ocr_line' id='line_1_2' title="bbox 612 414 3472 545; baseline -0.006 -37"><span class='ocrx_word' id='word_1_8' title='bbox 612 464 632 545; x_wconf 52' lang='grc' dir='ltr'>χ</span> <span class='ocrx_word' id='word_1_9' title='bbox 915 446 1234 507; x_wconf 57' lang='lat' dir='ltr'><strong>manus</strong></span> <span class='ocrx_word' id='word_1_10' title='bbox 1271 443 1930 504; x_wconf 81' lang='lat' dir='ltr'><strong>HILDESHEIMENSES.</strong></span> <span class='ocrx_word' id='word_1_11' title='bbox 2748 439 3099 529; x_wconf 70' lang='lat' dir='ltr'><strong>unseen</strong></span> <span class='ocrx_word' id='word_1_12' title='bbox 3135 414 3472 494; x_wconf 65' lang='lat' dir='ltr'><strong>sanitas.</strong></span> 
     </span>
    </p>
   </div>
   <div class='ocr_carea' id='block_1_3' title="bbox 631 555 3388 634">
    <p class='ocr_par' dir='ltr' id='par_1_3' title="bbox 631 555 3388 634">
     <span class='ocr_line' id='line_1_3' title="bbox 631 555 3388 634; baseline -0.004 -10"><span class='ocrx_word' id='word_1_13' title='bbox 631 567 862 633; x_wconf 77' lang='lat' dir='ltr'><strong>interiit,</strong></span> <span class='ocrx_word' id='word_1_14' title='bbox 893 575 950 624; x_wconf 89' lang='lat' dir='ltr'><strong>et</strong></span> <span class='ocrx_word' id='word_1_15' title='bbox 978 567 1311 624; x_wconf 89' lang='lat' dir='ltr'><strong>cristianitas</strong></span> <span class='ocrx_word' id='word_1_16' title='bbox 1339 565 1539 621; x_wconf 84' lang='lat' dir='ltr'><strong>ibidem</strong></span> <span class='ocrx_word' id='word_1_17' title='bbox 1563 580 1595 620; x_wconf 90' lang='lat' dir='ltr'><strong>a</strong></span> <span class='ocrx_word' id='word_1_18' title='bbox 1626 564 1739 620; x_wconf 82' lang='lat' dir='ltr'><strong>suis</strong></span> <span class='ocrx_word' id='word_1_19' title='bbox 1773 562 2046 634; x_wconf 83' lang='lat' dir='ltr'><strong>prioribus</strong></span> <span class='ocrx_word' id='word_1_20' title='bbox 2078 563 2218 620; x_wconf 84' lang='lat' dir='ltr'><strong>bene</strong></span> <span class='ocrx_word' id='word_1_21' title='bbox 2240 561 2491 619; x_wconf 87' lang='lat' dir='ltr'><strong>inchoata</strong></span> <span class='ocrx_word' id='word_1_22' title='bbox 2518 568 2573 617; x_wconf 91' lang='lat' dir='ltr'><strong>et</strong></span> <span class='ocrx_word' id='word_1_23' title='bbox 2601 574 2720 618; x_wconf 90' lang='lat' dir='ltr'><strong>ase</strong></span> <span class='ocrx_word' id='word_1_24' title='bbox 2741 559 2937 617; x_wconf 87' lang='lat' dir='ltr'><strong>melius</strong></span> <span class='ocrx_word' id='word_1_25' title='bbox 2977 559 3251 623; x_wconf 87' lang='lat' dir='ltr'><strong>roborata,</strong></span> <span class='ocrx_word' id='word_1_26' title='bbox 3290 555 3388 612; x_wconf 87' lang='lat' dir='ltr'><strong>ﬁe-</strong></span> 
     </span>
    </p>
   </div>
   <div class='ocr_carea' id='block_1_4' title="bbox 630 652 3390 736">
    <p class='ocr_par' dir='ltr' id='par_1_4' title="bbox 630 652 3390 736">
     <span class='ocr_line' id='line_1_4' title="bbox 630 652 3390 736; baseline -0.004 -15"><span class='ocrx_word' id='word_1_27' title='bbox 630 663 816 721; x_wconf 90' lang='lat' dir='ltr'><strong>biliter</strong></span> <span class='ocrx_word' id='word_1_28' title='bbox 839 664 973 736; x_wconf 89' lang='lat' dir='ltr'><strong>proh</strong></span> <span class='ocrx_word' id='word_1_29' title='bbox 1003 663 1190 720; x_wconf 89' lang='lat' dir='ltr'><strong>dolor!</strong></span> <span class='ocrx_word' id='word_1_30' title='bbox 1222 662 1489 734; x_wconf 90' lang='lat' dir='ltr'><strong>disperiit.</strong></span> <span class='ocrx_word' id='word_1_31' title='bbox 1517 660 1810 717; x_wconf 71' lang='lat' dir='ltr'><strong>Praedictus</strong></span> <span class='ocrx_word' id='word_1_32' title='bbox 1840 674 2058 731; x_wconf 88' lang='lat' dir='ltr'><strong>quoque</strong></span> <span class='ocrx_word' id='word_1_33' title='bbox 2093 657 2450 716; x_wconf 88' lang='lat' dir='ltr'><strong>Oudalrichus</strong></span> <span class='ocrx_word' id='word_1_34' title='bbox 2478 658 2765 714; x_wconf 88' lang='lat' dir='ltr'><strong>Boemicus</strong></span> <span class='ocrx_word' id='word_1_35' title='bbox 2806 657 2936 723; x_wconf 81' lang='lat' dir='ltr'><strong>dux,</strong></span> <span class='ocrx_word' id='word_1_36' title='bbox 2975 663 3099 726; x_wconf 91' lang='lat' dir='ltr'><strong>post</strong></span> <span class='ocrx_word' id='word_1_37' title='bbox 3124 652 3390 710; x_wconf 86' lang='lat' dir='ltr'><strong>reversio-</strong></span> 
     </span>
    </p>
   </div>
   <div class='ocr_carea' id='block_1_5' title="bbox 632 750 3389 829">
    <p class='ocr_par' dir='ltr' id='par_1_5' title="bbox 632 750 3389 829">
     <span class='ocr_line' id='line_1_5' title="bbox 632 750 3389 829; baseline -0.005 -12"><span class='ocrx_word' id='word_1_38' title='bbox 632 775 757 817; x_wconf 91' lang='lat' dir='ltr'><strong>nem</strong></span> <span class='ocrx_word' id='word_1_39' title='bbox 784 759 957 817; x_wconf 91' lang='lat' dir='ltr'><strong>fratre</strong></span> <span class='ocrx_word' id='word_1_40' title='bbox 976 768 1198 827; x_wconf 70' lang='lat' dir='ltr'><strong>caecato,</strong></span> <span class='ocrx_word' id='word_1_41' title='bbox 1223 758 1333 815; x_wconf 91' lang='lat' dir='ltr'><strong>ﬁlio</strong></span> <span class='ocrx_word' id='word_1_42' title='bbox 1361 758 1567 829; x_wconf 83' lang='lat' dir='ltr'><strong>fugato,</strong></span> <span class='ocrx_word' id='word_1_43' title='bbox 1601 757 1730 813; x_wconf 85' lang='lat' dir='ltr'><strong>item</strong></span> <span class='ocrx_word' id='word_1_44' title='bbox 1766 763 2108 814; x_wconf 81' lang='lat' dir='ltr'><strong>sacramenta</strong></span> <span class='ocrx_word' id='word_1_45' title='bbox 2147 755 2455 828; x_wconf 81' lang='lat' dir='ltr'><strong>refringens</strong></span> <span class='ocrx_word' id='word_1_46' title='bbox 2494 754 2800 811; x_wconf 86' lang='lat' dir='ltr'><strong>inﬁdelitati</strong></span> <span class='ocrx_word' id='word_1_47' title='bbox 2831 753 3049 819; x_wconf 85' lang='lat' dir='ltr'><strong>institit,</strong></span> <span class='ocrx_word' id='word_1_48' title='bbox 3092 762 3148 808; x_wconf 92' lang='lat' dir='ltr'><strong>et</strong></span> <span class='ocrx_word' id='word_1_49' title='bbox 3175 750 3389 806; x_wconf 83' lang='lat' dir='ltr'><strong>tandem</strong></span> 
     </span>
    </p>
   </div>
   <div class='ocr_carea' id='block_1_6' title="bbox 631 845 3391 928">
    <p class='ocr_par' dir='ltr' id='par_1_6' title="bbox 631 845 3391 928">
     <span class='ocr_line' id='line_1_6' title="bbox 631 845 3391 928; baseline -0.005 -16"><span class='ocrx_word' id='word_1_50' title='bbox 631 856 690 912; x_wconf 92' lang='lat' dir='ltr'><strong>in</strong></span> <span class='ocrx_word' id='word_1_51' title='bbox 716 872 847 913; x_wconf 90' lang='lat' dir='ltr'><strong>cena</strong></span> <span class='ocrx_word' id='word_1_52' title='bbox 876 858 1141 923; x_wconf 84' lang='lat' dir='ltr'><strong>residens,</strong></span> <span class='ocrx_word' id='word_1_53' title='bbox 1179 855 1302 913; x_wconf 83' lang='lat' dir='ltr'><strong>cibo</strong></span> <span class='ocrx_word' id='word_1_54' title='bbox 1340 863 1575 928; x_wconf 91' lang='lat' dir='ltr'><strong>potuque</strong></span> <span class='ocrx_word' id='word_1_55' title='bbox 1609 852 1905 910; x_wconf 79' lang='lat' dir='ltr'><strong>suﬁ‘ocatus</strong></span> <span class='ocrx_word' id='word_1_56' title='bbox 1939 852 2204 908; x_wconf 77' lang='lat' dir='ltr'><strong>extabuit.</strong></span> <span class='ocrx_word' id='word_1_57' title='bbox 2245 850 2382 920; x_wconf 85' lang='lat' dir='ltr'><strong>Quia</strong></span> <span class='ocrx_word' id='word_1_58' title='bbox 2423 865 2553 923; x_wconf 90' lang='lat' dir='ltr'><strong>ergo</strong></span> <span class='ocrx_word' id='word_1_59' title='bbox 2593 849 2684 922; x_wconf 86' lang='lat' dir='ltr'><strong>jus</strong></span> <span class='ocrx_word' id='word_1_60' title='bbox 2726 848 2917 919; x_wconf 79' lang='lat' dir='ltr'><strong>fasque</strong></span> <span class='ocrx_word' id='word_1_61' title='bbox 2955 845 3301 917; x_wconf 80' lang='lat' dir='ltr'><strong>contempsit,</strong></span> <span class='ocrx_word' id='word_1_62' title='bbox 3335 852 3391 899; x_wconf 90' lang='lat' dir='ltr'><strong>et</strong></span> 
     </span>
    </p>
   </div>
   <div class='ocr_carea' id='block_1_7' title="bbox 631 941 3393 1024">
    <p class='ocr_par' dir='ltr' id='par_1_7' title="bbox 631 941 3393 1024">
     <span class='ocr_line' id='line_1_7' title="bbox 631 941 3393 1024; baseline -0.004 -15"><span class='ocrx_word' id='word_1_63' title='bbox 631 961 759 1024; x_wconf 92' lang='lat' dir='ltr'><strong>post</strong></span> <span class='ocrx_word' id='word_1_64' title='bbox 784 961 896 1008; x_wconf 82' lang='lat' dir='ltr'><strong>tant</strong></span> <span class='ocrx_word' id='word_1_65' title='bbox 933 952 1087 1024; x_wconf 91' lang='lat' dir='ltr'><strong>plura</strong></span> <span class='ocrx_word' id='word_1_66' title='bbox 1108 952 1415 1022; x_wconf 72' lang='lat' dir='ltr'><strong>iuramenta</strong></span> <span class='ocrx_word' id='word_1_67' title='bbox 1449 951 1646 1022; x_wconf 88' lang='lat' dir='ltr'><strong>priscis</strong></span> <span class='ocrx_word' id='word_1_68' title='bbox 1675 950 1871 1006; x_wconf 88' lang='lat' dir='ltr'><strong>iterum</strong></span> <span class='ocrx_word' id='word_1_69' title='bbox 1897 949 2106 1006; x_wconf 89' lang='lat' dir='ltr'><strong>insidiis</strong></span> <span class='ocrx_word' id='word_1_70' title='bbox 2133 948 2428 1015; x_wconf 87' lang='lat' dir='ltr'><strong>consensit,</strong></span> <span class='ocrx_word' id='word_1_71' title='bbox 2470 948 2613 1004; x_wconf 89' lang='lat' dir='ltr'><strong>unde</strong></span> <span class='ocrx_word' id='word_1_72' title='bbox 2656 945 2905 1002; x_wconf 89' lang='lat' dir='ltr'><strong>ﬁdelibus</strong></span> <span class='ocrx_word' id='word_1_73' title='bbox 2934 943 3137 1001; x_wconf 82' lang='lat' dir='ltr'><strong>Christi</strong></span> <span class='ocrx_word' id='word_1_74' title='bbox 3159 941 3393 1000; x_wconf 86' lang='lat' dir='ltr'><strong>salubris</strong></span> 
     </span>
    </p>
   </div>
   <div class='ocr_carea' id='block_1_8' title="bbox 632 1038 3393 1118">
    <p class='ocr_par' dir='ltr' id='par_1_8' title="bbox 632 1038 3393 1118">
     <span class='ocr_line' id='line_1_8' title="bbox 632 1038 3393 1118; baseline -0.005 -14"><span class='ocrx_word' id='word_1_75' title='bbox 632 1049 950 1118; x_wconf 89' lang='lat' dir='ltr'><strong>providetur</strong></span> <span class='ocrx_word' id='word_1_76' title='bbox 972 1051 1219 1114; x_wconf 83' lang='lat' dir='ltr'><strong>refectio,</strong></span> <span class='ocrx_word' id='word_1_77' title='bbox 1250 1049 1378 1106; x_wconf 87' lang='lat' dir='ltr'><strong>inde</strong></span> <span class='ocrx_word' id='word_1_78' title='bbox 1405 1048 1481 1103; x_wconf 90' lang='lat' dir='ltr'><strong>illi</strong></span> <span class='ocrx_word' id='word_1_79' title='bbox 1514 1045 1660 1116; x_wconf 86' lang='lat' dir='ltr'><strong>justa</strong></span> <span class='ocrx_word' id='word_1_80' title='bbox 1702 1062 1802 1118; x_wconf 90' lang='lat' dir='ltr'><strong>pro</strong></span> <span class='ocrx_word' id='word_1_81' title='bbox 1850 1046 2036 1118; x_wconf 84' lang='lat' dir='ltr'><strong>pravis</strong></span> <span class='ocrx_word' id='word_1_82' title='bbox 2082 1045 2197 1101; x_wconf 86' lang='lat' dir='ltr'><strong>suis</strong></span> <span class='ocrx_word' id='word_1_83' title='bbox 2234 1043 2446 1100; x_wconf 88' lang='lat' dir='ltr'><strong>meritis</strong></span> <span class='ocrx_word' id='word_1_84' title='bbox 2485 1044 2636 1099; x_wconf 85' lang='lat' dir='ltr'><strong>venit</strong></span> <span class='ocrx_word' id='word_1_85' title='bbox 2663 1040 2992 1097; x_wconf 86' lang='lat' dir='ltr'><strong>interfectio.</strong></span> <span class='ocrx_word' id='word_1_86' title='bbox 3015 1038 3219 1094; x_wconf 82' lang='lat' dir='ltr'><strong>Eodem</strong></span> <span class='ocrx_word' id='word_1_87' title='bbox 3247 1048 3393 1091; x_wconf 82' lang='lat' dir='ltr'><strong>anno</strong></span> 
     </span>
    </p>
   </div>
   <div class='ocr_carea' id='block_1_9' title="bbox 637 1132 2698 1218">
    <p class='ocr_par' dir='ltr' id='par_1_9' title="bbox 637 1132 2698 1218">
     <span class='ocr_line' id='line_1_9' title="bbox 637 1132 2698 1218; baseline -0.003 -18"><span class='ocrx_word' id='word_1_88' title='bbox 637 1146 981 1204; x_wconf 89' lang='lat' dir='ltr'><strong>Tbietmarus</strong></span> <span class='ocrx_word' id='word_1_89' title='bbox 1012 1146 1308 1204; x_wconf 85' lang='lat' dir='ltr'><strong>Vardensis</strong></span> <span class='ocrx_word' id='word_1_90' title='bbox 1328 1132 1614 1218; x_wconf 87' lang='lat' dir='ltr'><strong>episcopus</strong></span> <span class='ocrx_word' id='word_1_91' title='bbox 1644 1145 1695 1200; x_wconf 89' lang='lat'><strong>7.</strong></span> <span class='ocrx_word' id='word_1_92' title='bbox 1723 1143 1849 1203; x_wconf 84' lang='lat' dir='ltr'><strong>Kal.</strong></span> <span class='ocrx_word' id='word_1_93' title='bbox 1876 1142 2003 1199; x_wconf 85' lang='lat' dir='ltr'><strong>Julii</strong></span> <span class='ocrx_word' id='word_1_94' title='bbox 2030 1142 2098 1198; x_wconf 90' lang='lat' dir='ltr'><strong>ad</strong></span> <span class='ocrx_word' id='word_1_95' title='bbox 2118 1141 2394 1198; x_wconf 86' lang='lat' dir='ltr'><strong>Christum</strong></span> <span class='ocrx_word' id='word_1_96' title='bbox 2420 1139 2698 1212; x_wconf 81' lang='lat' dir='ltr'><strong>migravit.</strong></span> 
     </span>
    </p>
   </div>
   <div class='ocr_carea' id='block_1_10' title="bbox 703 1234 3396 1317">
    <p class='ocr_par' dir='ltr' id='par_1_10' title="bbox 703 1234 3396 1317">
     <span class='ocr_line' id='line_1_10' title="bbox 703 1234 3396 1317; baseline -0.002 -20"><span class='ocrx_word' id='word_1_97' title='bbox 703 1242 854 1317; x_wconf 78' lang='lat'><strong>(363)</strong></span> <span class='ocrx_word' id='word_1_98' title='bbox 878 1244 1006 1301; x_wconf 87' lang='lat' dir='ltr'><strong>Post</strong></span> <span class='ocrx_word' id='word_1_99' title='bbox 1050 1258 1209 1314; x_wconf 89' lang='lat' dir='ltr'><strong>quem</strong></span> <span class='ocrx_word' id='word_1_100' title='bbox 1255 1243 1460 1310; x_wconf 91' lang='lat' dir='ltr'><strong>Bruno,</strong></span> <span class='ocrx_word' id='word_1_101' title='bbox 1508 1240 1680 1299; x_wconf 88' lang='lat' dir='ltr'><strong>frater</strong></span> <span class='ocrx_word' id='word_1_102' title='bbox 1711 1240 1974 1298; x_wconf 88' lang='lat' dir='ltr'><strong>Friderici</strong></span> <span class='ocrx_word' id='word_1_103' title='bbox 2020 1242 2258 1309; x_wconf 92' lang='lat' dir='ltr'><strong>comitis,</strong></span> <span class='ocrx_word' id='word_1_104' title='bbox 2284 1238 2714 1311; x_wconf 87' lang='lat' dir='ltr'><strong>Nienburgensis</strong></span> <span class='ocrx_word' id='word_1_105' title='bbox 2764 1245 2819 1295; x_wconf 90' lang='lat' dir='ltr'><strong>et</strong></span> <span class='ocrx_word' id='word_1_106' title='bbox 2843 1234 3396 1311; x_wconf 80' lang='lat' dir='ltr'><strong>Maegetheburgensis</strong></span> 
     </span>
    </p>
   </div>
   <div class='ocr_carea' id='block_1_11' title="bbox 634 1333 3395 1411">
    <p class='ocr_par' dir='ltr' id='par_1_11' title="bbox 634 1333 3395 1411">
     <span class='ocr_line' id='line_1_11' title="bbox 634 1333 3395 1411; baseline -0.002 -17"><span class='ocrx_word' id='word_1_107' title='bbox 634 1339 805 1396; x_wconf 82' lang='lat' dir='ltr'><strong>abbas</strong></span> <span class='ocrx_word' id='word_1_108' title='bbox 826 1340 1174 1397; x_wconf 88' lang='lat' dir='ltr'><strong>subintravit.</strong></span> <span class='ocrx_word' id='word_1_109' title='bbox 1205 1340 1397 1398; x_wconf 83' lang='lat' dir='ltr'><strong>Eidem</strong></span> <span class='ocrx_word' id='word_1_110' title='bbox 1425 1354 1556 1396; x_wconf 88' lang='lat' dir='ltr'><strong>vero</strong></span> <span class='ocrx_word' id='word_1_111' title='bbox 1579 1339 1818 1395; x_wconf 90' lang='lat' dir='ltr'><strong>Brunoni</strong></span> <span class='ocrx_word' id='word_1_112' title='bbox 1841 1339 1895 1393; x_wconf 93' lang='lat' dir='ltr'><strong>in</strong></span> <span class='ocrx_word' id='word_1_113' title='bbox 1932 1338 2204 1411; x_wconf 75' lang='lat' dir='ltr'><strong>Nie’nburg</strong></span> <span class='ocrx_word' id='word_1_114' title='bbox 2231 1338 2512 1394; x_wconf 81' lang='lat' dir='ltr'><strong>Albwinus</strong></span> <span class='ocrx_word' id='word_1_115' title='bbox 2552 1339 2606 1393; x_wconf 91' lang='lat' dir='ltr'><strong>in</strong></span> <span class='ocrx_word' id='word_1_116' title='bbox 2647 1335 3025 1408; x_wconf 88' lang='lat' dir='ltr'><strong>philosophica</strong></span> <span class='ocrx_word' id='word_1_117' title='bbox 3063 1342 3183 1390; x_wconf 84' lang='lat' dir='ltr'><strong>arte</strong></span> <span class='ocrx_word' id='word_1_118' title='bbox 3210 1333 3395 1391; x_wconf 86' lang='lat' dir='ltr'><strong>erudi-</strong></span> 
     </span>
    </p>
   </div>
   <div class='ocr_carea' id='block_1_12' title="bbox 634 1431 3397 1506">
    <p class='ocr_par' dir='ltr' id='par_1_12' title="bbox 634 1431 3397 1506">
     <span class='ocr_line' id='line_1_12' title="bbox 634 1431 3397 1506; baseline -0.001 -18"><span class='ocrx_word' id='word_1_119' title='bbox 634 1432 899 1499; x_wconf 87' lang='lat' dir='ltr'><strong>tissimus,</strong></span> <span class='ocrx_word' id='word_1_120' title='bbox 926 1432 1213 1490; x_wconf 70' lang='lat' dir='ltr'><strong>Herfeldia:</strong></span> <span class='ocrx_word' id='word_1_121' title='bbox 1231 1435 1576 1506; x_wconf 69' lang='lat' dir='ltr'><strong>praepositus,</strong></span> <span class='ocrx_word' id='word_1_122' title='bbox 1604 1434 1696 1506; x_wconf 91' lang='lat' dir='ltr'><strong>qui</strong></span> <span class='ocrx_word' id='word_1_123' title='bbox 1725 1432 1826 1490; x_wconf 86' lang='lat' dir='ltr'><strong>fuit</strong></span> <span class='ocrx_word' id='word_1_124' title='bbox 1847 1434 2043 1491; x_wconf 89' lang='lat' dir='ltr'><strong>ibidem</strong></span> <span class='ocrx_word' id='word_1_125' title='bbox 2074 1444 2235 1492; x_wconf 84' lang='lat' dir='ltr'><strong>antea</strong></span> <span class='ocrx_word' id='word_1_126' title='bbox 2262 1434 2424 1491; x_wconf 81' lang='lat' dir='ltr'><strong>scolae</strong></span> <span class='ocrx_word' id='word_1_127' title='bbox 2450 1434 2710 1506; x_wconf 80' lang='lat' dir='ltr'><strong>magister</strong></span> <span class='ocrx_word' id='word_1_128' title='bbox 2736 1431 3151 1495; x_wconf 88' lang='lat' dir='ltr'><strong>famosissimus,</strong></span> <span class='ocrx_word' id='word_1_129' title='bbox 3176 1444 3397 1488; x_wconf 89' lang='lat' dir='ltr'><strong>succes-</strong></span> 
     </span>
    </p>
   </div>
   <div class='ocr_carea' id='block_1_13' title="bbox 640 1525 3395 1601">
    <p class='ocr_par' dir='ltr' id='par_1_13' title="bbox 640 1525 3395 1601">
     <span class='ocr_line' id='line_1_13' title="bbox 640 1525 3395 1601; baseline 0 -19"><span class='ocrx_word' id='word_1_130' title='bbox 640 1525 730 1582; x_wconf 88' lang='lat' dir='ltr'><strong>sit.</strong></span> <span class='ocrx_word' id='word_1_131' title='bbox 771 1526 830 1582; x_wconf 89' lang='lat' dir='ltr'><strong>ln</strong></span> <span class='ocrx_word' id='word_1_132' title='bbox 870 1527 1267 1601; x_wconf 70' lang='lat' dir='ltr'><strong>Mtegetheburg</strong></span> <span class='ocrx_word' id='word_1_133' title='bbox 1287 1538 1466 1585; x_wconf 90' lang='lat' dir='ltr'><strong>autem</strong></span> <span class='ocrx_word' id='word_1_134' title='bbox 1494 1529 1668 1585; x_wconf 82' lang='lat' dir='ltr'><strong>Sidaec</strong></span> <span class='ocrx_word' id='word_1_135' title='bbox 1707 1529 1777 1585; x_wconf 91' lang='lat' dir='ltr'><strong>de</strong></span> <span class='ocrx_word' id='word_1_136' title='bbox 1824 1531 2015 1587; x_wconf 88' lang='lat' dir='ltr'><strong>eadem</strong></span> <span class='ocrx_word' id='word_1_137' title='bbox 2048 1529 2279 1588; x_wconf 89' lang='lat' dir='ltr'><strong>ecclesia</strong></span> <span class='ocrx_word' id='word_1_138' title='bbox 2321 1530 2529 1586; x_wconf 83' lang='lat' dir='ltr'><strong>electus</strong></span> <span class='ocrx_word' id='word_1_139' title='bbox 2573 1529 2939 1587; x_wconf 90' lang='lat' dir='ltr'><strong>substituitur.</strong></span> <span class='ocrx_word' id='word_1_140' title='bbox 2989 1529 3191 1584; x_wconf 87' lang='lat' dir='ltr'><strong>Eodem</strong></span> <span class='ocrx_word' id='word_1_141' title='bbox 3250 1541 3395 1582; x_wconf 91' lang='lat' dir='ltr'><strong>anno</strong></span> 
     </span>
    </p>
   </div>
   <div class='ocr_carea' id='block_1_14' title="bbox 633 1620 3395 1700">
    <p class='ocr_par' dir='ltr' id='par_1_14' title="bbox 633 1620 3395 1700">
     <span class='ocr_line' id='line_1_14' title="bbox 633 1620 3395 1700; baseline 0.001 -24"><span class='ocrx_word' id='word_1_142' title='bbox 633 1620 957 1680; x_wconf 84' lang='lat' dir='ltr'><strong>Thiedrieus</strong></span> <span class='ocrx_word' id='word_1_143' title='bbox 978 1639 1160 1681; x_wconf 89' lang='lat' dir='ltr'><strong>comes</strong></span> <span class='ocrx_word' id='word_1_144' title='bbox 1182 1624 1538 1682; x_wconf 89' lang='lat' dir='ltr'><strong>Orientalium</strong></span> <span class='ocrx_word' id='word_1_145' title='bbox 1565 1641 1595 1681; x_wconf 90' lang='lat' dir='ltr'><strong>a</strong></span> <span class='ocrx_word' id='word_1_146' title='bbox 1628 1627 1895 1683; x_wconf 84' lang='lat' dir='ltr'><strong>militibus</strong></span> <span class='ocrx_word' id='word_1_147' title='bbox 1929 1626 2246 1700; x_wconf 66' lang='lat' dir='ltr'><strong>Eggihardi</strong></span> <span class='ocrx_word' id='word_1_148' title='bbox 2271 1627 2601 1684; x_wconf 84' lang='lat' dir='ltr'><strong>marchionis</strong></span> <span class='ocrx_word' id='word_1_149' title='bbox 2641 1627 2697 1683; x_wconf 89' lang='lat' dir='ltr'><strong>in</strong></span> <span class='ocrx_word' id='word_1_150' title='bbox 2749 1628 2968 1699; x_wconf 88' lang='lat' dir='ltr'><strong>proprio</strong></span> <span class='ocrx_word' id='word_1_151' title='bbox 2989 1623 3239 1682; x_wconf 89' lang='lat' dir='ltr'><strong>cubiculo</strong></span> <span class='ocrx_word' id='word_1_152' title='bbox 3266 1622 3395 1680; x_wconf 78' lang='lat' dir='ltr'><strong>ﬁcta</strong></span> 
     </span>
    </p>
   </div>
   <div class='ocr_carea' id='block_1_15' title="bbox 634 1718 3396 1794">
    <p class='ocr_par' dir='ltr' id='par_1_15' title="bbox 634 1718 3396 1794">
     <span class='ocr_line' id='line_1_15' title="bbox 634 1718 3396 1794; baseline 0 -21"><span class='ocrx_word' id='word_1_153' title='bbox 634 1719 960 1776; x_wconf 86' lang='lat' dir='ltr'><strong>salutatione</strong></span> <span class='ocrx_word' id='word_1_154' title='bbox 986 1721 1415 1788; x_wconf 79' lang='lat' dir='ltr'><strong>circumventus,</strong></span> <span class='ocrx_word' id='word_1_155' title='bbox 1446 1721 1501 1778; x_wconf 89' lang='lat' dir='ltr'><strong>in</strong></span> <span class='ocrx_word' id='word_1_156' title='bbox 1533 1723 1655 1779; x_wconf 90' lang='lat' dir='ltr'><strong>dolo</strong></span> <span class='ocrx_word' id='word_1_157' title='bbox 1697 1725 1782 1778; x_wconf 74' lang='lat'><strong>1&#39;5.</strong></span> <span class='ocrx_word' id='word_1_158' title='bbox 1808 1723 1926 1779; x_wconf 89' lang='lat' dir='ltr'><strong>Kal.</strong></span> <span class='ocrx_word' id='word_1_159' title='bbox 1961 1724 2274 1780; x_wconf 90' lang='lat' dir='ltr'><strong>Decembris</strong></span> <span class='ocrx_word' id='word_1_160' title='bbox 2312 1723 2602 1780; x_wconf 89' lang='lat' dir='ltr'><strong>occiditur.</strong></span> <span class='ocrx_word' id='word_1_161' title='bbox 2631 1723 2798 1794; x_wconf 81' lang='lat' dir='ltr'><strong>Cujus</strong></span> <span class='ocrx_word' id='word_1_162' title='bbox 2821 1722 3139 1794; x_wconf 88' lang='lat' dir='ltr'><strong>dignitatem</strong></span> <span class='ocrx_word' id='word_1_163' title='bbox 3171 1718 3396 1776; x_wconf 86' lang='lat' dir='ltr'><strong>honoris</strong></span> 
     </span>
    </p>
   </div>
   <div class='ocr_carea' id='block_1_16' title="bbox 635 1816 3405 1895">
    <p class='ocr_par' dir='ltr' id='par_1_16' title="bbox 635 1816 3405 1895">
     <span class='ocr_line' id='line_1_16' title="bbox 635 1816 3405 1895; baseline 0 -20"><span class='ocrx_word' id='word_1_164' title='bbox 635 1819 805 1885; x_wconf 76' lang='lat' dir='ltr'><strong>Dzedi,</strong></span> <span class='ocrx_word' id='word_1_165' title='bbox 836 1817 978 1877; x_wconf 86' lang='lat' dir='ltr'><strong>ﬁlius</strong></span> <span class='ocrx_word' id='word_1_166' title='bbox 1003 1816 1140 1888; x_wconf 79' lang='lat' dir='ltr'><strong>ejus,</strong></span> <span class='ocrx_word' id='word_1_167' title='bbox 1161 1820 1418 1887; x_wconf 91' lang='lat' dir='ltr'><strong>obtinuit,</strong></span> <span class='ocrx_word' id='word_1_168' title='bbox 1468 1821 1559 1892; x_wconf 89' lang='lat' dir='ltr'><strong>qui</strong></span> <span class='ocrx_word' id='word_1_169' title='bbox 1588 1830 1778 1892; x_wconf 88' lang='lat' dir='ltr'><strong>postea</strong></span> <span class='ocrx_word' id='word_1_170' title='bbox 1810 1823 2043 1888; x_wconf 70' lang='lat' dir='ltr'><strong>Oudam,</strong></span> <span class='ocrx_word' id='word_1_171' title='bbox 2075 1822 2392 1879; x_wconf 85' lang='lat' dir='ltr'><strong>Willibelmi</strong></span> <span class='ocrx_word' id='word_1_172' title='bbox 2415 1822 2778 1895; x_wconf 78' lang='lat' dir='ltr'><strong>Turingorum</strong></span> <span class='ocrx_word' id='word_1_173' title='bbox 2809 1822 3057 1892; x_wconf 83' lang='lat' dir='ltr'><strong>praetoris</strong></span> <span class='ocrx_word' id='word_1_174' title='bbox 3077 1821 3319 1887; x_wconf 89' lang='lat' dir='ltr'><strong>viduam,</strong></span> <span class='ocrx_word' id='word_1_175' title='bbox 3346 1820 3405 1876; x_wconf 87' lang='lat' dir='ltr'><strong>in</strong></span> 
     </span>
    </p>
   </div>
   <div class='ocr_carea' id='block_1_17' title="bbox 640 1913 3413 1989">
    <p class='ocr_par' dir='ltr' id='par_1_17' title="bbox 640 1913 3413 1989">
     <span class='ocr_line' id='line_1_17' title="bbox 640 1913 3413 1989; baseline -0.002 -16"><span class='ocrx_word' id='word_1_176' title='bbox 640 1913 951 1986; x_wconf 76' lang='lat' dir='ltr'><strong>coniugium</strong></span> <span class='ocrx_word' id='word_1_177' title='bbox 980 1917 1196 1972; x_wconf 87' lang='lat' dir='ltr'><strong>ascivit.</strong></span> <span class='ocrx_word' id='word_1_178' title='bbox 1224 1916 1370 1973; x_wconf 85' lang='lat' dir='ltr'><strong>Hezo</strong></span> <span class='ocrx_word' id='word_1_179' title='bbox 1401 1916 1679 1975; x_wconf 85' lang='lat' dir='ltr'><strong>Palatinus</strong></span> <span class='ocrx_word' id='word_1_180' title='bbox 1714 1935 1898 1977; x_wconf 88' lang='lat' dir='ltr'><strong>comes</strong></span> <span class='ocrx_word' id='word_1_181' title='bbox 1940 1934 1969 1973; x_wconf 88' lang='lat' dir='ltr'><strong>a</strong></span> <span class='ocrx_word' id='word_1_182' title='bbox 1997 1935 2094 1976; x_wconf 89' lang='lat' dir='ltr'><strong>sua</strong></span> <span class='ocrx_word' id='word_1_183' title='bbox 2126 1919 2427 1977; x_wconf 90' lang='lat' dir='ltr'><strong>concubina</strong></span> <span class='ocrx_word' id='word_1_184' title='bbox 2456 1919 2674 1974; x_wconf 85' lang='lat' dir='ltr'><strong>nomine</strong></span> <span class='ocrx_word' id='word_1_185' title='bbox 2705 1918 3034 1989; x_wconf 86' lang='lat' dir='ltr'><strong>Tiethburga</strong></span> <span class='ocrx_word' id='word_1_186' title='bbox 3062 1913 3258 1971; x_wconf 89' lang='lat' dir='ltr'><strong>veneni</strong></span> <span class='ocrx_word' id='word_1_187' title='bbox 3306 1928 3413 1985; x_wconf 77' lang='lat' dir='ltr'><strong>po—</strong></span> 
     </span>
    </p>
   </div>
   <div class='ocr_carea' id='block_1_18' title="bbox 637 2008 3404 2087">
    <p class='ocr_par' dir='ltr' id='par_1_18' title="bbox 637 2008 3404 2087">
     <span class='ocr_line' id='line_1_18' title="bbox 637 2008 3404 2087; baseline 0 -22"><span class='ocrx_word' id='word_1_188' title='bbox 637 2009 780 2075; x_wconf 89' lang='lat' dir='ltr'><strong>culo,</strong></span> <span class='ocrx_word' id='word_1_189' title='bbox 813 2017 872 2065; x_wconf 92' lang='lat' dir='ltr'><strong>ut</strong></span> <span class='ocrx_word' id='word_1_190' title='bbox 904 2008 1098 2078; x_wconf 88' lang='lat' dir='ltr'><strong>fertur,</strong></span> <span class='ocrx_word' id='word_1_191' title='bbox 1127 2010 1498 2080; x_wconf 87' lang='lat' dir='ltr'><strong>defraudatus,</strong></span> <span class='ocrx_word' id='word_1_192' title='bbox 1527 2014 1688 2085; x_wconf 84' lang='lat' dir='ltr'><strong>periit</strong></span> <span class='ocrx_word' id='word_1_193' title='bbox 1714 2013 1964 2071; x_wconf 81' lang='lat' dir='ltr'><strong>ﬂebiliter</strong></span> <span class='ocrx_word' id='word_1_194' title='bbox 1993 2025 2260 2081; x_wconf 88' lang='lat' dir='ltr'><strong>mortuus,</strong></span> <span class='ocrx_word' id='word_1_195' title='bbox 2296 2025 2352 2071; x_wconf 89' lang='lat' dir='ltr'><strong>et</strong></span> <span class='ocrx_word' id='word_1_196' title='bbox 2388 2016 2455 2070; x_wconf 88' lang='lat' dir='ltr'><strong>ad</strong></span> <span class='ocrx_word' id='word_1_197' title='bbox 2489 2016 2788 2087; x_wconf 84' lang='lat' dir='ltr'><strong>Augustam</strong></span> <span class='ocrx_word' id='word_1_198' title='bbox 2833 2022 3229 2083; x_wconf 73' lang='lat' dir='ltr'><strong>transportatus</strong></span> <span class='ocrx_word' id='word_1_199' title='bbox 3257 2019 3313 2067; x_wconf 92' lang='lat' dir='ltr'><strong>et</strong></span> <span class='ocrx_word' id='word_1_200' title='bbox 3349 2011 3404 2065; x_wconf 92' lang='lat' dir='ltr'><strong>in</strong></span> 
     </span>
    </p>
   </div>
   <div class='ocr_carea' id='block_1_19' title="bbox 634 2106 3402 2182">
    <p class='ocr_par' dir='ltr' id='par_1_19' title="bbox 634 2106 3402 2182">
     <span class='ocr_line' id='line_1_19' title="bbox 634 2106 3402 2182; baseline 0 -22"><span class='ocrx_word' id='word_1_201' title='bbox 634 2106 864 2162; x_wconf 87' lang='lat' dir='ltr'><strong>ecclesia</strong></span> <span class='ocrx_word' id='word_1_202' title='bbox 889 2107 1062 2165; x_wconf 85' lang='lat' dir='ltr'><strong>sancti</strong></span> <span class='ocrx_word' id='word_1_203' title='bbox 1102 2107 1506 2181; x_wconf 65' lang='lat' dir='ltr'><strong>Oudalriciest</strong></span> <span class='ocrx_word' id='word_1_204' title='bbox 1548 2110 1793 2181; x_wconf 88' lang='lat' dir='ltr'><strong>sepultus</strong></span> <span class='ocrx_word' id='word_1_205' title='bbox 1824 2111 1930 2182; x_wconf 72' lang='lat'><strong>_16.</strong></span> <span class='ocrx_word' id='word_1_206' title='bbox 1978 2110 2100 2166; x_wconf 85' lang='lat' dir='ltr'><strong>Kal.</strong></span> <span class='ocrx_word' id='word_1_207' title='bbox 2144 2109 2311 2166; x_wconf 84' lang='lat' dir='ltr'><strong>Junii.</strong></span> <span class='ocrx_word' id='word_1_208' title='bbox 2363 2110 2670 2166; x_wconf 82' lang='lat' dir='ltr'><strong>Ekberthus</strong></span> <span class='ocrx_word' id='word_1_209' title='bbox 2711 2124 2894 2165; x_wconf 81' lang='lat' dir='ltr'><strong>comes</strong></span> <span class='ocrx_word' id='word_1_210' title='bbox 2938 2107 2990 2162; x_wconf 85' lang='lat'><strong>5.</strong></span> <span class='ocrx_word' id='word_1_211' title='bbox 3024 2106 3144 2163; x_wconf 79' lang='lat' dir='ltr'><strong>Kal.</strong></span> <span class='ocrx_word' id='word_1_212' title='bbox 3186 2106 3402 2177; x_wconf 79' lang='lat' dir='ltr'><strong>Appril.</strong></span> 
     </span>
    </p>
   </div>
   <div class='ocr_carea' id='block_1_20' title="bbox 631 2200 787 2257">
    <p class='ocr_par' dir='ltr' id='par_1_20' title="bbox 631 2200 787 2257">
     <span class='ocr_line' id='line_1_20' title="bbox 631 2200 787 2257; baseline 0.006 -1"><span class='ocrx_word' id='word_1_213' title='bbox 631 2200 787 2257; x_wconf 89' lang='lat' dir='ltr'><strong>obiit.</strong></span> 
     </span>
    </p>
   </div>
   <div class='ocr_carea' id='block_1_21' title="bbox 706 2312 2263 2390">
    <p class='ocr_par' dir='ltr' id='par_1_21' title="bbox 706 2313 2212 2390">
     <span class='ocr_line' id='line_1_21' title="bbox 706 2313 2212 2390; baseline 0.007 -23"><span class='ocrx_word' id='word_1_214' title='bbox 706 2313 867 2373; x_wconf 79' lang='grc'><strong>1055.</strong></span> <span class='ocrx_word' id='word_1_215' title='bbox 910 2315 1020 2370; x_wconf 89' lang='lat' dir='ltr'><strong>ind.</strong></span> <span class='ocrx_word' id='word_1_216' title='bbox 1054 2316 1108 2371; x_wconf 86' lang='grc'><strong>5.</strong></span> <span class='ocrx_word' id='word_1_217' title='bbox 1147 2316 1507 2374; x_wconf 89' lang='lat' dir='ltr'><strong>Chounradus</strong></span> <span class='ocrx_word' id='word_1_218' title='bbox 1541 2319 1832 2390; x_wconf 86' lang='lat' dir='ltr'><strong>imperator</strong></span> <span class='ocrx_word' id='word_1_219' title='bbox 1877 2320 2212 2377; x_wconf 85' lang='lat' dir='ltr'><strong>nativitatem</strong></span> 
     </span>
    </p>
   </div>
   <div class='ocr_carea' id='block_1_22' title="bbox 2265 2312 3822 2390">
    <p class='ocr_par' dir='ltr' id='par_1_22' title="bbox 2388 2312 3822 2386">
     <span class='ocr_line' id='line_1_22' title="bbox 2388 2312 3822 2386; baseline -0.011 -7"><span class='ocrx_word' id='word_1_220' title='bbox 2388 2322 2547 2379; x_wconf 80' lang='grc'><strong>1055.</strong></span> <span class='ocrx_word' id='word_1_221' title='bbox 2600 2322 2884 2386; x_wconf 72' lang='grc' dir='ltr'><strong>Βοιιιιιΐυς,</strong></span> <span class='ocrx_word' id='word_1_222' title='bbox 2937 2320 3105 2375; x_wconf 84' lang='lat' dir='ltr'><strong>abbas</strong></span> <span class='ocrx_word' id='word_1_223' title='bbox 3150 2314 3559 2379; x_wconf 78' lang='lat' dir='ltr'><strong>llerveldeusis,</strong></span> <span class='ocrx_word' id='word_1_224' title='bbox 3609 2312 3822 2370; x_wconf 77' lang='lat' dir='ltr'><strong>ordinatur</strong></span> 
     </span>
    </p>
   </div>
   <div class='ocr_carea' id='block_1_23' title="bbox 635 2400 3820 2486">
    <p class='ocr_par' dir='ltr' id='par_1_23' title="bbox 635 2400 3820 2486">
     <span class='ocr_line' id='line_1_23' title="bbox 635 2400 3820 2486; baseline -0.001 -29"><span class='ocrx_word' id='word_1_225' title='bbox 635 2400 834 2460; x_wconf 89' lang='lat' dir='ltr'><strong>Christi</strong></span> <span class='ocrx_word' id='word_1_226' title='bbox 878 2419 1003 2459; x_wconf 91' lang='lat' dir='ltr'><strong>cum</strong></span> <span class='ocrx_word' id='word_1_227' title='bbox 1059 2406 1439 2463; x_wconf 87' lang='lat' dir='ltr'><strong>decentissima</strong></span> <span class='ocrx_word' id='word_1_228' title='bbox 1507 2422 1727 2463; x_wconf 89' lang='lat' dir='ltr'><strong>suorum</strong></span> <span class='ocrx_word' id='word_1_229' title='bbox 1779 2406 2215 2480; x_wconf 82' lang='lat' dir='ltr'><strong>frequentatione</strong></span> <span class='ocrx_word' id='word_1_230' title='bbox 2316 2414 2604 2486; x_wconf 86' lang='lat' dir='ltr'><strong>episcopus</strong></span> <span class='ocrx_word' id='word_1_231' title='bbox 2642 2411 3088 2468; x_wconf 73' lang='lat' dir='ltr'><strong>Podelbrunnon&#39;</strong></span> <span class='ocrx_word' id='word_1_232' title='bbox 3137 2407 3225 2464; x_wconf 88' lang='lat' dir='ltr'><strong>cui</strong></span> <span class='ocrx_word' id='word_1_233' title='bbox 3258 2404 3622 2477; x_wconf 75' lang='lat' dir='ltr'><strong>Megiuherus,</strong></span> <span class='ocrx_word' id='word_1_234' title='bbox 3651 2403 3721 2458; x_wconf 75' lang='lat' dir='ltr'><strong>vir</strong></span> <span class='ocrx_word' id='word_1_235' title='bbox 3757 2416 3820 2455; x_wconf 77' lang='lat' dir='ltr'><strong>ve-</strong></span> 
     </span>
    </p>
   </div>
   <div class='ocr_carea' id='block_1_24' title="bbox 636 2491 2914 2572">
    <p class='ocr_par' dir='ltr' id='par_1_24' title="bbox 636 2491 2914 2572">
     <span class='ocr_line' id='line_1_24' title="bbox 636 2491 2914 2572; baseline 0.003 -23"><span class='ocrx_word' id='word_1_236' title='bbox 636 2491 864 2550; x_wconf 87' lang='lat' dir='ltr'><strong>Coslare</strong></span> <span class='ocrx_word' id='word_1_237' title='bbox 900 2495 1230 2562; x_wconf 76' lang='lat' dir='ltr'><strong>celebravit;</strong></span> <span class='ocrx_word' id='word_1_238' title='bbox 1271 2512 1378 2567; x_wconf 91' lang='lat' dir='ltr'><strong>quo</strong></span> <span class='ocrx_word' id='word_1_239' title='bbox 1423 2498 1491 2553; x_wconf 88' lang='lat' dir='ltr'><strong>ad</strong></span> <span class='ocrx_word' id='word_1_240' title='bbox 1544 2513 1667 2553; x_wconf 89' lang='lat' dir='ltr'><strong>eum</strong></span> <span class='ocrx_word' id='word_1_241' title='bbox 1709 2500 2047 2556; x_wconf 88' lang='lat' dir='ltr'><strong>diversarum</strong></span> <span class='ocrx_word' id='word_1_242' title='bbox 2086 2516 2216 2572; x_wconf 84' lang='lat' dir='ltr'><strong>gen-</strong></span> <span class='ocrx_word' id='word_1_243' title='bbox 2317 2504 2595 2570; x_wconf 89' lang='lat' dir='ltr'><strong>nerabilis,</strong></span> <span class='ocrx_word' id='word_1_244' title='bbox 2628 2503 2914 2561; x_wconf 81' lang='lat' dir='ltr'><strong>successit.</strong></span> 
     </span>
    </p>
   </div>
   <div class='ocr_carea' id='block_1_25' title="bbox 636 2586 2213 2665">
    <p class='ocr_par' dir='ltr' id='par_1_25' title="bbox 636 2586 2213 2665">
     <span class='ocr_line' id='line_1_25' title="bbox 636 2586 2213 2665; baseline 0.005 -24"><span class='ocrx_word' id='word_1_245' title='bbox 636 2586 773 2641; x_wconf 93' lang='lat' dir='ltr'><strong>tium</strong></span> <span class='ocrx_word' id='word_1_246' title='bbox 801 2586 1106 2657; x_wconf 84' lang='lat' dir='ltr'><strong>legaticum</strong></span> <span class='ocrx_word' id='word_1_247' title='bbox 1141 2592 1462 2648; x_wconf 86' lang='lat' dir='ltr'><strong>muneribus</strong></span> <span class='ocrx_word' id='word_1_248' title='bbox 1494 2604 1898 2657; x_wconf 87' lang='lat' dir='ltr'><strong>convenerunt;</strong></span> <span class='ocrx_word' id='word_1_249' title='bbox 1939 2595 2031 2665; x_wconf 88' lang='lat' dir='ltr'><strong>qui</strong></span> <span class='ocrx_word' id='word_1_250' title='bbox 2072 2594 2213 2659; x_wconf 85' lang='lat' dir='ltr'><strong>inde,</strong></span> 
     </span>
    </p>
   </div>
   <div class='ocr_carea' id='block_1_26' title="bbox 635 2669 3408 2755">
    <p class='ocr_par' dir='ltr' id='par_1_26' title="bbox 635 2669 3408 2755">
     <span class='ocr_line' id='line_1_26' title="bbox 635 2669 3408 2755; baseline -0.004 -21"><span class='ocrx_word' id='word_1_251' title='bbox 635 2687 699 2734; x_wconf 87' lang='lat' dir='ltr'><strong>ut</strong></span> <span class='ocrx_word' id='word_1_252' title='bbox 723 2679 1127 2750; x_wconf 87' lang='lat' dir='ltr'><strong>imperatoriam</strong></span> <span class='ocrx_word' id='word_1_253' title='bbox 1157 2680 1498 2751; x_wconf 74' lang='lat' dir='ltr'><strong>maiestatem</strong></span> <span class='ocrx_word' id='word_1_254' title='bbox 1539 2687 1829 2755; x_wconf 88' lang='lat' dir='ltr'><strong>oportebat</strong></span> <span class='ocrx_word' id='word_1_255' title='bbox 1866 2685 2218 2751; x_wconf 89' lang='lat' dir='ltr'><strong>remunerati,</strong></span> <span class='ocrx_word' id='word_1_256' title='bbox 2250 2682 2522 2739; x_wconf 88' lang='lat' dir='ltr'><strong>abierunt.</strong></span> <span class='ocrx_word' id='word_1_257' title='bbox 2559 2681 2659 2738; x_wconf 87' lang='lat' dir='ltr'><strong>Ubi</strong></span> <span class='ocrx_word' id='word_1_258' title='bbox 2690 2678 2858 2735; x_wconf 90' lang='lat' dir='ltr'><strong>etiam</strong></span> <span class='ocrx_word' id='word_1_259' title='bbox 2897 2669 3158 2749; x_wconf 81' lang='lat' dir='ltr'><strong>praedicto</strong></span> <span class='ocrx_word' id='word_1_260' title='bbox 3200 2670 3408 2726; x_wconf 90' lang='lat' dir='ltr'><strong>domno</strong></span> 
     </span>
    </p>
   </div>
   <div class='ocr_carea' id='block_1_27' title="bbox 641 2765 3405 2850">
    <p class='ocr_par' dir='ltr' id='par_1_27' title="bbox 641 2765 3405 2850">
     <span class='ocr_line' id='line_1_27' title="bbox 641 2765 3405 2850; baseline -0.002 -25"><span class='ocrx_word' id='word_1_261' title='bbox 641 2770 892 2843; x_wconf 83' lang='lat' dir='ltr'><strong>Albvvino</strong></span> <span class='ocrx_word' id='word_1_262' title='bbox 919 2776 1152 2832; x_wconf 67' lang='lat' dir='ltr'><strong>abbatis:</strong></span> <span class='ocrx_word' id='word_1_263' title='bbox 1173 2777 1490 2849; x_wconf 89' lang='lat' dir='ltr'><strong>dignitatem</strong></span> <span class='ocrx_word' id='word_1_264' title='bbox 1520 2780 1571 2834; x_wconf 93' lang='lat' dir='ltr'><strong>in</strong></span> <span class='ocrx_word' id='word_1_265' title='bbox 1600 2780 1732 2850; x_wconf 90' lang='lat' dir='ltr'><strong>ipsis</strong></span> <span class='ocrx_word' id='word_1_266' title='bbox 1754 2780 1874 2836; x_wconf 86' lang='lat' dir='ltr'><strong>Kal.</strong></span> <span class='ocrx_word' id='word_1_267' title='bbox 1899 2780 2146 2838; x_wconf 81' lang='lat' dir='ltr'><strong>Januarii</strong></span> <span class='ocrx_word' id='word_1_268' title='bbox 2170 2778 2589 2838; x_wconf 86' lang='lat' dir='ltr'><strong>commendavit.</strong></span> <span class='ocrx_word' id='word_1_269' title='bbox 2629 2777 2698 2831; x_wconf 84' lang='lat' dir='ltr'><strong>Et</strong></span> <span class='ocrx_word' id='word_1_270' title='bbox 2734 2772 3123 2832; x_wconf 83' lang='lat' dir='ltr'><strong>Chuonradum</strong></span> <span class='ocrx_word' id='word_1_271' title='bbox 3156 2765 3405 2823; x_wconf 79' lang='lat' dir='ltr'><strong>Alberici</strong></span> 
     </span>
    </p>
   </div>
   <div class='ocr_carea' id='block_1_28' title="bbox 642 2863 3410 2947">
    <p class='ocr_par' dir='ltr' id='par_1_28' title="bbox 642 2863 3410 2947">
     <span class='ocr_line' id='line_1_28' title="bbox 642 2863 3410 2947; baseline -0 -27"><span class='ocrx_word' id='word_1_272' title='bbox 642 2866 812 2923; x_wconf 87' lang='lat' dir='ltr'><strong>ﬁlium</strong></span> <span class='ocrx_word' id='word_1_273' title='bbox 839 2869 1002 2926; x_wconf 80' lang='lat' dir='ltr'><strong>exilio</strong></span> <span class='ocrx_word' id='word_1_274' title='bbox 1029 2887 1178 2927; x_wconf 85' lang='lat' dir='ltr'><strong>reum</strong></span> <span class='ocrx_word' id='word_1_275' title='bbox 1209 2873 1509 2944; x_wconf 87' lang='lat' dir='ltr'><strong>majestatis</strong></span> <span class='ocrx_word' id='word_1_276' title='bbox 1535 2875 1832 2946; x_wconf 78' lang='lat' dir='ltr'><strong>deputavit.</strong></span> <span class='ocrx_word' id='word_1_277' title='bbox 1876 2875 2141 2947; x_wconf 82' lang='lat' dir='ltr'><strong>Tempore</strong></span> <span class='ocrx_word' id='word_1_278' title='bbox 2174 2866 2629 2947; x_wconf 83' lang='lat' dir='ltr'><strong>quadragesitnali</strong></span> <span class='ocrx_word' id='word_1_279' title='bbox 2655 2871 2783 2927; x_wconf 85' lang='lat' dir='ltr'><strong>urbs</strong></span> <span class='ocrx_word' id='word_1_280' title='bbox 2825 2864 3055 2926; x_wconf 86' lang='lat' dir='ltr'><strong>Wirbiui</strong></span> <span class='ocrx_word' id='word_1_281' title='bbox 3094 2882 3124 2921; x_wconf 89' lang='lat' dir='ltr'><strong>a</strong></span> <span class='ocrx_word' id='word_1_282' title='bbox 3153 2863 3410 2920; x_wconf 84' lang='lat' dir='ltr'><strong>Luitiziis</strong></span> 
     </span>
    </p>
   </div>
   <div class='ocr_carea' id='block_1_29' title="bbox 646 2963 3406 3043">
    <p class='ocr_par' dir='ltr' id='par_1_29' title="bbox 646 2963 3406 3043">
     <span class='ocr_line' id='line_1_29' title="bbox 646 2963 3406 3043; baseline 0.001 -28"><span class='ocrx_word' id='word_1_283' title='bbox 646 2963 880 3031; x_wconf 83' lang='lat' dir='ltr'><strong>capitur,</strong></span> <span class='ocrx_word' id='word_1_284' title='bbox 905 2973 961 3021; x_wconf 89' lang='lat' dir='ltr'><strong>et</strong></span> <span class='ocrx_word' id='word_1_285' title='bbox 984 2968 1291 3035; x_wconf 73' lang='lat' dir='ltr'><strong>prmsidium</strong></span> <span class='ocrx_word' id='word_1_286' title='bbox 1317 2969 1465 3025; x_wconf 81' lang='lat' dir='ltr'><strong>Daedi</strong></span> <span class='ocrx_word' id='word_1_287' title='bbox 1487 2972 1701 3028; x_wconf 84' lang='lat' dir='ltr'><strong>comitis</strong></span> <span class='ocrx_word' id='word_1_288' title='bbox 1728 2972 1999 3043; x_wconf 88' lang='lat' dir='ltr'><strong>captivum</strong></span> <span class='ocrx_word' id='word_1_289' title='bbox 2017 2971 2640 3029; x_wconf 87' lang='lat' dir='ltr'><strong>diducitur..lncendium</strong></span> <span class='ocrx_word' id='word_1_290' title='bbox 2673 2965 2997 3040; x_wconf 87' lang='lat' dir='ltr'><strong>Degarensis</strong></span> <span class='ocrx_word' id='word_1_291' title='bbox 3026 2963 3177 3036; x_wconf 71' lang='grc'><strong>(564)</strong></span> <span class='ocrx_word' id='word_1_292' title='bbox 3208 2977 3406 3018; x_wconf 70' lang='grc' dir='ltr'><strong>ωοηειο</strong></span> 
     </span>
    </p>
   </div>
   <div class='ocr_carea' id='block_1_30' title="bbox 651 3057 3382 3136">
    <p class='ocr_par' dir='ltr' id='par_1_30' title="bbox 651 3057 3382 3136">
     <span class='ocr_line' id='line_1_30' title="bbox 651 3057 3382 3136; baseline 0.001 -25"><span class='ocrx_word' id='word_1_293' title='bbox 651 3057 806 3112; x_wconf 65' lang='lat' dir='ltr'><strong>nterii</strong></span> <span class='ocrx_word' id='word_1_294' title='bbox 834 3058 889 3114; x_wconf 85' lang='lat'><strong>5.</strong></span> <span class='ocrx_word' id='word_1_295' title='bbox 921 3058 1040 3114; x_wconf 85' lang='lat' dir='ltr'><strong>Kal.</strong></span> <span class='ocrx_word' id='word_1_296' title='bbox 1079 3061 1285 3119; x_wconf 84' lang='lat' dir='ltr'><strong>Marcii.</strong></span> <span class='ocrx_word' id='word_1_297' title='bbox 1327 3063 1631 3135; x_wconf 84' lang='lat' dir='ltr'><strong>Imperator</strong></span> <span class='ocrx_word' id='word_1_298' title='bbox 1670 3067 1867 3136; x_wconf 87' lang='lat' dir='ltr'><strong>pascha</strong></span> <span class='ocrx_word' id='word_1_299' title='bbox 1902 3067 2285 3124; x_wconf 85' lang='lat' dir='ltr'><strong>Paderbrunue</strong></span> <span class='ocrx_word' id='word_1_300' title='bbox 2302 3067 2560 3133; x_wconf 84' lang='lat' dir='ltr'><strong>feriavit;</strong></span> <span class='ocrx_word' id='word_1_301' title='bbox 2599 3064 2976 3121; x_wconf 86' lang='lat' dir='ltr'><strong>ascensionem</strong></span> <span class='ocrx_word' id='word_1_302' title='bbox 3017 3058 3233 3117; x_wconf 87' lang='lat' dir='ltr'><strong>Domini</strong></span> <span class='ocrx_word' id='word_1_303' title='bbox 3266 3058 3382 3115; x_wconf 89' lang='lat' dir='ltr'><strong>Seli</strong></span> 
     </span>
    </p>
   </div>
   <div class='ocr_carea' id='block_1_31' title="bbox 643 3154 3409 3234">
    <p class='ocr_par' dir='ltr' id='par_1_31' title="bbox 643 3154 3409 3234">
     <span class='ocr_line' id='line_1_31' title="bbox 643 3154 3409 3234; baseline 0.002 -28"><span class='ocrx_word' id='word_1_304' title='bbox 643 3156 893 3223; x_wconf 86' lang='lat' dir='ltr'><strong>ganstad,</strong></span> <span class='ocrx_word' id='word_1_305' title='bbox 936 3168 1289 3228; x_wconf 89' lang='lat' dir='ltr'><strong>pentecosten</strong></span> <span class='ocrx_word' id='word_1_306' title='bbox 1328 3176 1455 3216; x_wconf 90' lang='lat' dir='ltr'><strong>vero</strong></span> <span class='ocrx_word' id='word_1_307' title='bbox 1506 3161 1820 3234; x_wconf 75' lang='lat' dir='ltr'><strong>Baveuberg</strong></span> <span class='ocrx_word' id='word_1_308' title='bbox 1867 3163 1994 3234; x_wconf 89' lang='lat' dir='ltr'><strong>egit.</strong></span> <span class='ocrx_word' id='word_1_309' title='bbox 2045 3162 2198 3220; x_wconf 90' lang='lat' dir='ltr'><strong>Unde</strong></span> <span class='ocrx_word' id='word_1_310' title='bbox 2232 3163 2637 3234; x_wconf 76' lang='lat' dir='ltr'><strong>expeditionem</strong></span> <span class='ocrx_word' id='word_1_311' title='bbox 2686 3176 2838 3216; x_wconf 89' lang='lat' dir='ltr'><strong>suam</strong></span> <span class='ocrx_word' id='word_1_312' title='bbox 2876 3161 2931 3214; x_wconf 90' lang='lat' dir='ltr'><strong>in</strong></span> <span class='ocrx_word' id='word_1_313' title='bbox 2969 3156 3234 3213; x_wconf 84' lang='lat' dir='ltr'><strong>Liutizios</strong></span> <span class='ocrx_word' id='word_1_314' title='bbox 3258 3154 3409 3211; x_wconf 83' lang='lat' dir='ltr'><strong>serio</strong></span> 
     </span>
    </p>
   </div>
   <div class='ocr_carea' id='block_1_32' title="bbox 649 3252 3407 3331">
    <p class='ocr_par' dir='ltr' id='par_1_32' title="bbox 649 3252 3407 3331">
     <span class='ocr_line' id='line_1_32' title="bbox 649 3252 3407 3331; baseline 0.001 -28"><span class='ocrx_word' id='word_1_315' title='bbox 649 3252 949 3309; x_wconf 85' lang='lat' dir='ltr'><strong>mandavit.</strong></span> <span class='ocrx_word' id='word_1_316' title='bbox 981 3255 1058 3312; x_wconf 91' lang='lat' dir='ltr'><strong>lbi</strong></span> <span class='ocrx_word' id='word_1_317' title='bbox 1087 3256 1251 3312; x_wconf 90' lang='lat' dir='ltr'><strong>etiam</strong></span> <span class='ocrx_word' id='word_1_318' title='bbox 1283 3258 1577 3313; x_wconf 74' lang='lat' dir='ltr'><strong>lleinriclio</strong></span> <span class='ocrx_word' id='word_1_319' title='bbox 1614 3261 1747 3331; x_wconf 82' lang='lat' dir='ltr'><strong>regi,</strong></span> <span class='ocrx_word' id='word_1_320' title='bbox 1779 3260 1891 3316; x_wconf 85' lang='lat' dir='ltr'><strong>ﬁlio</strong></span> <span class='ocrx_word' id='word_1_321' title='bbox 1914 3260 2284 3330; x_wconf 87' lang='lat' dir='ltr'><strong>imperatoris,</strong></span> <span class='ocrx_word' id='word_1_322' title='bbox 2315 3259 2433 3316; x_wconf 85' lang='lat' dir='ltr'><strong>tilia</strong></span> <span class='ocrx_word' id='word_1_323' title='bbox 2453 3260 2636 3316; x_wconf 88' lang='lat' dir='ltr'><strong>Chnut</strong></span> <span class='ocrx_word' id='word_1_324' title='bbox 2660 3261 2800 3329; x_wconf 89' lang='lat' dir='ltr'><strong>regis</strong></span> <span class='ocrx_word' id='word_1_325' title='bbox 2823 3258 3098 3312; x_wconf 88' lang='lat' dir='ltr'><strong>Danorum</strong></span> <span class='ocrx_word' id='word_1_326' title='bbox 3124 3254 3407 3326; x_wconf 85' lang='lat' dir='ltr'><strong>juramen-</strong></span> 
     </span>
    </p>
   </div>
   <div class='ocr_carea' id='block_1_33' title="bbox 649 3347 3411 3425">
    <p class='ocr_par' dir='ltr' id='par_1_33' title="bbox 649 3347 3411 3425">
     <span class='ocr_line' id='line_1_33' title="bbox 649 3347 3411 3425; baseline 0 -24"><span class='ocrx_word' id='word_1_327' title='bbox 649 3347 718 3404; x_wconf 91' lang='lat' dir='ltr'><strong>tis</strong></span> <span class='ocrx_word' id='word_1_328' title='bbox 741 3349 1130 3421; x_wconf 88' lang='lat' dir='ltr'><strong>desponsatur;</strong></span> <span class='ocrx_word' id='word_1_329' title='bbox 1154 3364 1207 3410; x_wconf 86' lang='lat' dir='ltr'><strong>et</strong></span> <span class='ocrx_word' id='word_1_330' title='bbox 1229 3354 1354 3411; x_wconf 91' lang='lat' dir='ltr'><strong>Otto</strong></span> <span class='ocrx_word' id='word_1_331' title='bbox 1378 3356 1443 3413; x_wconf 89' lang='lat' dir='ltr'><strong>de</strong></span> <span class='ocrx_word' id='word_1_332' title='bbox 1485 3356 1813 3415; x_wconf 86' lang='lat' dir='ltr'><strong>Suinvourdi</strong></span> <span class='ocrx_word' id='word_1_333' title='bbox 1838 3358 2037 3415; x_wconf 89' lang='lat' dir='ltr'><strong>ibidem</strong></span> <span class='ocrx_word' id='word_1_334' title='bbox 2058 3357 2392 3425; x_wconf 86' lang='lat' dir='ltr'><strong>Matbildem,</strong></span> <span class='ocrx_word' id='word_1_335' title='bbox 2430 3356 2599 3413; x_wconf 87' lang='lat' dir='ltr'><strong>ﬁliam</strong></span> <span class='ocrx_word' id='word_1_336' title='bbox 2630 3353 3005 3412; x_wconf 79' lang='lat' dir='ltr'><strong>Bolezlavouis</strong></span> <span class='ocrx_word' id='word_1_337' title='bbox 3054 3351 3411 3407; x_wconf 84' lang='lat' dir='ltr'><strong>Poliauorum</strong></span> 
     </span>
    </p>
   </div>
   <div class='ocr_carea' id='block_1_34' title="bbox 637 3441 3415 3524">
    <p class='ocr_par' dir='ltr' id='par_1_34' title="bbox 637 3441 3415 3524">
     <span class='ocr_line' id='line_1_34' title="bbox 637 3441 3415 3524; baseline 0.001 -28"><span class='ocrx_word' id='word_1_338' title='bbox 637 3441 813 3511; x_wconf 91' lang='lat' dir='ltr'><strong>ducis,</strong></span> <span class='ocrx_word' id='word_1_339' title='bbox 851 3446 953 3502; x_wconf 91' lang='lat' dir='ltr'><strong>sibi</strong></span> <span class='ocrx_word' id='word_1_340' title='bbox 984 3448 1349 3520; x_wconf 88' lang='lat' dir='ltr'><strong>desponsavit.</strong></span> <span class='ocrx_word' id='word_1_341' title='bbox 1374 3452 1671 3522; x_wconf 88' lang='lat' dir='ltr'><strong>Imperator</strong></span> <span class='ocrx_word' id='word_1_342' title='bbox 1697 3468 1823 3510; x_wconf 92' lang='lat' dir='ltr'><strong>cum</strong></span> <span class='ocrx_word' id='word_1_343' title='bbox 1856 3453 2193 3510; x_wconf 89' lang='lat' dir='ltr'><strong>validissimo</strong></span> <span class='ocrx_word' id='word_1_344' title='bbox 2228 3454 2470 3510; x_wconf 79' lang='lat' dir='ltr'><strong>exercitu</strong></span> <span class='ocrx_word' id='word_1_345' title='bbox 2519 3453 2797 3524; x_wconf 84' lang='lat' dir='ltr'><strong>regionem</strong></span> <span class='ocrx_word' id='word_1_346' title='bbox 2838 3450 3193 3506; x_wconf 83' lang='lat' dir='ltr'><strong>Liutiziorum</strong></span> <span class='ocrx_word' id='word_1_347' title='bbox 3230 3447 3415 3502; x_wconf 84' lang='lat' dir='ltr'><strong>intra-</strong></span> 
     </span>
    </p>
   </div>
   <div class='ocr_carea' id='block_1_35' title="bbox 639 3541 3415 3624">
    <p class='ocr_par' dir='ltr' id='par_1_35' title="bbox 639 3541 3415 3624">
     <span class='ocr_line' id='line_1_35' title="bbox 639 3541 3415 3624; baseline 0.002 -31"><span class='ocrx_word' id='word_1_348' title='bbox 639 3541 751 3607; x_wconf 89' lang='lat' dir='ltr'><strong>vit;</strong></span> <span class='ocrx_word' id='word_1_349' title='bbox 802 3557 967 3612; x_wconf 86' lang='lat' dir='ltr'><strong>quam</strong></span> <span class='ocrx_word' id='word_1_350' title='bbox 1004 3543 1163 3615; x_wconf 85' lang='lat' dir='ltr'><strong>longe</strong></span> <span class='ocrx_word' id='word_1_351' title='bbox 1212 3545 1425 3619; x_wconf 90' lang='lat' dir='ltr'><strong>lateque</strong></span> <span class='ocrx_word' id='word_1_352' title='bbox 1468 3549 1734 3607; x_wconf 87' lang='lat' dir='ltr'><strong>incendiis</strong></span> <span class='ocrx_word' id='word_1_353' title='bbox 1779 3560 1833 3608; x_wconf 91' lang='lat' dir='ltr'><strong>et</strong></span> <span class='ocrx_word' id='word_1_354' title='bbox 1864 3551 2233 3624; x_wconf 87' lang='lat' dir='ltr'><strong>populationis</strong></span> <span class='ocrx_word' id='word_1_355' title='bbox 2278 3552 2599 3609; x_wconf 82' lang='lat' dir='ltr'><strong>devastavit.</strong></span> <span class='ocrx_word' id='word_1_356' title='bbox 2630 3551 2830 3606; x_wconf 84' lang='lat' dir='ltr'><strong>Eodem</strong></span> <span class='ocrx_word' id='word_1_357' title='bbox 2873 3563 3016 3604; x_wconf 89' lang='lat' dir='ltr'><strong>anno</strong></span> <span class='ocrx_word' id='word_1_358' title='bbox 3041 3546 3415 3603; x_wconf 87' lang='lat' dir='ltr'><strong>llerimannus</strong></span> 
     </span>
    </p>
   </div>
   <div class='ocr_carea' id='block_1_36' title="bbox 645 3635 3411 3719">
    <p class='ocr_par' dir='ltr' id='par_1_36' title="bbox 645 3635 3411 3719">
     <span class='ocr_line' id='line_1_36' title="bbox 645 3635 3411 3719; baseline 0.001 -29"><span class='ocrx_word' id='word_1_359' title='bbox 645 3635 1166 3712; x_wconf 82' lang='lat' dir='ltr'><strong>Hammaburgensis</strong></span> <span class='ocrx_word' id='word_1_360' title='bbox 1193 3644 1641 3714; x_wconf 89' lang='lat' dir='ltr'><strong>metropolitanus</strong></span> <span class='ocrx_word' id='word_1_361' title='bbox 1666 3661 1732 3702; x_wconf 78' lang='lat' dir='ltr'><strong>ex</strong></span> <span class='ocrx_word' id='word_1_362' title='bbox 1759 3648 1861 3702; x_wconf 86' lang='lat' dir='ltr'><strong>hac</strong></span> <span class='ocrx_word' id='word_1_363' title='bbox 1899 3647 2010 3703; x_wconf 87' lang='lat' dir='ltr'><strong>vita</strong></span> <span class='ocrx_word' id='word_1_364' title='bbox 2039 3647 2313 3719; x_wconf 86' lang='lat' dir='ltr'><strong>migravit.</strong></span> <span class='ocrx_word' id='word_1_365' title='bbox 2342 3646 2401 3702; x_wconf 85' lang='lat' dir='ltr'><strong>In</strong></span> <span class='ocrx_word' id='word_1_366' title='bbox 2438 3645 2594 3715; x_wconf 85' lang='lat' dir='ltr'><strong>cujus</strong></span> <span class='ocrx_word' id='word_1_367' title='bbox 2635 3645 2812 3699; x_wconf 89' lang='lat' dir='ltr'><strong>locum</strong></span> <span class='ocrx_word' id='word_1_368' title='bbox 2856 3641 3230 3699; x_wconf 79' lang='lat' dir='ltr'><strong>Adelbrandus</strong></span> <span class='ocrx_word' id='word_1_369' title='bbox 3254 3638 3411 3712; x_wconf 78' lang='lat'><strong>(365)</strong></span> 
     </span>
    </p>
   </div>
   <div class='ocr_carea' id='block_1_37' title="bbox 626 3734 3412 3815">
    <p class='ocr_par' dir='ltr' id='par_1_37' title="bbox 626 3734 3412 3815">
     <span class='ocr_line' id='line_1_37' title="bbox 626 3734 3412 3815; baseline 0.001 -27"><span class='ocrx_word' id='word_1_370' title='bbox 626 3734 826 3802; x_wconf 68' lang='lat' dir='ltr'><strong>regius</strong></span> <span class='ocrx_word' id='word_1_371' title='bbox 850 3737 1161 3807; x_wconf 88' lang='lat' dir='ltr'><strong>capellanus</strong></span> <span class='ocrx_word' id='word_1_372' title='bbox 1185 3739 1440 3810; x_wconf 85' lang='lat' dir='ltr'><strong>intravit;</strong></span> <span class='ocrx_word' id='word_1_373' title='bbox 1465 3743 1558 3814; x_wconf 92' lang='lat' dir='ltr'><strong>qui</strong></span> <span class='ocrx_word' id='word_1_374' title='bbox 1589 3759 1713 3799; x_wconf 93' lang='lat' dir='ltr'><strong>cum</strong></span> <span class='ocrx_word' id='word_1_375' title='bbox 1740 3759 1955 3801; x_wconf 89' lang='lat' dir='ltr'><strong>summo</strong></span> <span class='ocrx_word' id='word_1_376' title='bbox 1988 3760 2208 3801; x_wconf 90' lang='lat' dir='ltr'><strong>suorum</strong></span> <span class='ocrx_word' id='word_1_377' title='bbox 2241 3745 2433 3815; x_wconf 86' lang='lat' dir='ltr'><strong>suique</strong></span> <span class='ocrx_word' id='word_1_378' title='bbox 2470 3741 2981 3814; x_wconf 88' lang='lat' dir='ltr'><strong>conproviutialium</strong></span> <span class='ocrx_word' id='word_1_379' title='bbox 3011 3739 3210 3811; x_wconf 86' lang='lat' dir='ltr'><strong>gaudio</strong></span> <span class='ocrx_word' id='word_1_380' title='bbox 3230 3752 3260 3792; x_wconf 86' lang='lat' dir='ltr'><strong>a</strong></span> <span class='ocrx_word' id='word_1_381' title='bbox 3289 3737 3412 3793; x_wconf 88' lang='lat' dir='ltr'><strong>suis</strong></span> 
     </span>
    </p>
   </div>
   <div class='ocr_carea' id='block_1_38' title="bbox 643 3829 3410 3914">
    <p class='ocr_par' dir='ltr' id='par_1_38' title="bbox 643 3829 3410 3914">
     <span class='ocr_line' id='line_1_38' title="bbox 643 3829 3410 3914; baseline 0.002 -29"><span class='ocrx_word' id='word_1_382' title='bbox 643 3829 998 3905; x_wconf 84' lang='lat' dir='ltr'><strong>suﬁ‘raganeis</strong></span> <span class='ocrx_word' id='word_1_383' title='bbox 1023 3836 1292 3909; x_wconf 88' lang='lat' dir='ltr'><strong>episcopis</strong></span> <span class='ocrx_word' id='word_1_384' title='bbox 1318 3839 1545 3896; x_wconf 90' lang='lat' dir='ltr'><strong>sabbato</strong></span> <span class='ocrx_word' id='word_1_385' title='bbox 1571 3850 1698 3897; x_wconf 90' lang='lat' dir='ltr'><strong>ante</strong></span> <span class='ocrx_word' id='word_1_386' title='bbox 1730 3842 2072 3900; x_wconf 86' lang='lat' dir='ltr'><strong>nativitatem</strong></span> <span class='ocrx_word' id='word_1_387' title='bbox 2102 3842 2329 3911; x_wconf 88' lang='lat' dir='ltr'><strong>Christi,</strong></span> <span class='ocrx_word' id='word_1_388' title='bbox 2369 3844 2426 3899; x_wconf 90' lang='lat' dir='ltr'><strong>in</strong></span> <span class='ocrx_word' id='word_1_389' title='bbox 2455 3843 2636 3914; x_wconf 85' lang='lat' dir='ltr'><strong>vigilia</strong></span> <span class='ocrx_word' id='word_1_390' title='bbox 2684 3841 2858 3898; x_wconf 86' lang='lat' dir='ltr'><strong>sancti</strong></span> <span class='ocrx_word' id='word_1_391' title='bbox 2897 3839 3119 3896; x_wconf 77' lang='lat' dir='ltr'><strong>Thomze</strong></span> <span class='ocrx_word' id='word_1_392' title='bbox 3146 3836 3410 3909; x_wconf 87' lang='lat' dir='ltr'><strong>apostoli,</strong></span> 
     </span>
    </p>
   </div>
   <div class='ocr_carea' id='block_1_39' title="bbox 642 3930 3424 4009">
    <p class='ocr_par' dir='ltr' id='par_1_39' title="bbox 642 3930 3424 4009">
     <span class='ocr_line' id='line_1_39' title="bbox 642 3930 3424 4009; baseline 0.002 -27"><span class='ocrx_word' id='word_1_393' title='bbox 642 3930 957 4001; x_wconf 86' lang='lat' dir='ltr'><strong>prespiterii</strong></span> <span class='ocrx_word' id='word_1_394' title='bbox 1002 3933 1287 4003; x_wconf 83' lang='lat' dir='ltr'><strong>honorem,</strong></span> <span class='ocrx_word' id='word_1_395' title='bbox 1308 3948 1361 3992; x_wconf 89' lang='lat' dir='ltr'><strong>et</strong></span> <span class='ocrx_word' id='word_1_396' title='bbox 1388 3937 1443 3993; x_wconf 90' lang='lat' dir='ltr'><strong>in</strong></span> <span class='ocrx_word' id='word_1_397' title='bbox 1463 3938 1759 3994; x_wconf 90' lang='lat' dir='ltr'><strong>crastinum</strong></span> <span class='ocrx_word' id='word_1_398' title='bbox 1786 3939 2155 4008; x_wconf 82' lang='lat' dir='ltr'><strong>pontificalem</strong></span> <span class='ocrx_word' id='word_1_399' title='bbox 2186 3940 2583 4009; x_wconf 84' lang='lat' dir='ltr'><strong>promotionem</strong></span> <span class='ocrx_word' id='word_1_400' title='bbox 2612 3936 2823 4007; x_wconf 89' lang='lat' dir='ltr'><strong>accepit</strong></span> <span class='ocrx_word' id='word_1_401' title='bbox 2855 3935 3176 3992; x_wconf 89' lang='lat' dir='ltr'><strong>honoriﬁce.</strong></span> <span class='ocrx_word' id='word_1_402' title='bbox 3205 3932 3424 4003; x_wconf 85' lang='lat' dir='ltr'><strong>Opper-</strong></span> 
     </span>
    </p>
   </div>
   <div class='ocr_carea' id='block_1_40' title="bbox 652 4028 3424 4103">
    <p class='ocr_par' dir='ltr' id='par_1_40' title="bbox 652 4028 3424 4103">
     <span class='ocr_line' id='line_1_40' title="bbox 652 4028 3424 4103; baseline 0.001 -24"><span class='ocrx_word' id='word_1_403' title='bbox 652 4028 778 4082; x_wconf 87' lang='lat' dir='ltr'><strong>thus</strong></span> <span class='ocrx_word' id='word_1_404' title='bbox 799 4029 1270 4103; x_wconf 86' lang='lat' dir='ltr'><strong>Elcwaugensium</strong></span> <span class='ocrx_word' id='word_1_405' title='bbox 1292 4033 1458 4090; x_wconf 90' lang='lat' dir='ltr'><strong>abbas</strong></span> <span class='ocrx_word' id='word_1_406' title='bbox 1486 4034 1653 4102; x_wconf 91' lang='lat' dir='ltr'><strong>obiit;</strong></span> <span class='ocrx_word' id='word_1_407' title='bbox 1682 4035 1771 4090; x_wconf 92' lang='lat' dir='ltr'><strong>cui</strong></span> <span class='ocrx_word' id='word_1_408' title='bbox 1804 4034 2119 4093; x_wconf 76' lang='lat' dir='ltr'><strong>Ilihhardus</strong></span> <span class='ocrx_word' id='word_1_409' title='bbox 2165 4036 2453 4095; x_wconf 88' lang='lat' dir='ltr'><strong>Fuldcusis</strong></span> <span class='ocrx_word' id='word_1_410' title='bbox 2488 4035 2787 4091; x_wconf 88' lang='lat' dir='ltr'><strong>monachus</strong></span> <span class='ocrx_word' id='word_1_411' title='bbox 2820 4032 3104 4089; x_wconf 89' lang='lat' dir='ltr'><strong>successit.</strong></span> <span class='ocrx_word' id='word_1_412' title='bbox 3142 4028 3424 4090; x_wconf 73' lang='lat' dir='ltr'><strong>Mterksuit</strong></span> 
     </span>
    </p>
   </div>
   <div class='ocr_carea' id='block_1_41' title="bbox 528 4120 3424 4203">
    <p class='ocr_par' dir='ltr' id='par_1_41' title="bbox 528 4120 3424 4203">
     <span class='ocr_line' id='line_1_41' title="bbox 528 4120 3424 4203; baseline 0.001 -27"><span class='ocrx_word' id='word_1_413' title='bbox 528 4173 533 4177; x_wconf 84' lang='grc'><strong><em>,</em></strong></span> <span class='ocrx_word' id='word_1_414' title='bbox 649 4120 1315 4196; x_wconf 80' lang='lat' dir='ltr'><strong>Wongerestorpiensium</strong></span> <span class='ocrx_word' id='word_1_415' title='bbox 1346 4128 1620 4185; x_wconf 86' lang='lat' dir='ltr'><strong>abbatissa</strong></span> <span class='ocrx_word' id='word_1_416' title='bbox 1645 4130 1700 4184; x_wconf 77' lang='lat'><strong>2.</strong></span> <span class='ocrx_word' id='word_1_417' title='bbox 1727 4130 1847 4185; x_wconf 86' lang='lat' dir='ltr'><strong>Kal.</strong></span> <span class='ocrx_word' id='word_1_418' title='bbox 1870 4130 2133 4187; x_wconf 85' lang='lat' dir='ltr'><strong>Novemb.</strong></span> <span class='ocrx_word' id='word_1_419' title='bbox 2164 4132 2328 4197; x_wconf 92' lang='lat' dir='ltr'><strong>obiit;</strong></span> <span class='ocrx_word' id='word_1_420' title='bbox 2354 4140 2477 4203; x_wconf 90' lang='lat' dir='ltr'><strong>post</strong></span> <span class='ocrx_word' id='word_1_421' title='bbox 2506 4146 2669 4202; x_wconf 87' lang='lat' dir='ltr'><strong>quam</strong></span> <span class='ocrx_word' id='word_1_422' title='bbox 2707 4130 2966 4194; x_wconf 78' lang='lat' dir='ltr'><strong>Alberad,</strong></span> <span class='ocrx_word' id='word_1_423' title='bbox 2994 4125 3424 4182; x_wconf 84' lang='lat' dir='ltr'><strong>Molinbeehien-</strong></span> 
     </span>
    </p>
   </div>
   <div class='ocr_carea' id='block_1_42' title="bbox 654 4219 3425 4301">
    <p class='ocr_par' dir='ltr' id='par_1_42' title="bbox 654 4219 3425 4301">
     <span class='ocr_line' id='line_1_42' title="bbox 654 4219 3425 4301; baseline 0.002 -27"><span class='ocrx_word' id='word_1_424' title='bbox 654 4219 731 4275; x_wconf 85' lang='lat' dir='ltr'><strong>sis</strong></span> <span class='ocrx_word' id='word_1_425' title='bbox 756 4220 909 4290; x_wconf 91' lang='lat' dir='ltr'><strong>prius</strong></span> <span class='ocrx_word' id='word_1_426' title='bbox 932 4220 1228 4290; x_wconf 85' lang='lat' dir='ltr'><strong>abbatissa,</strong></span> <span class='ocrx_word' id='word_1_427' title='bbox 1250 4225 1655 4283; x_wconf 88' lang='lat' dir='ltr'><strong>machinatione</strong></span> <span class='ocrx_word' id='word_1_428' title='bbox 1683 4226 1977 4298; x_wconf 87' lang='lat' dir='ltr'><strong>Sigiberhti</strong></span> <span class='ocrx_word' id='word_1_429' title='bbox 2000 4228 2297 4285; x_wconf 85' lang='lat' dir='ltr'><strong>Miudensis</strong></span> <span class='ocrx_word' id='word_1_430' title='bbox 2311 4229 2547 4301; x_wconf 88' lang='lat' dir='ltr'><strong>episcopi</strong></span> <span class='ocrx_word' id='word_1_431' title='bbox 2573 4229 2713 4284; x_wconf 83' lang='lat' dir='ltr'><strong>idem</strong></span> <span class='ocrx_word' id='word_1_432' title='bbox 2740 4228 2981 4298; x_wconf 88' lang='lat' dir='ltr'><strong>regimen</strong></span> <span class='ocrx_word' id='word_1_433' title='bbox 3014 4224 3274 4294; x_wconf 88' lang='lat' dir='ltr'><strong>suscepit,</strong></span> <span class='ocrx_word' id='word_1_434' title='bbox 3306 4231 3425 4279; x_wconf 80' lang='lat' dir='ltr'><strong>tota</strong></span> 
     </span>
    </p>
   </div>
   <div class='ocr_carea' id='block_1_43' title="bbox 656 4318 3425 4399">
    <p class='ocr_par' dir='ltr' id='par_1_43' title="bbox 656 4318 3425 4399">
     <span class='ocr_line' id='line_1_43' title="bbox 656 4318 3425 4399; baseline 0.002 -28"><span class='ocrx_word' id='word_1_435' title='bbox 656 4318 1075 4389; x_wconf 83' lang='lat' dir='ltr'><strong>congregatione</strong></span> <span class='ocrx_word' id='word_1_436' title='bbox 1130 4318 1357 4375; x_wconf 91' lang='lat' dir='ltr'><strong>nimium</strong></span> <span class='ocrx_word' id='word_1_437' title='bbox 1389 4322 1682 4378; x_wconf 85' lang='lat' dir='ltr'><strong>renitente.</strong></span> <span class='ocrx_word' id='word_1_438' title='bbox 1730 4323 1959 4399; x_wconf 65' lang='lat' dir='ltr'><strong>Hiemali</strong></span> <span class='ocrx_word' id='word_1_439' title='bbox 2011 4334 2253 4396; x_wconf 89' lang='lat' dir='ltr'><strong>tempore</strong></span> <span class='ocrx_word' id='word_1_440' title='bbox 2276 4325 2517 4391; x_wconf 85' lang='lat' dir='ltr'><strong>Chnuht,</strong></span> <span class='ocrx_word' id='word_1_441' title='bbox 2563 4340 2663 4381; x_wconf 75' lang='lat' dir='ltr'><strong>rex</strong></span> <span class='ocrx_word' id='word_1_442' title='bbox 2704 4323 2978 4379; x_wconf 87' lang='lat' dir='ltr'><strong>Danorum</strong></span> <span class='ocrx_word' id='word_1_443' title='bbox 3022 4330 3075 4379; x_wconf 90' lang='lat' dir='ltr'><strong>et</strong></span> <span class='ocrx_word' id='word_1_444' title='bbox 3100 4322 3425 4394; x_wconf 82' lang='lat' dir='ltr'><strong>Anglorum,</strong></span> 
     </span>
    </p>
   </div>
   <div class='ocr_carea' id='block_1_44' title="bbox 660 4412 3425 4495">
    <p class='ocr_par' dir='ltr' id='par_1_44' title="bbox 660 4412 3425 4495">
     <span class='ocr_line' id='line_1_44' title="bbox 660 4412 3425 4495; baseline 0.002 -27"><span class='ocrx_word' id='word_1_445' title='bbox 660 4412 932 4471; x_wconf 89' lang='lat' dir='ltr'><strong>inmatura</strong></span> <span class='ocrx_word' id='word_1_446' title='bbox 963 4425 1138 4472; x_wconf 90' lang='lat' dir='ltr'><strong>morte</strong></span> <span class='ocrx_word' id='word_1_447' title='bbox 1163 4426 1468 4488; x_wconf 73' lang='lat' dir='ltr'><strong>prteventus</strong></span> <span class='ocrx_word' id='word_1_448' title='bbox 1493 4419 1685 4488; x_wconf 88' lang='lat' dir='ltr'><strong>obivit,</strong></span> <span class='ocrx_word' id='word_1_449' title='bbox 1717 4429 1771 4477; x_wconf 91' lang='lat' dir='ltr'><strong>et</strong></span> <span class='ocrx_word' id='word_1_450' title='bbox 1793 4422 2093 4478; x_wconf 79' lang='lat' dir='ltr'><strong>christiana</strong></span> <span class='ocrx_word' id='word_1_451' title='bbox 2128 4423 2320 4495; x_wconf 83' lang='lat' dir='ltr'><strong>religio</strong></span> <span class='ocrx_word' id='word_1_452' title='bbox 2347 4424 2416 4478; x_wconf 89' lang='lat' dir='ltr'><strong>ab</strong></span> <span class='ocrx_word' id='word_1_453' title='bbox 2447 4423 2564 4493; x_wconf 87' lang='lat' dir='ltr'><strong>ipso</strong></span> <span class='ocrx_word' id='word_1_454' title='bbox 2603 4421 2837 4476; x_wconf 88' lang='lat' dir='ltr'><strong>ﬁdeliter</strong></span> <span class='ocrx_word' id='word_1_455' title='bbox 2876 4417 3092 4475; x_wconf 77' lang='lat' dir='ltr'><strong>exculta</strong></span> <span class='ocrx_word' id='word_1_456' title='bbox 3120 4416 3425 4488; x_wconf 86' lang='lat' dir='ltr'><strong>periclitari</strong></span> 
     </span>
    </p>
   </div>
   <div class='ocr_carea' id='block_1_45' title="bbox 652 4513 3415 4591">
    <p class='ocr_par' dir='ltr' id='par_1_45' title="bbox 652 4513 3415 4591">
     <span class='ocr_line' id='line_1_45' title="bbox 652 4513 3415 4591; baseline -0 -21"><span class='ocrx_word' id='word_1_457' title='bbox 652 4514 840 4585; x_wconf 76' lang='lat' dir='ltr'><strong>empit.</strong></span> <span class='ocrx_word' id='word_1_458' title='bbox 879 4513 986 4570; x_wconf 89' lang='lat' dir='ltr'><strong>Sed</strong></span> <span class='ocrx_word' id='word_1_459' title='bbox 1008 4514 1149 4572; x_wconf 89' lang='lat' dir='ltr'><strong>ﬁlius</strong></span> <span class='ocrx_word' id='word_1_460' title='bbox 1172 4514 1289 4585; x_wconf 83' lang='lat' dir='ltr'><strong>ejus</strong></span> <span class='ocrx_word' id='word_1_461' title='bbox 1325 4514 1530 4588; x_wconf 92' lang='lat' dir='ltr'><strong>junior,</strong></span> <span class='ocrx_word' id='word_1_462' title='bbox 1556 4517 1920 4576; x_wconf 70' lang='lat' dir='ltr'><strong>Haerdechunt</strong></span> <span class='ocrx_word' id='word_1_463' title='bbox 1947 4521 2189 4586; x_wconf 90' lang='lat' dir='ltr'><strong>nomine,</strong></span> <span class='ocrx_word' id='word_1_464' title='bbox 2227 4534 2453 4590; x_wconf 90' lang='lat' dir='ltr'><strong>regnum</strong></span> <span class='ocrx_word' id='word_1_465' title='bbox 2482 4520 2650 4591; x_wconf 89' lang='lat' dir='ltr'><strong>ipsius</strong></span> <span class='ocrx_word' id='word_1_466' title='bbox 2678 4526 2805 4591; x_wconf 90' lang='lat' dir='ltr'><strong>post</strong></span> <span class='ocrx_word' id='word_1_467' title='bbox 2827 4532 2950 4574; x_wconf 91' lang='lat' dir='ltr'><strong>eum</strong></span> <span class='ocrx_word' id='word_1_468' title='bbox 2974 4529 3247 4573; x_wconf 90' lang='lat' dir='ltr'><strong>consensu</strong></span> <span class='ocrx_word' id='word_1_469' title='bbox 3282 4530 3415 4586; x_wconf 89' lang='lat' dir='ltr'><strong>pro-</strong></span> 
     </span>
    </p>
   </div>
   <div class='ocr_carea' id='block_1_46' title="bbox 653 4609 3417 4686">
    <p class='ocr_par' dir='ltr' id='par_1_46' title="bbox 653 4609 3417 4686">
     <span class='ocr_line' id='line_1_46' title="bbox 653 4609 3417 4686; baseline -0 -21"><span class='ocrx_word' id='word_1_470' title='bbox 653 4610 971 4668; x_wconf 65' lang='lat' dir='ltr'><strong>vincialium</strong></span> <span class='ocrx_word' id='word_1_471' title='bbox 997 4613 1252 4669; x_wconf 90' lang='lat' dir='ltr'><strong>obtinuit.</strong></span> <span class='ocrx_word' id='word_1_472' title='bbox 1275 4612 1414 4670; x_wconf 87' lang='lat' dir='ltr'><strong>Outa</strong></span> <span class='ocrx_word' id='word_1_473' title='bbox 1444 4624 1647 4671; x_wconf 57' lang='lat' dir='ltr'><strong>sanctae</strong></span> <span class='ocrx_word' id='word_1_474' title='bbox 1684 4617 2224 4673; x_wconf 86' lang='lat' dir='ltr'><strong>commemorationis</strong></span> <span class='ocrx_word' id='word_1_475' title='bbox 2251 4616 2530 4673; x_wconf 87' lang='lat' dir='ltr'><strong>abbatissa</strong></span> <span class='ocrx_word' id='word_1_476' title='bbox 2555 4616 2623 4673; x_wconf 89' lang='lat' dir='ltr'><strong>de</strong></span> <span class='ocrx_word' id='word_1_477' title='bbox 2653 4614 2964 4686; x_wconf 88' lang='lat' dir='ltr'><strong>Confengon</strong></span> <span class='ocrx_word' id='word_1_478' title='bbox 2989 4611 3138 4684; x_wconf 84' lang='grc'><strong>(566)</strong></span> <span class='ocrx_word' id='word_1_479' title='bbox 3159 4610 3295 4667; x_wconf 92' lang='lat' dir='ltr'><strong>obiit</strong></span> <span class='ocrx_word' id='word_1_480' title='bbox 3329 4609 3417 4666; x_wconf 72' lang='lat' dir='ltr'><strong>ﬂ.</strong></span> 
     </span>
    </p>
   </div>
   <div class='ocr_carea' id='block_1_47' title="bbox 655 4706 1996 4773">
    <p class='ocr_par' dir='ltr' id='par_1_47' title="bbox 655 4706 1996 4773">
     <span class='ocr_line' id='line_1_47' title="bbox 655 4706 1996 4773; baseline 0.004 -8"><span class='ocrx_word' id='word_1_481' title='bbox 655 4708 776 4773; x_wconf 83' lang='lat' dir='ltr'><strong>Kal.</strong></span> <span class='ocrx_word' id='word_1_482' title='bbox 803 4710 995 4769; x_wconf 89' lang='lat' dir='ltr'><strong>Octob.</strong></span> <span class='ocrx_word' id='word_1_483' title='bbox 1022 4711 1203 4769; x_wconf 88' lang='lat' dir='ltr'><strong>Bruno</strong></span> <span class='ocrx_word' id='word_1_484' title='bbox 1231 4728 1415 4769; x_wconf 88' lang='lat' dir='ltr'><strong>comes</strong></span> <span class='ocrx_word' id='word_1_485' title='bbox 1440 4714 1578 4769; x_wconf 91' lang='lat' dir='ltr'><strong>obiit</strong></span> <span class='ocrx_word' id='word_1_486' title='bbox 1609 4706 1695 4769; x_wconf 75' lang='grc'><strong>14.</strong></span> <span class='ocrx_word' id='word_1_487' title='bbox 1720 4713 1839 4768; x_wconf 83' lang='lat' dir='ltr'><strong>Kal.</strong></span> <span class='ocrx_word' id='word_1_488' title='bbox 1870 4714 1996 4770; x_wconf 85' lang='lat' dir='ltr'><strong>Jun.</strong></span> 
     </span>
    </p>
   </div>
   <div class='ocr_carea' id='block_1_48' title="bbox 725 4807 3822 4906">
    <p class='ocr_par' dir='ltr' id='par_1_48' title="bbox 725 4807 3822 4906">
     <span class='ocr_line' id='line_1_48' title="bbox 725 4807 3822 4906; baseline -0.002 -19"><span class='ocrx_word' id='word_1_489' title='bbox 725 4831 882 4889; x_wconf 87' lang='grc'><strong>1056.</strong></span> <span class='ocrx_word' id='word_1_490' title='bbox 910 4833 1020 4889; x_wconf 92' lang='lat' dir='ltr'><strong>ind.</strong></span> <span class='ocrx_word' id='word_1_491' title='bbox 1044 4834 1098 4893; x_wconf 73' lang='grc'><strong>4.</strong></span> <span class='ocrx_word' id='word_1_492' title='bbox 1123 4834 1423 4906; x_wconf 86' lang='lat' dir='ltr'><strong>Imperator</strong></span> <span class='ocrx_word' id='word_1_493' title='bbox 1448 4851 1572 4891; x_wconf 91' lang='lat' dir='ltr'><strong>cum</strong></span> <span class='ocrx_word' id='word_1_494' title='bbox 1601 4849 2055 4900; x_wconf 83' lang='lat' dir='ltr'><strong>sutnma,suorum</strong></span> <span class='ocrx_word' id='word_1_495' title='bbox 2077 4833 2228 4905; x_wconf 88' lang='lat' dir='ltr'><strong>prin-</strong></span> <span class='ocrx_word' id='word_1_496' title='bbox 2404 4834 2561 4891; x_wconf 86' lang='grc'><strong>1056.</strong></span> <span class='ocrx_word' id='word_1_497' title='bbox 2589 4832 2882 4905; x_wconf 84' lang='lat' dir='ltr'><strong>Piligrinus</strong></span> <span class='ocrx_word' id='word_1_498' title='bbox 2905 4830 3245 4887; x_wconf 90' lang='lat' dir='ltr'><strong>Coloniensis</strong></span> <span class='ocrx_word' id='word_1_499' title='bbox 3276 4817 3689 4897; x_wconf 57' lang='lat' dir='ltr'><strong>archiepiscopi”</strong></span> <span class='ocrx_word' id='word_1_500' title='bbox 3700 4807 3822 4906; x_wconf 54' lang='grc' dir='ltr'><strong>ριξηιὶ</strong></span> 
     </span>
    </p>
   </div>
   <div class='ocr_carea' id='block_1_49' title="bbox 653 4898 3822 4998">
    <p class='ocr_par' dir='ltr' id='par_1_49' title="bbox 653 4898 3822 4998">
     <span class='ocr_line' id='line_1_49' title="bbox 653 4898 3822 4998; baseline -0.009 -19"><span class='ocrx_word' id='word_1_501' title='bbox 653 4925 830 4996; x_wconf 79' lang='lat' dir='ltr'><strong>cipum</strong></span> <span class='ocrx_word' id='word_1_502' title='bbox 889 4925 1195 4995; x_wconf 85' lang='lat' dir='ltr'><strong>frequentia</strong></span> <span class='ocrx_word' id='word_1_503' title='bbox 1261 4927 1599 4983; x_wconf 82' lang='lat' dir='ltr'><strong>nativitatem</strong></span> <span class='ocrx_word' id='word_1_504' title='bbox 1664 4926 1865 4984; x_wconf 83' lang='lat' dir='ltr'><strong>Christi</strong></span> <span class='ocrx_word' id='word_1_505' title='bbox 1932 4898 2230 4998; x_wconf 78' lang='lat' dir='ltr'><strong>Argentine</strong></span> <span class='ocrx_word' id='word_1_506' title='bbox 2333 4926 2420 4982; x_wconf 91' lang='lat' dir='ltr'><strong>cui</strong></span> <span class='ocrx_word' id='word_1_507' title='bbox 2477 4898 2837 4981; x_wconf 75' lang='lat' dir='ltr'><strong>Herimannus</strong></span> <span class='ocrx_word' id='word_1_508' title='bbox 2881 4921 3165 4978; x_wconf 88' lang='lat' dir='ltr'><strong>successit.</strong></span> <span class='ocrx_word' id='word_1_509' title='bbox 3216 4918 3445 4991; x_wconf 87' lang='lat' dir='ltr'><strong>[Eodem</strong></span> <span class='ocrx_word' id='word_1_510' title='bbox 3488 4924 3619 4969; x_wconf 86' lang='lat' dir='ltr'><strong>anno</strong></span> <span class='ocrx_word' id='word_1_511' title='bbox 3653 4898 3822 4998; x_wconf 64' lang='lat' dir='ltr'><strong>adiﬁca-</strong></span> 
     </span>
    </p>
   </div>
   <div class='ocr_carea' id='block_1_50' title="bbox 655 4996 3822 5090">
    <p class='ocr_par' dir='ltr' id='par_1_50' title="bbox 655 4996 3822 5090">
     <span class='ocr_line' id='line_1_50' title="bbox 655 4996 3822 5090; baseline -0.006 -18"><span class='ocrx_word' id='word_1_512' title='bbox 655 5017 940 5088; x_wconf 84' lang='lat' dir='ltr'><strong>tuagniﬁce</strong></span> <span class='ocrx_word' id='word_1_513' title='bbox 988 5018 1307 5086; x_wconf 86' lang='lat' dir='ltr'><strong>celebravit;</strong></span> <span class='ocrx_word' id='word_1_514' title='bbox 1362 5019 1792 5090; x_wconf 86' lang='lat' dir='ltr'><strong>puriﬁcationem</strong></span> <span class='ocrx_word' id='word_1_515' title='bbox 1845 5034 1976 5074; x_wconf 89' lang='lat' dir='ltr'><strong>vero</strong></span> <span class='ocrx_word' id='word_1_516' title='bbox 2018 4996 2228 5074; x_wconf 71' lang='lat' dir='ltr'><strong>sanctte</strong></span> <span class='ocrx_word' id='word_1_517' title='bbox 2337 5028 2447 5074; x_wconf 88' lang='lat' dir='ltr'><strong>tum</strong></span> <span class='ocrx_word' id='word_1_518' title='bbox 2491 5028 2574 5075; x_wconf 78' lang='lat' dir='ltr'><strong>est</strong></span> <span class='ocrx_word' id='word_1_519' title='bbox 2609 5017 2999 5073; x_wconf 88' lang='lat' dir='ltr'><strong>monasterium</strong></span> <span class='ocrx_word' id='word_1_520' title='bbox 3043 5013 3373 5070; x_wconf 88' lang='lat' dir='ltr'><strong>Scothorum</strong></span> <span class='ocrx_word' id='word_1_521' title='bbox 3416 5010 3469 5065; x_wconf 92' lang='lat' dir='ltr'><strong>in</strong></span> <span class='ocrx_word' id='word_1_522' title='bbox 3522 4996 3822 5090; x_wconf 57' lang='lat' dir='ltr'><strong>Erfordian‘</strong></span> 
     </span>
    </p>
   </div>
   <div class='ocr_carea' id='block_1_51' title="bbox 656 5076 3909 5181">
    <p class='ocr_par' dir='ltr' id='par_1_51' title="bbox 656 5076 3909 5181">
     <span class='ocr_line' id='line_1_51' title="bbox 656 5076 3909 5181; baseline -0.003 -21"><span class='ocrx_word' id='word_1_523' title='bbox 656 5076 837 5167; x_wconf 63' lang='lat' dir='ltr'><strong>Maria:</strong></span> <span class='ocrx_word' id='word_1_524' title='bbox 861 5108 1207 5180; x_wconf 81' lang='lat' dir='ltr'><strong>Augusthurg</strong></span> <span class='ocrx_word' id='word_1_525' title='bbox 1232 5076 1479 5180; x_wconf 44' lang='lat' dir='ltr'><strong>eg&#39;it,&#39;ubi</strong></span> <span class='ocrx_word' id='word_1_526' title='bbox 1519 5121 1570 5166; x_wconf 89' lang='lat' dir='ltr'><strong>et</strong></span> <span class='ocrx_word' id='word_1_527' title='bbox 1593 5112 1864 5181; x_wconf 89' lang='lat' dir='ltr'><strong>publicum</strong></span> <span class='ocrx_word' id='word_1_528' title='bbox 1902 5126 2026 5168; x_wconf 91' lang='lat' dir='ltr'><strong>cum</strong></span> <span class='ocrx_word' id='word_1_529' title='bbox 2088 5126 2227 5168; x_wconf 90' lang='lat' dir='ltr'><strong>cun-</strong></span> <span class='ocrx_word' id='word_1_530' title='bbox 2336 5114 2406 5167; x_wconf 90' lang='lat' dir='ltr'><strong>do</strong></span> <span class='ocrx_word' id='word_1_531' title='bbox 2428 5127 2596 5167; x_wconf 84' lang='lat' dir='ltr'><strong>unum</strong></span> <span class='ocrx_word' id='word_1_532' title='bbox 2640 5109 2979 5166; x_wconf 83' lang='lat' dir='ltr'><strong>Waltherum</strong></span> <span class='ocrx_word' id='word_1_533' title='bbox 3028 5108 3094 5164; x_wconf 89' lang='lat' dir='ltr'><strong>de</strong></span> <span class='ocrx_word' id='word_1_534' title='bbox 3142 5105 3419 5175; x_wconf 80' lang='lat' dir='ltr'><strong>Clisberg;</strong></span> <span class='ocrx_word' id='word_1_535' title='bbox 3471 5096 3652 5156; x_wconf 84' lang='lat' dir='ltr'><strong>ibidem</strong></span> <span class='ocrx_word' id='word_1_536' title='bbox 3689 5076 3817 5151; x_wconf 63' lang='lat' dir='ltr'><strong>SeP&#39;l‘</strong></span> <span class='ocrx_word' id='word_1_537' title='bbox 3908 5158 3909 5167; x_wconf 15' lang='grc' dir='ltr'>γ</span> 
     </span>
    </p>
   </div>
   <div class='ocr_carea' id='block_1_52' title="bbox 652 5201 2624 5276">
    <p class='ocr_par' dir='ltr' id='par_1_52' title="bbox 652 5201 2624 5276">
     <span class='ocr_line' id='line_1_52' title="bbox 652 5201 2624 5276; baseline 0.002 -23"><span class='ocrx_word' id='word_1_538' title='bbox 652 5203 756 5255; x_wconf 78' lang='lat' dir='ltr'><strong>etis</strong></span> <span class='ocrx_word' id='word_1_539' title='bbox 785 5201 1289 5271; x_wconf 87' lang='lat' dir='ltr'><strong>circutnjacentium</strong></span> <span class='ocrx_word' id='word_1_540' title='bbox 1314 5203 1593 5274; x_wconf 85' lang='lat' dir='ltr'><strong>regicnum</strong></span> <span class='ocrx_word' id='word_1_541' title='bbox 1628 5204 1958 5274; x_wconf 85' lang='lat' dir='ltr'><strong>primoribus</strong></span> <span class='ocrx_word' id='word_1_542' title='bbox 1996 5218 2229 5259; x_wconf 85' lang='lat' dir='ltr'><strong>conven-</strong></span> <span class='ocrx_word' id='word_1_543' title='bbox 2334 5214 2437 5258; x_wconf 90' lang='lat' dir='ltr'><strong>tus.</strong></span> <span class='ocrx_word' id='word_1_544' title='bbox 2465 5202 2520 5257; x_wconf 67' lang='grc' dir='ltr'><strong>ι.</strong></span> <span class='ocrx_word' id='word_1_545' title='bbox 2543 5201 2624 5276; x_wconf 66' lang='lat'><strong>5.}</strong></span> 
     </span>
    </p>
   </div>
   <div class='ocr_carea' id='block_1_53' title="bbox 660 5292 2228 5364">
    <p class='ocr_par' dir='ltr' id='par_1_53' title="bbox 660 5292 2228 5364">
     <span class='ocr_line' id='line_1_53' title="bbox 660 5292 2228 5364; baseline -0.002 -18"><span class='ocrx_word' id='word_1_546' title='bbox 660 5300 773 5346; x_wconf 91' lang='lat' dir='ltr'><strong>tum</strong></span> <span class='ocrx_word' id='word_1_547' title='bbox 810 5292 1017 5357; x_wconf 89' lang='lat' dir='ltr'><strong>habuit,</strong></span> <span class='ocrx_word' id='word_1_548' title='bbox 1047 5294 1097 5349; x_wconf 93' lang='lat' dir='ltr'><strong>in</strong></span> <span class='ocrx_word' id='word_1_549' title='bbox 1120 5308 1227 5364; x_wconf 90' lang='lat' dir='ltr'><strong>quo</strong></span> <span class='ocrx_word' id='word_1_550' title='bbox 1256 5293 1486 5364; x_wconf 88' lang='lat' dir='ltr'><strong>patrueli</strong></span> <span class='ocrx_word' id='word_1_551' title='bbox 1511 5307 1608 5349; x_wconf 92' lang='lat' dir='ltr'><strong>suo</strong></span> <span class='ocrx_word' id='word_1_552' title='bbox 1627 5293 1952 5349; x_wconf 85' lang='lat' dir='ltr'><strong>Chuourado</strong></span> <span class='ocrx_word' id='word_1_553' title='bbox 1976 5292 2228 5347; x_wconf 87' lang='lat' dir='ltr'><strong>ducatum</strong></span> 
     </span>
    </p>
   </div>
   <div class='ocr_carea' id='block_1_54' title="bbox 651 5370 3423 5456">
    <p class='ocr_par' dir='ltr' id='par_1_54' title="bbox 651 5370 3423 5456">
     <span class='ocr_line' id='line_1_54' title="bbox 651 5370 3423 5456; baseline -0.005 -21"><span class='ocrx_word' id='word_1_554' title='bbox 651 5382 1070 5440; x_wconf 87' lang='lat' dir='ltr'><strong>Carentinorum</strong></span> <span class='ocrx_word' id='word_1_555' title='bbox 1096 5386 1390 5442; x_wconf 88' lang='lat' dir='ltr'><strong>commisit.</strong></span> <span class='ocrx_word' id='word_1_556' title='bbox 1417 5385 1829 5442; x_wconf 63' lang='lat' dir='ltr'><strong>Adaalheronem</strong></span> <span class='ocrx_word' id='word_1_557' title='bbox 1845 5383 2149 5456; x_wconf 74' lang='lat' dir='ltr'><strong>maiestatis</strong></span> <span class='ocrx_word' id='word_1_558' title='bbox 2176 5382 2330 5438; x_wconf 82' lang='lat' dir='ltr'><strong>reum</strong></span> <span class='ocrx_word' id='word_1_559' title='bbox 2356 5378 2522 5450; x_wconf 90' lang='lat' dir='ltr'><strong>priori</strong></span> <span class='ocrx_word' id='word_1_560' title='bbox 2549 5393 2701 5432; x_wconf 87' lang='lat' dir='ltr'><strong>anno</strong></span> <span class='ocrx_word' id='word_1_561' title='bbox 2719 5377 2965 5432; x_wconf 82' lang='lat' dir='ltr'><strong>dimovit.</strong></span> <span class='ocrx_word' id='word_1_562' title='bbox 2995 5374 3201 5429; x_wconf 82' lang='lat' dir='ltr'><strong>ﬂisteut</strong></span> <span class='ocrx_word' id='word_1_563' title='bbox 3235 5370 3423 5426; x_wconf 85' lang='lat' dir='ltr'><strong>diebus</strong></span> 
     </span>
    </p>
   </div>
   <div class='ocr_carea' id='block_1_55' title="bbox 653 5460 3413 5549">
    <p class='ocr_par' dir='ltr' id='par_1_55' title="bbox 653 5460 3413 5549">
     <span class='ocr_line' id='line_1_55' title="bbox 653 5460 3413 5549; baseline -0.005 -14"><span class='ocrx_word' id='word_1_564' title='bbox 653 5478 797 5535; x_wconf 84' lang='lat' dir='ltr'><strong>idem</strong></span> <span class='ocrx_word' id='word_1_565' title='bbox 827 5478 1095 5538; x_wconf 78' lang='lat' dir='ltr'><strong>Adalbero</strong></span> <span class='ocrx_word' id='word_1_566' title='bbox 1122 5481 1527 5541; x_wconf 85' lang='lat' dir='ltr'><strong>Willehelmum</strong></span> <span class='ocrx_word' id='word_1_567' title='bbox 1551 5483 1803 5542; x_wconf 90' lang='lat' dir='ltr'><strong>comitem</strong></span> <span class='ocrx_word' id='word_1_568' title='bbox 1834 5480 2127 5549; x_wconf 89' lang='lat' dir='ltr'><strong>interfecit,</strong></span> <span class='ocrx_word' id='word_1_569' title='bbox 2188 5487 2241 5537; x_wconf 90' lang='lat' dir='ltr'><strong>et</strong></span> <span class='ocrx_word' id='word_1_570' title='bbox 2279 5486 2465 5549; x_wconf 89' lang='lat' dir='ltr'><strong>postea</strong></span> <span class='ocrx_word' id='word_1_571' title='bbox 2507 5477 2559 5531; x_wconf 90' lang='lat' dir='ltr'><strong>iu</strong></span> <span class='ocrx_word' id='word_1_572' title='bbox 2609 5474 2890 5531; x_wconf 80' lang='lat' dir='ltr'><strong>castellum</strong></span> <span class='ocrx_word' id='word_1_573' title='bbox 2918 5460 3413 5540; x_wconf 66' lang='lat' dir='ltr'><strong>Eresburglrcausa</strong></span> 
     </span>
    </p>
   </div>
   <div class='ocr_carea' id='block_1_56' title="bbox 726 5638 3726 5724">
    <p class='ocr_par' dir='ltr' id='par_1_56' title="bbox 726 5638 3726 5724">
     <span class='ocr_line' id='line_1_56' title="bbox 726 5638 3726 5724; baseline -0.008 -5"><span class='ocrx_word' id='word_1_574' title='bbox 726 5659 872 5724; x_wconf 74' lang='lat'><strong>(365)</strong></span> <span class='ocrx_word' id='word_1_575' title='bbox 909 5660 1048 5715; x_wconf 82' lang='lat' dir='ltr'><strong>Hinc</strong></span> <span class='ocrx_word' id='word_1_576' title='bbox 1066 5663 1172 5716; x_wconf 86' lang='lat' dir='ltr'><strong>alia</strong></span> <span class='ocrx_word' id='word_1_577' title='bbox 1201 5678 1405 5720; x_wconf 77' lang='lat' dir='ltr'><strong>manus.</strong></span> <span class='ocrx_word' id='word_1_578' title='bbox 1984 5638 1999 5655; x_wconf 48' lang='lat'>‘</span> <span class='ocrx_word' id='word_1_579' title='bbox 2414 5657 2562 5724; x_wconf 73' lang='lat'><strong>(565)</strong></span> <span class='ocrx_word' id='word_1_580' title='bbox 2590 5649 2973 5709; x_wconf 78' lang='lat' dir='ltr'><strong>BEZELINUS</strong></span> <span class='ocrx_word' id='word_1_581' title='bbox 3002 5651 3055 5724; x_wconf 74' lang='lat' dir='ltr'><strong>in</strong></span> <span class='ocrx_word' id='word_1_582' title='bbox 3084 5667 3157 5724; x_wconf 60' lang='lat' dir='ltr'><strong>nt.</strong></span> <span class='ocrx_word' id='word_1_583' title='bbox 3177 5649 3358 5705; x_wconf 72' lang='lat' dir='ltr'><strong>litteris</strong></span> <span class='ocrx_word' id='word_1_584' title='bbox 3380 5640 3726 5704; x_wconf 65' lang='grc' dir='ltr'><strong>ΒΕΖαινιτωι</strong></span> 
     </span>
    </p>
   </div>
   <div class='ocr_carea' id='block_1_57' title="bbox 728 5672 2285 5803">
    <p class='ocr_par' dir='ltr' id='par_1_57' title="bbox 728 5672 1405 5803">
     <span class='ocr_line' id='line_1_57' title="bbox 728 5672 1405 5720; baseline 0.01 -7"><span class='ocrx_word' id='word_1_585' title='bbox 728 5672 852 5719; x_wconf 70' lang='lat' dir='ltr'><strong>ratio</strong></span> <span class='ocrx_word' id='word_1_586' title='bbox 909 5672 1048 5715; x_wconf 74' lang='grc' dir='ltr'><strong>ωηο</strong></span> <span class='ocrx_word' id='word_1_587' title='bbox 1066 5672 1172 5716; x_wconf 77' lang='lat' dir='ltr'><strong>alia</strong></span> <span class='ocrx_word' id='word_1_588' title='bbox 1201 5678 1405 5720; x_wconf 76' lang='lat' dir='ltr'><strong>manus.</strong></span> 
     </span>
     <span class='ocr_line' id='line_1_58' title="bbox 728 5672 1229 5803; baseline 0.008 -19"><span class='ocrx_word' id='word_1_589' title='bbox 728 5672 876 5801; x_wconf 49' lang='lat' dir='ltr'><strong>(filii;</strong></span> <span class='ocrx_word' id='word_1_590' title='bbox 909 5731 1229 5803; x_wconf 77' lang='lat' dir='ltr'><strong>Tegernsee.</strong></span> 
     </span>
    </p>
   </div>
   <div class='ocr_carea' id='block_1_58' title="bbox 1658 5672 3215 5803">
    <p class='ocr_par' dir='ltr' id='par_1_58' title="bbox 2414 5672 3215 5798">
     <span class='ocr_line' id='line_1_59' title="bbox 2414 5672 3215 5724; baseline -0.012 -13"><span class='ocrx_word' id='word_1_591' title='bbox 2414 5672 2562 5724; x_wconf 71' lang='lat' dir='ltr'><strong>(oua)</strong></span> <span class='ocrx_word' id='word_1_592' title='bbox 2592 5672 2973 5709; x_wconf 70' lang='lat' dir='ltr'><strong>UbbbhltVUD</strong></span> <span class='ocrx_word' id='word_1_593' title='bbox 3002 5672 3055 5706; x_wconf 86' lang='lat' dir='ltr'><strong>m</strong></span> <span class='ocrx_word' id='word_1_594' title='bbox 3084 5672 3154 5705; x_wconf 82' lang='lat' dir='ltr'><strong>m.</strong></span> <span class='ocrx_word' id='word_1_595' title='bbox 3177 5672 3215 5702; x_wconf 81' lang='grc' dir='ltr'><strong><em>ιι</em></strong></span> 
     </span>
     <span class='ocr_line' id='line_1_60' title="bbox 2414 5721 3215 5798; baseline -0.01 -17"><span class='ocrx_word' id='word_1_596' title='bbox 2414 5728 2559 5797; x_wconf 79' lang='grc'>(566)</span> <span class='ocrx_word' id='word_1_597' title='bbox 2587 5725 2903 5798; x_wconf 61' lang='lat' dir='ltr'><strong>Kaufnugeu</strong></span> <span class='ocrx_word' id='word_1_598' title='bbox 2930 5725 2981 5779; x_wconf 82' lang='lat' dir='ltr'><strong>in</strong></span> <span class='ocrx_word' id='word_1_599' title='bbox 3006 5721 3215 5775; x_wconf 55' lang='lat' dir='ltr'><strong>Hasuia.</strong></span> 
     </span>
    </p>
   </div>
  </div>
