3944 6452
96 419 176 474 577
699 397 786 452 ET
825 389 1173 450 LAMBERTI
1204 380 1784 444 ASCIIAFNABURG.
1812 377 1994 434 PARS
2033 377 2306 434 ALTERA
2346 375 2676 434 GENUINA.
3215 368 3315 425 5'79

336 512 642 573 ANNALES
679 502 1343 565 HILDESHEIMENSES.
2156 491 2509 548 LAMBEBTI
2547 484 2884 544 ANNALES.

98 615 262 674 latendi
290 609 539 680 eonlugit.
570 606 869 676 Imperator
911 601 1110 671 pascha
1144 593 1519 666 Engilenheim
1555 588 1792 645 feriavit.
1846 585 2048 642 Deinde
2085 584 2394 640 Triburiam
2427 584 2674 646 tendens,
2727 594 2818 652 ge-

95 713 238 771 nerali
267 709 450 765 ibidem
482 705 669 760 sinodo
696 700 970 773 praesedit,
1003 698 1054 751 in
1085 711 1190 766 qua
1225 691 1564 764 germanitas
1587 688 1966 758 episc0porum
2019 684 2202 756 priora
2233 684 2452 738 decreta
2482 682 2816 750 redintegra-

102 811 179 872 vit,
207 815 255 862 et
277 803 428 860 etiam
449 801 674 870 quedam
699 797 766 852 ad
795 796 1191 849 ﬁrmamentum
1215 799 1416 844 sanctae
1429 784 1671 842 ecclesiae
1695 781 2000 839 necessaria
2023 778 2401 836 conformavit.
2430 777 2631 834 Ibidem
2655 777 2818 833 etiam

103 904 363 977 prtedictus
393 900 516 956 Otto
545 903 773 969 cogente
802 891 992 948 sinodo
1021 887 1368 942 blahthildem
1398 885 1502 941 sibi
1527 885 1905 953 desponsatam
1931 879 2241 953 juramento
2276 894 2307 933 a
2354 893 2414 934 se
2439 876 2824 947 abaligenavit.

103 1000 448 1059 Ascensionem
479 993 688 1052 Domini
747 983 1483 1060 imperatorPaderbrunne
1524 981 1761 1053 peregit;
1814 986 2166 1049 pentecosten
2207 992 2336 1032 vero
2379 976 2826 1044 nativitatemque

109 1095 255 1153 sancti
272 1092 523 1149 Johannis
551 1088 838 1156 Niumago,
869 1092 924 1139 et
956 1082 1028 1138 ibi
1056 1081 1166 1136 ﬁlio
1197 1079 1545 1150 imperatoris
1588 1076 1840 1132 IIeinrico
1864 1075 1977 1146 regi
2011 1075 2158 1130 venit
2189 1075 2397 1145 regina,
2444 1073 2696 1128 Cunibild
2729 1087 2826 1127 no-

111 1192 252 1256 mine,
280 1204 392 1259 qua:
421 1186 615 1242 ibidem
650 1185 703 1239 in
732 1181 896 1237 natali
927 1177 1293 1250 apostolorum
1330 1175 1566 1246 regalem
1615 1189 1872 1230 coronam
1903 1171 2132 1242 accepit,
2165 1178 2221 1227 et
2264 1179 2472 1227 mutato
2512 1171 2730 1226 nomine
2758 1169 2811 1224 in

111 1287 450 1344 benedictione
474 1280 758 1352 Cunigund
790 1279 934 1334 dicta
961 1286 1064 1332 est.
1114 1272 1328 1329 Estivo
1367 1273 1532 1328 etiam
1575 1279 1818 1341 tempore
1848 1269 2145 1340 imperator
2174 1268 2449 1339 regionem
2478 1266 2834 1321 Liutiziorum

108 1401 206 1440 cum
231 1383 461 1439 exercitu
499 1378 743 1435 intravit.
786 1374 894 1431 Sed
917 1373 1009 1428 Dei
1038 1371 1216 1444 gratia
1236 1370 1490 1426 omnibus
1517 1382 1616 1436 pro
1662 1381 1759 1422 suo
1787 1365 1924 1420 velle
1961 1363 2258 1432 dispositis,
2289 1362 2531 1432 acceptis
2554 1360 2834 1417 obsidibus

110 1492 152 1538 et
171 1479 522 1537 innumerabili
549 1475 798 1548 pecunia,
839 1473 891 1526 in
929 1485 1063 1540 pace
1110 1468 1410 1524 remeavit.
1452 1465 1813 1521 Meinwercus
1844 1460 2336 1516 Pa'therbrunensis
2373 1460 2662 1528 episcopus
2697 1455 2836 1512 Nan.

111 1578 230 1634 Junii
256 1576 400 1632 obiit.
431 1575 526 1630 Cui
558 1570 855 1628 liuodolfus
883 1567 1182 1624 Hcrveldize
1209 1565 1375 1622 abbas
1396 1570 1679 1621 successzt.
1708 1561 1814 1617 Sed
1837 1560 2070 1615 domnus
2095 1557 2438 1628 Meginherus
2465 1555 2707 1624 ejusdem
2738 1554 2840 1609 loci

115 1675 337 1737 decanos,
363 1671 556 1742 plurali
588 1668 837 1725 utilitatis
874 1666 1057 1722 studio
1093 1664 1350 1727 imbutus,
1394 1669 1598 1717 sanctm
1631 1660 1849 1729 quidem
1889 1655 2322 1712 conversationis
2359 1653 2677 1718 monachus,
2711 1652 2846 1707 Iler-

117 1770 264 1825 {oblite
285 1768 566 1840 primatum
599 1764 841 1836 ejusdem
870 1760 1148 1833 dignitatis
1177 1757 1432 1813 obtinuit.
1462 1757 1643 1810 Bruno
1670 1752 2102 1822 Mcrsburgensis
2129 1751 2320 1822 praesul
2351 1750 2428 1804 Id.
2460 1750 2598 1821 Aug.
2635 1749 2842 1805 sustol-

117 1871 242 1934 litur,
285 1876 398 1938 post
435 1881 595 1936 quem
633 1861 914 1918 llnnoldus
960 1855 1416 1915 Halberstatensis
1452 1853 1771 1926 pratpositus
1799 1850 2153 1908 subinI‘ertur.
2197 1849 2521 1904 Thiedricus
2551 1849 2617 1903 de
2656 1846 2848 1902 eodem

119 1963 177 2016 ibi
198 1961 427 2017 cmuobio
457 1959 811 2030 praeponitur.
840 1955 1054 2018 Sancta:
1082 1952 1499 2025 Agrippinensis
1523 1949 1768 2005 ecclesiae
1802 1947 2252 2017 metropolitanus
2285 1947 2609 2001 venerandae
2643 1961 2853 2000 memo-

121 2059 196 2113 rize
216 2058 508 2128 Biligrinus,
542 2057 609 2110 ad
633 2053 812 2110 omnia
841 2053 892 2106 in
917 2051 1114 2106 divinis
1143 2061 1194 2104 ct
1218 2047 1470 2102 humanis
1503 2041 1942 2115 perstrcnuus,9.
1971 2041 2089 2096 Kal.
2124 2040 2462 2110 Septembris
2486 2041 2551 2095 ad
2577 2040 2855 2096 Christum

123 2152 358 2224 migravit.
389 2152 446 2208 In
489 2149 645 2217 cujus
671 2150 850 2205 locum
883 2144 1230 2201 nobilissima:
1255 2143 1449 2198 indolis
1467 2141 1681 2212 juvenis
1706 2139 2089 2201 Herimannus,
2122 2139 2363 2209 ejusdem
2397 2137 2655 2194 mcclesize
2681 2139 2859 2193 archi-

122 2248 363 2314 diaconus,
405 2248 496 2304 sed
539 2246 722 2317 regius
753 2243 1069 2314 capellanus
1104 2251 1159 2297 ct
1189 2239 1496 2308 Cisalpinus
1535 2235 1922 2300 cancellarius,
1959 2250 2082 2288 cum
2119 2233 2468 2290 inenarrabili
2515 2233 2712 2304 gaudio
2742 2232 2859 2303 pio-

127 2361 222 2398 rum
244 2345 472 2401 omnium
503 2343 750 2398 intravit.
777 2339 1128 2395 Branthohus
1157 2335 1614 2392 Ilalbcrstatcnsis
1642 2333 1882 2404 pontifex
1936 2332 1990 2386 6.
2046 2331 2168 2386 Kal.
2201 2330 2541 2400 Septembris
2583 2329 2859 2392 discessit,

124 2440 192 2492 cui
215 2438 547 2510 Burghardns
581 2436 878 2508 imperialis
906 2433 1268 2491 caucellarius
1305 2430 1604 2486 honoriﬁce
1655 2428 1939 2485 successit.
1973 2427 2328 2498 Sigeberhtus
2351 2425 2710 2482 Mindensium
2733 2441 2864 2496 pra:-

129 2535 195 2588 sul
219 2535 450 2606 spiritum
473 2532 677 2588 eIIlavit
700 2534 750 2586 6.
770 2533 892 2597 Idus
913 2529 1196 2595 Octobris;
1229 2537 1349 2598 post
1381 2542 1542 2598 quem
1573 2525 1768 2581 nobilis
1791 2523 2054 2595 prosapiae
2087 2532 2206 2595 tyro
2229 2523 2412 2577 Bruno
2439 2523 2679 2583 nomine,
2710 2535 2866 2591 rega-

131 2632 181 2685 lis
205 2632 513 2700 capellanus,
547 2647 667 2687 cum
691 2629 930 2702 generali
967 2627 1440 2698 congratulatione
1473 2639 1815 2695 quorumque
1849 2621 2054 2678 Christi
2081 2620 2323 2677 ﬁdelium
2354 2621 2494 2674 idem
2528 2619 2866 2674 antisticium

131 2727 306 2782 rmlcsti
333 2728 718 2783 benedictione
743 2726 974 2796 accepit.
1015 2724 1318 2780 Gozmarus
1355 2720 1792 2792 Asnehurgensis
1818 2719 2104 2788 episcopus
2136 2715 2190 2771 4.
2239 2715 2316 2771 Id.
2353 2714 2668 2771 Decembris
2700 2715 2868 2781 ohiit,

131 2824 198 2874 cui
228 2823 492 2878 Alitericus
525 2825 713 2893 regius
743 2829 1228 2891 postsequetancus
1258 2819 1540 2873 successit.
1585 2816 1820 2870 Domnus
1851 2814 2233 2878 Godehnrdus,
2267 2813 2712 2869 lIldeseimcnsis
2763 2813 2876 2880 epi-
2927 2810 2930 2814 ’

132 2918 632 2987 scopus,Brttnonetn
658 2917 1087 2972 Mindonensium
1112 2914 1418 2984 praesulem,
1446 2926 1494 2968 et
1523 2912 1894 2981 Bnrghardum
1913 2911 2410 2967 I-Ialberstateusem
2433 2911 2766 2980 pontiﬁcem,
2786 2910 2870 2965 I5.

133 3011 228 3068 Iial.
256 3013 469 3070 Januar.
503 3018 700 3071 sabato
724 3023 848 3068 ante
874 3011 1109 3067 natalem
1149 3012 1358 3067 Domini
1388 3011 1440 3064 in
1469 3009 1781 3064 Ilzilbcrstat
1803 3010 2136 3080 presbitcros
2168 3010 2470 3065 ordinavit.

191 3131 329 3187 I037.
381 3133 491 3190 ind.
551 3133 602 3188 ὅ.
649 3133 952 3202 Imperator
1001 3132 1235 3186 natalem
1285 3130 1432 3202 (367)
1486 3129 1690 3185 Christi
1869 3130 2024 3184 1057.
2079 3129 2366 3185 incensum
2409 3139 2494 3187 est
2551 3109 2935 3190 monasterium
2993 3137 3371 3196 Hervclile:.se.

139 3221 314 3278 Verene
369 3224 672 3280 honoriﬁce
724 3223 1040 3279 celebravit.
1089 3223 1154 3277 Et
1195 3223 1510 3292 imperatrix
1565 3237 1688 3276 cum
1794 3222 1994 3278 Gozelo
2016 3223 2124 3277 dux
2153 3223 2394 3279 Odonem
2434 3226 2691 3281 comitem
2722 3227 2943 3292 occidit,
2972 3237 3166 3284 etcum
3199 3245 3264 3285 eo
3305 3231 3372 3284 ad

138 3311 225 3367 ﬁlio
260 3329 373 3382 rege
417 3324 470 3371 et
515 3330 660 3369 nuru
710 3314 929 3368 eosdem
981 3313 1096 3367 dies
1137 3312 1408 3382 Imbripoli
1454 3311 1689 3366 I'eriavit.
1797 3329 1888 3370 sex
1916 3314 2060 3368 milia
2091 3313 2240 3385 (569)
2274 3317 2541 3372 homines.

138 3399 260 3457 Tunc
291 3403 338 3458 in
381 3403 552 3458 natali
583 3403 756 3459 sancti
795 3402 1058 3472 Stephani
1107 3403 1520 3473 protomartyris
1554 3402 1692 3456 Bur-

138 3493 343 3559 ghardus
369 3495 568 3566 prtesul
598 3495 1053 3552 llalberstalensis
1081 3493 1442 3563 pontiﬁcalem
1467 3490 1899 3548 benedictionem
1953 3506 1982 3545 a
2023 3490 2275 3547 Bardone
2303 3490 2642 3562 Mogontiaco
2676 3503 2881 3548 metro-

141 3587 346 3652 politauo
371 3592 598 3661 suisque
620 3588 974 3660 suﬂ‘ragaueis
1002 3588 1368 3660 Ileliganstedi
1399 3588 1696 3644 honoriﬁce
1724 3588 1987 3657 percepit.
2019 3588 2318 3656 Imperator
2353 3598 2475 3658 post
2519 3591 2750 3645 natalem
2781 3589 2884 3644 Do-

143 3684 252 3738 mini
279 3687 326 3740 in
345 3687 582 3744 Salerno
604 3688 763 3759 opido
785 3685 1093 3759 generalem
1122 3693 1447 3742 conventum
1475 3685 1540 3740 de
1586 3700 1646 3740 re
1685 3683 1902 3754 publica
1933 3699 2053 3740 cum
2087 3683 2376 3756 Cisalpinis
2417 3686 2726 3756 nostrisque
2780 3688 2889 3757 pri-

142 3781 354 3837 moribus
375 3783 602 3848 habuit;
631 3784 681 3838 in
711 3799 817 3852 quo
833 3781 1250 3838 Mediolanensis
1271 3781 1713 3852 archiepiscopus
1729 3782 2043 3851 imperatori
2059 3783 2367 3838 contrarius
2389 3784 2890 3852 comprehenditur,

143 3885 188 3928 et
229 3875 453 3950 Bopponi
502 3878 855 3950 Aquilegensi
907 3879 1232 3948 patriarcha:
1278 3878 1577 3934 servandus
1628 3876 2020 3944 committitur;
2071 3894 2100 3931 a
2132 3894 2238 3948 quo
2278 3878 2402 3951 fuga
2457 3881 2660 3949 lapsus,
2712 3879 2891 3950 palam

145 3970 379 4030 rebellare
413 3975 585 4044 cepit.
619 3973 788 4041 Quem
821 3975 1115 4044 imperator
1162 3988 1192 4028 e
1248 3974 1478 4045 vestigio
1519 3987 1646 4028 cum
1701 3973 1942 4028 exercitu
1982 3973 2330 4044 insequutus,
2379 3977 2565 4032 urbem
2599 3992 2694 4047 per
2724 3985 2893 4030 totum

146 4066 543 4141 subsequentem
570 4085 770 4125 annum
807 4085 928 4126 cum
955 4071 1130 4126 tocius
1156 4070 1400 4141 periculo
1430 4069 1705 4125 exercitus
1753 4069 1985 4124 obsedit.
2035 4069 2216 4125 Bruno
2262 4072 2554 4128 Mindensis
2595 4072 2792 4142 prtesul
2844 4072 2896 4126 in

155 4174 320 4221 sancto
348 4169 433 4223 die
464 4175 818 4239 pentecoslen
843 4166 1240 4236 epischopalem
1273 4167 1582 4221 unctionem
1614 4165 1679 4220 ab
1702 4163 2034 4220 Ilerimanno
2071 4167 2450 4238 Agrippinensi
2482 4169 2902 4239 metropolitano

153 4256 197 4310 iu
227 4275 406 4335 campo
429 4266 589 4336 juxta
613 4262 996 4328 Mediolanum,
1029 4262 1332 4317 astantibus
1356 4263 1681 4333 imperatore
1708 4270 1763 4316 et
1786 4277 1912 4331 rege
1937 4278 2060 4317 cum
2089 4265 2498 4335 quampluribus
2527 4267 2674 4336 regni
2703 4265 2904 4336 primo-
2987 4275 2992 4280 '

156 4357 304 4424 ribus,
331 4363 598 4433 condigne
627 4361 885 4430 suscepit.
915 4359 1118 4414 Eodem
1143 4359 1230 4416 die
1253 4358 1381 4414 inibi
1411 4375 1604 4431 magna
1635 4359 1869 4415 tonitrus
1898 4361 2232 4432 fulgurisquc
2279 4359 2466 4418 exor‘ta
2515 4364 2724 4418 collisio
2772 4365 2905 4419 hora

157 4454 245 4510 diei
271 4468 439 4525 sexta,
456 4461 523 4515 de
545 4459 786 4514 exercitu
804 4456 1146 4528 imperatoris
1173 4471 1278 4511 non
1299 4458 1476 4514 minus
1490 4458 1558 4512 60
1580 4458 1744 4522 viros,
1762 4467 1820 4513 ut
1843 4459 2062 4524 dicitur,
2078 4475 2200 4515 cum
2225 4461 2632 4518 inenumerabili
2647 4477 2907 4532 equorum

157 4565 615 4626 armentorumque
643 4554 990 4610 multitudine
1019 4554 1280 4624 peremit;
1315 4556 1410 4609 sed
1432 4561 1486 4608 et
1515 4555 1764 4624 sequenti
1795 4554 1882 4608 die
1922 4556 2052 4608 hora
2090 4557 2277 4610 eadem
2336 4559 2498 4611 etiam
2547 4558 2760 4628 aliquos
2814 4559 2909 4611 ad-

167 4649 301 4708 emit.
334 4651 604 4708 Plurimos
631 4652 848 4722 quidem
883 4652 1066 4706 varios
1091 4660 1145 4705 et
1172 4650 1337 4704 etiam
1362 4649 1607 4704 insolitos
1636 4649 1928 4705 dillicilium
1953 4666 2130 4705 rerum
2163 4665 2389 4707 eventus
2431 4669 2529 4723 per
2558 4655 2699 4710 hanc
2745 4665 2909 4711 aesta-

162 4754 254 4799 tem
282 4751 555 4804 exercitus
581 4758 768 4804 noster
800 4749 852 4802 in
885 4748 1068 4802 multis
1100 4747 1296 4800 ibidem
1329 4745 1610 4802 sustinuit.

227 4843 592 4912 Placentinus,
617 4845 1023 4912 Cremonensis,
1055 4843 1438 4908 Vcrcellensis,
1465 4842 1556 4898 alii
1585 4843 1749 4898 etiam
1773 4842 2040 4913 episcopi,
2074 4843 2292 4911 quidam
2341 4845 2638 4914 majestatis
2665 4845 2764 4909 rei,
2791 4847 2921 4914 quia

171 4954 279 4994 cum
309 4944 569 5012 praedicto
597 4943 1008 5014 archiepiscopo
1047 4951 1099 4996 et
1128 4941 1352 4997 Oudone
1392 4951 1623 5012 tyranno
1653 4955 1795 5010 saepe
1827 4950 2125 4994 memorato
2151 4951 2337 4996 contra
2369 4943 2751 5012 imperatorem
2787 4959 2922 5000 con-

171 5050 458 5104 senserant,
487 5041 686 5111 captivi
710 5041 775 5094 ad
804 5055 902 5095 nos
933 5041 985 5094 in
1021 5040 1234 5094 diversa
1257 5041 1374 5095 loca
1401 5040 1604 5094 cxiliati
1636 5049 1780 5095 sunt.
1807 5038 2220 5094 Preuominatus
2243 5055 2373 5111 ergo
2397 5039 2572 5107 Oudo,
2605 5044 2934 5112 imperatore

167 5133 319 5191 Italia:
343 5149 528 5207 partes
561 5150 908 5207 procurante,
936 5137 1352 5208 Luthuringiam
1371 5136 1525 5207 juxta
1557 5153 1792 5191 marcam
1815 5136 2100 5192 Gazelonis
2124 5137 2274 5193 ducis
2292 5137 2515 5210 ejusque
2541 5113 2634 5195 lilii
2654 5140 2932 5196 Godefridi

171 5229 421 5288 tirannice
447 5234 667 5299 invasit,
697 5243 749 5288 et
773 5233 1074 5298 civitatem,
1121 5248 1240 5303 quae
1286 5233 1592 5304 Bera(568)
1637 5233 1857 5298 dicitur,
1903 5233 2098 5301 injusta
2145 5237 2562 5307 praesumptione
2603 5239 2922 5308 occupavit;

168 5327 308 5395 juxta
339 5347 504 5400 quam
537 5331 604 5386 ab
627 5332 835 5386 hisdem
869 5331 1096 5387 ducibus
1123 5339 1439 5400 occupatus,
1467 5339 1826 5400 consertoque
1853 5331 2038 5400 pra-lio
2069 5331 2210 5387 inter
2250 5334 2454 5402 primos
2492 5333 2752 5406 inglorius
2773 5351 2937 5392 occu—

174 5423 298 5495 buit,
322 5426 606 5499 iustasque
637 5431 832 5484 diviure
860 5429 1050 5485 ultioni
1078 5437 1202 5500 post
1239 5428 1462 5484 eIl‘racta
1499 5429 1806 5497 juramenta
1835 5445 2001 5499 penas
2035 5431 2285 5486 exsolvit.
2313 5435 2396 5488 Ab
2438 5435 2568 5504 ipsis
2594 5451 2726 5490 sane
2762 5439 2941 5492 victo-

179 5520 319 5579 ribus
346 5526 647 5596 ignoratus,
687 5528 740 5582 in
773 5528 1073 5583 crastinum
1108 5527 1251 5584 inter
1281 5526 1744 5597 vulgusinvcntus
1781 5538 1862 5584 est
1914 5530 2110 5599 nudus,
2167 5531 2329 5586 vitam
2384 5536 2595 5603 pariter
2639 5546 2692 5592 et
2751 5551 2941 5608 regno,

425 5679 576 5764 chst
606 5699 652 5736 ε.

1899 5685 2042 5757 (569)
2076 5686 2222 5741 Deest
2249 5687 2302 5741 9..
2336 5690 2383 5743 ϐ.

247 5750 388 5815 (sua;
425 5750 548 5805 Bal‘.
