3944 6384
601 359 704 415 579
1453 351 1707 409 ANNAL.
1752 346 2191 406 lllLDESHEIM.
2228 345 2596 415 QUEDLINB.
2632 326 3016 402 WEISSEMB.
3733 347 3811 407 διο

880 467 1205 526 ANNALES
1237 463 1907 524 lllLDESllElMENSES.
2679 459 2765 515 LA
2776 456 3033 513 MBERTI
3070 456 3387 514 ANNALES

606 561 880 632 quod'sibi
908 576 1179 632 usurpans
1223 559 1532 626 affectabat,
1562 558 1841 629 spoliatus.
1864 555 2074 612 Nostra
2097 555 2324 611 aeclesize
2353 555 2608 610 daacanus
2639 551 2829 608 Tadilo
2867 551 2922 607 11
2958 548 3076 605 Kal.
3105 548 3371 605 Februar.

597 658 753 724 obiit,
792 663 949 728 pater
992 656 1048 711 in
1085 657 1306 713 Christo
1353 654 1681 711 venerabilis
1710 652 1764 709 et
1794 652 1898 724 piis
1942 652 2196 709 omnibus
2235 665 2449 723 semper
2490 646 2877 704 memorabilis.
2942 645 3163 718 Hagano
3199 646 3378 701 diaco-

607 775 729 825 nus,
780 758 963 830 regius
1007 757 1342 829 capellanus,
1394 757 1483 813 10.
1538 755 1659 810 Kal.
1690 755 1856 811 Marc.
1907 755 2158 821 moritur,
2207 761 2263 810 et
2304 753 2356 807 in
2417 748 2706 808 Herveldia
2752 746 3034 818 sepelitur.
3095 744 3385 816 Sigifridus

598 868 784 909 comes
813 862 868 910 et
888 855 1231 924 Dangmarus
1254 868 1436 910 eomes
1463 852 1737 909 obierunt.

671 968 827 1026 1058.
852 969 1153 1040 Imperator
1177 986 1297 1027 cum
1323 970 1656 1025 nobilissima
1693 969 1773 1025 sui
1814 967 2022 1023 familia
2046 969 2183 1023 nati—
2368 967 2525 1025 1038.
2587 966 2929 1039 Gotehardus
2978 960 3530 1020 Hildenesheimensis
3590 958 3815 1030 episcopus

601 1061 822 1116 vitalem
862 1061 1064 1118 Christi
1111 1060 1321 1116 Parmae
1358 1060 1696 1125 ‘celebravit;
1753 1060 1842 1129 qui
1880 1060 2075 1114 urbani
2112 1074 2180 1113 ex
2294 1059 2465 1127 obiit;
2499 1060 2583 1115 cui
2617 1060 2925 1115 Diotmarus
2950 1055 3232 1113 successit.

603 1149 704 1205 levi
730 1165 898 1207 causa
928 1159 1118 1206 sancto
1145 1150 1232 1206 die
1259 1150 1557 1205 nativitatis
1581 1149 1791 1204 Domini
1814 1149 1884 1203 ad
1904 1163 2180 1219 vesperam

601 1257 875 1302 certamen
904 1247 1164 1313 inierunt,
1189 1245 1243 1301 in
1265 1262 1370 1316 quo
1401 1246 1467 1301 de
1497 1246 1741 1301 exercitu
1763 1244 2133 1315 quamplures,
2164 1243 2256 1299 sed
2290 1244 2559 1315 prazcipue
2605 1252 2716 1299 tres
2758 1258 2825 1298 ex
2853 1238 3142 1298 clientibus
3181 1237 3365 1309 regiis,

593 1339 851 1408 Chonon,
872 1340 1145 1412 Magnum,
1173 1339 1515 1412 Suicgerum,
1546 1350 1910 1412 peremerunt.
1943 1340 2051 1395 Pro
2081 1356 2187 1410 qua
2214 1354 2343 1411 ergo
2370 1339 2671 1397 insolentia:
2718 1338 3021 1394 temeritate
3068 1336 3122 1391 in
3174 1336 3367 1392 crasti-

600 1454 730 1490 num
753 1436 987 1492 diluculo
1012 1437 1111 1508 ipsi
1137 1437 1298 1492 simul
1324 1453 1448 1492 cum
1478 1437 1698 1493 civitate
1725 1418 2086 1507 omnibusque
2121 1437 2255 1501 suis,
2278 1435 2467 1506 preda,
2498 1436 2640 1505 igne,
2671 1433 2818 1489 ferro
2840 1433 3136 1504 perierunt.
3163 1430 3371 1487 Pascha

596 1549 729 1590 vero
764 1535 1059 1604 imperator
1079 1534 1198 1590 sine
1228 1536 1422 1604 quavis
1458 1534 1700 1590 molestia
1751 1535 1805 1589 in
1861 1534 2084 1590 castello
2135 1534 2313 1604 Spella
2345 1533 2515 1607 (ὅθεν)
2549 1532 2774 1604 paciﬁce
2824 1530 3059 1588 feriavit.
3091 1528 3373 1584 Predictus

599 1644 814 1699 quoque
838 1627 1321 1685 Mediolanensium
1353 1630 1802 1699 metropolitanus
1831 1630 1899 1684 ab
1927 1628 2226 1700 apostolico
2255 1627 2509 1699 pontiﬁce
2556 1636 2678 1700 post
2712 1628 2891 1699 justas
2913 1627 3137 1683 crebras
3167 1639 3375 1680 ammo-

593 1725 845 1783 niciones
879 1725 1158 1781 communi
1197 1727 1573 1796 episcoporum
1603 1726 1821 1781 decreto
1853 1725 1905 1779 in
1933 1725 2148 1795 paschis
2176 1726 2689 1791 anatliematizatus,
2722 1732 2779 1780 et
2803 1738 2832 1777 a
2860 1730 2985 1778 cetu
3020 1720 3264 1777 'ﬁdetium
3292 1727 3378 1774 est

601 1830 938 1893 segregatus.
969 1823 1072 1889 Qui
1102 1822 1457 1877 nihilominus
1506 1821 1559 1876 in
1600 1837 1695 1876 sua
1744 1822 2111 1878 obstinatione
2139 1823 2473 1892 perduravit,
2521 1831 2576 1878 et
2619 1819 2937 1892 imperatori
2976 1834 3078 1890 pro
3120 1833 3283 1890 posse
3319 1817 3377 1873 in

605 1918 860 1973 oumibus
887 1934 984 1989 per
1010 1928 1333 1989 praesentem
1356 1928 1411 1972 et
1431 1918 1593 1972 etiam
1621 1916 2039 1987 subsequentem
2068 1934 2267 1973 annum
2301 1916 2742 1973 incommodavit.

684 2014 761 2069 Eo
788 2023 1030 2084 tempore
1060 2014 1380 2070 veneranda:
1402 2015 1677 2069 memoria:
1699 2022 1920 2070 sanctus
1944 2022 2129 2070 noster
2151 2013 2391 2086 pontifex
2413 2013 2769 2070 Godehardus
2790 2013 2845 2068 5.
2868 2010 3007 2067 Νοη.
3040 2008 3189 2076 Maii,
3216 2008 3377 2065 vide—

597 2111 727 2166 licet
752 2110 884 2166 feria
915 2110 969 2166 6.
994 2121 1115 2182 post
1134 2112 1512 2167 ascensionem
1548 2111 1763 2167 Domini
1792 2126 1856 2165 ex
1882 2112 1984 2166 hac
2022 2110 2132 2166 vita
2165 2112 2495 2175 subtractus,
2521 2112 2587 2166 a'd
2615 2120 2862 2165 eternam
2890 2123 3013 2163 cum
3038 2106 3256 2163 Christo
3281 2120 3382 2178 pe-

600 2208 847 2279 renniter
866 2207 1109 2263 victurus
1130 2207 1407 2278 migravit,
1451 2206 1719 2277 nobisque
1744 2207 1961 2263 miseris
2008 2208 2312 2263 inmensam
2347 2206 2650 2262 mesticiam
2680 2204 2927 2261 discessu
2976 2217 3075 2259 suo
3124 2201 3373 2257 contulit.

590 2303 770 2371 Quem
794 2316 921 2359 vere
941 2304 1008 2359 ad
1036 2305 1200 2359 Deum
1223 2304 1555 2374 precessisse
1576 2318 1682 2358 non
1708 2302 2098 2369 discredimus;
2126 2303 2229 2358 hoc
2253 2311 2451 2368 tamen,
2475 2301 2619 2373 quod
2640 2308 2827 2356 sancta
2849 2297 2967 2367 ejus
2987 2296 3379 2354 ammonitiono

593 2400 993 2471 fructiferaque
1022 2400 1285 2456 virtutum
1313 2401 1787 2469 praeostentatione
1807 2400 2225 2469 praesentialiter
2245 2400 2547 2470 privamur,
2568 2398 2764 2453 merito
2787 2411 3001 2467 semper
3025 2395 3370 2467 ingemimus.

593 2496 786 2563 Qualis
809 2512 1045 2567 namque
1076 2497 1256 2552 meriti
1286 2496 1841 2566 esset,unusquisque
1865 2495 1917 2550 in
1947 2510 2046 2551 suo
2078 2496 2185 2550 fine
2208 2508 2535 2566 cognoscere
2556 2500 2752 2564 potest;
2778 2491 2930 2562 quia,
2951 2491 3093 2546 sicut
3111 2488 3377 2559 scriptum

593 2604 703 2663 est,
735 2595 1106 2665 unusquisque
1147 2595 1199 2649 in
1233 2609 1332 2649 suo
1359 2595 1465 2649 fine
1480 2595 1856 2664 cognoscitur.
1890 2593 2036 2649 Satis
2080 2607 2294 2663 quoque
2342 2601 2427 2648 est
2471 2600 2740 2662 apertum,
2768 2588 2917 2643 illum
2947 2586 3150 2643 habere
3178 2600 3341 2655 magn

602 2693 873 2764 prmeonia
913 2693 1262 2756 meritorum,
1293 2706 1415 2747 cum
1445 2691 1499 2746 in
1524 2691 1641 2762 ejus
1669 2691 1820 2747 obitu
1848 2699 1958 2745 tam
1982 2689 2211 2745 mirifica
2247 2690 2522 2760 signorum
2547 2696 2694 2760 gesta
2722 2684 2977 2759 patefecit
3009 2685 3152 2740 Deus
3187 2685 3240 2740 in
3275 2685 3379 2740 mi-

606 2790 814 2846 raculo.
842 2789 975 2844 Illud
1019 2775 1146 2857 vero
1190 2804 1519 2859 quamquam
1541 2790 1615 2845 sit
1638 2789 1848 2845 cunctis
1876 2788 2078 2845 Christi
2103 2787 2355 2844 ﬁdelibus
2391 2797 2601 2852 notum,
2631 2801 2762 2842 vera
2794 2782 3128 2854 experientia
3159 2782 3380 2839 relatio-

599 2903 729 2943 num
756 2896 937 2942 tamen
969 2887 1037 2939 ob
1060 2887 1179 2957 ejus
1200 2886 1505 2940 sanctitatis
1539 2886 1907 2942 testimonium
1932 2886 2023 2941 hic
2048 2886 2363 2941 continetur
2389 2884 2702 2954 inscriptum
2737 2882 2908 2958 (570).

675 2982 729 3036 In
747 2980 900 3050 cujus
922 2981 1098 3037 locum
1122 2980 1354 3036 domnus
1374 2980 1726 3038 Tbietmarus
1750 2981 1932 3055 regius
1956 2981 2266 3051 capellanus
2291 2983 2579 3047 successit,
2597 2987 2662 3039 ad
2683 2993 2864 3039 omnia
2892 2988 2945 3039 in
2970 2982 3169 3039 divinis
3195 2990 3249 3037 et
3278 2980 3381 3035 liu-

602 3080 780 3136 manis
811 3078 1041 3134 feliciter
1062 3089 1436 3149 perstrenuus,
1488 3095 1517 3134 a
1562 3080 1811 3135 Bardone
1858 3079 2275 3150 metropolitano
2318 3080 2603 3150 Mogontizc
2632 3082 2717 3136 15.
2759 3081 2878 3136 Kal.
2913 3080 3249 3153 Septembris
3276 3078 3381 3133 La-

604 3175 843 3232 resllteim
871 3183 953 3228 est
983 3184 1354 3229 consecratus.
1397 3174 1680 3231 Liudolfus
1726 3190 1925 3240 comes,
1977 3176 2256 3246 privignus
2298 3177 2663 3247 imperatoris,
2695 3179 2749 3234 9.
2778 3179 2899 3233 Kal.
2945 3178 3069 3233 Maii
3099 3178 3378 3233 inmatura

604 3254 781 3331 morte
808 3271 961 3325 obiit.
995 3271 1060 3324 Et
1088 3269 1203 3338 ejus
1257 3270 1425 3325 frater
1474 3271 1862 3339 Herimannus,
1900 3272 2251 3328 Alamanniae
2297 3273 2429 3340 dux,
2476 3277 2650 3331 subita
2694 3277 3007 3331 infirmitate
3042 3286 3379 3345 praeventus,

560 3410 569 3422 .
604 3366 761 3422 bonis
786 3364 976 3420 flebilis
1005 3364 1255 3420 omnibus
1285 3366 1369 3421 16.
1404 3366 1518 3420 Kal.
1542 3366 1667 3422 Julii
1693 3368 1992 3423 denotavit.
2020 3367 2227 3424 Nobilis
2251 3369 2416 3425 etiam
2450 3381 2635 3426 nostra
2661 3374 2845 3444 regina
2868 3372 3109 3428 Guuhild
3140 3371 3223 3426 15.
3251 3372 3376 3427 Kal.

603 3460 831 3532 Augusti
857 3475 921 3515 ex
946 3461 1048 3514 hoc
1081 3462 1281 3515 "1|me
1306 3462 1588 3532 migravit;
1635 3462 1789 3534 cujus
1835 3444 2535 3534 iutcmpestativusbbitus
2582 3484 2744 3538 quam
2796 3469 3060 3539 plurimos
3112 3468 3381 3540 cujusque

598 3556 811 3612 ordinis
839 3571 936 3626 per
961 3556 1314 3611 christianum
1346 3557 1629 3626 imperium
1677 3559 2038 3614 contristavit.
2094 3559 2411 3631 Sigifrithus
2466 3577 2667 3634 praeter
2709 3564 2985 3619 Palatinus
3008 3565 3176 3635 (371),
3208 3565 3382 3622 frater

595 3656 868 3749 Brunonis
920 3656 1159 3727 episcopi
1209 3655 1596 3726 Mindonensis,
1657 3658 1711 3713 7.
1762 3657 1881 3714 Kal.
1934 3658 2041 3715 Mai
2094 3660 2359 3732 moritur,
2411 3670 2466 3719 et
2510 3664 2563 3718 in
2597 3662 2959 3721 Wimilaburc
3007 3664 3155 3735 (372)
3194 3673 3379 3722 tumu-

601 3754 763 3810 lalur.

672 3874 833 3931 1039.
857 3875 970 3931 ind.
1006 3877 1060 3931 7.
1104 3875 1402 3946 Imperator
1430 3878 1663 3935 natalem
1700 3859 1913 3935 Domini
1956 3864 2184 3937 Goslare
2362 3878 2521 3935 1039.
2554 3879 2871 3936 Cuonradus
2916 3890 3214 3952 imperator
3265 3885 3405 3941 obiit
3452 3879 3664 3954 Trajecli
3693 3873 3802 3949 (373)

596 3982 724 4022 cum
776 3967 1212 4022 reverentissima
1256 3969 1562 4038 principum
1602 3970 1685 4024 sui
1722 3971 2187 4042 congratulatione
2294 3968 2423 4024 feria
2449 3971 2684 4026 secunda
2717 3972 2768 4025 in
2796 3981 3147 4043 peutecoste;
3191 3974 3279 4029 cui
3327 3974 3604 4031 Heinricus
3630 3967 3801 4024 tertith

600 4056 985 4112 decentissime
1016 4058 1352 4127 tripudiavit,
1384 4060 1471 4114 ubi
1520 4068 1578 4115 et
1616 4059 1822 4132 legatos
1868 4072 2185 4118 cunctarum
2289 4060 2437 4116 ﬁlius
2492 4061 2648 4131 ejus,
2689 4065 2972 4121 successit.
3016 4065 3320 4123 Richardus
3378 4067 3541 4123 abbas
3582 4062 3804 4121 Fuldensu

597 4146 966 4216 adiacentium
1007 4148 1285 4218 regionum
1309 4164 1433 4204 cum
1464 4150 1662 4206 debitis
1692 4151 2030 4223 vectigalium
2058 4169 2188 4224 pro-
2293 4156 2450 4223 obiit,
2497 4159 2586 4214 cui
2628 4158 2898 4231 Sigewart
2942 4161 3227 4217 successit.
3277 4159 3570 4233 Regenbolt
3592 4149 3803 4230 Spirensis

604 4233 932 4291 fessionibus
957 4236 1009 4289 in
1041 4248 1387 4293 aucmentum
1418 4253 1528 4295 sua:
1551 4240 1965 4322 magnificentiae
1997 4256 2183 4299 susce-
2293 4250 2579 4322 episcopus
2609 4252 2770 4317 obiit;
2805 4252 2893 4308 cui
2916 4251 3135 4308 Sibicho
3159 4253 3446 4310 successit.

598 4327 701 4397 pit,
731 4343 999 4399 quosque,
1031 4339 1089 4384 ut
1118 4331 1451 4401 imperialem
1483 4313 1905 4388 munificentiam
1934 4334 2180 4401 decebat,

608 4435 723 4480 tam
765 4426 846 4481 sui
875 4442 1039 4497 quam
1076 4429 1332 4497 optabant
1359 4430 1556 4498 gratia,
1583 4445 1746 4500 quam
1774 4437 1833 4485 et
1858 4426 2038 4485 rerdm
2081 4430 2452 4487 habundantia
2501 4431 2729 4485 donatos
2771 4429 2999 4500 paciﬁce
3046 4429 3279 4486 remisit.
3309 4428 3389 4486 lbi

500 4564 503 4571 .
607 4524 777 4580 ctiam
802 4525 949 4580 inter
973 4534 1155 4581 cetera
1173 4526 1536 4585 institutionis
1563 4543 1675 4585 suae
1720 4529 1939 4585 decreta
1984 4527 2267 4586 Alberadaa
2315 4529 2605 4585 abbatissae
2645 4528 2713 4584 de
2763 4527 3071 4584 Molinbach
3115 4528 3389 4585 abbatiam

606 4620 1113 4694 Wongeresthorph
1142 4623 1310 4681 invito
1341 4626 1579 4682 Brunoni
1608 4627 1863 4698 episcopo
1890 4627 2157 4697 resignari
2188 4626 2467 4699 praecepit.
2499 4625 2671 4694 Quam
2704 4635 2885 4680 tamen
2928 4626 3069 4680 idem
3101 4626 3390 4697 episcopus

599 4727 732 4789 post
754 4720 959 4789 pascha
983 4719 1066 4774 vel
1093 4729 1446 4790 spontaneam
1489 4723 1574 4779 vel
1606 4723 1830 4779 invitam
1859 4722 1929 4778 ab
1955 4723 2143 4778 eadem
2176 4723 2436 4792 dignitate
2487 4723 2589 4777 sub
2643 4721 3129 4805 abrenuntiacione
3176 4721 3391 4793 publica

605 4813 872 4870 desistere
897 4812 1045 4869 fecit.

677 4907 1122 4966 Puriﬁeationem
1149 4922 1353 4969 sanctae
1378 4914 1561 4970 Maria:
1610 4916 1912 4986 imperator
1936 4914 2143 4972 Alstedi
2194 4917 2323 4987 egit,
2371 4918 2557 4988 sicque
2596 4916 2984 4988 compendiose
3024 4917 3222 4973 itinere
3266 4932 3392 4989 per-

606 5015 793 5076 agrata
818 5004 1118 5078 Origentali
1148 5008 1409 5074 Saxonia,
1445 5012 1711 5082 rebusque
1740 5012 2060 5082 pacificatis,
2114 5013 2448 5087 Nuvimagon
2493 5011 2748 5082 tetendit;
2781 5014 2963 5085 ibique
3009 5022 3221 5085 tempus
3248 5031 3385 5086 qua-

606 5102 923 5172 dragesima:
951 5113 1007 5160 et
1035 5114 1279 5160 sanctum
1310 5107 1506 5175 pascha
1539 5116 1594 5162 et
1616 5109 1991 5165 ascensionem
2012 5109 2249 5177 Domini,
2272 5111 2509 5181 podagra
2530 5109 2848 5176 laborando,
2877 5112 3141 5171 consedit.
3166 5111 3295 5168 lnde
3320 5110 3388 5167 ad

600 5198 989 5255 celebrandum
1020 5211 1371 5270 pentecosten
1400 5201 1710 5271 Traiectum
1742 5206 1907 5269 venit,
1942 5215 1994 5262 et
2029 5207 2097 5261 ibi
2128 5206 2346 5278 quidem
2392 5207 2445 5262 in
2477 5223 2686 5263 summa
2715 5207 2909 5263 laeticia
2940 5220 3189 5265 sanctum
3219 5212 3385 5277 diem,

600 5295 815 5350 scilicet
844 5298 894 5351 in
923 5299 1119 5367 regalis
1143 5299 1464 5355 diadematis
1494 5301 1687 5355 decore
1715 5303 2055 5371 procedendo
2079 5344 2092 5369 ,
2142 5304 2369 5374 peregit.
2420 5301 2527 5359 Sed
2569 5286 2831 5374 sequenti,
2861 5303 2971 5373 die,
3004 5303 3141 5362 feria
3169 5305 3223 5361 2.
3251 5307 3381 5363 hora

671 5498 1275 5585 Q§9I>§p§llmprope
1292 5505 1535 5578 Foligco.
1879 5584 1889 5585 ί
2355 5510 2524 5585 (372)
2568 5509 2913 5585 Vuidaburch
2946 5532 3085 5571 corr.
3121 5492 3482 5572 Vuimilaburh
3530 5529 3574 5570 c.
3620 5507 3789 5585 Videtur

858 5570 919 5623 Η·
955 5569 1369 5637 οιιηιίιοι”1ἑιιε(ιν
1400 5569 1612 5645 uarum;
1664 5591 1784 5635 ltmr
1839 5584 1946 5636 alia
1998 5600 2182 5638 manus
2291 5569 2854 5667 essevﬂimtnelburg,
2881 5569 3080 5658 prope?
3112 5569 3519 5655 Eislebctﬂolim
3542 5569 3785 5639 cmuubim'

607 5639 804 5704 int-ipa.
876 5708 886 5709 ί
1594 5639 1604 5645 ⁷
2128 5664 2129 5667 ‘
2293 5670 2340 5709 tt.
2376 5652 2512 5707 1525
2541 5652 2801 5707 dirutum.

604 5728 611 5734 '
676 5710 823 5776 (571)
860 5708 910 5766 Ι.
939 5728 985 5767 ι.
1013 5727 1191 5769 comes
1223 5716 1514 5786 palatinus.

1265 5716 1514 5773 alatinus.
2296 5708 2299 5709 ν
2363 5724 2511 5795 (575)
2541 5722 2604 5777 L.
2628 5725 2765 5779 deest
2790 5724 2822 5779 τι
