3944 6408
160 357 247 415 581
775 351 862 406 ΕΤ
896 348 1240 407 LAMBERTI
1271 346 1857 405 ASCI‘IAFNABL‘RG.
1896 345 2071 401 PAllS
2108 345 2381 405 ALTERA
2422 347 2751 407 GENUINA.

425 463 742 522 ANNALES
778 462 1442 520 HlLDESlIEIMENSES.
2198 458 2543 515 LAMBERTI
2584 460 2925 515 ANNAIES.

162 561 258 620 diei
284 560 339 619 6.
363 560 421 616 2.
445 559 583 617 Non.
610 559 739 615 Jun.
769 574 955 614 mense
991 559 1265 614 reficiendi
1295 559 1468 629 gratia
1499 558 1763 624 assidens,
1789 558 1966 614 subita
1996 557 2304 614 defeccione
2333 569 2656 631 praereptus,
2681 563 2901 616 vixdum

161 654 504 711 confessionis
529 654 789 709 sententia
815 653 1051 722 prolata,
1086 652 1331 707 flebiliter
1368 653 1682 723 exspiravit.
1731 653 1775 709 Ο
1818 668 1948 724 ergo
1996 654 2206 709 occulta
2255 655 2449 710 divina:
2488 657 2906 726 dispensationis

157 750 366 819 judicia,
390 749 706 804 admiranda
734 749 944 819 pariter
976 758 1031 803 et
1052 748 1363 812 metuenda,
1395 747 1484 816 qui
1520 748 1691 816 priori
1735 749 1821 803 die
1862 748 2095 803 maxime
2121 749 2407 804 mundialis
2438 764 2647 820 pompae
2667 751 2901 821 tripudio

164 860 248 898 rex
283 855 336 897 et
365 845 661 914 imperator
683 844 833 900 orbis
860 848 1152 898 coronatus
1181 843 1469 913 processit,
1502 844 1783 912 posteriori
1809 844 1916 899 ah!
1951 845 2020 898 ab
2055 846 2067 897 1
2100 845 2187 900 die
2231 845 2375 899 viam
2421 846 2688 902 universa:
2724 846 2908 901 carnis

165 939 446 1010 ingressus,
475 939 616 994 cinis
641 939 952 1009 vermisque
982 936 1217 1003 futurus,
1262 937 1556 1003 discessit;
1591 938 1691 992 nisi
1741 939 1882 1009 quod
1933 952 2060 993 vere
2109 953 2425 1008 speramus,
2476 940 2602 1009 quia
2650 940 2905 1010 quicquid

163 1035 437 1090 carnaliter
449 1035 717 1091 contraxit
739 1035 1104 1107 neglegentiae,
1129 1050 1228 1105 pro
1253 1036 1430 1106 hocjin
1460 1035 1826 1091 defensionem
1849 1036 2044 1092 animae
2072 1035 2389 1107 supplicatio
2418 1035 2710 1092 intervenit
2735 1037 2907 1095 eccle-

162 1131 268 1185 sia).
297 1128 402 1187 Sed
429 1139 490 1185 ut
518 1130 735 1200 quidam
769 1133 843 1185 ait
881 1148 894 1184 :

788 1227 832 1283 0
857 1227 931 1283 nil
961 1243 1127 1297 gnara
1149 1228 1232 1283 sui
1257 1228 1504 1283 mortalia
1530 1239 1753 1299 pectora
1781 1229 1907 1285 fatii

165 1323 348 1378 Verum
368 1330 426 1377 ut
450 1323 636 1379 verius
658 1324 921 1391 dicamus,
947 1340 981 1378 ο
1009 1324 1165 1391 dura,
1197 1332 1251 1380 et
1286 1334 1343 1379 ut
1375 1327 1427 1379 in
1453 1341 1586 1396 pace
1608 1326 1818 1396 loquar,
1841 1341 2063 1396 prorsus
2093 1327 2423 1385 insensibilia
2452 1328 2669 1385 humani
2694 1329 2909 1401 generis

165 1418 340 1476 corda!
376 1420 503 1489 quia
545 1421 597 1474 in
625 1435 731 1491 quo
762 1420 878 1476 viro
922 1435 1060 1490 pene
1098 1421 1272 1475 tocius
1300 1421 1448 1477 orbis
1475 1423 1649 1491 capud
1687 1423 1965 1493 virtusque
2010 1422 2266 1490 concidit,
2308 1424 2376 1480 ad
2420 1424 2537 1496 ejus
2557 1424 2765 1481 obitum
2797 1433 2906 1480 tam

165 1513 386 1569 subitum
411 1522 631 1585 tamque
655 1514 1011 1585 periculosum
1041 1530 1175 1571 sane
1196 1517 1377 1571 nullus
1399 1516 1680 1587 ingemuit.

783 1609 937 1665 Hunc
960 1619 1140 1665 rector
1167 1626 1353 1681 regum
1386 1611 1646 1667 Dominus
1674 1613 1878 1668 soletur
1902 1614 1954 1667 in
1986 1628 2165 1682 evum,

855 1706 989 1762 Cum
1025 1707 1208 1776 pueris
1232 1706 1479 1762 llabrahe
1509 1706 1647 1761 vivat
1676 1717 1732 1762 et
1760 1709 1811 1762 in
1845 1710 2050 1778 requie.

227 1801 325 1858 Sed
358 1802 500 1857 filius
532 1802 650 1873 ejus
675 1804 905 1860 domnus
934 1804 1281 1871 lieinrichus,
1310 1805 1361 1858 in
1403 1806 1549 1860 omni
1581 1805 1795 1875 quidem
1824 1807 2084 1862 virtutum
2132 1807 2463 1864 exhibitione
2494 1815 2904 1881 perstrennuus,

167 1908 277 1953 ante
300 1897 502 1953 scilicet
548 1898 599 1952 in
631 1899 919 1969 specialem
950 1900 1097 1970 regni
1143 1901 1512 1971 monarchiam
1544 1902 1779 1971 generali
1828 1904 1959 1958 cleri
1991 1904 2280 1976 populique
2306 1906 2651 1976 praelectione
2679 1923 2910 1963 corona-

171 2001 264 2055 lus,
295 2009 430 2046 nunc
459 2002 644 2049 autem
691 1995 818 2058 sine.
856 1994 1044 2063 quavis
1087 1994 1534 2051 contradictionis
1587 1995 1853 2063 molestia,
1903 2012 2115 2054 summa
2164 1982 2552 2057 ehristianismi
2596 2001 2905 2068 concordia,

168 2089 287 2144 solio
314 2091 504 2159 patris,
548 2092 656 2148 Deo
685 2092 921 2162 gratias!
958 2101 1035 2146 est
1069 2092 1449 2147 intronizatus.

777 2187 944 2255 Quem
970 2189 1110 2244 Deus
1141 2188 1194 2243 in
1221 2188 1379 2243 ﬁnem
1405 2197 1688 2245 conservet
1719 2189 1822 2246 rite
1849 2191 2097 2257 senilem,

851 2286 917 2339 Et
941 2285 1183 2356 placidus
1213 2286 1410 2356 placito
1438 2288 1516 2343 sit
1539 2288 1661 2356 pius
1690 2288 1805 2357 ipse
1826 2303 1945 2342 suo.

227 2379 540 2438 Chonradus
564 2381 977 2439 Carentinorum
1002 2385 1135 2449 dux,
1177 2384 1440 2454 patruelis
1464 2384 1735 2440 Chonradi
1768 2384 2130 2455 imperatoris,
2163 2385 2247 2439 l5.
2289 2382 2407 2439 Kal.
2442 2384 2581 2456 Aug.
2616 2384 2905 2440 immatura

171 2486 346 2543 morte,
377 2478 528 2548 regio
563 2478 754 2534 morbo
781 2480 872 2533 diu
915 2478 1193 2550 fatigatus,
1231 2480 1499 2536 discessit.
1540 2480 1759 2536 Eodem
1792 2481 1877 2536 die
1923 2482 2243 2535 veneranda:
2283 2482 2557 2536 memoriae
2596 2480 2907 2537 Rihhardus

170 2568 316 2623 abbas
340 2568 622 2624 Fuldensis
649 2569 812 2636 obiit;
842 2569 898 2624 in
922 2570 1075 2641 cujus
1100 2568 1277 2625 locum
1300 2570 1645 2642 Sigewardns
1667 2569 1902 2639 juvenis,
1932 2571 2000 2626 ab
2031 2571 2148 2639 ipso
2172 2584 2237 2625 eo
2275 2569 2376 2625 loci
2418 2571 2473 2625 in
2506 2569 2689 2627 divino
2736 2570 2908 2627 servi-

171 2662 301 2720 mine
328 2664 652 2734 regulariter
694 2673 750 2722 et
783 2667 945 2722 etiam
975 2666 1249 2736 sapienter
1277 2668 1548 2723 enutritus
1590 2667 1808 2736 insedit.
1837 2667 2057 2737 Hisdem
2095 2667 2285 2722 diebus
2332 2666 2594 2722 Radull‘ns
2621 2669 2789 2723 abbas
2839 2667 2906 2722 de

172 2757 303 2814 Diuzi
330 2761 472 2832 (574)
500 2762 697 2817 obivit.
722 2760 815 2817 Pie
836 2763 890 2817 in
915 2762 1129 2818 Christo
1148 2763 1473 2818 venerabilis
1493 2765 1768 2818 memoria:
1788 2763 1984 2819 domna
2016 2762 2214 2832 Sophia
2239 2761 2272 2816 6
2296 2762 2414 2817 Kal.
2443 2761 2725 2818 Februarii
2749 2760 2904 2817 obiit.

172 2851 263 2908 Sed
290 2856 411 2911 huic
439 2857 492 2911 in
532 2856 874 2915 Gandeshein
909 2872 1065 2913 soror
1088 2855 1207 2926 ejus
1233 2856 1524 2912 Adalheiht
1558 2857 1991 2929 Quidelingensis
2020 2858 2216 2941 damna
2245 2857 2527 2924 successit,
2560 2864 2614 2913 et
2635 2855 2904 2911 abbatiam
2938 2868 2941 2871 '

171 2947 358 3006 Aisnidi
383 2951 535 3022 (575)
568 2951 893 3023 Theophanu
924 2954 1101 3023 neptis
1129 2968 1316 3010 earum
1339 2953 1592 3010 obtinuit.
1618 2955 1769 3028 (376)

229 3045 408 3102 Senior
426 3056 620 3104 noster
639 3048 983 3104 Thietmarus
1006 3050 1291 3121 episcopus
1308 3061 1443 3121 post
1468 3051 1674 3106 obitum
1706 3052 1978 3122 prazdictze
2001 3036 2211 3106 domnae
2240 3049 2453 3120 Sophia:
2478 3049 2717 3105 decimas
2744 3063 2906 3120 super

168 3138 490 3200 Gaudesbem
521 3143 1075 3216 circumjacentesque
1096 3146 1330 3212 villulas,
1360 3161 1495 3216 quas
1516 3148 1629 3217 ipsa
1657 3162 1689 3201 a
1718 3147 1920 3203 nostris
1940 3147 2246 3202 senioribus
2267 3146 2320 3199 in
2343 3145 2663 3200 beneficium
2694 3146 2901 3209 habuit,

171 3239 213 3291 in
238 3254 377 3295 suam
405 3243 732 3297 vestituram
770 3243 935 3312 recipi
958 3244 1144 3313 jussit.
1169 3244 1266 3299 Cui
1306 3243 1512 3300 Bezova
1540 3246 1812 3316 preposita
1842 3259 1963 3299 eum
1995 3244 2109 3299 suis
2137 3243 2445 3298 fautoribus
2472 3242 2665 3298 frivola
2696 3243 2902 3297 machi-

171 3338 364 3393 natione
409 3339 636 3395 restitit.
681 3339 905 3396 llasmet
942 3340 1180 3396 decimas
1211 3341 1328 3410 ipse
1362 3341 1546 3408 modo,
1575 3341 1848 3397 abbatissa
1881 3339 2217 3404 adveniente,
2257 3338 2551 3409 pontificali
2579 3338 2904 3394 auctoritate

171 3434 412 3501 repetivit,
443 3450 652 3505 easque
691 3450 789 3506 per
832 3452 1049 3491 manum
1080 3438 1326 3492 advocati
1356 3437 1650 3493 Christiani
1678 3436 1890 3494 comitis
1934 3452 2055 3492 cum
2092 3435 2250 3506 digna
2275 3426 2649 3491 satisfactione
2689 3451 2741 3489 tn
2764 3450 2870 3505 pro

170 3528 322 3596 prium
346 3508 462 3587 sine
494 3533 690 3600 quavis
725 3533 1105 3588 interdictione
1140 3534 1173 3588 5
1208 3532 1325 3587 Kal.
1365 3533 1552 3590 Octob.
1588 3534 1783 3604 recipit
1835 3534 1889 3588 in
1943 3533 2110 3588 choro
2153 3531 2475 3602 aquilonali;
2526 3546 2662 3603 quas
2715 3541 2868 3601 poste

171 3624 322 3682 eidem
352 3628 516 3683 altari
563 3637 619 3683 et
646 3626 916 3685 abbatisse
957 3628 1206 3684 beneficii
1251 3630 1453 3700 gratia,
1483 3629 1721 3699 quandlu
1755 3630 1870 3698 ipse
1895 3628 2060 3694 vivat,
2097 3628 2428 3699 repraestitit,
2468 3642 2568 3698 pro
2593 3642 2659 3681 eo
2695 3625 2901 3681 scilicet

170 3733 335 3787 censu,
366 3737 529 3793 quem
560 3732 747 3779 sancte
788 3726 1047 3780 memorie
1084 3722 1443 3780 Bernwardus
1471 3725 1757 3797 episcopus
1787 3724 1984 3780 ibidem
2024 3723 2274 3778 instituit.
2305 3723 2493 3779 Testes
2539 3722 2898 3777 lieritnannus

172 3818 581 3893 archiepiscopus
603 3821 823 3877 Colonie
864 3837 986 3877 cum
1023 3823 1135 3877 suis
1158 3832 1391 3892 quatuor
1418 3822 1653 3891 clericis,
1686 3821 1834 3879 Bodo
1865 3831 2049 3877 noster
2073 3821 2331 3888 decanus,
2354 3818 2540 3885 IEllio,
2565 3818 2877 3876 Wolfherus

173 3914 551 3985 Volcawardns,
595 3919 937 3987 Reinbertus,
966 3917 1261 3987 Wolferus,
1316 3919 1623 3987 Liudierus,
1674 3919 2049 3986 Merkhardus,
2079 3918 2352 3982 Werinus,
2403 3915 2696 3985 Rihdagus,
2739 3913 2898 3968 'l‘hie-

174 4020 369 4082 tutarus,
397 4016 587 4083 lmezi,
615 4018 935 4088 Ade’ldagus,
972 4017 1276 4084 Liudierus,
1301 4016 1624 4087 Warmund,
1652 4016 1944 4082 Wolferus,
1969 4031 2091 4071 cum
2130 4014 2251 4069 aliis
2299 4012 2479 4068 multis
2509 4011 2679 4075 laieis,
2711 4007 2895 4064 Thiet-

171 4126 331 4170 inarus
350 4131 553 4181 comes,
571 4115 719 4171 Uodo
746 4130 948 4180 comes,
976 4114 1258 4171 Tiedricus
1284 4124 1516 4186 comes.)

234 4210 525 4266 1040.ἰιιι].
577 4215 631 4268 8.
667 4210 852 4269 Novus
900 4226 996 4268 rex
1047 4220 1230 4268 noster
1264 4209 1692 4266 incarnationem
1751 4203 1964 4261 Domini
2013 4202 2320 4258 Radisbone
2362 4201 2617 4256 decenter
2662 4198 2793 4271 egit,
2845 4208 2902 4252 et

171 4305 578 4370 puriﬁcationem
620 4316 808 4362 sancte
849 4306 1016 4361 Marie
1050 4306 1289 4376 Auguste
1318 4306 1553 4376 degens,
1599 4303 1854 4375 placitum
1888 4299 2077 4356 habuit
2105 4313 2227 4354 cum
2256 4296 2542 4366 Cisalpinis
2574 4294 2906 4367 primoribus

174 4399 228 4455 de
254 4406 322 4459 rei
356 4403 567 4475 publice
594 4402 911 4458 stabilitate.
935 4402 1082 4473 (577)

755 4555 1114 4615 ANNALIUM
1144 4551 1724 4611 lilLDESliElMENSl‘

1819 4547 2336 4609 .CONTINUATIO.
2368 4554 2437 4609 Α.
2469 4555 2785 4615 wall-H08.

232 4674 376 4729 1041.
401 4675 513 4730 ind.
543 4675 597 4730 9.
639 4673 922 4730 licinricus
952 4688 1049 4728 rex
1089 4672 1278 4727 ducem
1321 4668 1555 4739 Boemia
1584 4667 1716 4723 Fra—
1822 4665 2083 4737 profugus
2126 4675 2181 4721 et
2225 4666 2371 4733 exul,
2410 4667 2649 4724 Heinrici
2696 4672 2860 4742 regis,
2903 4673 2990 4727 cui
3040 4674 3206 4744 priori
3246 4692 3358 4732 ann

173 4763 364 4820 tislaum
394 4767 533 4822 bello
559 4767 733 4837 petit;
764 4766 857 4822 sed
884 4764 1069 4821 multis
1106 4763 1424 4835 proceribus
1467 4770 1524 4816 et
1569 4759 1714 4816 mili-
1825 4758 2195 4825 rebellaverat,
2242 4759 2470 4828 gratiam
2501 4762 2695 4831 quaerit
2737 4771 2794 4818 et
2840 4763 3061 4820 invenit.
3108 4767 3367 4823 licinricu.

174 4853 297 4910 tibus
317 4857 377 4915 in
397 4857 808 4927 praestructione
835 4855 985 4911 silva:
1012 4855 1150 4909 citra
1171 4864 1225 4910 et
1247 4853 1388 4908 ultra
1416 4851 1610 4908 occisis
1631 4849 1713 4905 vel
1822 4867 1915 4906 rex
1950 4849 2220 4905 Boemiam
2260 4850 2555 4920 ingressus,
2599 4851 2722 4922 igne
2750 4855 3037 4923 praedaque
3077 4864 3269 4911 cuncta
3293 4856 3361 4912 de

172 4948 342 5015 captis,
373 4950 447 5004 nil
485 4949 705 5020 dignum
754 4947 963 5003 eiiicere
1005 4946 1199 5016 potuit.
1241 4945 1434 5000 Petrus
1477 4957 1711 5013 quoque,
1820 4948 2019 5007 vastat,
2066 4950 2123 4995 et
2149 4940 2402 4996 rebellem
2444 4943 2636 4997 ducem
2661 4943 2877 4999 obsides
2901 4944 3053 5010 dare,
3107 4954 3162 5000 et
3215 4946 3378 5016 ipsum

173 5031 504 5108 Ungariorum
527 5056 644 5104 rex,
665 5039 838 5095 eidem
869 5037 989 5094 duci
1014 5036 1162 5109 (378)
1191 5045 1380 5092 contra
1402 5034 1711 5092 Hcinricum
1819 5038 1941 5101 post
1962 5045 2019 5086 se
2045 5029 2410 5100 Radisponam
2430 5030 2497 5085 ad
2523 5031 2851 5088 deditionem
2873 5032 3147 5088 humiliter
3177 5033 3388 5102 venire,

172 5138 329 5194 regem
354 5132 549 5185 auxilia
576 5131 744 5186 misit.

1821 5119 2030 5190 sibique
2073 5117 2425 5189 jurejurando
2457 5120 2763 5177 fidelitatem
2814 5122 3202 5191 servitiumque
3252 5136 3387 5176 con-

232 5220 376 5275 tota.
404 5223 512 5279 ind.
551 5225 637 5278 10.
690 5223 907 5293 Ungarii
952 5221 1221 5292 quendam
1254 5218 1496 5276 Ovonem
1531 5231 1713 5289 regem
1816 5211 2034 5266 ﬁrmare
2061 5218 2292 5265 coartat.
2318 5210 2432 5266 Ovo
2464 5227 2555 5266 rex
2582 5211 2960 5283 Ungariorum,
2984 5211 3058 5297 'ob
3079 5221 3387 5297 susceptum

172 5308 257 5365 sibi
285 5312 552 5383 gigantes,
588 5316 804 5372 νειηηη
856 5330 1039 5388 regem
1080 5330 1234 5372 suum
1284 5313 1578 5384 “penum,
1610 5312 1711 5380 Qui
1816 5300 1884 5355 ab
1910 5299 2162 5355 ilcinrico
2195 5315 2318 5372 rege
2347 5301 2566 5357 Petrum
2613 5317 2732 5380 asc
2775 5302 3075 5375 expulsum,
3108 5302 3242 5357 lines
3283 5301 3389 5357 Ba-

251 5483 367 5555 §74)
404 5489 587 5544 Deutz.

120 5558 130 5633 ς
404 5558 586 5633 [Essem
615 5628 644 5633 __
1460 5566 1467 5573 '
1658 5596 1663 5601 -
1817 5552 2269 5633 pontificispartcs
2290 5552 2641 5633 amplectitur.

119 5621 128 5651 ⁷
405 5626 540 5701 Hinc
573 5628 679 5701 alia
706 5644 943 5701 manus,
1165 5698 1174 5701 Α
1449 5697 1475 5701 __
1817 5621 1828 5632 ’
1890 5621 2036 5701 (378)
2075 5621 2269 5685 Ducem
2308 5621 2491 5683 codex.

250 5689 367 5767 ξπ)
402 5693 536 5753 Hinc
564 5698 677 5753 alia
708 5714 894 5752 manus
929 5700 982 5753 in
1022 5698 1320 5753 membrana
1369 5697 1705 5769 palimpsesto

1817 5507 1993 5562 usque,
2011 5508 2063 5543 (ι.
2087 5490 2223 5546 1100
2248 5491 2442 5562 exitum
2464 5506 2482 5554 ;
2503 5492 2725 5558 scriptor
2743 5470 3115 5562 imperatoris,
3132 5488 3385 5562 glossator
