3952 5346
545 158 651 215 583

1341 153 1595 211 ANNAL.
1625 137 2070 208 illiLDESHEIM.
2102 147 2611 216 QUEDLINBURG.
2646 149 3028 208 WEISSEMB.

1488 265 1811 323 ANNALES
1842 260 2507 321 lilLDESllEIMENSES.
2544 267 2605 320 Α.
2642 264 2785 321 10ιὸ
2819 266 2960 322 1059

535 387 728 459 ,oal'im
768 385 969 456 praedis
997 392 1052 439 et
1090 380 1356 438 incendiis
1395 378 1776 450 depopulatur;
1816 385 1898 430 set
1939 388 2132 445 magna
2167 360 2212 413 Α
2314 376 2471 433 1055.
2504 378 2616 433 ind.
2661 377 2717 433 6.
2757 375 2869 433 Leo
2923 391 3061 448 papa
3116 377 3416 435 exercitum
3466 378 3674 438 ducens
3722 397 3808 452 per

538 491 667 545 pars
700 474 981 530 exercitus
1019 472 1141 543 ejus
1174 472 1242 527 ab
1270 468 1639 527 Atbelberone
1688 466 2000 522 tuarchione
2035 464 2130 518 de-

541 568 648 623 leta
678 575 785 621 est.

614 656 775 712 1015.
813 656 926 711 ind.
962 655 1043 710 11.
1080 653 1372 710 ﬁeinriens
1414 667 1507 706 rex
1538 645 1876 705 Pannoniam
1923 645 2131 715 ingres-

537 760 655 810 sus,
684 746 820 800 duas
864 744 1311 815 populosissimas
1361 742 1611 796 civitates
1659 736 1888 801 evertit,
1947 735 2132 806 plures

538 836 813 901 deditione
844 833 1096 903 subjecit.
1143 832 1240 889 Set
1283 847 1407 888 cum
1457 831 1676 885 Petrum
1728 841 1932 896 regem,
1969 839 2129 895 quem

538 944 722 985 secum
752 929 1000 993 ducebat,
1032 924 1388 998 provinciales
1417 924 1656 992 recipere
1693 918 1925 985 nollent,
1964 917 2129 971 alium

532 1034 699 1091 quem
754 1019 1030 1088 petebant,
1079 1016 1269 1072 ducem
1325 1015 1406 1070 eis
1455 1012 1766 1077 constituit;
1806 1025 1968 1080 quem
2016 1010 2131 1063 Oro

539 1118 663 1179 post
697 1109 999 1164 discessum
1028 1099 1143 1174 ejus
1167 1107 1218 1162 in
1253 1106 1528 1161 Boemiam
1562 1103 1815 1176 reppulit.
1841 1101 1987 1157 Gisia
2023 1101 2127 1154 itn-

533 1198 802 1268 peratrix,
833 1205 1008 1251 mater
1036 1196 1277 1251 lleinrici
1306 1196 1469 1267 regis,
1499 1194 1634 1250 obiit
1666 1192 1730 1248 16
1767 1191 1888 1248 Kal.
1922 1191 2124 1255 Martii,

534 1297 596 1344 et
623 1289 764 1358 apud
788 1288 1002 1358 Spiram
1035 1287 1315 1357 sepelitur.

608 1378 769 1434 1011.
796 1377 907 1433 ind.
934 1378 1022 1432 12.
1050 1376 1341 1432 Heinricus
1372 1390 1465 1431 rex
1500 1373 1695 1431 iterum
1714 1373 2022 1430 Pannonias
2052 1374 2128 1427 in.

537 1469 765 1533 vadens,
794 1467 1247 1532 satisfactionem,
1279 1466 1517 1530 obsides,
1554 1479 1803 1531 munera,
1841 1464 1989 1533 pacis
2030 1479 2128 1533 per

529 1559 906 1630 jusjurandum
960 1558 1429 1614 confirmationem
1483 1557 1794 1626 accipiens,
1853 1556 2121 1611 discessit.

532 1651 666 1708 Inde
696 1666 967 1716 reversus,
990 1649 1393 1707 Constantiensi
1426 1648 1632 1720 synodo
1655 1646 1828 1711 affuit,
1865 1648 1957 1701 ubi
1988 1663 2123 1702 cun-

531 1744 640 1799 ctis
663 1742 847 1798 debita
878 1742 1103 1807 dimisit,
1141 1739 1542 1808 destructisqne
1589 1738 1841 1791 omnibus
1889 1737 2122 1792 inimici-

532 1833 646 1897 tiis,
677 1847 866 1902 pacem
897 1832 1159 1887 hactenus
1190 1831 1509 1893 inauditam,
1537 1839 1646 1883 tam
1689 1829 1741 1882 itt
1782 1838 1890 1883 tota
1923 1828 2121 1884 Suevia

535 1938 702 1994 quam
726 1924 779 1978 in
811 1923 934 1978 aliis
954 1923 1035 1977 sui
1066 1923 1215 1993 regni
1248 1920 1565 1992 provinciis,
1600 1920 1745 1991 regia
1780 1935 2009 1975 censura
2029 1935 2129 1991 per

527 2015 771 2069 edictum
818 2013 1179 2068 confirmavit.
1237 2012 1442 2067 Deinde
1483 2013 1751 2081 Agncten,
1794 2009 2126 2066 Willehehni

430 2136 435 2141 τ
532 2101 891 2159 Pictaviensis
921 2103 1183 2174 principis
1212 2102 1400 2168 filiam,
1441 2103 1685 2173 reginam
1716 2102 1856 2172 apud
1898 2101 2125 2173 Mogon-

530 2195 664 2248 tiam
699 2194 860 2265 ungui
898 2194 1124 2258 faciens,
1157 2193 1431 2264 regalibus
1470 2194 1578 2249 sibi
1608 2194 1812 2264 nuptiis
1846 2194 1897 2247 in
1932 2192 2127 2265 Hinge-

531 2282 767 2337 lenbcim
827 2283 1132 2353 copulavit;
1196 2283 1338 2338 unde
1393 2282 1661 2337 infinitam
1713 2282 2039 2337 histrionum
2070 2292 2127 2338 et
2176 2308 2185 2315 -

525 2369 889 2439 joculatorutn
939 2371 1339 2427 multitudinem
1371 2371 1488 2426 sine
1535 2372 1655 2426 cibo
1693 2381 1747 2427 et
1790 2373 2107 2427 muneribus

534 2477 766 2518 vacuam
825 2473 880 2518 et
941 2471 1238 2518 merentem
1299 2463 1453 2518 abire
1511 2464 1779 2534 permisit.
1834 2464 2126 2534 Linpoldus

532 2552 807 2619 marchio,
847 2552 1126 2609 Adalberti
1155 2554 1320 2618 filius,
1356 2554 1589 2607 maxima
1630 2553 1985 2624 Ungariornnt
2016 2555 2124 2610 eLa-

532 2642 653 2707 des,
706 2642 979 2698 inmature
1023 2642 1178 2698 obiit.
1235 2641 1587 2699 Tltietntartts
1613 2644 1898 2713 episcopus
1948 2644 2119 2712 obiit;

532 2734 792 2793 Azelinus
812 2734 1029 2807 eligitur
1058 2736 1230 2807 (579).
1828 2768 1839 2803 λ,

605 2828 766 2883 1045.
792 2827 905 2883 ind.
940 2830 1027 2884 15.
1059 2829 1345 2885 lleinricus
1374 2844 1469 2885 rex
1502 2828 1670 2885 tercio
1689 2828 1996 2884 Pannonias
2020 2830 2125 2884 ira-

533 2927 623 2977 tus
648 2921 977 2991 ingrediens,
1006 2920 1103 2976 Dei
1133 2920 1351 2975 favente
1379 2921 1690 2986 clementia,
1721 2931 1776 2976 et
1806 2922 1964 2977 beato
2010 2921 2122 2976 Uu-

2235 468 2482 538 Apuliam
2506 478 2704 525 contra
2732 468 3095 526 Nortmannos
3124 468 3333 525 infinita
3371 470 3661 541 utrobique
3690 475 3809 528 cede

2235 569 2478 629 peracta,
2511 562 2716 632 absque
2751 561 2979 616 victoria
3013 561 3335 634 regreditur,
3366 569 3421 618 et
3447 561 3485 616 2
3531 562 3658 618 Kal.
3693 562 3809 619 Julii

2231 650 2422 706 eodem
2461 665 2605 707 anno
2637 652 2789 707 obiit.

2304 741 2464 797 1054.
2483 742 2575 797 ind
2591 742 2666 796 .7.
2680 741 2844 799 Leoni
2874 757 3012 814 pape
3034 742 3406 808 Gebebardus,
3422 742 3517 814 qui
3542 754 3600 799 et
3614 742 3807 809 Victor,

2231 835 2516 890 successit.
2541 834 2896 891 Athalbertus
2921 836 3167 892 marchio
3193 822 3351 893 obiit.
3379 835 3581 893 Fames
3625 853 3810 909 magna

2231 927 2352 982 fuit.
2378 926 2529 983 Welf
2563 928 2673 984 dux
2717 929 3123 984 Carinthiorum
3159 930 3310 985 obiit.
3342 930 3667 987 Counradus
3711 932 3809 989 dux

2230 1028 2389 1075 antea
2415 1017 2646 1075 Noricus
2670 1021 2737 1076 ab
2764 1020 3092 1091 imperatore
3118 1021 3395 1091 expulsus,
3430 1023 3487 1077 in
3530 1022 3805 1079 Pannonia

2229 1108 2354 1162 exul
2399 1108 2539 1165 male
2567 1110 2818 1165 moritur.
2877 1108 3028 1164 Hezil
3058 1124 3243 1165 comes
3288 1111 3356 1166 de
3402 1109 3809 1168 Oberestenvelt

2228 1200 2363 1256 obiit
2388 1199 2420 1254 6
2451 1199 2572 1256 Kal.
2606 1199 2768 1257 Febr.
2802 1200 3063 1257 Azelinus
3096 1200 3385 1274 episcopus
3412 1202 3570 1269 obiit,
3602 1201 3805 1259 liettelo

2228 1290 2444 1362 eligitur
2475 1290 2648 1363 (580).
3081 1282 3088 1288 ’

2299 1382 2456 1438 1055.
2503 1382 2616 1439 ind.
2653 1382 2708 1439 8.
2763 1381 3129 1440 Herimannus
3170 1382 3508 1442 Coloniensis
3544 1386 3807 1461 archiepi-

2226 1489 2423 1545 scopus
2450 1475 2616 1542 obiit;
2647 1490 2745 1547 pro
2770 1491 2879 1547 quo
2899 1478 3129 1533 domnus
3143 1477 3297 1533 Anno
3321 1479 3633 1535 ordinatur.

2297 1565 2454 1621 1056.
2484 1565 2597 1621 ind.
2630 1566 2682 1622 9.
2710 1565 2902 1637 Magna
2928 1568 3091 1622 cedes
3119 1583 3148 1621 a
3173 1569 3425 1625 barbaris
3464 1570 3561 1640 qui
3592 1569 3804 1628 Liuttici

2226 1656 2481 1711 dicuntur
2525 1657 2579 1710 in
2609 1654 2954 1711 Christianos
2999 1656 3141 1712 facta
3173 1668 3286 1724 est;
3328 1674 3563 1730 quorum
3593 1662 3803 1732 quidam

2232 1748 2429 1820 gladio,
2460 1746 2679 1816 quidam
2709 1744 2974 1816 fugientes
3015 1746 3068 1801 in
3114 1762 3253 1817 aqua
3306 1752 3626 1819 perierunt;
3678 1752 3808 1810 inter

2230 1853 2368 1910 quos
2394 1836 2707 1893 Willehalm
2751 1838 3010 1909 marchyo
3039 1840 3328 1895 occiditur.
3362 1840 3586 1898 "isdem
3614 1853 3808 1915 tempo-

2228 1929 2380 1984 ribus
2408 1928 2565 1984 multi
2589 1926 2926 1983 diversarum
2958 1929 3355 2000 provinciarum
3383 1932 3660 2004 principes
3689 1951 3805 2006 per-

2230 2025 2426 2079 ierunt.
2479 2020 2675 2076 Fames
2727 2019 2924 2076 multas
2973 2023 3272 2090 provintias
3326 2022 3541 2078 afﬂixit.
3593 2024 3808 2096 Egesta:

2227 2122 2282 2170 et
2311 2112 2536 2184 penuria
2566 2111 2805 2183 undique
2830 2112 3146 2182 praevaluit;
3174 2113 3340 2169 multa
3365 2116 3505 2170 mala
3522 2123 3658 2172 tunc
3685 2126 3808 2173 teut-

2228 2207 2379 2278 poris
2404 2205 2548 2262 facta
2576 2214 2724 2260 sunt.
2766 2203 3051 2260 Ilcinricus
3101 2206 3397 2276 imperator
3427 2208 3516 2263 his
3543 2209 3808 2265 doloribus

2229 2298 2554 2352 cordetenus
2571 2297 3239 2365 compunctus,inﬁrmari
3266 2299 3474 2368 cupit;
3514 2309 3573 2354 et
3620 2300 3806 2370 perdu-

2226 2402 2347 2446 ctus
2377 2404 2548 2459 usque
2575 2388 2642 2444 ad
2666 2397 2918 2453 mortem,
2951 2390 3179 2458 sapienti
3211 2398 3393 2444 tamen
3422 2406 3555 2446 usus
3572 2391 3801 2456 consilio,

2228 2480 2296 2535 ab
2316 2480 2567 2537 omnibus
2591 2480 2788 2552 quibus
2816 2480 2992 2550 potuit
3019 2481 3230 2535 veniam
3254 2490 3466 2551 petens,
3493 2483 3803 2553 quibusdam

2228 2572 2426 2643 prmdia
2459 2587 2581 2641 qua:
2607 2570 2831 2627 abstulit
2874 2570 3187 2637 restituens,
3236 2573 3450 2627 cunctis
3488 2573 3587 2643 qui
3630 2583 3800 2628 contra

2225 2680 2350 2721 eum
2397 2665 2581 2734 culpas
2623 2663 2996 2734 dantpoabiles
3045 2663 3291 2719 fecerunt
3338 2664 3619 2731 relaxans,
3650 2664 3800 2720 filium

2228 2773 2383 2813 suum
2432 2755 2743 2812 ileiurieum
2802 2755 3033 2810 Romani
3080 2755 3355 2827 pontificis
3401 2766 3801 2827 ceterorumque

2228 2846 2545 2919 pontificum
2573 2856 2627 2901 et
2660 2847 2964 2917 principum
2997 2846 3262 2903 electione
3298 2862 3480 2918 regem
3511 2847 3799 2903 constituit.

2229 2939 2324 2995 llis
2352 2948 2406 2995 et
2452 2939 2590 3003 aliis,
2622 2948 2780 3009 prout
2826 2938 3160 3008 possibilitas
3205 2939 3330 2993 vitze
3376 2939 3631 3003 admisit,
3680 2938 3800 2993 bene

529 3009 741 3068 dalrico
762 3008 1015 3080 episcopo
1053 3010 1395 3082 impetrante,
1440 3010 1615 3066 victor
1655 3010 1850 3076 factus,
1879 3010 2121 3067 Ovoncm

2236 3033 2526 3103 dispositis,
2557 3032 2591 3086 3
2610 3032 2749 3087 Non.
2775 3031 3025 3089 Octobris
3056 3032 3197 3087 hanc
3227 3032 3389 3087 vitam
3426 3029 3796 3096 presentemitt

530 3116 656 3158 cum
694 3117 863 3160 uxore
898 3112 953 3158 et
1003 3102 1127 3158 ﬁliis
1165 3104 1536 3175 cognatisque,
1587 3103 1782 3173 quibus
1826 3102 1975 3159 locus
2002 3117 2125 3159 eva-

534 3193 695 3250 dendi
724 3202 861 3261 erat,
903 3192 1196 3265 effugahat,
1224 3194 1446 3250 Petrum
1480 3194 1533 3249 in
1569 3210 1797 3266 regnum
1826 3194 2120 3262 .krestitttit;

534 3287 857 3358 subditoque
911 3283 1034 3344 sibi'
1066 3287 1427 3357 Ungariorum
1485 3301 1674 3357 regno,
1734 3301 1948 3340 sumnto
2001 3300 2125 3339 cum

534 3378 742 3437 honore
769 3382 1080 3436 revertitur.

608 3470 768 3526 1016.
818 3472 926 3526 ittd.
980 3472 1066 3526 11.
1120 3470 1408 3526 lleinricus
1439 3485 1535 3525 rex
1582 3468 1789 3523 italiam
1825 3468 2123 3541 ingressus,

530 3559 759 3630 pacifice
781 3576 811 3615 a
842 3560 1099 3617 Romanis
1129 3561 1437 3631 suscipitur.
1466 3558 1642 3630 Papas
1678 3565 1788 3613 tres
1831 3573 1935 3613 non
1965 3559 2127 3630 digne

530 3654 861 3709 constitutos
910 3653 1244 3725 synodaliter
1301 3653 1580 3721 drposuit,
1645 3660 1701 3705 ct
1762 3648 2123 3719 Suidegerum

532 3745 1042 3816 Babenbergensem
1086 3745 1398 3816 episeOpum
1426 3758 1622 3813 papam
1648 3742 1949 3802 constituit,
1984 3742 2125 3809 ipse-

531 3852 643 3908 que
671 3847 727 3894 et
771 3837 967 3905 coniux
1002 3835 1122 3905 ejus
1146 3839 1327 3908 Agnes
1362 3837 1546 3907 regina
1590 3834 1783 3889 eadem
1824 3832 1911 3887 die
1957 3832 2128 3902 impe-

532 3933 661 3989 riali
698 3932 1075 3988 benedictione
1102 3933 1486 3987 sublimantur.

608 4024 770 4080 1017.
798 4024 908 4079 ind.
940 4023 1027 4077 l5.
1071 4024 1265 4078 Petrus
1295 4037 1387 4076 rex
1422 4018 1782 4090 Ungariorum
1814 4033 1844 4072 a
1890 4016 2123 4087 quodam

542 4124 778 4187 tyranno
840 4113 1159 4169 Pannonico
1213 4122 1405 4181 captus
1458 4121 1541 4166 est
1595 4118 1850 4173 emeatus,
1904 4107 1994 4162 ille
2030 4107 2122 4178 qui

531 4222 664 4262 eum
695 4204 976 4276 expulerat
1002 4219 1228 4274 regnare
1255 4203 1437 4272 coepit.
1465 4200 1794 4271 Suidegerus
1820 4213 1956 4268 papa
1988 4197 2124 4253 obiit

532 4300 727 4356 eodem
752 4314 859 4370 quo
909 4298 1257 4354 constituitur
1291 4312 1449 4357 anno,
1488 4308 1584 4364 pro
1613 4307 1721 4362 quo
1758 4289 1941 4360 Boppo
1971 4287 2125 4344 ordi-

2227 3125 2337 3179 Dco
2360 3123 2558 3177 finivit.

2294 3236 2453 3291 Anno
2484 3235 2696 3290 Domini
2727 3234 2887 3291 1057.
2917 3235 3028 3290 ind.
3051 3234 3107 3291 9.
3140 3233 3445 3301 Heinricus,
3477 3234 3627 3291 ﬁlius
3655 3234 3801 3290 Hein-

2227 3328 2327 3384 rici
2384 3327 2750 3396 imperatoris,
2803 3326 3096 3382 admodum
3155 3341 3289 3396 puer
3342 3326 3512 3397 carpit
3567 3340 3796 3398 regnare.

2225 3420 2406 3491 Agnes
2431 3419 2770 3489 imperatrix,
2802 3426 2975 3473 mater
3018 3418 3191 3486 ipsius
3241 3416 3505 3479 Heiurici.
3568 3418 3798 3473 ducatum

2226 3510 2465 3582 suscepit
2490 3509 2772 3578 Bajoarize.
2806 3508 2993 3566 Victor
3035 3524 3170 3580 papa
3205 3509 3388 3564 multis
3437 3509 3492 3563 in
3523 3506 3796 3564 Germania

2226 3606 2363 3660 bene
2398 3603 2696 3674 dispositis,
2710 3599 2938 3658 Romam
2965 3603 3148 3670 rediit,
3183 3610 3239 3657 et
3260 3602 3451 3657 eodem
3485 3616 3631 3656 anno
3651 3601 3796 3654 vitam

2230 3696 2435 3761 finivit;
2468 3711 2565 3766 pro
2592 3710 2700 3764 quo
2722 3693 3061 3759 Fridericus,
3093 3694 3186 3764 qui
3210 3703 3262 3748 et
3291 3692 3621 3762 Stephanus.
3652 3690 3798 3743 frater

2225 3786 2502 3843 Godefridi
2534 3786 2709 3849 ducis,
2755 3784 2869 3854 jam
2907 3785 3205 3841 monachus
3254 3784 3307 3838 in
3359 3791 3548 3838 monte
3589 3781 3795 3837 Cassino

2231 3879 2431 3944 factus,
2463 3894 2493 3932 a
2531 3878 2794 3933 Romanis
2832 3876 3072 3948 pontifex
3101 3874 3473 3932 constituitur.
3514 3873 3613 3929 Hic
3650 3874 3793 3927 etiam

2225 3969 2417 4025 eodem
2441 3985 2585 4024 anno
2610 3969 2764 4025 obiit.
2787 3966 2920 4023 Item
2941 3969 3196 4023 obierunt
3221 3965 3492 4022 Adelbero
3510 3963 3795 4020 Babenbcr-

2226 4062 2408 4133 gensis
2433 4062 2718 4131 episcopus
2755 4068 2812 4115 et
2853 4057 3017 4115 Ottho
3058 4058 3165 4113 dux
3188 4056 3255 4113 de
3280 4056 3601 4112 Suinvurdi.

2298 4176 2436 4231 1058
2465 4175 2574 4231 ind.
2604 4174 2689 4228 10.

2299 4268 2456 4323 1059.
2497 4267 2611 4324 ind.
2645 4267 2731 4321 11.
2771 4263 3100 4335 Liuppoldus
3130 4259 3590 4332 Mogontiacensis
3627 4254 3790 4311 archi-

535 4345 720 4447 Iia‘t-ur.
748 4345 1045 4445 Dttho‘dul
1077 4386 1376 4442 Suevoruut
1404 4345 1555 4447 obiit,
1590 4345 1688 4451 pro
1724 4345 2031 4451 quo'Dttho
2056 4379 2123 4434 de

2236 4363 2514 4434 episcopus
2544 4360 2706 4425 obiit;
2757 4374 2857 4429 pro
2885 4372 2993 4427 quo
3027 4354 3262 4422 Sigfridus
3295 4350 3585 4408 Fuldensis
3616 4345 3793 4405 consti-

537 4483 836 4539 Siunvurdi
856 4482 1116 4537 surrexit.

610 4575 769 4630 1048.
803 4574 918 4628 ind.
964 4573 1016 4626 1.
1059 4572 1238 4643 Bappo
1286 4582 1419 4641 papa
1467 4566 1626 4629 obiit,
1679 4579 1822 4619 anno
1860 4578 1969 4634 quo
1997 4577 2125 4619 con-

535 4669 810 4733 stituitur;
850 4681 947 4737 pro
974 4682 1081 4737 quo
1123 4666 1324 4727 Bruuo,
1356 4661 1447 4730 qui
1490 4669 1544 4715 et
1592 4658 1726 4722 Leo,
1789 4656 2124 4712 Tullensinm

538 4759 793 4825 antistes,
833 4771 970 4828 papa
999 4756 1305 4812 ordinatur.
1354 4751 1637 4807 Heiuricus
1683 4750 1984 4818 imperator
2028 4761 2127 4799 na-

539 4848 731 4901 scitur.
930 4888 938 4895 .

614 4939 773 4995 1019.
798 4936 910 4994 ind.
947 4936 1005 4991 2.

617 5028 773 5083 1050.
824 5028 936 5082 ind.
983 5026 1040 5081 ὅ.
1085 5024 1289 5081 Bartho
1320 5019 1760 5091 archiepiscopus
1804 5017 1970 5084 obiit;
2022 5030 2123 5086 pro

543 5132 655 5186 quo
678 5116 970 5185 Linpoldus
992 5115 1293 5171 ordinatur.

620 5202 778 5259 1051.
800 5205 916 5289 ait].
936 5205 992 5259 4.

616 5291 779 5346 1052.
821 5292 932 5346 ind.
960 5293 1012 5346 5.

2231 4456 2422 4511 tuitur.
2455 4452 2687 4512 Sanctus
2709 4449 2896 4507 Couno
2925 4448 3272 4504 Trevirorum
3297 4445 3588 4515 episcopus
3612 4448 3791 4508 marty-

2227 4545 2435 4601 rizatur
2461 4520 2569 4610 ;.in
2597 4542 2813 4597 deserto
2830 4540 2949 4595 loco
2969 4552 2999 4592 a
3026 4535 3313 4608 scepuloso
3358 4544 3545 4590 monte
3576 4542 3653 4586 ter
3676 4543 3794 4600 pre-

2228 4637 2483 4707 cipitatus
2511 4643 2596 4690 est
2635 4648 2666 4687 a
2713 4631 3051 4687 Theoderico
3094 4629 3314 4693 comite,
3345 4642 3412 4682 eo
3441 4626 3586 4696 quod
3613 4624 3794 4691 absque

2226 4725 2489 4781 electione
2534 4722 2862 4779 constitutus
2894 4730 2997 4783 est,
3026 4729 3081 4774 et
3112 4717 3354 4789 sepultus
3379 4725 3462 4771 est
3490 4714 3670 4770 Doleia
3694 4727 3709 4777 ;
3731 4708 3794 4765 ibi

2227 4835 2325 4889 per
2352 4818 2499 4872 illum
2531 4815 2791 4870 Dominus
2817 4813 2979 4867 multa
3007 4811 3162 4882 signa
3201 4818 3331 4864 tunc
3357 4806 3621 4877 temporis
3661 4804 3794 4858 fecit.

2219 4911 2342 4982 Ipse
2368 4922 2549 4964 comes
2582 4907 2926 4976 posuitodum
2970 4902 3345 4973 paenitentiam
3392 4913 3584 4970 agens,
3611 4904 3665 4951 et
3689 4893 3798 4949 nie-

2226 5001 2553 5072 rosolymam
2579 5009 2828 5069 pergens,
2868 4995 3035 5049 vitam
3062 4991 3252 5056 finivit,
3279 5001 3333 5044 et
3361 5004 3556 5044 omnes
3590 4997 3798 5041 consen-

2231 5093 2372 5147 tanei
2405 5091 2521 5161 ejus
2548 5087 2686 5143 mala
2717 5096 2891 5142 tnorte
2918 5085 3220 5155 perierunt;
3248 5094 3347 5152 pro
3372 5093 3481 5150 quo
3506 5076 3659 5133 Oudo
3683 5088 3800 5130 oon-

2227 5182 2491 5239 stitttitur.
