3952 5346
557 314 659 385 587

1483 305 2201 363 ΑΝδΑιωιωεδιιιςιω.
2246 304 2610 374 QUEDLINB.
2674 304 3085 366 WEISSEMB.‘

3731 309 3828 366 588

1526 416 1847 473 ANNALES
1885 413 2526 473 HlLDESHElMENSES
2560 418 2626 474 A.
2659 418 2990 476 1091-1105.

628 536 789 593 1091.
811 535 923 592 ind.
951 534 1053 611 15.
1084 532 1334 590 Mahthilt.
1361 531 1428 590 de
1465 530 1843 604 Longobardia
1888 529 2148 586 Heinrico
2177 531 2235 603 Α,
2324 529 2480 587 1099.
2524 530 2637 601 ind.
2676 533 2727 588 0.
2760 533 3062 605 Imperator
3096 534 3416 607 Radispona:
3444 536 3654 608 pascha
3690 536 3832 596 cele-

496 650 499 651 '
558 629 672 701 regi
698 627 940 683 rebellat.
981 625 1093 681 Visi
1122 638 1241 683 sunt
1271 642 1364 698 per
1391 627 1623 699 regiones
1658 625 1852 680 multas
1879 624 2148 682 vermiculi

556 722 712 777 nimis
734 708 912 789 ignoti
942 718 1112 790 (580).
1495 753 1499 757 ν
1916 762 1925 771 .

630 811 787 868 1092.
817 810 928 865 ind.
964 796 1052 866 14.
1083 809 1366 866 Conradus
1389 824 1571 865 comes
1600 825 1630 864 ιι
1657 807 1985 864 Fresonibus
2009 808 2152 864 occi-

557 918 652 957 sas
677 890 760 955 est
788 888 912 957 cum
960 900 1080 956 aliis
1114 900 1296 956 multis
1340 900 1406 955 12
1457 896 1574 955 Kal.
1601 901 1741 972 Aug.
1779 900 1847 954 Et
1894 900 2147 971 pestilen-

553 991 633 1046 tia
665 990 812 1058 (387)
841 1005 1034 1061 magna
1066 989 1342 1045 hominum
1374 1000 1428 1045 et
1450 1005 1704 1062 pecorum
1735 989 1876 1045 facta
1902 999 2006 1046 est.

630 1082 790 1138 1095.
821 1081 931 1136 ind.
960 1081 1048 1136 15.
1078 1081 1301 1154 Magnus
1327 1082 1434 1136 dux
1464 1080 1751 1157 .Saxonum
1788 1081 2014 1138 Selavos
2058 1097 2148 1138 rc-

544 1172 847 1237 bellantes,
890 1171 959 1226 14
1001 1171 1226 1251 urbibus
1262 1171 1459 1240 captis,
1491 1171 1721 1242 subegit.
1767 1172 1801 1225 5
1854 1170 1983 1226 Kal.
2010 1171 2148 1243 Aug.

558 1265 699 1317 circa
725 1277 985 1333 vesperam
1015 1260 1247 1333 eclypsis
1276 1262 1408 1319 solis
1440 1263 1580 1319 facta
1610 1264 1747 1319 e513
1778 1264 1909 1320 hora
1938 1265 2068 1328 diei,
2095 1272 2152 1321 et

556 1359 726 1414 draco
758 1359 904 1415 visus
950 1366 1053 1413 est.
1084 1355 1388 1413 Fratislans
1436 1357 1541 1412 dux
1591 1356 1828 1413 Boemia:
1874 1360 2150 1414 iuvenatu

558 1450 627 1505 de
668 1465 810 1521 equo
839 1449 1062 1514 cadens,
1084 1450 1372 1504 sultitauea
1404 1460 1578 1505 morte
1602 1448 1851 1505 discessit
1890 1488 1905 1503 .
1948 1486 1964 1502 .
2006 1486 2021 1502 .
2057 1463 2151 1518 per

557 1553 725 1601 totum
754 1577 773 1598 ο
804 1583 820 1602 .
863 1583 891 1616 ,ν
921 1530 1142 1616 aquilini
1178 1583 1194 1599 .
1236 1582 1251 1597 .
1298 1582 1314 1598 .
1354 1558 1467 1597 are.
1850 1564 1853 1565 ν
1924 1599 1928 1604 ,

628 1637 790 1693 1094.
831 1637 944 1693 ind.
971 1640 1024 1695 1.
1046 1638 1365 1696 Pestilentia
1396 1650 1592 1705 magna
1629 1633 1768 1691 facta
1793 1643 1919 1699 cst.

627 1730 791 1786 1005.
827 1729 941 1785 ind.
967 1731 1025 1785 2.
1080 1730 1370 1786 Ladizlaus
1412 1743 1505 1783 rex
1551 1726 1871 1786 Pannoniae.
1916 1726 2001 1780 vir
2046 1725 2151 1795 pia:

557 1810 856 1887 memoriae,
902 1822 1034 1878 item
1090 1821 1422 1893 Linppoldus
1464 1818 1725 1889 marcbyo
1761 1826 1817 1872 ct
1862 1815 2151 1873 Heinrious

557 1899 840 1989 Palatinus
872 1928 1056 1989 comes
1082 1914 1356 1970 obierunt.

629 1992 793 2059 1096.
822 2003 933 2059 ind.
961 2003 1015 2059 ὅ.
1043 2003 1281 2074 Populus
1310 2002 1720 2063 innumerabilis
1745 2001 1814 2058 12
1842 2000 1994 2075 (588)
2040 2001 2149 2072 fere

556 2096 706 2153 milia
743 2113 811 2153 ex
839 2098 1173 2154 diversarum
1206 2099 1444 2169 gentium
1473 2099 1734 2168 partibus.
1765 2100 1896 2152 duce
1917 2098 2149 2168 quodam

544 2190 816 2256 monac/to
856 2187 1016 2245 Petro
1049 2192 1258 2246 nomine
1284 2199 1527 2245 armatus
1573 2187 1986 2243 llierosolimam
2027 2198 2147 2245 tcu-

552 2282 714 2346 dens,
762 2266 979 2337 Jndzeos
1020 2280 1290 2351 baptizari
1338 2278 1629 2350 compulit,
1687 2288 2014 2335 rennnentes
2058 2280 2153 2335 im-

551 2388 769 2439 mensa
802 2358 945 2431 cede
1000 2372 1322 2445 proﬂigavit.
1377 2372 1534 2443 Apud
1599 2371 1927 2443 Mogontiam
1992 2371 2149 2430 .lndei

554 2477 789 2518 nurnero
823 2466 1065 2517 virorum
1100 2478 1167 2518 ac
1200 2462 1487 2517 mulierum
1525 2470 1581 2516 et
1610 2461 1877 2517 infantum
1921 2461 2066 2518 mille
2095 2470 2154 2520 et

555 2551 968 2621 quatuordccim
993 2551 1260 2608 interfecti
1301 2560 1451 2617 sunt,
1489 2559 1545 2606 et
1571 2552 1805 2606 maxima
1843 2567 1971 2622 pars
2018 2551 2153 2607 civi-

562 2646 693 2702 tatis
725 2653 916 2699 esttsta
938 2654 1043 2699 est.
1065 2642 1220 2699 Judei
1247 2658 1344 2715 per
1373 2643 1617 2700 diversas
1662 2643 1967 2710 provincias
1991 2641 2151 2699 Chri-

560 2735 723 2792 stiani
756 2734 884 2793 lacti
931 2743 1078 2806 sunt,
1126 2744 1182 2791 et
1227 2735 1426 2792 iterum
1465 2756 1499 2792 ιι
1539 2735 1937 2793 cbristiunitatc
1966 2751 2147 2793 reces-

560 2836 773 2885 serunt.
1006 2862 1011 2867 ι
1886 2875 1893 2883 .

632 2918 793 2975 1097.
820 2918 931 2975 ind.
960 2919 1016 2975 4.
1049 2919 1350 2992 Imperator
1372 2919 1441 2976 de
1489 2918 1663 2984 Italia,
1690 2920 1780 2975 ubi
1810 2919 1930 2990 jam
1957 2928 2151 2990 septem

2251 622 2485 691 bravit;.
2511 625 2602 681 ubi
2645 627 2838 690 iisdem
2882 628 3077 684 diebus
3123 645 3314 701 magna
3352 631 3663 686 mortalitas
3697 630 3831 688 facta

2228 725 2363 781 est;
2399 717 2451 770 in
2476 732 2582 786 qua
2617 717 2874 773 llabbodo
2910 717 3189 775 Palatinus
3213 737 3397 778 eomes
3424 737 3549 776 cum
3582 723 3706 777 aliis
3739 724 3817 778 in.

2250 805 2680 863 mnuerabilihus
2753 809 3004 864 moritur.
3072 810 3393 867 Connradns
3465 812 3830 882 ijectensis

2251 896 2535 967 episcopus
2579 897 2634 952 4.
2690 897 2824 955 feria
2878 902 3098 969 pascha:
3146 918 3176 957 a
3231 904 3571 975 negotiatore
3616 904 3831 961 Fresico

2251 989 2546 1044 crudeliter
2580 990 2872 1046 occiditur.
2908 991 3175 1049 Obici-unt
3214 994 3474 1065 episcopi,
3508 996 3829 1052 Oadalricns

2250 1081 2678 1148 Eiebstadensis,
2740 1082 3103 1141 Herintannus
3149 1085 3512 1154 Coloniensis,
3573 1104 3678 1158 pro
3723 1104 3825 1158 quo

2249 1175 2559 1232 Fridericus
2589 1179 2961 1234 constituitur.
2997 1179 3249 1235 Urbanus
3287 1197 3422 1250 papa
3470 1183 3563 1252 qui
3604 1191 3663 1237 et
3699 1182 3819 1238 Otto

2249 1266 2416 1333 obiit;
2451 1265 2728 1322 Paschalis
2768 1270 3019 1323 succedit.
3061 1268 3419 1326 llicrosolima
3448 1290 3476 1325 ει
3509 1271 3833 1329 Christianis

2249 1358 2481 1427 capitur.
2528 1357 2821 1414 Godetrido
2863 1359 3003 1416 duce
3055 1362 3356 1417 exercitum
3410 1371 3638 1433 regente
3687 1363 3831 1418 etin

2250 1452 2448 1523 (591').
2534 1490 2550 1507 .
2647 1492 2661 1505 .

2249 1544 2400 1600 milia
2434 1544 2745 1600 Maurorum
2780 1546 3108 1612 occiderunt,
3149 1556 3197 1601 et
3246 1547 3524 1602 thesauros
3564 1548 3705 1617 regis
3734 1543 3832 1601 m-

2250 1637 2458 1692 bilonin:
2479 1648 2882 1706 occupaverunt.
2933 1636 3109 1692 Filius
3150 1640 3487 1709 imperatoris
3533 1638 3824 1710 [legarit-ns

2250 1730 2455 1784 levatur
2486 1730 2540 1783 in
2588 1744 2756 1800 regem
2790 1729 2939 1799 (ξω)
2986 1731 3339 1801 Aquisgmtti,
3388 1728 3674 1784 Connrauo
3723 1744 3832 1798 rege

2250 1838 2368 1877 cum
2397 1822 2624 1877 inimicis
2657 1826 2825 1891 patris
2854 1823 2937 1876 sui
2965 1824 3019 1876 in
3057 1821 3235 1877 Ytulia
3276 1822 3594 1878 consistente
3622 1833 3672 1876 et
3710 1838 3829 1876 con-

2175 1903 2223 1962 B
2250 1914 2525 1968 sentiente.

2323 2006 2485 2061 1100.
2525 2005 2637 2060 ind.
2669 2006 2721 2060 7.
2756 2006 2977 2077 Ilicmps
3004 2006 3158 2069 dura.
3188 2015 3240 2061 cl
3275 2005 3449 2061 fames
3474 2020 3693 2075 magna.
3721 2002 3836 2061 l'do

2252 2100 2499 2156 marchio
2537 2108 2594 2154 et
2626 2101 2810 2170 plures
2842 2099 3142 2162 Saxonum,
3188 2100 3453 2154 barbaros
3483 2099 3578 2167 (ιιιί
3608 2108 3666 2152 et
3692 2097 3830 2151 Lint-

2251 2191 2343 2246 t‘ci
2392 2202 2656 2245 vocantur
2706 2192 2942 2256 invasit,
3008 2202 3063 2247 ct
3111 2193 3411 2246 honorilicc
3463 2189 3827 2259 triumphavit.

2250 2282 2445 2338 Athela
2476 2284 2756 2355 marchya,
2805 2283 3031 2338 Ruinam
3060 2299 3316 2354 pergens.
3347 2295 3563 2337 mortua
3590 2293 3697 2336 est.
3726 2280 3826 2336 Go-

2252 2373 2495 2429 del‘ridus
2525 2375 2632 2430 dux
2658 2375 2794 2429 obiit
2821 2376 2962 2447 apud
2993 2375 3458 2446 llieroSolymam;
3480 2385 3531 2428 et
3556 2392 3664 2428 mm
3693 2376 3831 2443 longe

2220 2481 2285 2518 'a
2330 2477 2513 2520 sancto
2563 2466 2840 2536 sepulchro
2893 2469 3137 2521 conditus
3177 2467 3341 2536 jacet,
3401 2467 3494 2535 qui
3532 2465 3827 2521 exercitum

2251 2554 2684 2611 Christianorum:
2735 2559 2986 2629 regebat;
3020 2575 3122 2629 pro
3155 2574 3262 2629 quo
3294 2560 3463 2613 lrater
3494 2556 3618 2627 ejus
3645 2556 3828 2611 Battle-

2252 2645 2418 2700 winns
2447 2647 2799 2702 constituitur
2828 2649 3004 2719 (595).

2325 2736 2485 2792 1101.
2536 2737 2648 2792 ind.
2695 2738 2749 2794 8.
2801 2737 3105 2808 Imperator
3155 2738 3392 2794 natalem
3438 2738 3655 2794 Domini
3703 2737 3829 2807 apud

2253 2815 2581 2899 Mogontiam
2614 2829 2936 2886 celebravit.
2973 2830 3072 2886 llbi
3123 2832 3279 2886 multi
3327 2831 3609 2903 principes
3648 2845 3828 2885 entire-

2246 2926 2472 2983 uertunt,
2515 2928 2566 2974 et
2596 2920 2886 2975 consilium
2939 2922 3254 2992 imperatori
3287 2923 3589 2983 deterunt,
3638 2931 3696 2974 ut
3730 2919 3826 2973 Ro-

564 3018 719 3072 annis
746 3025 1034 3082 nianserat,
1063 3014 1241 3073 rediit.
1267 3014 1586 3072 Counradus
1611 3014 1752 3085 patr'
1774 3012 2154 3070 suolleinrieo
2253 3026 2398 3066 tuam
2440 3011 2683 3067 mitteret
2721 3016 2940 3067 nuntios
2972 3026 3197 3086 propter
3243 3015 3506 3069 unitatem
3560 3014 3826 3077 aet-luis,

563 3105 823 3172 rebellat;
857 3115 914 3163 et
953 3107 1022 3160 ob
1060 3107 1199 3162 hanc
1244 3105 1495 3177 injuriam
1534 3105 1737 3175 iuniori
1771 3107 1883 3161 tilio
1915 3120 2016 3162 suo
2066 3120 2155 3161 re-
2253 3113 2309 3159 et
2338 3120 2531 3176 papam
2570 3107 2932 3162 constitueret
2956 3108 3257 3163 secundum
3285 3108 3616 3163 electionem
3649 3108 3827 3161 Itonia-

562 3209 728 3268 gnum
783 3197 1036 3269 iniungit.
1091 3197 1210 3255 Hoc
1258 3215 1399 3255 anno
1438 3237 1457 3254 .
1488 3210 1517 3255 ‘.
1558 3239 1574 3254 .
1631 3201 1791 3254 totius
1835 3199 1854 3255 i
1902 3236 1920 3254 .
1961 3235 1982 3253 .
2022 3235 2039 3253 .
2098 3214 2154 3253 cs
2191 3259 2229 3269 _
2259 3210 2451 3250 norunt
2494 3204 2551 3251 et
2581 3197 2823 3251 omnium
2864 3194 3258 3252 tecclesiarnm.
3308 3199 3511 3254 Comes
3558 3197 3826 3252 lleinricus

558 3306 629 3345 cu
667 3330 683 3346 .
726 3328 741 3345 .
784 3330 798 3345 .
837 3290 949 3344 mnl
986 3327 1005 3346 .
1046 3327 1062 3344 .
1102 3329 1118 3345 .
1161 3306 1255 3345 ner
1293 3328 1309 3343 .
1350 3329 1365 3345 .
1410 3329 1427 3344 .
1463 3300 1645 3345 serunt
1688 3328 1708 3345 .
1750 3328 1766 3345 .
1811 3328 1829 3346 .
2182 3259 2232 3323 θ
2262 3287 2493 3357 gratiam
2526 3288 2874 3356 imperatoris
2920 3290 3339 3360 acquisivitpct
3387 3291 3505 3361 ipse
3551 3291 3828 3360 imperator

633 3384 794 3441 1098.
830 3385 943 3440 ind.
973 3382 1028 3438 5.
1075 3382 1398 3441 Counradus
1435 3398 1620 3440 comes
1668 3384 1736 3439 de
1783 3381 2152 3438 ilohenburch

562 3475 677 3548 regi
709 3475 963 3553 rebellat,
1009 3484 1078 3551 et
1109 3476 1314 3532 idcirco
1359 3477 1617 3547 expulsus
1664 3485 1768 3532 est.
1815 3472 1950 3530 Cum
1999 3484 2155 3543 capta

565 3565 731 3623 Nicen
758 3568 804 3622 ci
812 3568 963 3622 ritate
983 3569 1240 3625 exercitus
1257 3568 1679 3623 Christianorum
1704 3568 1825 3622 inde
1844 3567 2151 3629 discederet,

562 3661 620 3714 in
648 3677 750 3731 quo
776 3659 894 3728 plus
922 3677 1081 3730 quam
1110 3660 1348 3725 500,000
1390 3670 1717 3714 armatorum
1767 3658 2002 3728 fuerunt.
2032 3674 2152 3714 cum
2228 3688 2233 3695 -

544 3765 709 3808 tanta
729 3753 1053 3821 plenitudine
1071 3755 1322 3808 conduxit
1346 3753 1494 3825 (589)
1523 3754 1639 3807 vita:
1668 3753 1964 3807 necessaria
1986 3750 2150 3817 Deus,

553 3857 620 3902 ut
644 3852 707 3901 de
729 3848 889 3901 ariete
914 3864 1158 3901 nummus
1193 3859 1239 3901 et
1264 3848 1328 3900 de
1371 3847 1496 3901 bove
1522 3847 1607 3902 vix
1642 3846 1918 3901 duodecim
1948 3846 2154 3915 accire-

548 3949 764 3995 :rentur.
803 3938 994 4001 Sicque
1016 3938 1085 3992 ad
1113 3937 1455 3993 obsidendam
1486 3937 1831 4009 Antiocliyam
1882 3945 2150 3991 venerunt.

547 4029 684 4096 uQne
729 4045 821 4099 per
854 4046 1033 4085 norem
1080 4045 1281 4084 menses
1310 4031 1519 4085 obsessa
1567 4040 1614 4085 et
1655 4040 1808 4101 capta
1835 4039 1910 4084 est
1952 4067 1970 4084 .
2012 4066 2027 4082 .
2072 4066 2087 4081 .
2131 4067 2147 4082 .

564 4120 793 4188 aliisque
817 4121 1257 4175 commilitonibus
1281 4123 1411 4176 suis.
1443 4121 1548 4187 Qui
1575 4123 1734 4176 etiam
1774 4130 1890 4191 post
1935 4118 2151 4191 aliquod

488 4226 494 4233 ‘
546 4223 766 4281 tempus
786 4214 933 4266 intra
960 4213 1156 4267 obsessi
1202 4224 1323 4267 sunt
1351 4231 1383 4268 a
1407 4215 1661 4283 paganis;
1691 4223 1766 4268 set
1795 4211 1973 4283 amicti
2010 4213 2151 4281 [ante

564 4305 721 4360 nimis
759 4314 807 4359 et
830 4304 943 4368 siti,
974 4304 1029 4358 in
1077 4314 1285 4358 tantum
1329 4314 1385 4357 ut
1425 4303 1583 4357 multi
1625 4318 1690 4358 ex
1719 4303 1845 4372 ipsis
1872 4301 2148 4372 cruciferis

546 4412 722 4467 Aequos
753 4396 900 4467 (590)
939 4406 987 4451 et
1014 4399 1198 4452 asinos
1231 4395 1577 4456 comederent,
1605 4403 1654 4447 et
1684 4394 1768 4447 ri:
1796 4393 1862 4447 ab
1901 4392 2149 4446 Immanis

563 4478 881 4557 dapibuslse
901 4485 1117 4557 quidam
1156 4486 1500 4540 continerent.
1543 4482 1913 4539 Clamarerunt
1939 4482 2008 4557 ad
2035 4480 2149 4536 Do-

2258 3378 2574 3450 taarchyant
2602 3378 2902 3433 Fresonum
2936 3379 3038 3434 sibi
3069 3380 3314 3433 tradidit.
3356 3380 3458 3446 Qui
3503 3382 3689 3434 statim
3717 3379 3829 3435 illuc

2257 3483 2490 3538 pergens
2517 3485 2639 3526 cum
2687 3487 2856 3526 uxore
2884 3486 3002 3537 sua,
3031 3472 3146 3543 ipse
3179 3471 3498 3528 interfectus
3531 3484 3634 3539 est,
3660 3484 3715 3529 et
3750 3473 3827 3528 illa

2255 3562 2344 3616 vix
2372 3563 2545 3615 evasit
2567 3562 2737 3633 (591).
3338 3584 3341 3587 λ

2328 3652 2487 3708 1102.
2542 3654 2652 3707 ind.
2710 3653 2766 3708 9.
2820 3653 3125 3724 Imperator
3173 3654 3410 3710 natalem
3465 3653 3681 3709 Domini
3729 3652 3830 3709 )lo-

2254 3745 2454 3815 gentia:
2496 3745 2822 3811 celebravit,
2873 3748 2962 3802 ubi
3012 3747 3282 3804 Henricus
3331 3762 3523 3803 eomes
3572 3750 3642 3803 de
3686 3746 3825 3803 Lint-

2254 3838 2423 3893 burch
2455 3838 2602 3907 (595)
2635 3839 2742 3894 dux
2778 3840 3007 3895 effectus
3039 3850 3141 3896 est.

2325 3930 2484 3984 “03.
2525 3930 2638 3985 ind.
2689 3932 2779 3986 10.
2831 3932 3131 4002 Imperator
3180 3933 3416 3989 natalem
3469 3933 3686 3988 Domini
3722 3932 3825 3987 31οο

2253 4022 2437 4092 gontie
2476 4010 2794 4088 celebravit,
2828 4024 2916 4077 ubi
2958 4026 3231 4095 principes
3262 4037 3656 4096 convenerunt.
3691 4025 3751 4080 Et
3778 4025 3825 4078 in

2253 4114 2557 4184 cpypbania
2591 4115 2800 4169 Domini
2843 4114 3185 4170 Eutehardus
3220 4115 3698 4188 Wirccburgensis
3724 4117 3822 4186 epi-

2253 4218 2451 4273 scopus
2482 4205 2625 4273 apud
2671 4215 2921 4261 sanctum
2965 4204 3258 4261 Martinam
3294 4207 3521 4263 missam
3559 4212 3817 4270 multavit;

2251 4314 2307 4355 ct
2353 4300 2495 4354 inter
2543 4300 2829 4356 missarum
2891 4302 3239 4374 sollempnia,
3286 4305 3506 4374 quando
3555 4306 3819 4375 episcopus

2252 4388 2507 4460 p0pnlum
2560 4391 2833 4455 monebat,
2896 4392 3195 4462 imperator
3250 4393 3407 4462 quasi
3469 4400 3638 4450 corde
3688 4408 3819 4448 com-

2252 4490 2487 4553 punctus
2520 4483 2630 4537 Deo
2679 4484 3036 4554 promittebat
3081 4501 3184 4556 pro
3225 4486 3441 4542 delictis
3487 4489 3605 4543 suis
3652 4487 3817 4542 Hiero.

561 4579 786 4642 minimi,
849 4594 913 4633 ne
964 4577 1194 4632 traderet
1242 4574 1580 4631 Christianos
1638 4576 1694 4630 in
1757 4590 1946 4629 manus
1979 4575 2148 4643 genti—
2174 4611 2226 4672 υ
2254 4574 2520 4645 solymam
2549 4589 2798 4646 pergere,
2843 4576 3031 4645 sicque
3072 4579 3362 4647 optimates
3405 4580 3559 4648 regni
3603 4578 3815 4648 decipie-

544 4667 690 4723 -lium
722 4667 872 4736 ('59!)
905 4706 929 4723 .
973 4707 992 4726 .
1027 4687 1049 4720 '.
1081 4706 1107 4722 ο

560 4800 674 4869 lucc
699 4806 902 4852 tantum
933 4795 1221 4869 leguntur:
1264 4838 1280 4854 .
1318 4837 1341 4854 .
1385 4839 1399 4854 .
1430 4800 1584 4855 rchio
1620 4838 1683 4869 .7.
1715 4839 1730 4854 .
1765 4800 1854 4854 ubi
1886 4797 2003 4855 Udo
2033 4839 2047 4854 .
2082 4839 2098 4854 .
2125 4837 2141 4854 .

552 4882 592 4921 tt
625 4867 694 4922 ob
735 4905 749 4921 .
793 4906 807 4921 .
850 4907 864 4922 .
908 4876 947 4923 t.
979 4867 1049 4911 ἑ-
1093 4869 1288 4923 Μηιιιιε
1329 4871 1509 4924 amenti
1552 4869 1598 4923 Χ
1619 4868 1655 4917 ν
1710 4871 1879 4925 codici
1923 4871 2144 4923 inseruit

555 4954 679 5007 quin
697 4940 837 5002 apud
869 4936 1152 4994 Chesnium
1175 4951 1221 4992 et
1249 4938 1562 4993 Leionitium
1578 4942 1839 4993 trahentur
1859 4952 1879 4992 :
1904 4939 2144 4994 Marchio

557 5006 641 5080 de
669 5006 1052 5080 Bramtenlmrg
1085 5010 1413 5080 llildenseim
1462 5011 1673 5065 obsedit
1729 5019 1785 5064 et
1828 5010 2142 5080 episcopum

560 5075 804 5148 Udonem
828 5079 887 5148 in
919 5094 981 5133 ea
1005 5075 1167 5148 c'epit.
1340 5122 1344 5127 .

569 5214 582 5220 _
631 5145 901 5220 (3_8_6)'_lta
935 5145 1313 5203 restituendum
1348 5165 1460 5204 esse
1498 5149 1724 5211 ridetur.
1748 5158 1822 5220 “ut
1860 5149 1915 5202 in
1945 5145 2143 5219 Eltker-

2250 4667 2363 4723 bat.
2393 4665 2639 4737 Cumque
2673 4666 2947 4738 principes
2974 4668 3041 4723 ad
3083 4668 3200 4735 ejus
3224 4669 3434 4724 curiam
3473 4684 3605 4739 sepe
3632 4682 3810 4724 conve-

2319 4800 2470 4874 (390)
2503 4800 2568 4874 E.
2595 4810 2651 4855 et
2677 4815 2730 4856 a.
2776 4818 2827 4858 c.
2865 4818 2933 4859 ex
2969 4802 3247 4862 Annaliun
3275 4802 3494 4862 Saxone
3531 4806 3735 4874 accepi;
3767 4804 3812 4858 is

2246 4873 2422 4928 codice
2452 4872 2559 4942 legi
2573 4883 2855 4942 nequeunt.

2318 4939 2834 5016 (3QI'lSttpplenda
2871 4943 3156 4999 ridentur:
3195 4944 3505 5016 bellumque
3545 4946 3679 5002 inire
3700 4960 3801 4999 cum

2250 5013 2498 5087 hostibus
2525 5023 2837 5087 proponunt
2852 5025 2900 5068 et
2939 5016 3138 5086 reliqua
3171 5033 3289 5086 qum
3330 5013 3475 5087 apud
3506 5016 3805 5072 Annalium

2252 5082 2529 5155 Senonem
2554 5099 2713 5155 usque
2737 5097 2791 5137 et
2826 5082 3207 5141 bettcdicctttes
3242 5082 3405 5140 Deum
3436 5087 3693 5155 leguntur.

2324 5153 2442 5220 (5111
2480 5154 2580 5220 bis)
2620 5153 2722 5206 Hic
2760 5155 3050 5212 cormlures
3094 5158 3241 5196 [δη-ι..
3297 5157 3392 5184 tu:

3434 5152 3566 5194 μέρη,
3578 5170 3684 5191 ..μοι
3737 5152 3796 5186 ff
