  <div class='ocr_page' id='page_1' title='image "/cluster/home/n/w/nwhite01/storage/ocr_20150623/141/hvd.32044015471790/300.png"; bbox 0 0 3952 5346; ppageno 0'>
   <div class='ocr_carea' id='block_1_1' title="bbox 169 209 294 270">
    <p class='ocr_par' dir='ltr' id='par_1_1' title="bbox 169 209 294 270">
     <span class='ocr_line' id='line_1_1' title="bbox 169 209 294 270; baseline 0.008 -1"><span class='ocrx_word' id='word_1_1' title='bbox 169 209 294 270; x_wconf 71' lang='grc'><strong>’889</strong></span> 
     </span>
    </p>
   </div>
   <div class='ocr_carea' id='block_1_2' title="bbox 818 210 2809 289">
    <p class='ocr_par' dir='ltr' id='par_1_2' title="bbox 818 210 2809 289">
     <span class='ocr_line' id='line_1_2' title="bbox 818 210 2809 289; baseline 0.003 -18"><span class='ocrx_word' id='word_1_2' title='bbox 818 212 907 271; x_wconf 77' lang='grc' dir='ltr'><strong>ΕΤ</strong></span> <span class='ocrx_word' id='word_1_3' title='bbox 943 211 1296 270; x_wconf 72' lang='grc' dir='ltr'>ιωειιτι</span> <span class='ocrx_word' id='word_1_4' title='bbox 1341 210 1916 269; x_wconf 68' lang='lat' dir='ltr'><strong>ASCHAFNABURG.</strong></span> <span class='ocrx_word' id='word_1_5' title='bbox 1963 210 2143 273; x_wconf 76' lang='lat' dir='ltr'><strong>PARS</strong></span> <span class='ocrx_word' id='word_1_6' title='bbox 2176 216 2459 277; x_wconf 76' lang='lat' dir='ltr'><strong>ALTERA</strong></span> <span class='ocrx_word' id='word_1_7' title='bbox 2484 218 2809 289; x_wconf 65' lang='grc' dir='ltr'>ρειηυιωι.</span> 
     </span>
    </p>
   </div>
   <div class='ocr_carea' id='block_1_3' title="bbox 3356 224 3463 289">
    <p class='ocr_par' dir='ltr' id='par_1_3' title="bbox 3356 224 3463 289">
     <span class='ocr_line' id='line_1_3' title="bbox 3356 224 3463 289; baseline 0.037 -4"><span class='ocrx_word' id='word_1_8' title='bbox 3356 224 3463 289; x_wconf 67' lang='grc' dir='ltr'><strong>δῦθ</strong></span> 
     </span>
    </p>
   </div>
   <div class='ocr_carea' id='block_1_4' title="bbox 1108 342 2611 412">
    <p class='ocr_par' dir='ltr' id='par_1_4' title="bbox 1108 342 2611 412">
     <span class='ocr_line' id='line_1_4' title="bbox 1108 342 2611 412; baseline 0.005 -10"><span class='ocrx_word' id='word_1_9' title='bbox 1108 344 1429 402; x_wconf 75' lang='lat' dir='ltr'><strong>ANNALES</strong></span> <span class='ocrx_word' id='word_1_10' title='bbox 1456 342 2102 405; x_wconf 73' lang='lat' dir='ltr'><strong>&quot;ILDESIIEIMENSES</strong></span> <span class='ocrx_word' id='word_1_11' title='bbox 2135 350 2201 406; x_wconf 83' lang='lat' dir='ltr'><strong>A.</strong></span> <span class='ocrx_word' id='word_1_12' title='bbox 2234 351 2611 412; x_wconf 71' lang='grc' dir='ltr'>ιιοι-ιιοε.</span> 
     </span>
    </p>
   </div>
   <div class='ocr_carea' id='block_1_5' title="bbox 186 440 3460 526">
    <p class='ocr_par' dir='ltr' id='par_1_5' title="bbox 186 440 3460 526">
     <span class='ocr_line' id='line_1_5' title="bbox 186 440 3460 526; baseline 0.006 -31"><span class='ocrx_word' id='word_1_13' title='bbox 186 442 395 506; x_wconf 73' lang='lat' dir='ltr'><strong>sirent,</strong></span> <span class='ocrx_word' id='word_1_14' title='bbox 443 442 579 498; x_wconf 81' lang='lat' dir='ltr'><strong>nihil</strong></span> <span class='ocrx_word' id='word_1_15' title='bbox 617 445 684 501; x_wconf 87' lang='lat' dir='ltr'><strong>de</strong></span> <span class='ocrx_word' id='word_1_16' title='bbox 720 457 784 499; x_wconf 88' lang='lat' dir='ltr'><strong>re</strong></span> <span class='ocrx_word' id='word_1_17' title='bbox 827 441 1044 514; x_wconf 87' lang='lat' dir='ltr'><strong>publica</strong></span> <span class='ocrx_word' id='word_1_18' title='bbox 1090 444 1341 514; x_wconf 81' lang='lat' dir='ltr'><strong>agebant,</strong></span> <span class='ocrx_word' id='word_1_19' title='bbox 1386 452 1584 512; x_wconf 71' lang='lat' dir='ltr'><strong>pratlel&#39;</strong></span> <span class='ocrx_word' id='word_1_20' title='bbox 1631 441 1776 511; x_wconf 89' lang='lat' dir='ltr'><strong>quod</strong></span> <span class='ocrx_word' id='word_1_21' title='bbox 1806 453 1848 509; x_wconf 73' lang='grc' dir='ltr'><strong>Α</strong></span> <span class='ocrx_word' id='word_1_22' title='bbox 1874 440 2056 510; x_wconf 84' lang='lat' dir='ltr'><strong>justus</strong></span> <span class='ocrx_word' id='word_1_23' title='bbox 2101 459 2215 509; x_wconf 78' lang='lat' dir='ltr'><strong>rex,</strong></span> <span class='ocrx_word' id='word_1_24' title='bbox 2255 449 2584 511; x_wconf 81' lang='lat' dir='ltr'><strong>gubernator</strong></span> <span class='ocrx_word' id='word_1_25' title='bbox 2621 465 2747 507; x_wconf 81' lang='lat' dir='ltr'><strong>esse</strong></span> <span class='ocrx_word' id='word_1_26' title='bbox 2764 450 3053 520; x_wconf 67' lang='lat' dir='ltr'><strong>‘tecclesite,</strong></span> <span class='ocrx_word' id='word_1_27' title='bbox 3083 467 3204 525; x_wconf 67' lang='lat' dir='ltr'><strong>quae</strong></span> <span class='ocrx_word' id='word_1_28' title='bbox 3235 469 3460 526; x_wconf 71' lang='lat' dir='ltr'><strong>perne-</strong></span> 
     </span>
    </p>
   </div>
   <div class='ocr_carea' id='block_1_6' title="bbox 183 533 1776 603">
    <p class='ocr_par' dir='ltr' id='par_1_6' title="bbox 183 533 1776 603">
     <span class='ocr_line' id='line_1_6' title="bbox 183 533 1776 603; baseline -0.001 -15"><span class='ocrx_word' id='word_1_29' title='bbox 183 548 282 588; x_wconf 80' lang='lat' dir='ltr'><strong>sua</strong></span> <span class='ocrx_word' id='word_1_30' title='bbox 321 535 399 588; x_wconf 98' lang='lat' dir='ltr'><strong>ibi</strong></span> <span class='ocrx_word' id='word_1_31' title='bbox 441 545 916 597; x_wconf 83' lang='lat' dir='ltr'><strong>consummarcnt;</strong></span> <span class='ocrx_word' id='word_1_32' title='bbox 947 544 1231 603; x_wconf 87' lang='lat' dir='ltr'><strong>propterea</strong></span> <span class='ocrx_word' id='word_1_33' title='bbox 1274 548 1461 588; x_wconf 87' lang='lat' dir='ltr'><strong>secmn</strong></span> <span class='ocrx_word' id='word_1_34' title='bbox 1509 534 1633 587; x_wconf 88' lang='lat' dir='ltr'><strong>lieta</strong></span> <span class='ocrx_word' id='word_1_35' title='bbox 1670 533 1776 587; x_wconf 75' lang='lat' dir='ltr'><strong>title</strong></span> 
     </span>
    </p>
   </div>
   <div class='ocr_carea' id='block_1_7' title="bbox 185 624 1776 697">
    <p class='ocr_par' dir='ltr' id='par_1_7' title="bbox 185 624 1776 697">
     <span class='ocr_line' id='line_1_7' title="bbox 185 624 1776 697; baseline 0.002 -20"><span class='ocrx_word' id='word_1_36' title='bbox 185 625 582 692; x_wconf 79' lang='lat' dir='ltr'><strong>versabantur,</strong></span> <span class='ocrx_word' id='word_1_37' title='bbox 611 635 667 681; x_wconf 90' lang='lat' dir='ltr'><strong>et</strong></span> <span class='ocrx_word' id='word_1_38' title='bbox 687 628 952 682; x_wconf 84' lang='lat' dir='ltr'><strong>adversus</strong></span> <span class='ocrx_word' id='word_1_39' title='bbox 980 642 1105 681; x_wconf 90' lang='lat' dir='ltr'><strong>eum</strong></span> <span class='ocrx_word' id='word_1_40' title='bbox 1133 626 1550 697; x_wconf 83' lang='lat' dir='ltr'><strong>conspirabant.</strong></span> <span class='ocrx_word' id='word_1_41' title='bbox 1575 624 1776 695; x_wconf 79' lang='lat' dir='ltr'><strong>Sicque</strong></span> 
     </span>
    </p>
   </div>
   <div class='ocr_carea' id='block_1_8' title="bbox 181 717 1774 790">
    <p class='ocr_par' dir='ltr' id='par_1_8' title="bbox 181 717 1774 790">
     <span class='ocr_line' id='line_1_8' title="bbox 181 717 1774 790; baseline -0.001 -17"><span class='ocrx_word' id='word_1_42' title='bbox 181 734 381 774; x_wconf 81' lang='lat' dir='ltr'><strong>mones</strong></span> <span class='ocrx_word' id='word_1_43' title='bbox 417 720 570 790; x_wconf 86' lang='lat' dir='ltr'><strong>regni</strong></span> <span class='ocrx_word' id='word_1_44' title='bbox 617 720 893 790; x_wconf 81' lang='lat' dir='ltr'><strong>principes</strong></span> <span class='ocrx_word' id='word_1_45' title='bbox 937 719 1270 787; x_wconf 76' lang='lat' dir='ltr'><strong>decipiebat,</strong></span> <span class='ocrx_word' id='word_1_46' title='bbox 1315 729 1375 773; x_wconf 88' lang='grc' dir='ltr'><strong>ιιι</strong></span> <span class='ocrx_word' id='word_1_47' title='bbox 1417 717 1549 772; x_wconf 82' lang='lat' dir='ltr'><strong>nihil</strong></span> <span class='ocrx_word' id='word_1_48' title='bbox 1594 732 1774 771; x_wconf 87' lang='lat' dir='ltr'><strong>rerum</strong></span> 
     </span>
    </p>
   </div>
   <div class='ocr_carea' id='block_1_9' title="bbox 182 809 1771 880">
    <p class='ocr_par' dir='ltr' id='par_1_9' title="bbox 182 809 1771 880">
     <span class='ocr_line' id='line_1_9' title="bbox 182 809 1771 880; baseline -0.001 -18"><span class='ocrx_word' id='word_1_49' title='bbox 182 809 433 863; x_wconf 74' lang='lat' dir='ltr'><strong>verltatis</strong></span> <span class='ocrx_word' id='word_1_50' title='bbox 471 810 524 863; x_wconf 93' lang='lat' dir='ltr'><strong>iu</strong></span> <span class='ocrx_word' id='word_1_51' title='bbox 577 824 633 863; x_wconf 88' lang='lat' dir='ltr'><strong>re</strong></span> <span class='ocrx_word' id='word_1_52' title='bbox 670 810 881 879; x_wconf 78' lang='lat' dir='ltr'><strong>publica</strong></span> <span class='ocrx_word' id='word_1_53' title='bbox 922 819 1128 880; x_wconf 83' lang='lat' dir='ltr'><strong>ageret.</strong></span> <span class='ocrx_word' id='word_1_54' title='bbox 1162 810 1265 863; x_wconf 89' lang='lat' dir='ltr'><strong>nisi</strong></span> <span class='ocrx_word' id='word_1_55' title='bbox 1298 809 1442 877; x_wconf 76' lang='lat' dir='ltr'><strong>quod</strong></span> <span class='ocrx_word' id='word_1_56' title='bbox 1472 810 1590 863; x_wconf 91' lang='lat' dir='ltr'><strong>suis</strong></span> <span class='ocrx_word' id='word_1_57' title='bbox 1627 818 1771 861; x_wconf 79' lang='lat' dir='ltr'><strong>tetu-</strong></span> 
     </span>
    </p>
   </div>
   <div class='ocr_carea' id='block_1_10' title="bbox 181 896 1774 968">
    <p class='ocr_par' dir='ltr' id='par_1_10' title="bbox 181 896 1774 968">
     <span class='ocr_line' id='line_1_10' title="bbox 181 896 1774 968; baseline 0.001 -18"><span class='ocrx_word' id='word_1_58' title='bbox 181 898 411 968; x_wconf 90' lang='lat' dir='ltr'><strong>poribus</strong></span> <span class='ocrx_word' id='word_1_59' title='bbox 440 909 634 953; x_wconf 88' lang='lat' dir='ltr'><strong>cuneta</strong></span> <span class='ocrx_word' id='word_1_60' title='bbox 662 897 1009 953; x_wconf 81' lang='lat' dir='ltr'><strong>vilescerent.</strong></span> <span class='ocrx_word' id='word_1_61' title='bbox 1058 896 1239 952; x_wconf 68' lang='lat' dir='ltr'><strong>Multa:</strong></span> <span class='ocrx_word' id='word_1_62' title='bbox 1286 900 1449 952; x_wconf 89' lang='lat' dir='ltr'><strong>urbes</strong></span> <span class='ocrx_word' id='word_1_63' title='bbox 1492 907 1549 953; x_wconf 88' lang='lat' dir='ltr'><strong>et</strong></span> <span class='ocrx_word' id='word_1_64' title='bbox 1578 897 1774 968; x_wconf 87' lang='lat' dir='ltr'><strong>oppida</strong></span> 
     </span>
    </p>
   </div>
   <div class='ocr_carea' id='block_1_11' title="bbox 181 986 1776 1056">
    <p class='ocr_par' dir='ltr' id='par_1_11' title="bbox 181 986 1776 1056">
     <span class='ocr_line' id='line_1_11' title="bbox 181 986 1776 1056; baseline 0.001 -14"><span class='ocrx_word' id='word_1_65' title='bbox 181 986 299 1056; x_wconf 76' lang='lat' dir='ltr'><strong>cjus</strong></span> <span class='ocrx_word' id='word_1_66' title='bbox 350 988 496 1043; x_wconf 85' lang='lat' dir='ltr'><strong>bello</strong></span> <span class='ocrx_word' id='word_1_67' title='bbox 533 999 659 1044; x_wconf 91' lang='lat' dir='ltr'><strong>sunt</strong></span> <span class='ocrx_word' id='word_1_68' title='bbox 697 990 989 1045; x_wconf 66' lang='lat' dir='ltr'><strong>destructa:</strong></span> <span class='ocrx_word' id='word_1_69' title='bbox 1016 999 1071 1045; x_wconf 90' lang='lat' dir='ltr'><strong>et</strong></span> <span class='ocrx_word' id='word_1_70' title='bbox 1118 990 1487 1045; x_wconf 65' lang='lat' dir='ltr'><strong>ateclesiarum</strong></span> <span class='ocrx_word' id='word_1_71' title='bbox 1520 988 1613 1043; x_wconf 89' lang='lat' dir='ltr'><strong>Dei</strong></span> <span class='ocrx_word' id='word_1_72' title='bbox 1657 998 1776 1044; x_wconf 90' lang='lat' dir='ltr'><strong>erat</strong></span> 
     </span>
    </p>
   </div>
   <div class='ocr_carea' id='block_1_12' title="bbox 180 1080 1776 1153">
    <p class='ocr_par' dir='ltr' id='par_1_12' title="bbox 180 1080 1776 1153">
     <span class='ocr_line' id='line_1_12' title="bbox 180 1080 1776 1153; baseline 0.002 -19"><span class='ocrx_word' id='word_1_73' title='bbox 180 1089 391 1149; x_wconf 83' lang='lat' dir='ltr'><strong>raptor.</strong></span> <span class='ocrx_word' id='word_1_74' title='bbox 426 1080 637 1136; x_wconf 81' lang='lat' dir='ltr'><strong>scilicet</strong></span> <span class='ocrx_word' id='word_1_75' title='bbox 676 1098 840 1137; x_wconf 85' lang='lat' dir='ltr'><strong>causa</strong></span> <span class='ocrx_word' id='word_1_76' title='bbox 876 1084 1267 1139; x_wconf 85' lang='lat' dir='ltr'><strong>reconciliandi</strong></span> <span class='ocrx_word' id='word_1_77' title='bbox 1316 1082 1625 1153; x_wconf 89' lang='lat' dir='ltr'><strong>principes,</strong></span> <span class='ocrx_word' id='word_1_78' title='bbox 1658 1082 1776 1143; x_wconf 75' lang='lat' dir='ltr'><strong>illa-</strong></span> 
     </span>
    </p>
   </div>
   <div class='ocr_carea' id='block_1_13' title="bbox 157 1151 1776 1258">
    <p class='ocr_par' dir='ltr' id='par_1_13' title="bbox 157 1151 1776 1258">
     <span class='ocr_line' id='line_1_13' title="bbox 157 1151 1776 1258; baseline 0 -33"><span class='ocrx_word' id='word_1_79' title='bbox 157 1151 302 1225; x_wconf 19' lang='lat' dir='ltr'><strong>‘I&#39;um</strong></span> <span class='ocrx_word' id='word_1_80' title='bbox 332 1171 539 1240; x_wconf 66' lang='lat' dir='ltr'><strong>praedia</strong></span> <span class='ocrx_word' id='word_1_81' title='bbox 571 1170 974 1258; x_wconf 55' lang='lat' dir='ltr'><strong>distrithendo.</strong></span> <span class='ocrx_word' id='word_1_82' title='bbox 1023 1173 1163 1239; x_wconf 84' lang='lat' dir='ltr'><strong>Quid</strong></span> <span class='ocrx_word' id='word_1_83' title='bbox 1213 1151 1415 1227; x_wconf 75' lang='lat' dir='ltr'><strong>multa?</strong></span> <span class='ocrx_word' id='word_1_84' title='bbox 1464 1151 1625 1228; x_wconf 80' lang='lat' dir='ltr'><strong>oculo</strong></span> <span class='ocrx_word' id='word_1_85' title='bbox 1652 1187 1776 1225; x_wconf 84' lang='lat' dir='ltr'><strong>nm-</strong></span> 
     </span>
    </p>
   </div>
   <div class='ocr_carea' id='block_1_14' title="bbox 179 1260 1772 1335">
    <p class='ocr_par' dir='ltr' id='par_1_14' title="bbox 179 1260 1772 1335">
     <span class='ocr_line' id='line_1_14' title="bbox 179 1260 1772 1335; baseline 0.004 -24"><span class='ocrx_word' id='word_1_86' title='bbox 179 1274 347 1328; x_wconf 90' lang='lat' dir='ltr'><strong>quam</strong></span> <span class='ocrx_word' id='word_1_87' title='bbox 376 1260 505 1314; x_wconf 88' lang='lat' dir='ltr'><strong>talia</strong></span> <span class='ocrx_word' id='word_1_88' title='bbox 534 1262 588 1315; x_wconf 93' lang='lat' dir='ltr'><strong>in</strong></span> <span class='ocrx_word' id='word_1_89' title='bbox 615 1263 858 1331; x_wconf 86' lang='lat' dir='ltr'><strong>antiquis</strong></span> <span class='ocrx_word' id='word_1_90' title='bbox 885 1262 1254 1319; x_wconf 74' lang='lat' dir='ltr'><strong>voluminibus</strong></span> <span class='ocrx_word' id='word_1_91' title='bbox 1281 1265 1520 1335; x_wconf 87' lang='lat' dir='ltr'><strong>repperit</strong></span> <span class='ocrx_word' id='word_1_92' title='bbox 1546 1264 1772 1334; x_wconf 88' lang='lat' dir='ltr'><strong>scripta,</strong></span> 
     </span>
    </p>
   </div>
   <div class='ocr_carea' id='block_1_15' title="bbox 178 1352 1774 1428">
    <p class='ocr_par' dir='ltr' id='par_1_15' title="bbox 178 1352 1774 1428">
     <span class='ocr_line' id='line_1_15' title="bbox 178 1352 1774 1428; baseline 0.005 -25"><span class='ocrx_word' id='word_1_93' title='bbox 178 1352 362 1422; x_wconf 85' lang='lat' dir='ltr'><strong>qualia</strong></span> <span class='ocrx_word' id='word_1_94' title='bbox 397 1352 643 1409; x_wconf 89' lang='lat' dir='ltr'><strong>inaudita</strong></span> <span class='ocrx_word' id='word_1_95' title='bbox 695 1363 1046 1424; x_wconf 86' lang='lat' dir='ltr'><strong>perpetrarat</strong></span> <span class='ocrx_word' id='word_1_96' title='bbox 1089 1355 1336 1428; x_wconf 72' lang='lat' dir='ltr'><strong>facinora</strong></span> <span class='ocrx_word' id='word_1_97' title='bbox 1364 1374 1379 1422; x_wconf 89' lang='lat'><strong>;</strong></span> <span class='ocrx_word' id='word_1_98' title='bbox 1412 1368 1468 1413; x_wconf 90' lang='lat' dir='ltr'><strong>et</strong></span> <span class='ocrx_word' id='word_1_99' title='bbox 1499 1358 1604 1412; x_wconf 88' lang='lat' dir='ltr'><strong>nisi</strong></span> <span class='ocrx_word' id='word_1_100' title='bbox 1635 1360 1774 1412; x_wconf 88' lang='lat' dir='ltr'><strong>mira</strong></span> 
     </span>
    </p>
   </div>
   <div class='ocr_carea' id='block_1_16' title="bbox 179 1443 1773 1519">
    <p class='ocr_par' dir='ltr' id='par_1_16' title="bbox 179 1443 1773 1519">
     <span class='ocr_line' id='line_1_16' title="bbox 179 1443 1773 1519; baseline 0.006 -22"><span class='ocrx_word' id='word_1_101' title='bbox 179 1443 273 1498; x_wconf 88' lang='lat' dir='ltr'><strong>Dei</strong></span> <span class='ocrx_word' id='word_1_102' title='bbox 326 1445 624 1501; x_wconf 86' lang='lat' dir='ltr'><strong>clementia</strong></span> <span class='ocrx_word' id='word_1_103' title='bbox 673 1462 799 1501; x_wconf 89' lang='lat' dir='ltr'><strong>eum</strong></span> <span class='ocrx_word' id='word_1_104' title='bbox 847 1446 1137 1514; x_wconf 68' lang='lat' dir='ltr'><strong>suil&#39;crret,</strong></span> <span class='ocrx_word' id='word_1_105' title='bbox 1186 1457 1245 1504; x_wconf 88' lang='lat' dir='ltr'><strong>et</strong></span> <span class='ocrx_word' id='word_1_106' title='bbox 1295 1451 1362 1504; x_wconf 83' lang='lat' dir='ltr'><strong>ad</strong></span> <span class='ocrx_word' id='word_1_107' title='bbox 1395 1450 1773 1519; x_wconf 73' lang='lat' dir='ltr'><strong>pmttitentiatn</strong></span> 
     </span>
    </p>
   </div>
   <div class='ocr_carea' id='block_1_17' title="bbox 176 1534 1772 1609">
    <p class='ocr_par' dir='ltr' id='par_1_17' title="bbox 176 1534 1772 1609">
     <span class='ocr_line' id='line_1_17' title="bbox 176 1534 1772 1609; baseline 0.007 -21"><span class='ocrx_word' id='word_1_108' title='bbox 176 1534 505 1604; x_wconf 72' lang='lat' dir='ltr'><strong>distulisset,</strong></span> <span class='ocrx_word' id='word_1_109' title='bbox 538 1546 686 1593; x_wconf 80' lang='lat' dir='ltr'><strong>terra</strong></span> <span class='ocrx_word' id='word_1_110' title='bbox 733 1552 859 1594; x_wconf 88' lang='lat' dir='ltr'><strong>eum</strong></span> <span class='ocrx_word' id='word_1_111' title='bbox 890 1539 1098 1606; x_wconf 83' lang='lat' dir='ltr'><strong>vivum,</strong></span> <span class='ocrx_word' id='word_1_112' title='bbox 1131 1540 1272 1596; x_wconf 89' lang='lat' dir='ltr'><strong>sicut</strong></span> <span class='ocrx_word' id='word_1_113' title='bbox 1311 1542 1544 1609; x_wconf 86' lang='lat' dir='ltr'><strong>Dathau,</strong></span> <span class='ocrx_word' id='word_1_114' title='bbox 1577 1546 1772 1599; x_wconf 86' lang='lat' dir='ltr'><strong>obsor-</strong></span> 
     </span>
    </p>
   </div>
   <div class='ocr_carea' id='block_1_18' title="bbox 172 1625 408 1684">
    <p class='ocr_par' dir='ltr' id='par_1_18' title="bbox 172 1625 408 1684">
     <span class='ocr_line' id='line_1_18' title="bbox 172 1625 408 1684; baseline 0.008 -1"><span class='ocrx_word' id='word_1_115' title='bbox 172 1625 408 1684; x_wconf 82' lang='lat' dir='ltr'><strong>buisset.</strong></span> 
     </span>
    </p>
   </div>
   <div class='ocr_carea' id='block_1_19' title="bbox 254 1786 2805 1875">
    <p class='ocr_par' dir='ltr' id='par_1_19' title="bbox 254 1786 2805 1875">
     <span class='ocr_line' id='line_1_19' title="bbox 254 1786 2805 1875; baseline 0.005 -35"><span class='ocrx_word' id='word_1_116' title='bbox 254 1786 423 1842; x_wconf 72' lang='grc'><strong>1104.</strong></span> <span class='ocrx_word' id='word_1_117' title='bbox 469 1788 583 1842; x_wconf 85' lang='lat' dir='ltr'><strong>ind.</strong></span> <span class='ocrx_word' id='word_1_118' title='bbox 623 1788 656 1843; x_wconf 85' lang='lat'><strong>9</strong></span> <span class='ocrx_word' id='word_1_119' title='bbox 689 1787 860 1858; x_wconf 80' lang='lat'><strong>(596).</strong></span> <span class='ocrx_word' id='word_1_120' title='bbox 897 1788 1031 1845; x_wconf 83' lang='lat' dir='ltr'><strong>Erat</strong></span> <span class='ocrx_word' id='word_1_121' title='bbox 1069 1790 1123 1846; x_wconf 90' lang='lat' dir='ltr'><strong>in</strong></span> <span class='ocrx_word' id='word_1_122' title='bbox 1170 1791 1480 1846; x_wconf 75' lang='lat' dir='ltr'><strong>lladishona</strong></span> <span class='ocrx_word' id='word_1_123' title='bbox 1512 1792 1566 1847; x_wconf 90' lang='lat' dir='ltr'><strong>in</strong></span> <span class='ocrx_word' id='word_1_124' title='bbox 1599 1792 1764 1847; x_wconf 81' lang='lat' dir='ltr'><strong>natali</strong></span> <span class='ocrx_word' id='word_1_125' title='bbox 1799 1804 1840 1863; x_wconf 78' lang='grc' dir='ltr'><strong>Β</strong></span> <span class='ocrx_word' id='word_1_126' title='bbox 1866 1810 2054 1875; x_wconf 60' lang='lat' dir='ltr'><strong>pauci;</strong></span> <span class='ocrx_word' id='word_1_127' title='bbox 2110 1809 2260 1866; x_wconf 64' lang='grc' dir='ltr'><strong>πιείι,</strong></span> <span class='ocrx_word' id='word_1_128' title='bbox 2319 1786 2575 1870; x_wconf 44' lang='lat' dir='ltr'><strong>aiam,“</strong></span> <span class='ocrx_word' id='word_1_129' title='bbox 2633 1786 2805 1873; x_wconf 51' lang='grc' dir='ltr'><strong>οηηηξ,</strong></span> 
     </span>
    </p>
   </div>
   <div class='ocr_carea' id='block_1_20' title="bbox 174 1876 1766 1953">
    <p class='ocr_par' dir='ltr' id='par_1_20' title="bbox 174 1876 1766 1953">
     <span class='ocr_line' id='line_1_20' title="bbox 174 1876 1766 1953; baseline 0.004 -20"><span class='ocrx_word' id='word_1_130' title='bbox 174 1876 392 1933; x_wconf 80' lang='lat' dir='ltr'><strong>Domini</strong></span> <span class='ocrx_word' id='word_1_131' title='bbox 443 1876 791 1948; x_wconf 77' lang='lat' dir='ltr'><strong>imperatoris</strong></span> <span class='ocrx_word' id='word_1_132' title='bbox 839 1882 1032 1947; x_wconf 86' lang='lat' dir='ltr'><strong>curia,</strong></span> <span class='ocrx_word' id='word_1_133' title='bbox 1073 1883 1162 1937; x_wconf 89' lang='lat' dir='ltr'><strong>ubi</strong></span> <span class='ocrx_word' id='word_1_134' title='bbox 1201 1898 1385 1940; x_wconf 89' lang='lat' dir='ltr'><strong>comes</strong></span> <span class='ocrx_word' id='word_1_135' title='bbox 1434 1884 1766 1953; x_wconf 79' lang='lat' dir='ltr'><strong>Sigchardus</strong></span> 
     </span>
    </p>
   </div>
   <div class='ocr_carea' id='block_1_21' title="bbox 171 1970 1759 2051">
    <p class='ocr_par' dir='ltr' id='par_1_21' title="bbox 171 1970 1759 2051">
     <span class='ocr_line' id='line_1_21' title="bbox 171 1970 1759 2051; baseline 0.006 -30"><span class='ocrx_word' id='word_1_136' title='bbox 171 1970 447 2039; x_wconf 76' lang='lat' dir='ltr'><strong>quoddam</strong></span> <span class='ocrx_word' id='word_1_137' title='bbox 475 1972 738 2041; x_wconf 86' lang='lat' dir='ltr'><strong>judicium</strong></span> <span class='ocrx_word' id='word_1_138' title='bbox 777 1987 940 2042; x_wconf 78' lang='lat' dir='ltr'><strong>Super</strong></span> <span class='ocrx_word' id='word_1_139' title='bbox 967 1972 1195 2029; x_wconf 84' lang='lat' dir='ltr'><strong>clientes</strong></span> <span class='ocrx_word' id='word_1_140' title='bbox 1239 1974 1438 2044; x_wconf 86' lang='lat' dir='ltr'><strong>injuste</strong></span> <span class='ocrx_word' id='word_1_141' title='bbox 1464 1975 1759 2051; x_wconf 67' lang='lat' dir='ltr'><strong>judicavit;</strong></span> 
     </span>
    </p>
   </div>
   <div class='ocr_carea' id='block_1_22' title="bbox 172 2061 1767 2129">
    <p class='ocr_par' dir='ltr' id='par_1_22' title="bbox 172 2061 1767 2129">
     <span class='ocr_line' id='line_1_22' title="bbox 172 2061 1767 2129; baseline 0.003 -15"><span class='ocrx_word' id='word_1_142' title='bbox 172 2075 237 2114; x_wconf 77' lang='lat' dir='ltr'><strong>cx</strong></span> <span class='ocrx_word' id='word_1_143' title='bbox 286 2075 396 2129; x_wconf 91' lang='lat' dir='ltr'><strong>qua</strong></span> <span class='ocrx_word' id='word_1_144' title='bbox 447 2076 614 2114; x_wconf 81' lang='lat' dir='ltr'><strong>causa</strong></span> <span class='ocrx_word' id='word_1_145' title='bbox 662 2062 732 2113; x_wconf 88' lang='lat' dir='ltr'><strong>ab</strong></span> <span class='ocrx_word' id='word_1_146' title='bbox 780 2061 861 2116; x_wconf 87' lang='lat' dir='ltr'><strong>eis</strong></span> <span class='ocrx_word' id='word_1_147' title='bbox 908 2070 992 2116; x_wconf 79' lang='lat' dir='ltr'><strong>est</strong></span> <span class='ocrx_word' id='word_1_148' title='bbox 1035 2064 1274 2117; x_wconf 70' lang='lat' dir='ltr'><strong>occisus.</strong></span> <span class='ocrx_word' id='word_1_149' title='bbox 1323 2064 1473 2118; x_wconf 75' lang='lat' dir='ltr'><strong>Unde</strong></span> <span class='ocrx_word' id='word_1_150' title='bbox 1515 2074 1635 2118; x_wconf 90' lang='lat' dir='ltr'><strong>orta</strong></span> <span class='ocrx_word' id='word_1_151' title='bbox 1681 2076 1767 2119; x_wconf 88' lang='lat' dir='ltr'><strong>est</strong></span> 
     </span>
    </p>
   </div>
   <div class='ocr_carea' id='block_1_23' title="bbox 172 2151 1767 2224">
    <p class='ocr_par' dir='ltr' id='par_1_23' title="bbox 172 2151 1767 2224">
     <span class='ocr_line' id='line_1_23' title="bbox 172 2151 1767 2224; baseline 0.004 -21"><span class='ocrx_word' id='word_1_152' title='bbox 172 2151 412 2203; x_wconf 59' lang='lat' dir='ltr'><strong>maxima</strong></span> <span class='ocrx_word' id='word_1_153' title='bbox 463 2152 779 2221; x_wconf 80' lang='lat' dir='ltr'><strong>persecutio</strong></span> <span class='ocrx_word' id='word_1_154' title='bbox 813 2152 1127 2223; x_wconf 84' lang='lat' dir='ltr'><strong>imperatori</strong></span> <span class='ocrx_word' id='word_1_155' title='bbox 1174 2169 1205 2207; x_wconf 88' lang='lat' dir='ltr'><strong>a</strong></span> <span class='ocrx_word' id='word_1_156' title='bbox 1244 2155 1490 2224; x_wconf 81' lang='lat' dir='ltr'><strong>cognatis</strong></span> <span class='ocrx_word' id='word_1_157' title='bbox 1521 2155 1666 2210; x_wconf 91' lang='lat' dir='ltr'><strong>illius</strong></span> <span class='ocrx_word' id='word_1_158' title='bbox 1710 2165 1767 2209; x_wconf 90' lang='lat' dir='ltr'><strong>et</strong></span> 
     </span>
    </p>
   </div>
   <div class='ocr_carea' id='block_1_24' title="bbox 169 2242 1766 2314">
    <p class='ocr_par' dir='ltr' id='par_1_24' title="bbox 169 2242 1766 2314">
     <span class='ocr_line' id='line_1_24' title="bbox 169 2242 1766 2314; baseline 0.006 -20"><span class='ocrx_word' id='word_1_159' title='bbox 169 2254 201 2294; x_wconf 70' lang='grc' dir='ltr'>θ</span> <span class='ocrx_word' id='word_1_160' title='bbox 230 2242 452 2296; x_wconf 79' lang='lat' dir='ltr'><strong>eunetis</strong></span> <span class='ocrx_word' id='word_1_161' title='bbox 498 2242 837 2311; x_wconf 73' lang='lat' dir='ltr'><strong>principibus</strong></span> <span class='ocrx_word' id='word_1_162' title='bbox 869 2245 1056 2314; x_wconf 84' lang='lat' dir='ltr'><strong>regni;</strong></span> <span class='ocrx_word' id='word_1_163' title='bbox 1090 2247 1215 2313; x_wconf 92' lang='lat' dir='ltr'><strong>quia</strong></span> <span class='ocrx_word' id='word_1_164' title='bbox 1254 2247 1298 2301; x_wconf 90' lang='lat' dir='ltr'><strong>si</strong></span> <span class='ocrx_word' id='word_1_165' title='bbox 1351 2247 1511 2303; x_wconf 84' lang='lat' dir='ltr'><strong>vellet</strong></span> <span class='ocrx_word' id='word_1_166' title='bbox 1539 2248 1589 2303; x_wconf 91' lang='lat' dir='ltr'><strong>ei</strong></span> <span class='ocrx_word' id='word_1_167' title='bbox 1637 2248 1766 2303; x_wconf 84' lang='lat' dir='ltr'><strong>sub—</strong></span> 
     </span>
    </p>
   </div>
   <div class='ocr_carea' id='block_1_25' title="bbox 171 2334 1764 2415">
    <p class='ocr_par' dir='ltr' id='par_1_25' title="bbox 171 2334 1764 2415">
     <span class='ocr_line' id='line_1_25' title="bbox 171 2334 1764 2415; baseline 0.006 -29"><span class='ocrx_word' id='word_1_168' title='bbox 171 2334 385 2398; x_wconf 75' lang='lat' dir='ltr'><strong>venire,</strong></span> <span class='ocrx_word' id='word_1_169' title='bbox 420 2349 763 2405; x_wconf 79' lang='lat' dir='ltr'><strong>nequaquam</strong></span> <span class='ocrx_word' id='word_1_170' title='bbox 803 2345 950 2391; x_wconf 88' lang='lat' dir='ltr'><strong>esset</strong></span> <span class='ocrx_word' id='word_1_171' title='bbox 989 2337 1331 2393; x_wconf 80' lang='lat' dir='ltr'><strong>interfectus.</strong></span> <span class='ocrx_word' id='word_1_172' title='bbox 1372 2339 1669 2415; x_wconf 70' lang='lat' dir='ltr'><strong>Cmnvero</strong></span> <span class='ocrx_word' id='word_1_173' title='bbox 1696 2341 1764 2408; x_wconf 82' lang='lat' dir='ltr'><strong>ob</strong></span> 
     </span>
    </p>
   </div>
   <div class='ocr_carea' id='block_1_26' title="bbox 172 2426 1761 2500">
    <p class='ocr_par' dir='ltr' id='par_1_26' title="bbox 172 2426 1761 2500">
     <span class='ocr_line' id='line_1_26' title="bbox 172 2426 1761 2500; baseline 0.003 -19"><span class='ocrx_word' id='word_1_174' title='bbox 172 2427 225 2481; x_wconf 88' lang='lat' dir='ltr'><strong>id</strong></span> <span class='ocrx_word' id='word_1_175' title='bbox 257 2426 464 2482; x_wconf 77' lang='lat' dir='ltr'><strong>factum</strong></span> <span class='ocrx_word' id='word_1_176' title='bbox 492 2445 598 2482; x_wconf 89' lang='lat' dir='ltr'><strong>non</strong></span> <span class='ocrx_word' id='word_1_177' title='bbox 631 2444 832 2498; x_wconf 86' lang='lat' dir='ltr'><strong>paucos</strong></span> <span class='ocrx_word' id='word_1_178' title='bbox 875 2429 1078 2485; x_wconf 86' lang='lat' dir='ltr'><strong>habere</strong></span> <span class='ocrx_word' id='word_1_179' title='bbox 1119 2431 1350 2487; x_wconf 89' lang='lat' dir='ltr'><strong>sentiret</strong></span> <span class='ocrx_word' id='word_1_180' title='bbox 1394 2433 1761 2500; x_wconf 88' lang='lat' dir='ltr'><strong>adversarios,</strong></span> 
     </span>
    </p>
   </div>
   <div class='ocr_carea' id='block_1_27' title="bbox 170 2519 1761 2594">
    <p class='ocr_par' dir='ltr' id='par_1_27' title="bbox 170 2519 1761 2594">
     <span class='ocr_line' id='line_1_27' title="bbox 170 2519 1761 2594; baseline 0.003 -20"><span class='ocrx_word' id='word_1_181' title='bbox 170 2519 608 2590; x_wconf 68' lang='lat' dir='ltr'><strong>circumquaque</strong></span> <span class='ocrx_word' id='word_1_182' title='bbox 654 2522 723 2573; x_wconf 88' lang='lat' dir='ltr'><strong>ah</strong></span> <span class='ocrx_word' id='word_1_183' title='bbox 761 2522 974 2575; x_wconf 88' lang='lat' dir='ltr'><strong>insidiis</strong></span> <span class='ocrx_word' id='word_1_184' title='bbox 1025 2536 1214 2577; x_wconf 86' lang='lat' dir='ltr'><strong>eorum</strong></span> <span class='ocrx_word' id='word_1_185' title='bbox 1260 2523 1518 2588; x_wconf 87' lang='lat' dir='ltr'><strong>vallatus,</strong></span> <span class='ocrx_word' id='word_1_186' title='bbox 1576 2535 1761 2594; x_wconf 86' lang='lat' dir='ltr'><strong>aptum</strong></span> 
     </span>
    </p>
   </div>
   <div class='ocr_carea' id='block_1_28' title="bbox 170 2596 1761 2681">
    <p class='ocr_par' dir='ltr' id='par_1_28' title="bbox 170 2596 1761 2681">
     <span class='ocr_line' id='line_1_28' title="bbox 170 2596 1761 2681; baseline 0.004 -19"><span class='ocrx_word' id='word_1_187' title='bbox 170 2607 436 2663; x_wconf 86' lang='lat' dir='ltr'><strong>evadendi</strong></span> <span class='ocrx_word' id='word_1_188' title='bbox 468 2610 632 2679; x_wconf 76' lang='lat' dir='ltr'><strong>ca‘pit</strong></span> <span class='ocrx_word' id='word_1_189' title='bbox 659 2596 937 2679; x_wconf 82' lang='lat' dir='ltr'><strong>inquirere</strong></span> <span class='ocrx_word' id='word_1_190' title='bbox 964 2609 1165 2666; x_wconf 85' lang='lat' dir='ltr'><strong>locum.</strong></span> <span class='ocrx_word' id='word_1_191' title='bbox 1208 2611 1451 2668; x_wconf 78' lang='lat' dir='ltr'><strong>Tandem</strong></span> <span class='ocrx_word' id='word_1_192' title='bbox 1484 2614 1761 2681; x_wconf 80' lang='lat' dir='ltr'><strong>discessit,</strong></span> 
     </span>
    </p>
   </div>
   <div class='ocr_carea' id='block_1_29' title="bbox 169 2702 1766 2778">
    <p class='ocr_par' dir='ltr' id='par_1_29' title="bbox 169 2702 1766 2778">
     <span class='ocr_line' id='line_1_29' title="bbox 169 2702 1766 2778; baseline 0.006 -24"><span class='ocrx_word' id='word_1_193' title='bbox 169 2708 312 2754; x_wconf 82' lang='lat' dir='ltr'><strong>etut</strong></span> <span class='ocrx_word' id='word_1_194' title='bbox 353 2711 608 2756; x_wconf 87' lang='lat' dir='ltr'><strong>sanctum</strong></span> <span class='ocrx_word' id='word_1_195' title='bbox 641 2704 841 2771; x_wconf 84' lang='lat' dir='ltr'><strong>pascha</strong></span> <span class='ocrx_word' id='word_1_196' title='bbox 873 2702 1176 2759; x_wconf 73' lang='lat' dir='ltr'><strong>celebraret</strong></span> <span class='ocrx_word' id='word_1_197' title='bbox 1206 2722 1330 2760; x_wconf 91' lang='lat' dir='ltr'><strong>cum</strong></span> <span class='ocrx_word' id='word_1_198' title='bbox 1377 2708 1491 2761; x_wconf 85' lang='lat' dir='ltr'><strong>suis</strong></span> <span class='ocrx_word' id='word_1_199' title='bbox 1540 2706 1766 2778; x_wconf 77' lang='lat' dir='ltr'><strong>Mogon-</strong></span> 
     </span>
    </p>
   </div>
   <div class='ocr_carea' id='block_1_30' title="bbox 174 2790 1764 2870">
    <p class='ocr_par' dir='ltr' id='par_1_30' title="bbox 174 2790 1764 2870">
     <span class='ocr_line' id='line_1_30' title="bbox 174 2790 1764 2870; baseline 0.006 -26"><span class='ocrx_word' id='word_1_200' title='bbox 174 2790 377 2845; x_wconf 80' lang='lat' dir='ltr'><strong>tiacum</strong></span> <span class='ocrx_word' id='word_1_201' title='bbox 424 2792 592 2847; x_wconf 88' lang='lat' dir='ltr'><strong>venit.</strong></span> <span class='ocrx_word' id='word_1_202' title='bbox 623 2793 827 2847; x_wconf 86' lang='lat' dir='ltr'><strong>Sancto</strong></span> <span class='ocrx_word' id='word_1_203' title='bbox 860 2795 1023 2865; x_wconf 84' lang='lat' dir='ltr'><strong>igitur</strong></span> <span class='ocrx_word' id='word_1_204' title='bbox 1062 2798 1262 2865; x_wconf 85' lang='lat' dir='ltr'><strong>pascha</strong></span> <span class='ocrx_word' id='word_1_205' title='bbox 1305 2798 1434 2851; x_wconf 91' lang='lat' dir='ltr'><strong>inihi</strong></span> <span class='ocrx_word' id='word_1_206' title='bbox 1465 2798 1764 2870; x_wconf 68' lang='lat' dir='ltr'><strong>Sidetnpni-</strong></span> 
     </span>
    </p>
   </div>
   <div class='ocr_carea' id='block_1_31' title="bbox 175 2884 1765 2961">
    <p class='ocr_par' dir='ltr' id='par_1_31' title="bbox 175 2884 1765 2961">
     <span class='ocr_line' id='line_1_31' title="bbox 175 2884 1765 2961; baseline 0.006 -23"><span class='ocrx_word' id='word_1_207' title='bbox 175 2893 262 2938; x_wconf 84' lang='lat' dir='ltr'><strong>ter</strong></span> <span class='ocrx_word' id='word_1_208' title='bbox 291 2896 541 2955; x_wconf 89' lang='lat' dir='ltr'><strong>peracto.</strong></span> <span class='ocrx_word' id='word_1_209' title='bbox 568 2884 827 2940; x_wconf 86' lang='lat' dir='ltr'><strong>Leodium</strong></span> <span class='ocrx_word' id='word_1_210' title='bbox 855 2889 1022 2943; x_wconf 89' lang='lat' dir='ltr'><strong>venit.</strong></span> <span class='ocrx_word' id='word_1_211' title='bbox 1067 2891 1185 2961; x_wconf 80' lang='lat' dir='ltr'><strong>Quo</strong></span> <span class='ocrx_word' id='word_1_212' title='bbox 1227 2892 1412 2946; x_wconf 89' lang='lat' dir='ltr'><strong>venire</strong></span> <span class='ocrx_word' id='word_1_213' title='bbox 1457 2892 1765 2947; x_wconf 80' lang='lat' dir='ltr'><strong>debuerunt.</strong></span> 
     </span>
    </p>
   </div>
   <div class='ocr_carea' id='block_1_32' title="bbox 172 2977 1763 3053">
    <p class='ocr_par' dir='ltr' id='par_1_32' title="bbox 172 2977 1763 3053">
     <span class='ocr_line' id='line_1_32' title="bbox 172 2977 1763 3053; baseline 0.004 -20"><span class='ocrx_word' id='word_1_214' title='bbox 172 2994 360 3033; x_wconf 86' lang='lat' dir='ltr'><strong>comes</strong></span> <span class='ocrx_word' id='word_1_215' title='bbox 420 2977 784 3034; x_wconf 59' lang='lat' dir='ltr'><strong>lli-rimanuns</strong></span> <span class='ocrx_word' id='word_1_216' title='bbox 835 2989 892 3036; x_wconf 90' lang='lat' dir='ltr'><strong>et</strong></span> <span class='ocrx_word' id='word_1_217' title='bbox 948 2980 1467 3053; x_wconf 71' lang='lat' dir='ltr'><strong>Magetlebnrgcnsis</strong></span> <span class='ocrx_word' id='word_1_218' title='bbox 1517 2985 1763 3041; x_wconf 76' lang='lat' dir='ltr'><strong>ecclesia:</strong></span> 
     </span>
    </p>
   </div>
   <div class='ocr_carea' id='block_1_33' title="bbox 172 3070 1758 3146">
    <p class='ocr_par' dir='ltr' id='par_1_33' title="bbox 172 3070 1758 3146">
     <span class='ocr_line' id='line_1_33' title="bbox 172 3070 1758 3146; baseline 0.006 -26"><span class='ocrx_word' id='word_1_219' title='bbox 172 3070 499 3138; x_wconf 70' lang='lat' dir='ltr'><strong>pta-positus</strong></span> <span class='ocrx_word' id='word_1_220' title='bbox 531 3070 790 3124; x_wconf 85' lang='lat' dir='ltr'><strong>vocabulo</strong></span> <span class='ocrx_word' id='word_1_221' title='bbox 828 3070 1157 3143; x_wconf 81' lang='lat' dir='ltr'><strong>llartwigns,</strong></span> <span class='ocrx_word' id='word_1_222' title='bbox 1191 3075 1412 3129; x_wconf 78' lang='lat' dir='ltr'><strong>comitis</strong></span> <span class='ocrx_word' id='word_1_223' title='bbox 1451 3076 1758 3146; x_wconf 68' lang='lat' dir='ltr'><strong>Eggelberti</strong></span> 
     </span>
    </p>
   </div>
   <div class='ocr_carea' id='block_1_34' title="bbox 1880 534 3456 619">
    <p class='ocr_par' dir='ltr' id='par_1_34' title="bbox 1880 534 3456 619">
     <span class='ocr_line' id='line_1_34' title="bbox 1880 534 3456 619; baseline 0.013 -34"><span class='ocrx_word' id='word_1_224' title='bbox 1880 534 2191 604; x_wconf 78' lang='lat' dir='ltr'><strong>gligeutiam</strong></span> <span class='ocrx_word' id='word_1_225' title='bbox 2238 542 2410 607; x_wconf 87' lang='lat' dir='ltr'><strong>patris</strong></span> <span class='ocrx_word' id='word_1_226' title='bbox 2447 544 2529 598; x_wconf 85' lang='lat' dir='ltr'><strong>sui</strong></span> <span class='ocrx_word' id='word_1_227' title='bbox 2561 543 2846 600; x_wconf 79' lang='lat' dir='ltr'><strong>deturbata</strong></span> <span class='ocrx_word' id='word_1_228' title='bbox 2872 554 2959 601; x_wconf 85' lang='lat' dir='ltr'><strong>est</strong></span> <span class='ocrx_word' id='word_1_229' title='bbox 2994 547 3163 602; x_wconf 89' lang='lat' dir='ltr'><strong>multo</strong></span> <span class='ocrx_word' id='word_1_230' title='bbox 3190 557 3456 619; x_wconf 83' lang='lat' dir='ltr'><strong>tempore.</strong></span> 
     </span>
    </p>
   </div>
   <div class='ocr_carea' id='block_1_35' title="bbox 1877 621 3457 709">
    <p class='ocr_par' dir='ltr' id='par_1_35' title="bbox 1877 621 3457 709">
     <span class='ocr_line' id='line_1_35' title="bbox 1877 621 3457 709; baseline 0.013 -35"><span class='ocrx_word' id='word_1_231' title='bbox 1877 621 1997 678; x_wconf 76' lang='lat' dir='ltr'><strong>Mox</strong></span> <span class='ocrx_word' id='word_1_232' title='bbox 2036 635 2093 680; x_wconf 90' lang='lat' dir='ltr'><strong>nt</strong></span> <span class='ocrx_word' id='word_1_233' title='bbox 2120 629 2429 695; x_wconf 76' lang='lat' dir='ltr'><strong>apostolica:</strong></span> <span class='ocrx_word' id='word_1_234' title='bbox 2471 632 2866 691; x_wconf 80' lang='lat' dir='ltr'><strong>consolacionis</strong></span> <span class='ocrx_word' id='word_1_235' title='bbox 2906 636 3067 691; x_wconf 87' lang='lat' dir='ltr'><strong>verba</strong></span> <span class='ocrx_word' id='word_1_236' title='bbox 3112 640 3354 709; x_wconf 70' lang='lat' dir='ltr'><strong>petet-pit.</strong></span> <span class='ocrx_word' id='word_1_237' title='bbox 3397 646 3457 694; x_wconf 79' lang='lat' dir='ltr'><strong>et</strong></span> 
     </span>
    </p>
   </div>
   <div class='ocr_carea' id='block_1_36' title="bbox 1876 712 3462 799">
    <p class='ocr_par' dir='ltr' id='par_1_36' title="bbox 1876 712 3462 799">
     <span class='ocr_line' id='line_1_36' title="bbox 1876 712 3462 799; baseline 0.011 -32"><span class='ocrx_word' id='word_1_238' title='bbox 1876 712 2040 768; x_wconf 83' lang='lat' dir='ltr'><strong>banui</strong></span> <span class='ocrx_word' id='word_1_239' title='bbox 2078 717 2398 774; x_wconf 84' lang='lat' dir='ltr'><strong>solutionem</strong></span> <span class='ocrx_word' id='word_1_240' title='bbox 2430 721 2579 792; x_wconf 66' lang='lat'><strong>(393)</strong></span> <span class='ocrx_word' id='word_1_241' title='bbox 2612 739 2643 778; x_wconf 85' lang='lat' dir='ltr'><strong>a</strong></span> <span class='ocrx_word' id='word_1_242' title='bbox 2666 726 2924 795; x_wconf 68' lang='lat' dir='ltr'><strong>praedicto</strong></span> <span class='ocrx_word' id='word_1_243' title='bbox 2954 728 3231 799; x_wconf 88' lang='lat' dir='ltr'><strong>episcopo,</strong></span> <span class='ocrx_word' id='word_1_244' title='bbox 3257 731 3462 785; x_wconf 69' lang='lat' dir='ltr'><strong>eastclo</strong></span> 
     </span>
    </p>
   </div>
   <div class='ocr_carea' id='block_1_37' title="bbox 1876 800 3462 880">
    <p class='ocr_par' dir='ltr' id='par_1_37' title="bbox 1876 800 3462 880">
     <span class='ocr_line' id='line_1_37' title="bbox 1876 800 3462 880; baseline 0.015 -26"><span class='ocrx_word' id='word_1_245' title='bbox 1876 800 2008 860; x_wconf 79' lang='lat' dir='ltr'><strong>luto.</strong></span> <span class='ocrx_word' id='word_1_246' title='bbox 2042 808 2186 875; x_wconf 87' lang='lat' dir='ltr'><strong>quod</strong></span> <span class='ocrx_word' id='word_1_247' title='bbox 2232 819 2458 864; x_wconf 90' lang='lat' dir='ltr'><strong>vocatur</strong></span> <span class='ocrx_word' id='word_1_248' title='bbox 2485 811 2861 880; x_wconf 66' lang='lat' dir='ltr'><strong>Nucreubere,</strong></span> <span class='ocrx_word' id='word_1_249' title='bbox 2895 818 3108 874; x_wconf 85' lang='lat' dir='ltr'><strong>obsedit</strong></span> <span class='ocrx_word' id='word_1_250' title='bbox 3146 830 3201 872; x_wconf 88' lang='lat' dir='ltr'><strong>et</strong></span> <span class='ocrx_word' id='word_1_251' title='bbox 3234 835 3348 876; x_wconf 83' lang='lat' dir='ltr'><strong>sua:</strong></span> <span class='ocrx_word' id='word_1_252' title='bbox 3373 821 3462 877; x_wconf 58' lang='lat' dir='ltr'><strong>die</strong></span> 
     </span>
    </p>
   </div>
   <div class='ocr_carea' id='block_1_38' title="bbox 1877 891 3460 979">
    <p class='ocr_par' dir='ltr' id='par_1_38' title="bbox 1877 891 3460 979">
     <span class='ocr_line' id='line_1_38' title="bbox 1877 891 3460 979; baseline 0.015 -36"><span class='ocrx_word' id='word_1_253' title='bbox 1877 891 2009 945; x_wconf 92' lang='lat' dir='ltr'><strong>tioni</strong></span> <span class='ocrx_word' id='word_1_254' title='bbox 2041 894 2273 967; x_wconf 76' lang='lat' dir='ltr'><strong>subegit.</strong></span> <span class='ocrx_word' id='word_1_255' title='bbox 2298 899 2369 953; x_wconf 82' lang='lat' dir='ltr'><strong>At</strong></span> <span class='ocrx_word' id='word_1_256' title='bbox 2405 910 2579 970; x_wconf 87' lang='lat' dir='ltr'><strong>pater,</strong></span> <span class='ocrx_word' id='word_1_257' title='bbox 2617 920 2774 959; x_wconf 86' lang='lat' dir='ltr'><strong>tuane</strong></span> <span class='ocrx_word' id='word_1_258' title='bbox 2802 919 3081 977; x_wconf 73' lang='lat' dir='ltr'><strong>comperio</strong></span> <span class='ocrx_word' id='word_1_259' title='bbox 3105 924 3164 964; x_wconf 85' lang='lat' dir='ltr'><strong>se</strong></span> <span class='ocrx_word' id='word_1_260' title='bbox 3189 911 3460 979; x_wconf 77' lang='lat' dir='ltr'><strong>privatum</strong></span> 
     </span>
    </p>
   </div>
   <div class='ocr_carea' id='block_1_39' title="bbox 1875 981 3463 1066">
    <p class='ocr_par' dir='ltr' id='par_1_39' title="bbox 1875 981 3463 1066">
     <span class='ocr_line' id='line_1_39' title="bbox 1875 981 3463 1066; baseline 0.013 -31"><span class='ocrx_word' id='word_1_261' title='bbox 1875 981 2009 1050; x_wconf 81' lang='lat' dir='ltr'><strong>tilio,</strong></span> <span class='ocrx_word' id='word_1_262' title='bbox 2040 987 2210 1043; x_wconf 86' lang='lat' dir='ltr'><strong>nimio</strong></span> <span class='ocrx_word' id='word_1_263' title='bbox 2239 990 2424 1047; x_wconf 86' lang='lat' dir='ltr'><strong>dolore</strong></span> <span class='ocrx_word' id='word_1_264' title='bbox 2453 994 2867 1065; x_wconf 71' lang='lat' dir='ltr'><strong>constringitur,</strong></span> <span class='ocrx_word' id='word_1_265' title='bbox 2905 1010 2959 1052; x_wconf 91' lang='lat' dir='ltr'><strong>ct</strong></span> <span class='ocrx_word' id='word_1_266' title='bbox 2989 996 3275 1066; x_wconf 69' lang='lat' dir='ltr'><strong>Ilogontize</strong></span> <span class='ocrx_word' id='word_1_267' title='bbox 3306 1009 3463 1056; x_wconf 60' lang='lat' dir='ltr'><strong>nata.</strong></span> 
     </span>
    </p>
   </div>
   <div class='ocr_carea' id='block_1_40' title="bbox 1875 1068 3459 1149">
    <p class='ocr_par' dir='ltr' id='par_1_40' title="bbox 1875 1068 3459 1149">
     <span class='ocr_line' id='line_1_40' title="bbox 1875 1068 3459 1149; baseline 0.016 -25"><span class='ocrx_word' id='word_1_268' title='bbox 1875 1068 1979 1126; x_wconf 80' lang='lat' dir='ltr'><strong>leni</strong></span> <span class='ocrx_word' id='word_1_269' title='bbox 2011 1073 2223 1131; x_wconf 80' lang='grc' dir='ltr'>υοιιιίιιί</span> <span class='ocrx_word' id='word_1_270' title='bbox 2274 1080 2653 1140; x_wconf 87' lang='lat' dir='ltr'><strong>celebraturus</strong></span> <span class='ocrx_word' id='word_1_271' title='bbox 2697 1087 3017 1143; x_wconf 86' lang='lat' dir='ltr'><strong>revertitur.</strong></span> <span class='ocrx_word' id='word_1_272' title='bbox 3048 1090 3196 1146; x_wconf 82' lang='lat' dir='ltr'><strong>Obiit</strong></span> <span class='ocrx_word' id='word_1_273' title='bbox 3219 1088 3459 1149; x_wconf 79' lang='lat' dir='ltr'><strong>Joannes</strong></span> 
     </span>
    </p>
   </div>
   <div class='ocr_carea' id='block_1_41' title="bbox 1875 1161 2490 1241">
    <p class='ocr_par' dir='ltr' id='par_1_41' title="bbox 1875 1161 2490 1241">
     <span class='ocr_line' id='line_1_41' title="bbox 1875 1161 2490 1241; baseline 0.021 -25"><span class='ocrx_word' id='word_1_274' title='bbox 1875 1161 2149 1232; x_wconf 84' lang='lat' dir='ltr'><strong>Spirensis</strong></span> <span class='ocrx_word' id='word_1_275' title='bbox 2178 1171 2490 1241; x_wconf 82' lang='lat' dir='ltr'><strong>episcopus.</strong></span> 
     </span>
    </p>
   </div>
   <div class='ocr_carea' id='block_1_42' title="bbox 1947 1254 3547 1338">
    <p class='ocr_par' dir='ltr' id='par_1_42' title="bbox 1947 1254 3547 1338">
     <span class='ocr_line' id='line_1_42' title="bbox 1947 1254 3547 1338; baseline 0.014 -31"><span class='ocrx_word' id='word_1_276' title='bbox 1947 1254 2104 1309; x_wconf 66' lang='grc'><strong>1105.</strong></span> <span class='ocrx_word' id='word_1_277' title='bbox 2153 1256 2263 1312; x_wconf 77' lang='lat' dir='ltr'><strong>Rea:</strong></span> <span class='ocrx_word' id='word_1_278' title='bbox 2292 1261 2442 1333; x_wconf 78' lang='lat'><strong>(598)</strong></span> <span class='ocrx_word' id='word_1_279' title='bbox 2490 1261 2812 1320; x_wconf 79' lang='lat' dir='ltr'><strong>Halverstmt</strong></span> <span class='ocrx_word' id='word_1_280' title='bbox 2859 1269 3016 1335; x_wconf 76' lang='lat' dir='ltr'><strong>venit,</strong></span> <span class='ocrx_word' id='word_1_281' title='bbox 3065 1279 3114 1325; x_wconf 75' lang='lat' dir='ltr'><strong>rt</strong></span> <span class='ocrx_word' id='word_1_282' title='bbox 3157 1267 3460 1338; x_wconf 64' lang='lat' dir='ltr'><strong>canonicos,</strong></span> <span class='ocrx_word' id='word_1_283' title='bbox 3542 1306 3547 1315; x_wconf 62' lang='grc' dir='ltr'><strong>ι</strong></span> 
     </span>
    </p>
   </div>
   <div class='ocr_carea' id='block_1_43' title="bbox 1871 1343 3459 1431">
    <p class='ocr_par' dir='ltr' id='par_1_43' title="bbox 1871 1343 3459 1431">
     <span class='ocr_line' id='line_1_43' title="bbox 1871 1343 3459 1431; baseline 0.016 -37"><span class='ocrx_word' id='word_1_284' title='bbox 1871 1358 2002 1413; x_wconf 87' lang='lat' dir='ltr'><strong>quos</strong></span> <span class='ocrx_word' id='word_1_285' title='bbox 2051 1343 2357 1405; x_wconf 77' lang='lat' dir='ltr'><strong>Fridericus</strong></span> <span class='ocrx_word' id='word_1_286' title='bbox 2404 1355 2676 1425; x_wconf 84' lang='lat' dir='ltr'><strong>cpiscopus</strong></span> <span class='ocrx_word' id='word_1_287' title='bbox 2730 1358 2925 1428; x_wconf 84' lang='lat' dir='ltr'><strong>injuste</strong></span> <span class='ocrx_word' id='word_1_288' title='bbox 2969 1361 3279 1431; x_wconf 67' lang='lat' dir='ltr'><strong>expulerat,</strong></span> <span class='ocrx_word' id='word_1_289' title='bbox 3329 1363 3459 1420; x_wconf 86' lang='lat' dir='ltr'><strong>locis</strong></span> 
     </span>
    </p>
   </div>
   <div class='ocr_carea' id='block_1_44' title="bbox 1872 1436 3462 1519">
    <p class='ocr_par' dir='ltr' id='par_1_44' title="bbox 1872 1436 3462 1519">
     <span class='ocr_line' id='line_1_44' title="bbox 1872 1436 3462 1519; baseline 0.016 -34"><span class='ocrx_word' id='word_1_290' title='bbox 1872 1445 1920 1486; x_wconf 83' lang='lat' dir='ltr'><strong>et</strong></span> <span class='ocrx_word' id='word_1_291' title='bbox 1960 1436 2111 1490; x_wconf 84' lang='lat' dir='ltr'><strong>rebus</strong></span> <span class='ocrx_word' id='word_1_292' title='bbox 2145 1439 2255 1493; x_wconf 85' lang='lat' dir='ltr'><strong>suis</strong></span> <span class='ocrx_word' id='word_1_293' title='bbox 2287 1442 2542 1513; x_wconf 77' lang='lat' dir='ltr'><strong>restituit;</strong></span> <span class='ocrx_word' id='word_1_294' title='bbox 2592 1448 2849 1519; x_wconf 84' lang='lat' dir='ltr'><strong>celerique</strong></span> <span class='ocrx_word' id='word_1_295' title='bbox 2874 1455 3115 1506; x_wconf 81' lang='lat' dir='ltr'><strong>canonici</strong></span> <span class='ocrx_word' id='word_1_296' title='bbox 3147 1454 3320 1509; x_wconf 82' lang='lat' dir='ltr'><strong>bnnno</strong></span> <span class='ocrx_word' id='word_1_297' title='bbox 3346 1453 3462 1509; x_wconf 76' lang='lat' dir='ltr'><strong>sol—</strong></span> 
     </span>
    </p>
   </div>
   <div class='ocr_carea' id='block_1_45' title="bbox 1872 1534 3518 1627">
    <p class='ocr_par' dir='ltr' id='par_1_45' title="bbox 1872 1534 3518 1627">
     <span class='ocr_line' id='line_1_45' title="bbox 1872 1534 3518 1627; baseline 0.017 -49"><span class='ocrx_word' id='word_1_298' title='bbox 1872 1539 2086 1595; x_wconf 83' lang='lat' dir='ltr'><strong>vuntur,</strong></span> <span class='ocrx_word' id='word_1_299' title='bbox 2127 1547 2187 1584; x_wconf 90' lang='lat' dir='ltr'><strong>eo</strong></span> <span class='ocrx_word' id='word_1_300' title='bbox 2226 1534 2367 1603; x_wconf 81' lang='lat' dir='ltr'><strong>quod</strong></span> <span class='ocrx_word' id='word_1_301' title='bbox 2407 1538 2543 1608; x_wconf 83' lang='lat' dir='ltr'><strong>regis</strong></span> <span class='ocrx_word' id='word_1_302' title='bbox 2586 1537 2822 1596; x_wconf 80' lang='lat' dir='ltr'><strong>lleiurici</strong></span> <span class='ocrx_word' id='word_1_303' title='bbox 2863 1546 3297 1602; x_wconf 74' lang='lat' dir='ltr'><strong>auat/remntizatt&#39;</strong></span> <span class='ocrx_word' id='word_1_304' title='bbox 3343 1550 3460 1620; x_wconf 64' lang='grc' dir='ltr'><strong>αρε-ι</strong></span> <span class='ocrx_word' id='word_1_305' title='bbox 3502 1612 3518 1627; x_wconf 36' lang='grc'><strong>⁸</strong></span> 
     </span>
    </p>
   </div>
   <div class='ocr_carea' id='block_1_46' title="bbox 1871 1633 3460 1700">
    <p class='ocr_par' dir='ltr' id='par_1_46' title="bbox 1871 1633 3460 1700">
     <span class='ocr_line' id='line_1_46' title="bbox 1871 1633 3460 1700; baseline 0.014 -22"><span class='ocrx_word' id='word_1_306' title='bbox 1871 1640 2029 1696; x_wconf 78' lang='lat' dir='ltr'><strong>scopo</strong></span> <span class='ocrx_word' id='word_1_307' title='bbox 2076 1643 2469 1687; x_wconf 79' lang='lat' dir='ltr'><strong>consenserant.</strong></span> <span class='ocrx_word' id='word_1_308' title='bbox 2519 1633 2655 1691; x_wconf 81' lang='lat' dir='ltr'><strong>lntle</strong></span> <span class='ocrx_word' id='word_1_309' title='bbox 2711 1654 2804 1692; x_wconf 80' lang='lat' dir='ltr'><strong>rea:</strong></span> <span class='ocrx_word' id='word_1_310' title='bbox 2851 1641 2985 1694; x_wconf 81' lang='lat' dir='ltr'><strong>adiit</strong></span> <span class='ocrx_word' id='word_1_311' title='bbox 3046 1640 3460 1700; x_wconf 74' lang='lat' dir='ltr'><strong>Ilildeneslzeim.</strong></span> 
     </span>
    </p>
   </div>
   <div class='ocr_carea' id='block_1_47' title="bbox 1872 1713 3457 1803">
    <p class='ocr_par' dir='ltr' id='par_1_47' title="bbox 1872 1713 3457 1803">
     <span class='ocr_line' id='line_1_47' title="bbox 1872 1713 3457 1803; baseline 0.014 -35"><span class='ocrx_word' id='word_1_312' title='bbox 1872 1713 2107 1784; x_wconf 73' lang='lat' dir='ltr'><strong>Curtaque</strong></span> <span class='ocrx_word' id='word_1_313' title='bbox 2152 1720 2271 1774; x_wconf 83' lang='lat' dir='ltr'><strong>urbi</strong></span> <span class='ocrx_word' id='word_1_314' title='bbox 2323 1725 2792 1795; x_wconf 77' lang='lat' dir='ltr'><strong>appropinauaret.</strong></span> <span class='ocrx_word' id='word_1_315' title='bbox 2850 1727 2969 1784; x_wconf 83' lang='lat' dir='ltr'><strong>Udo</strong></span> <span class='ocrx_word' id='word_1_316' title='bbox 3021 1732 3290 1803; x_wconf 83' lang='lat' dir='ltr'><strong>episcopus</strong></span> <span class='ocrx_word' id='word_1_317' title='bbox 3338 1751 3457 1790; x_wconf 82' lang='lat' dir='ltr'><strong>cum</strong></span> 
     </span>
    </p>
   </div>
   <div class='ocr_carea' id='block_1_48' title="bbox 2861 1821 3460 1888">
    <p class='ocr_par' dir='ltr' id='par_1_48' title="bbox 2861 1821 3460 1888">
     <span class='ocr_line' id='line_1_48' title="bbox 2861 1821 3460 1888; baseline 0.012 -14"><span class='ocrx_word' id='word_1_318' title='bbox 2861 1821 3174 1888; x_wconf 69' lang='lat' dir='ltr'><strong>solvuntur;</strong></span> <span class='ocrx_word' id='word_1_319' title='bbox 3227 1827 3460 1882; x_wconf 79' lang='lat' dir='ltr'><strong>ordinati</strong></span> 
     </span>
    </p>
   </div>
   <div class='ocr_carea' id='block_1_49' title="bbox 1866 1896 3459 1980">
    <p class='ocr_par' dir='ltr' id='par_1_49' title="bbox 1866 1896 3459 1980">
     <span class='ocr_line' id='line_1_49' title="bbox 1866 1896 3459 1980; baseline 0.016 -34"><span class='ocrx_word' id='word_1_320' title='bbox 1866 1896 2002 1949; x_wconf 80' lang='lat' dir='ltr'><strong>sicut</strong></span> <span class='ocrx_word' id='word_1_321' title='bbox 2025 1907 2075 1951; x_wconf 80' lang='lat' dir='ltr'><strong>et</strong></span> <span class='ocrx_word' id='word_1_322' title='bbox 2102 1901 2380 1956; x_wconf 78' lang='lat' dir='ltr'><strong>ordinutor</strong></span> <span class='ocrx_word' id='word_1_323' title='bbox 2423 1911 2489 1958; x_wconf 79' lang='lat' dir='ltr'><strong>ab</strong></span> <span class='ocrx_word' id='word_1_324' title='bbox 2521 1907 2702 1976; x_wconf 77' lang='lat' dir='ltr'><strong>ofﬁcio</strong></span> <span class='ocrx_word' id='word_1_325' title='bbox 2732 1911 3145 1980; x_wconf 86' lang='lat' dir='ltr'><strong>suspenduntur.</strong></span> <span class='ocrx_word' id='word_1_326' title='bbox 3176 1912 3305 1969; x_wconf 79' lang='lat' dir='ltr'><strong>Post</strong></span> <span class='ocrx_word' id='word_1_327' title='bbox 3340 1932 3459 1971; x_wconf 83' lang='lat' dir='ltr'><strong>t-ero</strong></span> 
     </span>
    </p>
   </div>
   <div class='ocr_carea' id='block_1_50' title="bbox 1864 1987 3459 2070">
    <p class='ocr_par' dir='ltr' id='par_1_50' title="bbox 1864 1987 3459 2070">
     <span class='ocr_line' id='line_1_50' title="bbox 1864 1987 3459 2070; baseline 0.014 -32"><span class='ocrx_word' id='word_1_328' title='bbox 1864 1987 2139 2057; x_wconf 77' lang='lat' dir='ltr'><strong>episcopus</strong></span> <span class='ocrx_word' id='word_1_329' title='bbox 2182 1994 2558 2050; x_wconf 83' lang='lat' dir='ltr'><strong>ranonicarnm</strong></span> <span class='ocrx_word' id='word_1_330' title='bbox 2601 1999 2823 2055; x_wconf 64' lang='lat' dir='ltr'><strong>consiiio</strong></span> <span class='ocrx_word' id='word_1_331' title='bbox 2861 2013 3130 2058; x_wconf 70' lang='lat' dir='ltr'><strong>revocatus</strong></span> <span class='ocrx_word' id='word_1_332' title='bbox 3174 2006 3360 2070; x_wconf 79' lang='lat' dir='ltr'><strong>rediit,</strong></span> <span class='ocrx_word' id='word_1_333' title='bbox 3407 2017 3459 2061; x_wconf 84' lang='lat' dir='ltr'><strong>et</strong></span> 
     </span>
    </p>
   </div>
   <div class='ocr_carea' id='block_1_51' title="bbox 1865 2076 3456 2158">
    <p class='ocr_par' dir='ltr' id='par_1_51' title="bbox 1865 2076 3456 2158">
     <span class='ocr_line' id='line_1_51' title="bbox 1865 2076 3456 2158; baseline 0.014 -28"><span class='ocrx_word' id='word_1_334' title='bbox 1865 2076 2037 2132; x_wconf 83' lang='lat' dir='ltr'><strong>bnnno</strong></span> <span class='ocrx_word' id='word_1_335' title='bbox 2080 2080 2284 2136; x_wconf 81' lang='lat' dir='ltr'><strong>solutus</strong></span> <span class='ocrx_word' id='word_1_336' title='bbox 2324 2086 2549 2153; x_wconf 78' lang='lat' dir='ltr'><strong>gratiam</strong></span> <span class='ocrx_word' id='word_1_337' title='bbox 2588 2090 2722 2158; x_wconf 87' lang='lat' dir='ltr'><strong>regis</strong></span> <span class='ocrx_word' id='word_1_338' title='bbox 2769 2092 3016 2158; x_wconf 78' lang='lat' dir='ltr'><strong>aptinm&#39;t.</strong></span> <span class='ocrx_word' id='word_1_339' title='bbox 3076 2093 3154 2147; x_wconf 76' lang='lat' dir='ltr'><strong>Eo</strong></span> <span class='ocrx_word' id='word_1_340' title='bbox 3193 2129 3213 2150; x_wconf 86' lang='lat'><strong><em>.</em></strong></span> <span class='ocrx_word' id='word_1_341' title='bbox 3256 2134 3273 2152; x_wconf 90' lang='lat'><strong>.</strong></span> <span class='ocrx_word' id='word_1_342' title='bbox 3315 2136 3330 2151; x_wconf 95' lang='lat'><strong>.</strong></span> <span class='ocrx_word' id='word_1_343' title='bbox 3374 2116 3390 2151; x_wconf 57' lang='grc' dir='ltr'>ε</span> <span class='ocrx_word' id='word_1_344' title='bbox 3438 2132 3456 2153; x_wconf 85' lang='grc'><strong>.</strong></span> 
     </span>
    </p>
   </div>
   <div class='ocr_carea' id='block_1_52' title="bbox 1869 2168 3454 2253">
    <p class='ocr_par' dir='ltr' id='par_1_52' title="bbox 1869 2168 3454 2253">
     <span class='ocr_line' id='line_1_52' title="bbox 1869 2168 3454 2253; baseline 0.015 -28"><span class='ocrx_word' id='word_1_345' title='bbox 1869 2168 2199 2238; x_wconf 77' lang='lat' dir='ltr'><strong>Nottlmson,</strong></span> <span class='ocrx_word' id='word_1_346' title='bbox 2231 2177 2425 2246; x_wconf 76' lang='lat' dir='ltr'><strong>juvene</strong></span> <span class='ocrx_word' id='word_1_347' title='bbox 2470 2198 2587 2251; x_wconf 79' lang='lat' dir='ltr'><strong>rege</strong></span> <span class='ocrx_word' id='word_1_348' title='bbox 2616 2187 2949 2253; x_wconf 60' lang='lat' dir='ltr'><strong>prouidente,</strong></span> <span class='ocrx_word' id='word_1_349' title='bbox 2982 2187 3282 2249; x_wconf 81' lang='lat' dir='ltr'><strong>Rat/tardus</strong></span> <span class='ocrx_word' id='word_1_350' title='bbox 3330 2192 3454 2249; x_wconf 73' lang='lat' dir='ltr'><strong>Mo-</strong></span> 
     </span>
    </p>
   </div>
   <div class='ocr_carea' id='block_1_53' title="bbox 1866 2264 3458 2343">
    <p class='ocr_par' dir='ltr' id='par_1_53' title="bbox 1866 2264 3458 2343">
     <span class='ocr_line' id='line_1_53' title="bbox 1866 2264 3458 2343; baseline 0.017 -31"><span class='ocrx_word' id='word_1_351' title='bbox 1866 2264 2113 2331; x_wconf 81' lang='lat' dir='ltr'><strong>gontiuus</strong></span> <span class='ocrx_word' id='word_1_352' title='bbox 2140 2269 2587 2342; x_wconf 74' lang='lat' dir='ltr'><strong>archiepiscopus,</strong></span> <span class='ocrx_word' id='word_1_353' title='bbox 2614 2284 2661 2328; x_wconf 84' lang='lat' dir='ltr'><strong>et</strong></span> <span class='ocrx_word' id='word_1_354' title='bbox 2691 2272 3019 2343; x_wconf 68' lang='lat' dir='ltr'><strong>Cive/turdus</strong></span> <span class='ocrx_word' id='word_1_355' title='bbox 3042 2279 3458 2339; x_wconf 83' lang='lat' dir='ltr'><strong>Constanticnsis</strong></span> 
     </span>
    </p>
   </div>
   <div class='ocr_carea' id='block_1_54' title="bbox 1866 2353 3456 2440">
    <p class='ocr_par' dir='ltr' id='par_1_54' title="bbox 1866 2353 3456 2440">
     <span class='ocr_line' id='line_1_54' title="bbox 1866 2353 3456 2440; baseline 0.016 -36"><span class='ocrx_word' id='word_1_356' title='bbox 1866 2353 2139 2423; x_wconf 82' lang='lat' dir='ltr'><strong>episcopus</strong></span> <span class='ocrx_word' id='word_1_357' title='bbox 2177 2375 2223 2410; x_wconf 87' lang='lat' dir='ltr'><strong>s.</strong></span> <span class='ocrx_word' id='word_1_358' title='bbox 2267 2395 2284 2411; x_wconf 91' lang='lat'><strong>.</strong></span> <span class='ocrx_word' id='word_1_359' title='bbox 2328 2399 2344 2413; x_wconf 94' lang='lat'><strong>.</strong></span> <span class='ocrx_word' id='word_1_360' title='bbox 2387 2398 2403 2416; x_wconf 89' lang='lat'><strong>.</strong></span> <span class='ocrx_word' id='word_1_361' title='bbox 2449 2398 2466 2415; x_wconf 89' lang='lat'><strong>.</strong></span> <span class='ocrx_word' id='word_1_362' title='bbox 2508 2400 2525 2417; x_wconf 93' lang='lat'><strong>.</strong></span> <span class='ocrx_word' id='word_1_363' title='bbox 2569 2400 2585 2417; x_wconf 91' lang='lat'><strong>.</strong></span> <span class='ocrx_word' id='word_1_364' title='bbox 2629 2403 2645 2418; x_wconf 92' lang='lat'><strong>.</strong></span> <span class='ocrx_word' id='word_1_365' title='bbox 2683 2367 2862 2420; x_wconf 76' lang='lat' dir='ltr'><strong>muitis</strong></span> <span class='ocrx_word' id='word_1_366' title='bbox 2909 2370 3153 2437; x_wconf 73' lang='lat' dir='ltr'><strong>capitulis</strong></span> <span class='ocrx_word' id='word_1_367' title='bbox 3202 2356 3456 2440; x_wconf 75' lang='lat' dir='ltr'><strong>recitatis,</strong></span> 
     </span>
    </p>
   </div>
   <div class='ocr_carea' id='block_1_55' title="bbox 1865 2449 3456 2521">
    <p class='ocr_par' dir='ltr' id='par_1_55' title="bbox 1865 2449 3456 2521">
     <span class='ocr_line' id='line_1_55' title="bbox 1865 2449 3456 2521; baseline 0.016 -25"><span class='ocrx_word' id='word_1_368' title='bbox 1865 2449 2199 2512; x_wconf 76' lang='lat' dir='ltr'><strong>symauincos</strong></span> <span class='ocrx_word' id='word_1_369' title='bbox 2251 2468 2284 2505; x_wconf 81' lang='grc' dir='ltr'><em>α</em></span> <span class='ocrx_word' id='word_1_370' title='bbox 2329 2465 2515 2509; x_wconf 84' lang='lat' dir='ltr'><strong>sancta</strong></span> <span class='ocrx_word' id='word_1_371' title='bbox 2552 2457 2789 2512; x_wconf 55' lang='lat' dir='ltr'><strong>atcclcsiu</strong></span> <span class='ocrx_word' id='word_1_372' title='bbox 2814 2458 3163 2518; x_wconf 82' lang='lat' dir='ltr'><strong>eliminandos</strong></span> <span class='ocrx_word' id='word_1_373' title='bbox 3189 2480 3301 2519; x_wconf 78' lang='lat' dir='ltr'><strong>esse</strong></span> <span class='ocrx_word' id='word_1_374' title='bbox 3329 2481 3456 2521; x_wconf 63' lang='lat' dir='ltr'><strong>ceno</strong></span> 
     </span>
    </p>
   </div>
   <div class='ocr_carea' id='block_1_56' title="bbox 1867 2538 3456 2620">
    <p class='ocr_par' dir='ltr' id='par_1_56' title="bbox 1867 2538 3456 2620">
     <span class='ocr_line' id='line_1_56' title="bbox 1867 2538 3456 2620; baseline 0.017 -33"><span class='ocrx_word' id='word_1_375' title='bbox 1867 2548 2110 2592; x_wconf 78' lang='lat' dir='ltr'><strong>suerunt.</strong></span> <span class='ocrx_word' id='word_1_376' title='bbox 2159 2538 2435 2610; x_wconf 82' lang='lat' dir='ltr'><strong>Jejuninm</strong></span> <span class='ocrx_word' id='word_1_377' title='bbox 2481 2558 2711 2617; x_wconf 80' lang='lat' dir='ltr'><strong>quatuor</strong></span> <span class='ocrx_word' id='word_1_378' title='bbox 2752 2560 3063 2620; x_wconf 78' lang='lat' dir='ltr'><strong>temporum.</strong></span> <span class='ocrx_word' id='word_1_379' title='bbox 3105 2594 3122 2610; x_wconf 92' lang='lat'><strong>.</strong></span> <span class='ocrx_word' id='word_1_380' title='bbox 3199 2592 3214 2608; x_wconf 93' lang='lat'><strong>.</strong></span> <span class='ocrx_word' id='word_1_381' title='bbox 3258 2591 3276 2610; x_wconf 90' lang='lat'><strong>.</strong></span> <span class='ocrx_word' id='word_1_382' title='bbox 3317 2593 3333 2610; x_wconf 90' lang='lat'><strong>.</strong></span> <span class='ocrx_word' id='word_1_383' title='bbox 3377 2594 3395 2613; x_wconf 90' lang='lat'><strong>.</strong></span> <span class='ocrx_word' id='word_1_384' title='bbox 3436 2592 3456 2613; x_wconf 83' lang='lat'><strong>.</strong></span> 
     </span>
    </p>
   </div>
   <div class='ocr_carea' id='block_1_57' title="bbox 1867 2640 3455 2716">
    <p class='ocr_par' dir='ltr' id='par_1_57' title="bbox 1867 2640 3455 2716">
     <span class='ocr_line' id='line_1_57' title="bbox 1867 2640 3455 2716; baseline 0.013 -34"><span class='ocrx_word' id='word_1_385' title='bbox 1867 2664 1886 2683; x_wconf 86' lang='lat'><strong>.</strong></span> <span class='ocrx_word' id='word_1_386' title='bbox 1926 2664 1942 2682; x_wconf 90' lang='lat'><strong>.</strong></span> <span class='ocrx_word' id='word_1_387' title='bbox 1986 2666 2003 2682; x_wconf 90' lang='lat'><strong>.</strong></span> <span class='ocrx_word' id='word_1_388' title='bbox 2046 2669 2062 2684; x_wconf 93' lang='lat'><strong>.</strong></span> <span class='ocrx_word' id='word_1_389' title='bbox 2105 2668 2183 2687; x_wconf 83' lang='lat'><strong>...</strong></span> <span class='ocrx_word' id='word_1_390' title='bbox 2228 2671 2244 2687; x_wconf 92' lang='lat'><strong>.</strong></span> <span class='ocrx_word' id='word_1_391' title='bbox 2286 2672 2301 2688; x_wconf 93' lang='lat'><strong>.</strong></span> <span class='ocrx_word' id='word_1_392' title='bbox 2346 2671 2361 2688; x_wconf 95' lang='lat'><strong>.</strong></span> <span class='ocrx_word' id='word_1_393' title='bbox 2404 2674 2418 2689; x_wconf 94' lang='lat'><strong>.</strong></span> <span class='ocrx_word' id='word_1_394' title='bbox 2462 2676 2477 2690; x_wconf 91' lang='lat'><strong>.</strong></span> <span class='ocrx_word' id='word_1_395' title='bbox 2523 2675 2539 2690; x_wconf 93' lang='lat'><strong>.</strong></span> <span class='ocrx_word' id='word_1_396' title='bbox 2582 2678 2596 2692; x_wconf 95' lang='lat'><strong>.</strong></span> <span class='ocrx_word' id='word_1_397' title='bbox 2642 2677 2657 2692; x_wconf 94' lang='lat'><strong>.</strong></span> <span class='ocrx_word' id='word_1_398' title='bbox 2709 2640 2908 2695; x_wconf 87' lang='lat' dir='ltr'><strong>Statim</strong></span> <span class='ocrx_word' id='word_1_399' title='bbox 2945 2652 3065 2712; x_wconf 88' lang='lat' dir='ltr'><strong>post</strong></span> <span class='ocrx_word' id='word_1_400' title='bbox 3107 2645 3455 2716; x_wconf 85' lang='lat' dir='ltr'><strong>cpiphaniatn</strong></span> 
     </span>
    </p>
   </div>
   <div class='ocr_carea' id='block_1_58' title="bbox 1865 2717 3460 2800">
    <p class='ocr_par' dir='ltr' id='par_1_58' title="bbox 1865 2717 3460 2800">
     <span class='ocr_line' id='line_1_58' title="bbox 1865 2717 3460 2800; baseline 0.018 -29"><span class='ocrx_word' id='word_1_401' title='bbox 1865 2717 2077 2785; x_wconf 69' lang='lat' dir='ltr'><strong>legatos</strong></span> <span class='ocrx_word' id='word_1_402' title='bbox 2120 2721 2322 2785; x_wconf 76' lang='lat' dir='ltr'><strong>direxit</strong></span> <span class='ocrx_word' id='word_1_403' title='bbox 2354 2726 2505 2795; x_wconf 83' lang='lat'><strong>(599)</strong></span> <span class='ocrx_word' id='word_1_404' title='bbox 2545 2728 2871 2797; x_wconf 73' lang='lat' dir='ltr'><strong>Batvariam,</strong></span> <span class='ocrx_word' id='word_1_405' title='bbox 2901 2736 3276 2794; x_wconf 80' lang='lat' dir='ltr'><strong>Coloniensem</strong></span> <span class='ocrx_word' id='word_1_406' title='bbox 3310 2742 3460 2800; x_wconf 75' lang='lat' dir='ltr'><strong>vide-</strong></span> 
     </span>
    </p>
   </div>
   <div class='ocr_carea' id='block_1_59' title="bbox 1865 2808 3460 2895">
    <p class='ocr_par' dir='ltr' id='par_1_59' title="bbox 1865 2808 3460 2895">
     <span class='ocr_line' id='line_1_59' title="bbox 1865 2808 3460 2895; baseline 0.019 -34"><span class='ocrx_word' id='word_1_407' title='bbox 1865 2808 1992 2865; x_wconf 79' lang='lat' dir='ltr'><strong>licet</strong></span> <span class='ocrx_word' id='word_1_408' title='bbox 2019 2821 2075 2866; x_wconf 80' lang='grc' dir='ltr'>«ι</span> <span class='ocrx_word' id='word_1_409' title='bbox 2102 2814 2491 2874; x_wconf 80' lang='lat' dir='ltr'><strong>Treverensem</strong></span> <span class='ocrx_word' id='word_1_410' title='bbox 2522 2823 2988 2895; x_wconf 87' lang='lat' dir='ltr'><strong>archiepiscopos,</strong></span> <span class='ocrx_word' id='word_1_411' title='bbox 3018 2836 3076 2884; x_wconf 87' lang='lat' dir='ltr'><strong>et</strong></span> <span class='ocrx_word' id='word_1_412' title='bbox 3113 2831 3304 2887; x_wconf 83' lang='lat' dir='ltr'><strong>ducent</strong></span> <span class='ocrx_word' id='word_1_413' title='bbox 3336 2833 3460 2891; x_wconf 77' lang='lat' dir='ltr'><strong>Fri-</strong></span> 
     </span>
    </p>
   </div>
   <div class='ocr_carea' id='block_1_60' title="bbox 1866 2898 3460 2990">
    <p class='ocr_par' dir='ltr' id='par_1_60' title="bbox 1866 2898 3460 2990">
     <span class='ocr_line' id='line_1_60' title="bbox 1866 2898 3460 2990; baseline 0.019 -38"><span class='ocrx_word' id='word_1_414' title='bbox 1866 2898 2135 2969; x_wconf 83' lang='lat' dir='ltr'><strong>derietnu,</strong></span> <span class='ocrx_word' id='word_1_415' title='bbox 2174 2912 2233 2960; x_wconf 84' lang='lat' dir='ltr'><strong>et.</strong></span> <span class='ocrx_word' id='word_1_416' title='bbox 2279 2906 2540 2965; x_wconf 79' lang='lat' dir='ltr'><strong>Erlolfum</strong></span> <span class='ocrx_word' id='word_1_417' title='bbox 2579 2914 3000 2979; x_wconf 86' lang='lat' dir='ltr'><strong>cancellarinm.</strong></span> <span class='ocrx_word' id='word_1_418' title='bbox 3045 2920 3090 2974; x_wconf 89' lang='lat' dir='ltr'><strong>si</strong></span> <span class='ocrx_word' id='word_1_419' title='bbox 3132 2936 3243 2990; x_wconf 90' lang='lat' dir='ltr'><strong>quo</strong></span> <span class='ocrx_word' id='word_1_420' title='bbox 3296 2926 3460 2982; x_wconf 88' lang='lat' dir='ltr'><strong>modo</strong></span> 
     </span>
    </p>
   </div>
   <div class='ocr_carea' id='block_1_61' title="bbox 1866 2995 3458 3085">
    <p class='ocr_par' dir='ltr' id='par_1_61' title="bbox 1866 2995 3458 3085">
     <span class='ocr_line' id='line_1_61' title="bbox 1866 2995 3458 3085; baseline 0.017 -39"><span class='ocrx_word' id='word_1_421' title='bbox 1866 3007 2090 3063; x_wconf 85' lang='lat' dir='ltr'><strong>possent</strong></span> <span class='ocrx_word' id='word_1_422' title='bbox 2140 3002 2498 3059; x_wconf 87' lang='lat' dir='ltr'><strong>reconciliare</strong></span> <span class='ocrx_word' id='word_1_423' title='bbox 2545 3005 2709 3083; x_wconf 58' lang='lat' dir='ltr'><strong>eunt;~</strong></span> <span class='ocrx_word' id='word_1_424' title='bbox 2740 3007 2906 3064; x_wconf 79' lang='lat' dir='ltr'><strong>Filius</strong></span> <span class='ocrx_word' id='word_1_425' title='bbox 2941 3026 3070 3067; x_wconf 85' lang='lat' dir='ltr'><strong>vero</strong></span> <span class='ocrx_word' id='word_1_426' title='bbox 3099 2995 3458 3085; x_wconf 78' lang='lat' dir='ltr'><strong>respondens,</strong></span> 
     </span>
    </p>
   </div>
   <div class='ocr_carea' id='block_1_62' title="bbox 1867 3086 3455 3174">
    <p class='ocr_par' dir='ltr' id='par_1_62' title="bbox 1867 3086 3455 3174">
     <span class='ocr_line' id='line_1_62' title="bbox 1867 3086 3455 3174; baseline 0.019 -37"><span class='ocrx_word' id='word_1_427' title='bbox 1867 3086 2090 3152; x_wconf 74' lang='lat' dir='ltr'><strong>fatetur,</strong></span> <span class='ocrx_word' id='word_1_428' title='bbox 2121 3091 2263 3144; x_wconf 77' lang='lat' dir='ltr'><strong>trulla</strong></span> <span class='ocrx_word' id='word_1_429' title='bbox 2295 3094 2507 3149; x_wconf 83' lang='lat' dir='ltr'><strong>ratione</strong></span> <span class='ocrx_word' id='word_1_430' title='bbox 2553 3097 2601 3150; x_wconf 89' lang='lat' dir='ltr'><strong>ei</strong></span> <span class='ocrx_word' id='word_1_431' title='bbox 2650 3101 3059 3158; x_wconf 78' lang='lat' dir='ltr'><strong>communicare</strong></span> <span class='ocrx_word' id='word_1_432' title='bbox 3111 3102 3455 3174; x_wconf 40' lang='lat' dir='ltr'><strong>posse,&#39;tnsi</strong></span> 
     </span>
    </p>
   </div>
   <div class='ocr_carea' id='block_1_63' title="bbox 174 3157 3458 3267">
    <p class='ocr_par' dir='ltr' id='par_1_63' title="bbox 174 3157 3458 3267">
     <span class='ocr_line' id='line_1_63' title="bbox 174 3157 3458 3267; baseline 0.009 -55"><span class='ocrx_word' id='word_1_433' title='bbox 174 3157 343 3223; x_wconf 84' lang='lat' dir='ltr'><strong>lilius,</strong></span> <span class='ocrx_word' id='word_1_434' title='bbox 375 3160 667 3230; x_wconf 85' lang='lat' dir='ltr'><strong>cpiscopus</strong></span> <span class='ocrx_word' id='word_1_435' title='bbox 698 3162 772 3216; x_wconf 88' lang='lat' dir='ltr'><strong>ibi</strong></span> <span class='ocrx_word' id='word_1_436' title='bbox 824 3164 1262 3219; x_wconf 86' lang='lat' dir='ltr'><strong>constituendus.</strong></span> <span class='ocrx_word' id='word_1_437' title='bbox 1304 3166 1550 3236; x_wconf 83' lang='lat' dir='ltr'><strong>Cumque</strong></span> <span class='ocrx_word' id='word_1_438' title='bbox 1597 3167 1760 3221; x_wconf 85' lang='lat' dir='ltr'><strong>simul</strong></span> <span class='ocrx_word' id='word_1_439' title='bbox 1790 3176 1834 3237; x_wconf 84' lang='lat' dir='ltr'><strong>C</strong></span> <span class='ocrx_word' id='word_1_440' title='bbox 1867 3179 2020 3246; x_wconf 82' lang='lat' dir='ltr'><strong>prius</strong></span> <span class='ocrx_word' id='word_1_441' title='bbox 2059 3194 2383 3252; x_wconf 79' lang='lat' dir='ltr'><strong>purgaretnr</strong></span> <span class='ocrx_word' id='word_1_442' title='bbox 2411 3190 2996 3247; x_wconf 78' lang='lat' dir='ltr'><strong>excmmnunicationis</strong></span> <span class='ocrx_word' id='word_1_443' title='bbox 3025 3157 3197 3259; x_wconf 60' lang='lat'><strong>1.0;“,</strong></span> <span class='ocrx_word' id='word_1_444' title='bbox 3227 3157 3332 3267; x_wconf 48' lang='lat' dir='ltr'><strong>quia</strong></span> <span class='ocrx_word' id='word_1_445' title='bbox 3364 3198 3458 3254; x_wconf 75' lang='lat' dir='ltr'><strong>diu</strong></span> 
     </span>
    </p>
   </div>
   <div class='ocr_carea' id='block_1_64' title="bbox 173 3251 1762 3325">
    <p class='ocr_par' dir='ltr' id='par_1_64' title="bbox 173 3251 1762 3325">
     <span class='ocr_line' id='line_1_64' title="bbox 173 3251 1762 3325; baseline 0.006 -22"><span class='ocrx_word' id='word_1_446' title='bbox 173 3251 227 3303; x_wconf 87' lang='lat' dir='ltr'><strong>itt</strong></span> <span class='ocrx_word' id='word_1_447' title='bbox 258 3251 343 3303; x_wconf 86' lang='lat' dir='ltr'><strong>via</strong></span> <span class='ocrx_word' id='word_1_448' title='bbox 368 3262 557 3306; x_wconf 81' lang='lat' dir='ltr'><strong>essent</strong></span> <span class='ocrx_word' id='word_1_449' title='bbox 584 3253 798 3318; x_wconf 84' lang='lat' dir='ltr'><strong>directi,</strong></span> <span class='ocrx_word' id='word_1_450' title='bbox 825 3254 924 3323; x_wconf 84' lang='lat' dir='ltr'><strong>ipsi</strong></span> <span class='ocrx_word' id='word_1_451' title='bbox 962 3270 1168 3325; x_wconf 82' lang='lat' dir='ltr'><strong>suaque</strong></span> <span class='ocrx_word' id='word_1_452' title='bbox 1190 3258 1372 3311; x_wconf 87' lang='lat' dir='ltr'><strong>otnnia</strong></span> <span class='ocrx_word' id='word_1_453' title='bbox 1403 3274 1432 3310; x_wconf 88' lang='lat' dir='ltr'><strong>a</strong></span> <span class='ocrx_word' id='word_1_454' title='bbox 1462 3258 1762 3312; x_wconf 84' lang='lat' dir='ltr'><strong>Teodorico</strong></span> 
     </span>
    </p>
   </div>
   <div class='ocr_carea' id='block_1_65' title="bbox 173 3343 1761 3418">
    <p class='ocr_par' dir='ltr' id='par_1_65' title="bbox 173 3343 1761 3418">
     <span class='ocr_line' id='line_1_65' title="bbox 173 3343 1761 3418; baseline 0.005 -21"><span class='ocrx_word' id='word_1_455' title='bbox 173 3344 372 3398; x_wconf 81' lang='lat' dir='ltr'><strong>comite</strong></span> <span class='ocrx_word' id='word_1_456' title='bbox 420 3344 488 3397; x_wconf 90' lang='lat' dir='ltr'><strong>de</strong></span> <span class='ocrx_word' id='word_1_457' title='bbox 537 3343 773 3399; x_wconf 76' lang='lat' dir='ltr'><strong>Saxonia</strong></span> <span class='ocrx_word' id='word_1_458' title='bbox 823 3355 949 3401; x_wconf 87' lang='lat' dir='ltr'><strong>sunt</strong></span> <span class='ocrx_word' id='word_1_459' title='bbox 988 3350 1304 3418; x_wconf 73' lang='lat' dir='ltr'><strong>captivitate</strong></span> <span class='ocrx_word' id='word_1_460' title='bbox 1351 3350 1575 3415; x_wconf 77' lang='lat' dir='ltr'><strong>detenti,</strong></span> <span class='ocrx_word' id='word_1_461' title='bbox 1610 3362 1663 3404; x_wconf 90' lang='lat' dir='ltr'><strong>ct</strong></span> <span class='ocrx_word' id='word_1_462' title='bbox 1694 3365 1761 3406; x_wconf 90' lang='lat' dir='ltr'><strong>ue</strong></span> 
     </span>
    </p>
   </div>
   <div class='ocr_carea' id='block_1_66' title="bbox 173 3434 1760 3509">
    <p class='ocr_par' dir='ltr' id='par_1_66' title="bbox 173 3434 1760 3509">
     <span class='ocr_line' id='line_1_66' title="bbox 173 3434 1760 3509; baseline 0.007 -22"><span class='ocrx_word' id='word_1_463' title='bbox 173 3434 239 3487; x_wconf 82' lang='lat' dir='ltr'><strong>ad</strong></span> <span class='ocrx_word' id='word_1_464' title='bbox 289 3435 499 3489; x_wconf 87' lang='lat' dir='ltr'><strong>cnriant</strong></span> <span class='ocrx_word' id='word_1_465' title='bbox 545 3438 890 3506; x_wconf 82' lang='lat' dir='ltr'><strong>pervenirent</strong></span> <span class='ocrx_word' id='word_1_466' title='bbox 939 3440 1207 3509; x_wconf 74' lang='lat' dir='ltr'><strong>impediti.</strong></span> <span class='ocrx_word' id='word_1_467' title='bbox 1256 3440 1410 3495; x_wconf 84' lang='lat' dir='ltr'><strong>Talia</strong></span> <span class='ocrx_word' id='word_1_468' title='bbox 1463 3452 1643 3497; x_wconf 89' lang='lat' dir='ltr'><strong>autem</strong></span> <span class='ocrx_word' id='word_1_469' title='bbox 1691 3443 1760 3498; x_wconf 87' lang='lat' dir='ltr'><strong>ab</strong></span> 
     </span>
    </p>
   </div>
   <div class='ocr_carea' id='block_1_67' title="bbox 172 3532 1757 3602">
    <p class='ocr_par' dir='ltr' id='par_1_67' title="bbox 172 3532 1757 3602">
     <span class='ocr_line' id='line_1_67' title="bbox 172 3532 1757 3602; baseline 0.007 -25"><span class='ocrx_word' id='word_1_470' title='bbox 172 3539 505 3593; x_wconf 76' lang='lat' dir='ltr'><strong>imperatore</strong></span> <span class='ocrx_word' id='word_1_471' title='bbox 571 3540 879 3597; x_wconf 86' lang='lat' dir='ltr'><strong>comperta,</strong></span> <span class='ocrx_word' id='word_1_472' title='bbox 958 3532 1123 3587; x_wconf 82' lang='lat' dir='ltr'><strong>nimis</strong></span> <span class='ocrx_word' id='word_1_473' title='bbox 1194 3532 1535 3602; x_wconf 82' lang='lat' dir='ltr'><strong>indignatus,</strong></span> <span class='ocrx_word' id='word_1_474' title='bbox 1611 3532 1757 3588; x_wconf 89' lang='lat' dir='ltr'><strong>circa</strong></span> 
     </span>
    </p>
   </div>
   <div class='ocr_carea' id='block_1_68' title="bbox 171 3613 1758 3692">
    <p class='ocr_par' dir='ltr' id='par_1_68' title="bbox 171 3613 1758 3692">
     <span class='ocr_line' id='line_1_68' title="bbox 171 3613 1758 3692; baseline 0.007 -25"><span class='ocrx_word' id='word_1_475' title='bbox 171 3613 366 3668; x_wconf 75' lang='lat' dir='ltr'><strong>festino</strong></span> <span class='ocrx_word' id='word_1_476' title='bbox 394 3620 569 3670; x_wconf 89' lang='lat' dir='ltr'><strong>sancti</strong></span> <span class='ocrx_word' id='word_1_477' title='bbox 617 3617 849 3673; x_wconf 67' lang='lat' dir='ltr'><strong>Andrem</strong></span> <span class='ocrx_word' id='word_1_478' title='bbox 884 3633 1216 3692; x_wconf 78' lang='lat' dir='ltr'><strong>congregato</strong></span> <span class='ocrx_word' id='word_1_479' title='bbox 1266 3624 1511 3679; x_wconf 71' lang='lat' dir='ltr'><strong>exercitu</strong></span> <span class='ocrx_word' id='word_1_480' title='bbox 1559 3632 1616 3676; x_wconf 92' lang='lat' dir='ltr'><strong>et</strong></span> <span class='ocrx_word' id='word_1_481' title='bbox 1648 3624 1758 3678; x_wconf 86' lang='lat' dir='ltr'><strong>lilio</strong></span> 
     </span>
    </p>
   </div>
   <div class='ocr_carea' id='block_1_69' title="bbox 170 3710 1759 3783">
    <p class='ocr_par' dir='ltr' id='par_1_69' title="bbox 170 3710 1759 3783">
     <span class='ocr_line' id='line_1_69' title="bbox 170 3710 1759 3783; baseline 0.006 -22"><span class='ocrx_word' id='word_1_482' title='bbox 170 3720 270 3761; x_wconf 78' lang='lat' dir='ltr'><strong>suo</strong></span> <span class='ocrx_word' id='word_1_483' title='bbox 302 3710 625 3774; x_wconf 87' lang='lat' dir='ltr'><strong>comitante,</strong></span> <span class='ocrx_word' id='word_1_484' title='bbox 658 3712 802 3765; x_wconf 80' lang='lat' dir='ltr'><strong>venit</strong></span> <span class='ocrx_word' id='word_1_485' title='bbox 830 3729 1000 3783; x_wconf 89' lang='lat' dir='ltr'><strong>usque</strong></span> <span class='ocrx_word' id='word_1_486' title='bbox 1024 3714 1323 3769; x_wconf 83' lang='lat' dir='ltr'><strong>Fridislare</strong></span> <span class='ocrx_word' id='word_1_487' title='bbox 1349 3733 1365 3780; x_wconf 88' lang='lat'><strong>;</strong></span> <span class='ocrx_word' id='word_1_488' title='bbox 1402 3732 1527 3770; x_wconf 92' lang='lat' dir='ltr'><strong>nam</strong></span> <span class='ocrx_word' id='word_1_489' title='bbox 1558 3715 1759 3770; x_wconf 86' lang='lat' dir='ltr'><strong>abinde</strong></span> 
     </span>
    </p>
   </div>
   <div class='ocr_carea' id='block_1_70' title="bbox 170 3797 1756 3877">
    <p class='ocr_par' dir='ltr' id='par_1_70' title="bbox 170 3797 1756 3877">
     <span class='ocr_line' id='line_1_70' title="bbox 170 3797 1756 3877; baseline 0.006 -26"><span class='ocrx_word' id='word_1_490' title='bbox 170 3797 356 3853; x_wconf 83' lang='lat' dir='ltr'><strong>debuit</strong></span> <span class='ocrx_word' id='word_1_491' title='bbox 401 3800 455 3853; x_wconf 92' lang='lat' dir='ltr'><strong>in</strong></span> <span class='ocrx_word' id='word_1_492' title='bbox 507 3800 807 3855; x_wconf 74' lang='lat' dir='ltr'><strong>Saxoniam</strong></span> <span class='ocrx_word' id='word_1_493' title='bbox 868 3819 1115 3874; x_wconf 67' lang='lat' dir='ltr'><strong>pergere.</strong></span> <span class='ocrx_word' id='word_1_494' title='bbox 1176 3805 1252 3861; x_wconf 87' lang='lat' dir='ltr'><strong>lbi</strong></span> <span class='ocrx_word' id='word_1_495' title='bbox 1312 3817 1472 3862; x_wconf 89' lang='lat' dir='ltr'><strong>nocte</strong></span> <span class='ocrx_word' id='word_1_496' title='bbox 1523 3808 1756 3877; x_wconf 79' lang='lat' dir='ltr'><strong>quadam</strong></span> 
     </span>
    </p>
   </div>
   <div class='ocr_carea' id='block_1_71' title="bbox 168 3883 1760 3967">
    <p class='ocr_par' dir='ltr' id='par_1_71' title="bbox 168 3883 1760 3967">
     <span class='ocr_line' id='line_1_71' title="bbox 168 3883 1760 3967; baseline 0.007 -23"><span class='ocrx_word' id='word_1_497' title='bbox 168 3890 311 3946; x_wconf 79' lang='lat' dir='ltr'><strong>ﬁlius</strong></span> <span class='ocrx_word' id='word_1_498' title='bbox 340 3894 606 3962; x_wconf 86' lang='lat' dir='ltr'><strong>quosdam</strong></span> <span class='ocrx_word' id='word_1_499' title='bbox 624 3883 702 3967; x_wconf 81' lang='lat' dir='ltr'><strong>de</strong></span> <span class='ocrx_word' id='word_1_500' title='bbox 727 3896 898 3963; x_wconf 91' lang='lat' dir='ltr'><strong>patris</strong></span> <span class='ocrx_word' id='word_1_501' title='bbox 938 3897 1019 3950; x_wconf 89' lang='lat' dir='ltr'><strong>sui</strong></span> <span class='ocrx_word' id='word_1_502' title='bbox 1050 3897 1441 3959; x_wconf 85' lang='lat' dir='ltr'><strong>l&#39;atuiliarihus.</strong></span> <span class='ocrx_word' id='word_1_503' title='bbox 1472 3897 1760 3954; x_wconf 70' lang='lat' dir='ltr'><strong>lleriman-</strong></span> 
     </span>
    </p>
   </div>
   <div class='ocr_carea' id='block_1_72' title="bbox 167 3984 1757 4058">
    <p class='ocr_par' dir='ltr' id='par_1_72' title="bbox 167 3984 1757 4058">
     <span class='ocr_line' id='line_1_72' title="bbox 167 3984 1757 4058; baseline 0.007 -23"><span class='ocrx_word' id='word_1_504' title='bbox 167 3995 298 4036; x_wconf 88' lang='lat' dir='ltr'><strong>num</strong></span> <span class='ocrx_word' id='word_1_505' title='bbox 341 3984 557 4039; x_wconf 86' lang='lat' dir='ltr'><strong>scilicet</strong></span> <span class='ocrx_word' id='word_1_506' title='bbox 599 3994 654 4039; x_wconf 91' lang='lat' dir='ltr'><strong>et</strong></span> <span class='ocrx_word' id='word_1_507' title='bbox 688 3985 822 4040; x_wconf 83' lang='lat' dir='ltr'><strong>alios</strong></span> <span class='ocrx_word' id='word_1_508' title='bbox 850 4002 1156 4051; x_wconf 84' lang='lat' dir='ltr'><strong>assumens,</strong></span> <span class='ocrx_word' id='word_1_509' title='bbox 1186 3989 1329 4058; x_wconf 87' lang='lat' dir='ltr'><strong>quod</strong></span> <span class='ocrx_word' id='word_1_510' title='bbox 1362 3998 1447 4044; x_wconf 83' lang='lat' dir='ltr'><strong>est</strong></span> <span class='ocrx_word' id='word_1_511' title='bbox 1476 3990 1512 4043; x_wconf 70' lang='grc'>2</span> <span class='ocrx_word' id='word_1_512' title='bbox 1538 3990 1618 4044; x_wconf 58' lang='grc' dir='ltr'>ιιι.</span> <span class='ocrx_word' id='word_1_513' title='bbox 1654 3991 1757 4046; x_wconf 78' lang='lat' dir='ltr'><strong>lle—</strong></span> 
     </span>
    </p>
   </div>
   <div class='ocr_carea' id='block_1_73' title="bbox 165 4075 1751 4149">
    <p class='ocr_par' dir='ltr' id='par_1_73' title="bbox 165 4075 1751 4149">
     <span class='ocr_line' id='line_1_73' title="bbox 165 4075 1751 4149; baseline 0.006 -23"><span class='ocrx_word' id='word_1_514' title='bbox 165 4075 372 4127; x_wconf 88' lang='lat' dir='ltr'><strong>ccmbr.</strong></span> <span class='ocrx_word' id='word_1_515' title='bbox 404 4077 548 4128; x_wconf 88' lang='lat' dir='ltr'><strong>clam</strong></span> <span class='ocrx_word' id='word_1_516' title='bbox 579 4077 874 4141; x_wconf 88' lang='lat' dir='ltr'><strong>abscessit,</strong></span> <span class='ocrx_word' id='word_1_517' title='bbox 908 4086 962 4132; x_wconf 88' lang='lat' dir='ltr'><strong>et</strong></span> <span class='ocrx_word' id='word_1_518' title='bbox 992 4077 1297 4147; x_wconf 84' lang='lat' dir='ltr'><strong>Bajoariant</strong></span> <span class='ocrx_word' id='word_1_519' title='bbox 1330 4078 1410 4135; x_wconf 88' lang='lat' dir='ltr'><strong>ire</strong></span> <span class='ocrx_word' id='word_1_520' title='bbox 1445 4082 1751 4149; x_wconf 82' lang='lat' dir='ltr'><strong>contendit.</strong></span> 
     </span>
    </p>
   </div>
   <div class='ocr_carea' id='block_1_74' title="bbox 166 4168 1756 4244">
    <p class='ocr_par' dir='ltr' id='par_1_74' title="bbox 166 4168 1756 4244">
     <span class='ocr_line' id='line_1_74' title="bbox 166 4168 1756 4244; baseline 0.005 -21"><span class='ocrx_word' id='word_1_521' title='bbox 166 4168 459 4238; x_wconf 84' lang='lat' dir='ltr'><strong>Comperto</strong></span> <span class='ocrx_word' id='word_1_522' title='bbox 497 4170 668 4241; x_wconf 70' lang='lat' dir='ltr'><strong>igitur</strong></span> <span class='ocrx_word' id='word_1_523' title='bbox 712 4170 944 4227; x_wconf 86' lang='lat' dir='ltr'><strong>discidio</strong></span> <span class='ocrx_word' id='word_1_524' title='bbox 994 4172 1087 4227; x_wconf 85' lang='lat' dir='ltr'><strong>lilii</strong></span> <span class='ocrx_word' id='word_1_525' title='bbox 1131 4190 1162 4227; x_wconf 70' lang='grc' dir='ltr'><strong>ιι</strong></span> <span class='ocrx_word' id='word_1_526' title='bbox 1197 4185 1349 4243; x_wconf 87' lang='lat' dir='ltr'><strong>patre</strong></span> <span class='ocrx_word' id='word_1_527' title='bbox 1385 4190 1415 4227; x_wconf 91' lang='lat' dir='ltr'><strong>a</strong></span> <span class='ocrx_word' id='word_1_528' title='bbox 1459 4174 1756 4244; x_wconf 74' lang='lat' dir='ltr'><strong>Thiepaldo</strong></span> 
     </span>
    </p>
   </div>
   <div class='ocr_carea' id='block_1_75' title="bbox 168 4252 1755 4337">
    <p class='ocr_par' dir='ltr' id='par_1_75' title="bbox 168 4252 1755 4337">
     <span class='ocr_line' id='line_1_75' title="bbox 168 4252 1755 4337; baseline 0.007 -25"><span class='ocrx_word' id='word_1_529' title='bbox 168 4263 521 4325; x_wconf 78' lang='lat' dir='ltr'><strong>niareliione,</strong></span> <span class='ocrx_word' id='word_1_530' title='bbox 565 4277 730 4333; x_wconf 87' lang='lat' dir='ltr'><strong>supra</strong></span> <span class='ocrx_word' id='word_1_531' title='bbox 774 4263 1047 4331; x_wconf 87' lang='lat' dir='ltr'><strong>nominati</strong></span> <span class='ocrx_word' id='word_1_532' title='bbox 1085 4265 1305 4333; x_wconf 85' lang='lat' dir='ltr'><strong>comitis</strong></span> <span class='ocrx_word' id='word_1_533' title='bbox 1338 4252 1625 4337; x_wconf 36' lang='lat' dir='ltr'><strong>,Sigchar..i</strong></span> <span class='ocrx_word' id='word_1_534' title='bbox 1659 4284 1755 4323; x_wconf 87' lang='lat' dir='ltr'><strong>ne-</strong></span> 
     </span>
    </p>
   </div>
   <div class='ocr_carea' id='block_1_76' title="bbox 165 4352 1756 4428">
    <p class='ocr_par' dir='ltr' id='par_1_76' title="bbox 165 4352 1756 4428">
     <span class='ocr_line' id='line_1_76' title="bbox 165 4352 1756 4428; baseline 0.006 -26"><span class='ocrx_word' id='word_1_535' title='bbox 165 4364 311 4419; x_wconf 82' lang='lat' dir='ltr'><strong>pote,</strong></span> <span class='ocrx_word' id='word_1_536' title='bbox 340 4352 589 4425; x_wconf 77' lang='lat' dir='ltr'><strong>gaudens</strong></span> <span class='ocrx_word' id='word_1_537' title='bbox 628 4369 755 4407; x_wconf 88' lang='lat' dir='ltr'><strong>cum</strong></span> <span class='ocrx_word' id='word_1_538' title='bbox 784 4355 998 4409; x_wconf 79' lang='lat' dir='ltr'><strong>cunctis</strong></span> <span class='ocrx_word' id='word_1_539' title='bbox 1047 4355 1284 4425; x_wconf 73' lang='lat' dir='ltr'><strong>regionis</strong></span> <span class='ocrx_word' id='word_1_540' title='bbox 1321 4355 1464 4413; x_wconf 83' lang='lat' dir='ltr'><strong>illius</strong></span> <span class='ocrx_word' id='word_1_541' title='bbox 1508 4358 1756 4428; x_wconf 84' lang='lat' dir='ltr'><strong>primati-</strong></span> 
     </span>
    </p>
   </div>
   <div class='ocr_carea' id='block_1_77' title="bbox 163 4441 1756 4521">
    <p class='ocr_par' dir='ltr' id='par_1_77' title="bbox 163 4441 1756 4521">
     <span class='ocr_line' id='line_1_77' title="bbox 163 4441 1756 4521; baseline 0.006 -25"><span class='ocrx_word' id='word_1_542' title='bbox 163 4441 263 4497; x_wconf 83' lang='lat' dir='ltr'><strong>bus</strong></span> <span class='ocrx_word' id='word_1_543' title='bbox 286 4445 505 4498; x_wconf 53' lang='lat' dir='ltr'><strong>obviam</strong></span> <span class='ocrx_word' id='word_1_544' title='bbox 538 4445 707 4511; x_wconf 86' lang='lat' dir='ltr'><strong>venit,</strong></span> <span class='ocrx_word' id='word_1_545' title='bbox 734 4455 792 4503; x_wconf 87' lang='lat' dir='ltr'><strong>et</strong></span> <span class='ocrx_word' id='word_1_546' title='bbox 818 4447 1122 4515; x_wconf 78' lang='lat' dir='ltr'><strong>honoriﬁce</strong></span> <span class='ocrx_word' id='word_1_547' title='bbox 1168 4451 1432 4520; x_wconf 78' lang='lat' dir='ltr'><strong>suscepit,</strong></span> <span class='ocrx_word' id='word_1_548' title='bbox 1462 4453 1756 4521; x_wconf 81' lang='lat' dir='ltr'><strong>Optimum-</strong></span> 
     </span>
    </p>
   </div>
   <div class='ocr_carea' id='block_1_78' title="bbox 1870 3271 3458 3347">
    <p class='ocr_par' dir='ltr' id='par_1_78' title="bbox 1870 3271 3458 3347">
     <span class='ocr_line' id='line_1_78' title="bbox 1870 3271 3458 3347; baseline 0.014 -24"><span class='ocrx_word' id='word_1_549' title='bbox 1870 3271 2157 3325; x_wconf 89' lang='lat' dir='ltr'><strong>tencbatur</strong></span> <span class='ocrx_word' id='word_1_550' title='bbox 2196 3274 2342 3328; x_wconf 72' lang='lat' dir='ltr'><strong>sedis</strong></span> <span class='ocrx_word' id='word_1_551' title='bbox 2386 3278 2699 3347; x_wconf 71' lang='lat' dir='ltr'><strong>apostolicae</strong></span> <span class='ocrx_word' id='word_1_552' title='bbox 2750 3296 3004 3339; x_wconf 90' lang='lat' dir='ltr'><strong>censura.</strong></span> <span class='ocrx_word' id='word_1_553' title='bbox 3055 3283 3281 3343; x_wconf 75' lang='lat' dir='ltr'><strong>Nunciis</strong></span> <span class='ocrx_word' id='word_1_554' title='bbox 3326 3304 3458 3346; x_wconf 85' lang='lat' dir='ltr'><strong>vero</strong></span> 
     </span>
    </p>
   </div>
   <div class='ocr_carea' id='block_1_79' title="bbox 1869 3368 3459 3440">
    <p class='ocr_par' dir='ltr' id='par_1_79' title="bbox 1869 3368 3459 3440">
     <span class='ocr_line' id='line_1_79' title="bbox 1869 3368 3459 3440; baseline 0.012 -19"><span class='ocrx_word' id='word_1_555' title='bbox 1869 3368 2126 3433; x_wconf 80' lang='lat' dir='ltr'><strong>reversis,</strong></span> <span class='ocrx_word' id='word_1_556' title='bbox 2165 3370 2271 3425; x_wconf 88' lang='lat' dir='ltr'><strong>iter</strong></span> <span class='ocrx_word' id='word_1_557' title='bbox 2291 3387 2448 3427; x_wconf 87' lang='lat' dir='ltr'><strong>suum</strong></span> <span class='ocrx_word' id='word_1_558' title='bbox 2481 3376 2649 3430; x_wconf 89' lang='lat' dir='ltr'><strong>multa</strong></span> <span class='ocrx_word' id='word_1_559' title='bbox 2681 3379 2977 3434; x_wconf 88' lang='lat' dir='ltr'><strong>cmnitanle</strong></span> <span class='ocrx_word' id='word_1_560' title='bbox 3003 3390 3224 3437; x_wconf 84' lang='lat' dir='ltr'><strong>caterva</strong></span> <span class='ocrx_word' id='word_1_561' title='bbox 3254 3383 3459 3440; x_wconf 79' lang='lat' dir='ltr'><strong>direxit</strong></span> 
     </span>
    </p>
   </div>
   <div class='ocr_carea' id='block_1_80' title="bbox 1867 3456 3456 3541">
    <p class='ocr_par' dir='ltr' id='par_1_80' title="bbox 1867 3456 3456 3541">
     <span class='ocr_line' id='line_1_80' title="bbox 1867 3456 3456 3541; baseline 0.013 -31"><span class='ocrx_word' id='word_1_562' title='bbox 1867 3456 2204 3527; x_wconf 75' lang='lat' dir='ltr'><strong>&#39;l&#39;uringiam,</strong></span> <span class='ocrx_word' id='word_1_563' title='bbox 2252 3460 2319 3514; x_wconf 80' lang='lat' dir='ltr'><strong>ad</strong></span> <span class='ocrx_word' id='word_1_564' title='bbox 2356 3462 2534 3518; x_wconf 91' lang='lat' dir='ltr'><strong>locum</strong></span> <span class='ocrx_word' id='word_1_565' title='bbox 2567 3466 2660 3535; x_wconf 93' lang='lat' dir='ltr'><strong>qui</strong></span> <span class='ocrx_word' id='word_1_566' title='bbox 2707 3466 2911 3521; x_wconf 80' lang='lat' dir='ltr'><strong>dicitur</strong></span> <span class='ocrx_word' id='word_1_567' title='bbox 2957 3468 3310 3541; x_wconf 80' lang='lat' dir='ltr'><strong>Erphesl‘urt,</strong></span> <span class='ocrx_word' id='word_1_568' title='bbox 3362 3474 3456 3531; x_wconf 83' lang='lat' dir='ltr'><strong>ubi</strong></span> 
     </span>
    </p>
   </div>
   <div class='ocr_carea' id='block_1_81' title="bbox 1865 3548 3449 3637">
    <p class='ocr_par' dir='ltr' id='par_1_81' title="bbox 1865 3548 3449 3637">
     <span class='ocr_line' id='line_1_81' title="bbox 1865 3548 3449 3637; baseline 0.012 -33"><span class='ocrx_word' id='word_1_569' title='bbox 1865 3548 2122 3604; x_wconf 87' lang='lat' dir='ltr'><strong>decenter</strong></span> <span class='ocrx_word' id='word_1_570' title='bbox 2142 3568 2172 3606; x_wconf 89' lang='lat' dir='ltr'><strong>a</strong></span> <span class='ocrx_word' id='word_1_571' title='bbox 2204 3552 2485 3610; x_wconf 80' lang='lat' dir='ltr'><strong>Ruthardo</strong></span> <span class='ocrx_word' id='word_1_572' title='bbox 2510 3555 2836 3628; x_wconf 68' lang='lat' dir='ltr'><strong>Moguntina:</strong></span> <span class='ocrx_word' id='word_1_573' title='bbox 2860 3561 3007 3618; x_wconf 91' lang='lat' dir='ltr'><strong>sedis</strong></span> <span class='ocrx_word' id='word_1_574' title='bbox 3035 3564 3449 3637; x_wconf 65' lang='lat' dir='ltr'><strong>archiepiscopo</strong></span> 
     </span>
    </p>
   </div>
   <div class='ocr_carea' id='block_1_82' title="bbox 1864 3643 3451 3722">
    <p class='ocr_par' dir='ltr' id='par_1_82' title="bbox 1864 3643 3451 3722">
     <span class='ocr_line' id='line_1_82' title="bbox 1864 3643 3451 3722; baseline 0.011 -26"><span class='ocrx_word' id='word_1_575' title='bbox 1864 3643 2184 3715; x_wconf 84' lang='lat' dir='ltr'><strong>suscipitur,</strong></span> <span class='ocrx_word' id='word_1_576' title='bbox 2222 3656 2277 3701; x_wconf 92' lang='lat' dir='ltr'><strong>et</strong></span> <span class='ocrx_word' id='word_1_577' title='bbox 2310 3646 2509 3703; x_wconf 89' lang='lat' dir='ltr'><strong>ibidem</strong></span> <span class='ocrx_word' id='word_1_578' title='bbox 2552 3651 2695 3705; x_wconf 90' lang='lat' dir='ltr'><strong>diem</strong></span> <span class='ocrx_word' id='word_1_579' title='bbox 2733 3651 3059 3722; x_wconf 85' lang='lat' dir='ltr'><strong>palmarum.</strong></span> <span class='ocrx_word' id='word_1_580' title='bbox 3105 3667 3161 3711; x_wconf 86' lang='lat' dir='ltr'><strong>et</strong></span> <span class='ocrx_word' id='word_1_581' title='bbox 3200 3667 3451 3713; x_wconf 85' lang='lat' dir='ltr'><strong>sanctum</strong></span> 
     </span>
    </p>
   </div>
   <div class='ocr_carea' id='block_1_83' title="bbox 1864 3736 3450 3820">
    <p class='ocr_par' dir='ltr' id='par_1_83' title="bbox 1864 3736 3450 3820">
     <span class='ocr_line' id='line_1_83' title="bbox 1864 3736 3450 3820; baseline 0.011 -32"><span class='ocrx_word' id='word_1_582' title='bbox 1864 3736 2069 3802; x_wconf 87' lang='lat' dir='ltr'><strong>pascha</strong></span> <span class='ocrx_word' id='word_1_583' title='bbox 2116 3736 2627 3805; x_wconf 14' lang='lat' dir='ltr'><strong>inrQuideleulmrc</strong></span> <span class='ocrx_word' id='word_1_584' title='bbox 2670 3744 2998 3801; x_wconf 58' lang='lat' dir='ltr'><strong>celebravit.</strong></span> <span class='ocrx_word' id='word_1_585' title='bbox 3045 3746 3124 3803; x_wconf 82' lang='lat' dir='ltr'><strong>Eo</strong></span> <span class='ocrx_word' id='word_1_586' title='bbox 3182 3750 3450 3820; x_wconf 76' lang='lat' dir='ltr'><strong>siquidem</strong></span> 
     </span>
    </p>
   </div>
   <div class='ocr_carea' id='block_1_84' title="bbox 1865 3822 3450 3909">
    <p class='ocr_par' dir='ltr' id='par_1_84' title="bbox 1865 3822 3450 3909">
     <span class='ocr_line' id='line_1_84' title="bbox 1865 3822 3450 3909; baseline 0.01 -28"><span class='ocrx_word' id='word_1_587' title='bbox 1865 3836 2112 3898; x_wconf 87' lang='lat' dir='ltr'><strong>tempore</strong></span> <span class='ocrx_word' id='word_1_588' title='bbox 2155 3833 2378 3887; x_wconf 84' lang='lat' dir='ltr'><strong>advenit</strong></span> <span class='ocrx_word' id='word_1_589' title='bbox 2403 3822 2812 3906; x_wconf 82' lang='lat' dir='ltr'><strong>patriarcbadc</strong></span> <span class='ocrx_word' id='word_1_590' title='bbox 2836 3837 3108 3909; x_wconf 82' lang='lat' dir='ltr'><strong>Aquileia,</strong></span> <span class='ocrx_word' id='word_1_591' title='bbox 3138 3854 3232 3896; x_wconf 90' lang='lat' dir='ltr'><strong>eos</strong></span> <span class='ocrx_word' id='word_1_592' title='bbox 3259 3842 3304 3897; x_wconf 87' lang='lat' dir='ltr'><strong>si</strong></span> <span class='ocrx_word' id='word_1_593' title='bbox 3333 3844 3450 3899; x_wconf 79' lang='lat' dir='ltr'><strong>ﬁeri</strong></span> 
     </span>
    </p>
   </div>
   <div class='ocr_carea' id='block_1_85' title="bbox 1860 3924 3449 3998">
    <p class='ocr_par' dir='ltr' id='par_1_85' title="bbox 1860 3924 3449 3998">
     <span class='ocr_line' id='line_1_85' title="bbox 1860 3924 3449 3998; baseline 0.011 -24"><span class='ocrx_word' id='word_1_594' title='bbox 1860 3932 2050 3991; x_wconf 90' lang='lat' dir='ltr'><strong>posset</strong></span> <span class='ocrx_word' id='word_1_595' title='bbox 2076 3924 2453 3994; x_wconf 87' lang='lat' dir='ltr'><strong>complaeamli</strong></span> <span class='ocrx_word' id='word_1_596' title='bbox 2484 3928 2684 3998; x_wconf 85' lang='lat' dir='ltr'><strong>gratia.</strong></span> <span class='ocrx_word' id='word_1_597' title='bbox 2723 3929 2931 3994; x_wconf 86' lang='lat' dir='ltr'><strong>dicens,</strong></span> <span class='ocrx_word' id='word_1_598' title='bbox 2965 3946 3071 3986; x_wconf 89' lang='lat' dir='ltr'><strong>non</strong></span> <span class='ocrx_word' id='word_1_599' title='bbox 3115 3934 3317 3991; x_wconf 84' lang='lat' dir='ltr'><strong>audere</strong></span> <span class='ocrx_word' id='word_1_600' title='bbox 3342 3935 3449 3992; x_wconf 84' lang='lat' dir='ltr'><strong>sibi</strong></span> 
     </span>
    </p>
   </div>
   <div class='ocr_carea' id='block_1_86' title="bbox 1860 4015 3450 4095">
    <p class='ocr_par' dir='ltr' id='par_1_86' title="bbox 1860 4015 3450 4095">
     <span class='ocr_line' id='line_1_86' title="bbox 1860 4015 3450 4095; baseline 0.009 -28"><span class='ocrx_word' id='word_1_601' title='bbox 1860 4015 2291 4079; x_wconf 86' lang='lat' dir='ltr'><strong>couununicare,</strong></span> <span class='ocrx_word' id='word_1_602' title='bbox 2318 4017 2417 4073; x_wconf 88' lang='lat' dir='ltr'><strong>nisi</strong></span> <span class='ocrx_word' id='word_1_603' title='bbox 2445 4033 2505 4073; x_wconf 88' lang='lat' dir='ltr'><strong>se</strong></span> <span class='ocrx_word' id='word_1_604' title='bbox 2529 4019 2692 4075; x_wconf 80' lang='lat' dir='ltr'><strong>vellet</strong></span> <span class='ocrx_word' id='word_1_605' title='bbox 2719 4019 2828 4088; x_wconf 86' lang='lat' dir='ltr'><strong>Deo</strong></span> <span class='ocrx_word' id='word_1_606' title='bbox 2857 4037 3007 4077; x_wconf 88' lang='lat' dir='ltr'><strong>reum</strong></span> <span class='ocrx_word' id='word_1_607' title='bbox 3038 4037 3450 4095; x_wconf 78' lang='lat' dir='ltr'><strong>recognoscere,</strong></span> 
     </span>
    </p>
   </div>
   <div class='ocr_carea' id='block_1_87' title="bbox 1860 4108 3451 4184">
    <p class='ocr_par' dir='ltr' id='par_1_87' title="bbox 1860 4108 3451 4184">
     <span class='ocr_line' id='line_1_87' title="bbox 1860 4108 3451 4184; baseline 0.01 -25"><span class='ocrx_word' id='word_1_608' title='bbox 1860 4114 1917 4159; x_wconf 87' lang='lat' dir='ltr'><strong>et</strong></span> <span class='ocrx_word' id='word_1_609' title='bbox 1942 4108 2090 4161; x_wconf 90' lang='lat' dir='ltr'><strong>omni</strong></span> <span class='ocrx_word' id='word_1_610' title='bbox 2119 4123 2287 4178; x_wconf 81' lang='lat' dir='ltr'><strong>regno</strong></span> <span class='ocrx_word' id='word_1_611' title='bbox 2327 4110 2644 4177; x_wconf 86' lang='lat' dir='ltr'><strong>humiliare,</strong></span> <span class='ocrx_word' id='word_1_612' title='bbox 2671 4113 2895 4184; x_wconf 74' lang='lat' dir='ltr'><strong>insuper</strong></span> <span class='ocrx_word' id='word_1_613' title='bbox 2938 4122 2994 4170; x_wconf 90' lang='lat' dir='ltr'><strong>et</strong></span> <span class='ocrx_word' id='word_1_614' title='bbox 3040 4115 3302 4172; x_wconf 76' lang='lat' dir='ltr'><strong>Romana:</strong></span> <span class='ocrx_word' id='word_1_615' title='bbox 3334 4118 3451 4174; x_wconf 86' lang='lat' dir='ltr'><strong>sedi</strong></span> 
     </span>
    </p>
   </div>
   <div class='ocr_carea' id='block_1_88' title="bbox 1860 4193 3444 4279">
    <p class='ocr_par' dir='ltr' id='par_1_88' title="bbox 1860 4193 3444 4279">
     <span class='ocr_line' id='line_1_88' title="bbox 1860 4193 3444 4279; baseline 0.01 -31"><span class='ocrx_word' id='word_1_616' title='bbox 1860 4193 1916 4249; x_wconf 90' lang='lat' dir='ltr'><strong>in</strong></span> <span class='ocrx_word' id='word_1_617' title='bbox 1960 4197 2214 4254; x_wconf 88' lang='lat' dir='ltr'><strong>omnilnts</strong></span> <span class='ocrx_word' id='word_1_618' title='bbox 2251 4200 2494 4279; x_wconf 80' lang='lat' dir='ltr'><strong>obedire.</strong></span> <span class='ocrx_word' id='word_1_619' title='bbox 2541 4203 2791 4259; x_wconf 51' lang='lat' dir='ltr'><strong>&#39;l‘iuief‘at</strong></span> <span class='ocrx_word' id='word_1_620' title='bbox 2836 4206 3005 4271; x_wconf 84' lang='lat' dir='ltr'><strong>enim,</strong></span> <span class='ocrx_word' id='word_1_621' title='bbox 3054 4222 3125 4263; x_wconf 90' lang='lat' dir='ltr'><strong>ne</strong></span> <span class='ocrx_word' id='word_1_622' title='bbox 3162 4216 3224 4275; x_wconf 86' lang='lat' dir='ltr'><strong>et</strong></span> <span class='ocrx_word' id='word_1_623' title='bbox 3266 4208 3444 4279; x_wconf 87' lang='lat' dir='ltr'><strong>ipsum</strong></span> 
     </span>
    </p>
   </div>
   <div class='ocr_carea' id='block_1_89' title="bbox 1856 4276 3448 4365">
    <p class='ocr_par' dir='ltr' id='par_1_89' title="bbox 1856 4276 3448 4365">
     <span class='ocr_line' id='line_1_89' title="bbox 1856 4276 3448 4365; baseline 0.012 -25"><span class='ocrx_word' id='word_1_624' title='bbox 1856 4283 1978 4354; x_wconf 86' lang='lat' dir='ltr'><strong>ejus</strong></span> <span class='ocrx_word' id='word_1_625' title='bbox 2027 4290 2225 4344; x_wconf 87' lang='lat' dir='ltr'><strong>astutis</strong></span> <span class='ocrx_word' id='word_1_626' title='bbox 2271 4276 2612 4348; x_wconf 83' lang='lat' dir='ltr'><strong>sermonibus</strong></span> <span class='ocrx_word' id='word_1_627' title='bbox 2658 4294 2969 4365; x_wconf 87' lang='lat' dir='ltr'><strong>deciperet,</strong></span> <span class='ocrx_word' id='word_1_628' title='bbox 3020 4298 3180 4355; x_wconf 81' lang='lat' dir='ltr'><strong>sicuti</strong></span> <span class='ocrx_word' id='word_1_629' title='bbox 3233 4276 3448 4359; x_wconf 77' lang='lat' dir='ltr'><strong>ceteros</strong></span> 
     </span>
    </p>
   </div>
   <div class='ocr_carea' id='block_1_90' title="bbox 1860 4380 3447 4459">
    <p class='ocr_par' dir='ltr' id='par_1_90' title="bbox 1860 4380 3447 4459">
     <span class='ocr_line' id='line_1_90' title="bbox 1860 4380 3447 4459; baseline 0.009 -28"><span class='ocrx_word' id='word_1_630' title='bbox 1860 4386 2019 4433; x_wconf 84' lang='lat' dir='ltr'><strong>antea</strong></span> <span class='ocrx_word' id='word_1_631' title='bbox 2048 4394 2195 4450; x_wconf 70' lang='grc' dir='ltr'><strong>επιρο</strong></span> <span class='ocrx_word' id='word_1_632' title='bbox 2215 4380 2436 4437; x_wconf 86' lang='lat' dir='ltr'><strong>delusit.</strong></span> <span class='ocrx_word' id='word_1_633' title='bbox 2464 4382 2610 4440; x_wconf 86' lang='lat' dir='ltr'><strong>Idem</strong></span> <span class='ocrx_word' id='word_1_634' title='bbox 2638 4386 2947 4455; x_wconf 88' lang='lat' dir='ltr'><strong>patriarcha</strong></span> <span class='ocrx_word' id='word_1_635' title='bbox 2968 4392 3215 4443; x_wconf 82' lang='lat' dir='ltr'><strong>sanctum</strong></span> <span class='ocrx_word' id='word_1_636' title='bbox 3246 4391 3447 4459; x_wconf 77' lang='lat' dir='ltr'><strong>pascha</strong></span> 
     </span>
    </p>
   </div>
   <div class='ocr_carea' id='block_1_91' title="bbox 1862 4465 3544 4547">
    <p class='ocr_par' dir='ltr' id='par_1_91' title="bbox 1862 4465 3544 4547">
     <span class='ocr_line' id='line_1_91' title="bbox 1862 4465 3544 4547; baseline 0.01 -24"><span class='ocrx_word' id='word_1_637' title='bbox 1862 4466 2147 4539; x_wconf 78' lang='lat' dir='ltr'><strong>Mogontize</strong></span> <span class='ocrx_word' id='word_1_638' title='bbox 2180 4473 2504 4539; x_wconf 75' lang='lat' dir='ltr'><strong>celebrav&#39;t,</strong></span> <span class='ocrx_word' id='word_1_639' title='bbox 2542 4487 2597 4531; x_wconf 91' lang='lat' dir='ltr'><strong>et</strong></span> <span class='ocrx_word' id='word_1_640' title='bbox 2629 4487 2747 4547; x_wconf 86' lang='lat' dir='ltr'><strong>post</strong></span> <span class='ocrx_word' id='word_1_641' title='bbox 2785 4480 3009 4547; x_wconf 81' lang='lat' dir='ltr'><strong>pascha,</strong></span> <span class='ocrx_word' id='word_1_642' title='bbox 3033 4481 3262 4536; x_wconf 75' lang='lat' dir='ltr'><strong>muneri?</strong></span> <span class='ocrx_word' id='word_1_643' title='bbox 3288 4497 3353 4534; x_wconf 92' lang='lat' dir='ltr'><strong>us</strong></span> <span class='ocrx_word' id='word_1_644' title='bbox 3379 4483 3451 4538; x_wconf 89' lang='lat' dir='ltr'><strong>ab</strong></span> <span class='ocrx_word' id='word_1_645' title='bbox 3541 4465 3544 4468; x_wconf 11' lang='lat' dir='ltr'><strong>i</strong></span> 
     </span>
    </p>
   </div>
   <div class='ocr_carea' id='block_1_92' title="bbox 164 4533 1779 4640">
    <p class='ocr_par' dir='ltr' id='par_1_92' title="bbox 164 4538 1757 4613">
     <span class='ocr_line' id='line_1_92' title="bbox 164 4538 1757 4613; baseline 0.008 -26"><span class='ocrx_word' id='word_1_646' title='bbox 164 4550 268 4606; x_wconf 88' lang='lat' dir='ltr'><strong>que</strong></span> <span class='ocrx_word' id='word_1_647' title='bbox 311 4538 468 4593; x_wconf 77' lang='lat' dir='ltr'><strong>duxit</strong></span> <span class='ocrx_word' id='word_1_648' title='bbox 518 4549 578 4594; x_wconf 91' lang='grc' dir='ltr'><strong>ιιι</strong></span> <span class='ocrx_word' id='word_1_649' title='bbox 624 4541 859 4605; x_wconf 84' lang='lat' dir='ltr'><strong>natalem</strong></span> <span class='ocrx_word' id='word_1_650' title='bbox 898 4542 1110 4598; x_wconf 87' lang='lat' dir='ltr'><strong>Domini</strong></span> <span class='ocrx_word' id='word_1_651' title='bbox 1146 4543 1457 4613; x_wconf 65' lang='lat' dir='ltr'><strong>iladispone</strong></span> <span class='ocrx_word' id='word_1_652' title='bbox 1510 4543 1757 4598; x_wconf 83' lang='lat' dir='ltr'><strong>celebra-</strong></span> 
     </span>
    </p>
   </div>
   <div class='ocr_carea' id='block_1_93' title="bbox 1868 4533 3451 4640">
    <p class='ocr_par' dir='ltr' id='par_1_93' title="bbox 1868 4562 3451 4640">
     <span class='ocr_line' id='line_1_93' title="bbox 1868 4562 3451 4640; baseline 0.009 -28"><span class='ocrx_word' id='word_1_653' title='bbox 1868 4574 1926 4612; x_wconf 64' lang='grc' dir='ltr'><strong>ρο</strong></span> <span class='ocrx_word' id='word_1_654' title='bbox 1952 4562 2238 4630; x_wconf 72' lang='lat' dir='ltr'><strong>susceptis,</strong></span> <span class='ocrx_word' id='word_1_655' title='bbox 2268 4565 2336 4618; x_wconf 90' lang='lat' dir='ltr'><strong>ad</strong></span> <span class='ocrx_word' id='word_1_656' title='bbox 2368 4567 2585 4637; x_wconf 87' lang='lat' dir='ltr'><strong>propria</strong></span> <span class='ocrx_word' id='word_1_657' title='bbox 2618 4570 2899 4622; x_wconf 85' lang='lat' dir='ltr'><strong>remeavit.</strong></span> <span class='ocrx_word' id='word_1_658' title='bbox 2925 4568 3057 4623; x_wconf 83' lang='lat' dir='ltr'><strong>Post</strong></span> <span class='ocrx_word' id='word_1_659' title='bbox 3093 4572 3291 4640; x_wconf 50' lang='lat' dir='ltr'><strong>puscla</strong></span> <span class='ocrx_word' id='word_1_660' title='bbox 3319 4586 3451 4627; x_wconf 81' lang='lat' dir='ltr'><strong>vero</strong></span> 
     </span>
    </p>
   </div>
   <div class='ocr_carea' id='block_1_94' title="bbox 165 4628 1752 4690">
    <p class='ocr_par' dir='ltr' id='par_1_94' title="bbox 165 4628 1752 4690">
     <span class='ocr_line' id='line_1_94' title="bbox 165 4628 1752 4690; baseline 0.006 -9"><span class='ocrx_word' id='word_1_661' title='bbox 165 4637 303 4683; x_wconf 84' lang='lat' dir='ltr'><strong>rent.</strong></span> <span class='ocrx_word' id='word_1_662' title='bbox 357 4628 489 4686; x_wconf 82' lang='lat' dir='ltr'><strong>Post</strong></span> <span class='ocrx_word' id='word_1_663' title='bbox 537 4632 775 4687; x_wconf 70' lang='lat' dir='ltr'><strong>natalem</strong></span> <span class='ocrx_word' id='word_1_664' title='bbox 808 4649 941 4688; x_wconf 85' lang='lat' dir='ltr'><strong>vero</strong></span> <span class='ocrx_word' id='word_1_665' title='bbox 990 4634 1198 4690; x_wconf 88' lang='lat' dir='ltr'><strong>Domini</strong></span> <span class='ocrx_word' id='word_1_666' title='bbox 1246 4634 1473 4689; x_wconf 89' lang='lat' dir='ltr'><strong>nuncios</strong></span> <span class='ocrx_word' id='word_1_667' title='bbox 1525 4633 1752 4690; x_wconf 78' lang='lat' dir='ltr'><strong>llontam</strong></span> 
     </span>
    </p>
   </div>
   <div class='ocr_carea' id='block_1_95' title="bbox 164 4720 1755 4797">
    <p class='ocr_par' dir='ltr' id='par_1_95' title="bbox 164 4720 1755 4797">
     <span class='ocr_line' id='line_1_95' title="bbox 164 4720 1755 4797; baseline 0.005 -23"><span class='ocrx_word' id='word_1_668' title='bbox 164 4720 407 4787; x_wconf 73' lang='lat' dir='ltr'><strong>direxit,</strong></span> <span class='ocrx_word' id='word_1_669' title='bbox 453 4741 692 4795; x_wconf 87' lang='lat' dir='ltr'><strong>querens</strong></span> <span class='ocrx_word' id='word_1_670' title='bbox 736 4727 1024 4781; x_wconf 89' lang='lat' dir='ltr'><strong>consilium</strong></span> <span class='ocrx_word' id='word_1_671' title='bbox 1073 4729 1140 4781; x_wconf 83' lang='lat' dir='ltr'><strong>ab</strong></span> <span class='ocrx_word' id='word_1_672' title='bbox 1183 4726 1482 4797; x_wconf 85' lang='lat' dir='ltr'><strong>apostolico</strong></span> <span class='ocrx_word' id='word_1_673' title='bbox 1536 4736 1755 4797; x_wconf 71' lang='lat' dir='ltr'><strong>propter</strong></span> 
     </span>
    </p>
   </div>
   <div class='ocr_carea' id='block_1_96' title="bbox 164 4808 1754 4887">
    <p class='ocr_par' dir='ltr' id='par_1_96' title="bbox 164 4808 1754 4887">
     <span class='ocr_line' id='line_1_96' title="bbox 164 4808 1754 4887; baseline 0.008 -25"><span class='ocrx_word' id='word_1_674' title='bbox 164 4808 549 4879; x_wconf 85' lang='lat' dir='ltr'><strong>iuratttcntunt,</strong></span> <span class='ocrx_word' id='word_1_675' title='bbox 596 4816 745 4885; x_wconf 86' lang='lat' dir='ltr'><strong>quod</strong></span> <span class='ocrx_word' id='word_1_676' title='bbox 787 4818 935 4887; x_wconf 85' lang='lat' dir='ltr'><strong>patri</strong></span> <span class='ocrx_word' id='word_1_677' title='bbox 978 4817 1289 4885; x_wconf 67' lang='lat' dir='ltr'><strong>juraverat,</strong></span> <span class='ocrx_word' id='word_1_678' title='bbox 1342 4833 1641 4887; x_wconf 72' lang='lat' dir='ltr'><strong>numquam</strong></span> <span class='ocrx_word' id='word_1_679' title='bbox 1695 4833 1754 4874; x_wconf 88' lang='lat' dir='ltr'><strong>se</strong></span> 
     </span>
    </p>
   </div>
   <div class='ocr_carea' id='block_1_97' title="bbox 167 4904 1749 4975">
    <p class='ocr_par' dir='ltr' id='par_1_97' title="bbox 167 4904 1749 4975">
     <span class='ocr_line' id='line_1_97' title="bbox 167 4904 1749 4975; baseline 0.006 -20"><span class='ocrx_word' id='word_1_680' title='bbox 167 4916 387 4974; x_wconf 74' lang='lat' dir='ltr'><strong>regnum</strong></span> <span class='ocrx_word' id='word_1_681' title='bbox 425 4905 540 4959; x_wconf 86' lang='lat' dir='ltr'><strong>sine</strong></span> <span class='ocrx_word' id='word_1_682' title='bbox 578 4904 699 4975; x_wconf 84' lang='lat' dir='ltr'><strong>ejus</strong></span> <span class='ocrx_word' id='word_1_683' title='bbox 751 4905 968 4961; x_wconf 86' lang='lat' dir='ltr'><strong>licentia</strong></span> <span class='ocrx_word' id='word_1_684' title='bbox 1000 4914 1058 4960; x_wconf 89' lang='lat' dir='ltr'><strong>et</strong></span> <span class='ocrx_word' id='word_1_685' title='bbox 1105 4920 1375 4962; x_wconf 88' lang='lat' dir='ltr'><strong>consensu</strong></span> <span class='ocrx_word' id='word_1_686' title='bbox 1413 4907 1749 4969; x_wconf 71' lang='lat' dir='ltr'><strong>invasurum.</strong></span> 
     </span>
    </p>
   </div>
   <div class='ocr_carea' id='block_1_98' title="bbox 1862 4650 3449 4729">
    <p class='ocr_par' dir='ltr' id='par_1_98' title="bbox 1862 4650 3449 4729">
     <span class='ocr_line' id='line_1_98' title="bbox 1862 4650 3449 4729; baseline 0.007 -24"><span class='ocrx_word' id='word_1_687' title='bbox 1862 4650 2003 4705; x_wconf 77' lang='lat' dir='ltr'><strong>illius</strong></span> <span class='ocrx_word' id='word_1_688' title='bbox 2033 4651 2262 4709; x_wconf 87' lang='lat' dir='ltr'><strong>Goslare</strong></span> <span class='ocrx_word' id='word_1_689' title='bbox 2292 4657 2459 4721; x_wconf 86' lang='lat' dir='ltr'><strong>venit,</strong></span> <span class='ocrx_word' id='word_1_690' title='bbox 2490 4668 2547 4714; x_wconf 88' lang='lat' dir='ltr'><strong>et</strong></span> <span class='ocrx_word' id='word_1_691' title='bbox 2569 4659 2639 4713; x_wconf 87' lang='lat' dir='ltr'><strong>ibi</strong></span> <span class='ocrx_word' id='word_1_692' title='bbox 2673 4661 2930 4727; x_wconf 77' lang='lat' dir='ltr'><strong>generale</strong></span> <span class='ocrx_word' id='word_1_693' title='bbox 2962 4660 3293 4729; x_wconf 77' lang='lat' dir='ltr'><strong>colloquium</strong></span> <span class='ocrx_word' id='word_1_694' title='bbox 3324 4679 3449 4717; x_wconf 87' lang='lat' dir='ltr'><strong>cum</strong></span> 
     </span>
    </p>
   </div>
   <div class='ocr_carea' id='block_1_99' title="bbox 1861 4739 3457 4823">
    <p class='ocr_par' dir='ltr' id='par_1_99' title="bbox 1861 4739 3457 4823">
     <span class='ocr_line' id='line_1_99' title="bbox 1861 4739 3457 4823; baseline 0.007 -29"><span class='ocrx_word' id='word_1_695' title='bbox 1861 4739 2114 4797; x_wconf 67' lang='lat' dir='ltr'><strong>Saxouia:</strong></span> <span class='ocrx_word' id='word_1_696' title='bbox 2156 4745 2493 4817; x_wconf 86' lang='lat' dir='ltr'><strong>principibus</strong></span> <span class='ocrx_word' id='word_1_697' title='bbox 2521 4748 2742 4809; x_wconf 81' lang='lat' dir='ltr'><strong>habuit,</strong></span> <span class='ocrx_word' id='word_1_698' title='bbox 2786 4749 3024 4823; x_wconf 77' lang='lat' dir='ltr'><strong>qualiter</strong></span> <span class='ocrx_word' id='word_1_699' title='bbox 3059 4749 3157 4818; x_wconf 72' lang='lat' dir='ltr'><strong>“ei</strong></span> <span class='ocrx_word' id='word_1_700' title='bbox 3185 4750 3457 4819; x_wconf 66' lang='lat' dir='ltr'><strong>adiutorio</strong></span> 
     </span>
    </p>
   </div>
   <div class='ocr_carea' id='block_1_100' title="bbox 1857 4838 3472 4901">
    <p class='ocr_par' dir='ltr' id='par_1_100' title="bbox 1857 4838 3472 4901">
     <span class='ocr_line' id='line_1_100' title="bbox 1857 4838 3472 4901; baseline 0.004 -14"><span class='ocrx_word' id='word_1_701' title='bbox 1857 4841 1913 4887; x_wconf 90' lang='lat' dir='ltr'><strong>et</strong></span> <span class='ocrx_word' id='word_1_702' title='bbox 1937 4846 2129 4887; x_wconf 88' lang='lat' dir='ltr'><strong>eorum</strong></span> <span class='ocrx_word' id='word_1_703' title='bbox 2157 4839 2400 4892; x_wconf 79' lang='lat' dir='ltr'><strong>omnium</strong></span> <span class='ocrx_word' id='word_1_704' title='bbox 2444 4838 2676 4895; x_wconf 76' lang='lat' dir='ltr'><strong>consilio</strong></span> <span class='ocrx_word' id='word_1_705' title='bbox 2702 4854 2814 4901; x_wconf 78' lang='lat' dir='ltr'><strong>sua</strong></span> <span class='ocrx_word' id='word_1_706' title='bbox 2837 4840 3072 4898; x_wconf 78' lang='lat' dir='ltr'><strong>deberet</strong></span> <span class='ocrx_word' id='word_1_707' title='bbox 3092 4839 3380 4899; x_wconf 75' lang='lat' dir='ltr'><strong>ordinare.</strong></span> <span class='ocrx_word' id='word_1_708' title='bbox 3413 4847 3472 4894; x_wconf 83' lang='lat' dir='ltr'><strong>et</strong></span> 
     </span>
    </p>
   </div>
   <div class='ocr_carea' id='block_1_101' title="bbox 1857 4922 3563 5007">
    <p class='ocr_par' dir='ltr' id='par_1_101' title="bbox 1857 4922 3563 5007">
     <span class='ocr_line' id='line_1_101' title="bbox 1857 4922 3563 5007; baseline 0 -28"><span class='ocrx_word' id='word_1_709' title='bbox 1857 4922 2161 4979; x_wconf 78' lang='lat' dir='ltr'><strong>:ccclesiam</strong></span> <span class='ocrx_word' id='word_1_710' title='bbox 2211 4929 2389 4984; x_wconf 88' lang='lat' dir='ltr'><strong>modis</strong></span> <span class='ocrx_word' id='word_1_711' title='bbox 2439 4930 2699 4987; x_wconf 85' lang='lat' dir='ltr'><strong>omnibus</strong></span> <span class='ocrx_word' id='word_1_712' title='bbox 2745 4935 3028 4998; x_wconf 54' lang='lat' dir='ltr'><strong>notatam</strong></span> <span class='ocrx_word' id='word_1_713' title='bbox 3082 4941 3323 4998; x_wconf 59' lang='lat' dir='ltr'><strong>“nvgave</strong></span> <span class='ocrx_word' id='word_1_714' title='bbox 3357 4935 3412 4979; x_wconf 82' lang='lat' dir='ltr'><strong>et</strong></span> <span class='ocrx_word' id='word_1_715' title='bbox 3447 4942 3480 4979; x_wconf 81' lang='lat' dir='ltr'><strong>a</strong></span> <span class='ocrx_word' id='word_1_716' title='bbox 3550 5000 3563 5007; x_wconf 17' lang='grc' dir='ltr'><strong>η</strong></span> 
     </span>
    </p>
   </div>
   <div class='ocr_carea' id='block_1_102' title="bbox 1852 5008 3567 5111">
    <p class='ocr_par' dir='ltr' id='par_1_102' title="bbox 1852 5008 3567 5111">
     <span class='ocr_line' id='line_1_102' title="bbox 1852 5008 3567 5111; baseline -0.003 -39"><span class='ocrx_word' id='word_1_717' title='bbox 1852 5016 2124 5074; x_wconf 87' lang='lat' dir='ltr'><strong>scissione</strong></span> <span class='ocrx_word' id='word_1_718' title='bbox 2152 5018 2218 5071; x_wconf 90' lang='lat' dir='ltr'><strong>ad</strong></span> <span class='ocrx_word' id='word_1_719' title='bbox 2252 5021 2509 5079; x_wconf 88' lang='lat' dir='ltr'><strong>unionem</strong></span> <span class='ocrx_word' id='word_1_720' title='bbox 2542 5021 2990 5111; x_wconf 58' lang='lat' dir='ltr'><strong>redintegrare.</strong></span> <span class='ocrx_word' id='word_1_721' title='bbox 3020 5013 3381 5073; x_wconf 54' lang='grc' dir='ltr'><strong>διπλὼ-εἴδω</strong></span> <span class='ocrx_word' id='word_1_722' title='bbox 3404 5028 3494 5066; x_wconf 81' lang='lat' dir='ltr'><strong>su-</strong></span> <span class='ocrx_word' id='word_1_723' title='bbox 3544 5008 3567 5095; x_wconf 57' lang='grc' dir='ltr'><em>ς</em></span> 
     </span>
    </p>
   </div>
   <div class='ocr_carea' id='block_1_103' title="bbox 1855 5105 3511 5190">
    <p class='ocr_par' dir='ltr' id='par_1_103' title="bbox 1855 5105 3511 5190">
     <span class='ocr_line' id='line_1_103' title="bbox 1855 5105 3511 5190; baseline -0.004 -27"><span class='ocrx_word' id='word_1_724' title='bbox 1855 5107 2141 5181; x_wconf 75' lang='lat' dir='ltr'><strong>prodictus</strong></span> <span class='ocrx_word' id='word_1_725' title='bbox 2187 5109 2626 5173; x_wconf 85' lang='lat' dir='ltr'><strong>Constantiensis</strong></span> <span class='ocrx_word' id='word_1_726' title='bbox 2684 5105 3071 5190; x_wconf 58' lang='lat' dir='ltr'><strong>epfscopns.</strong></span> <span class='ocrx_word' id='word_1_727' title='bbox 3160 5105 3328 5165; x_wconf 77' lang='lat' dir='ltr'><strong>domui</strong></span> <span class='ocrx_word' id='word_1_728' title='bbox 3367 5117 3511 5176; x_wconf 66' lang='lat' dir='ltr'><strong>papa</strong></span> 
     </span>
    </p>
   </div>
   <div class='ocr_carea' id='block_1_104' title="bbox 1854 5202 3523 5288">
    <p class='ocr_par' dir='ltr' id='par_1_104' title="bbox 1854 5202 3523 5288">
     <span class='ocr_line' id='line_1_104' title="bbox 1854 5202 3523 5288; baseline 0.028 -40"><span class='ocrx_word' id='word_1_729' title='bbox 1854 5208 2187 5269; x_wconf 78' lang='lat' dir='ltr'><strong>cooperator</strong></span> <span class='ocrx_word' id='word_1_730' title='bbox 2215 5202 2586 5271; x_wconf 80' lang='lat' dir='ltr'><strong>ﬁdelissimus.</strong></span> <span class='ocrx_word' id='word_1_731' title='bbox 2617 5204 2715 5275; x_wconf 78' lang='lat' dir='ltr'><strong>qui</strong></span> <span class='ocrx_word' id='word_1_732' title='bbox 2784 5214 3008 5288; x_wconf 63' lang='lat' dir='ltr'><strong>regem</strong></span> <span class='ocrx_word' id='word_1_733' title='bbox 3053 5204 3118 5249; x_wconf 68' lang='grc'><strong>⁸⁸⁵</strong></span> <span class='ocrx_word' id='word_1_734' title='bbox 3185 5209 3362 5255; x_wconf 56' lang='lat' dir='ltr'><strong>(“mm</strong></span> <span class='ocrx_word' id='word_1_735' title='bbox 3400 5206 3523 5288; x_wconf 35' lang='lat' dir='ltr'><strong>sim</strong></span> 
     </span>
    </p>
   </div>
   <div class='ocr_carea' id='block_1_105' title="bbox 1852 5283 3535 5344">
    <p class='ocr_par' dir='ltr' id='par_1_105' title="bbox 1852 5283 3535 5344">
     <span class='ocr_line' id='line_1_105' title="bbox 1852 5283 3535 5344; baseline -0.003 0"><span class='ocrx_word' id='word_1_736' title='bbox 1852 5295 1926 5344; x_wconf 77' lang='lat' dir='ltr'><strong>ab</strong></span> <span class='ocrx_word' id='word_1_737' title='bbox 1951 5296 2539 5344; x_wconf 68' lang='lat' dir='ltr'><strong>exeommnnirmimrie</strong></span> <span class='ocrx_word' id='word_1_738' title='bbox 2571 5298 2777 5344; x_wconf 76' lang='lat' dir='ltr'><strong>rincul</strong></span> <span class='ocrx_word' id='word_1_739' title='bbox 2792 5332 2849 5344; x_wconf 61' lang='grc' dir='ltr'>λ</span> <span class='ocrx_word' id='word_1_740' title='bbox 2878 5283 3142 5344; x_wconf 59' lang='grc' dir='ltr'>ξηινθιιιι</span> <span class='ocrx_word' id='word_1_741' title='bbox 3158 5332 3191 5344; x_wconf 85' lang='grc'><strong>-</strong></span> <span class='ocrx_word' id='word_1_742' title='bbox 3211 5296 3264 5344; x_wconf 81' lang='lat' dir='ltr'><strong>et</strong></span> <span class='ocrx_word' id='word_1_743' title='bbox 3282 5283 3535 5344; x_wconf 53' lang='lat' dir='ltr'><strong>«ueniam</strong></span> 
     </span>
    </p>
   </div>
   <div class='ocr_carea' id='block_1_106' title="bbox 168 4994 1748 5073">
    <p class='ocr_par' dir='ltr' id='par_1_106' title="bbox 168 4994 1748 5073">
     <span class='ocr_line' id='line_1_106' title="bbox 168 4994 1748 5073; baseline 0.007 -27"><span class='ocrx_word' id='word_1_744' title='bbox 168 4994 504 5062; x_wconf 79' lang='lat' dir='ltr'><strong>Aposudieus</strong></span> <span class='ocrx_word' id='word_1_745' title='bbox 530 5010 716 5056; x_wconf 85' lang='lat' dir='ltr'><strong>autem</strong></span> <span class='ocrx_word' id='word_1_746' title='bbox 750 5009 812 5054; x_wconf 90' lang='lat' dir='ltr'><strong>ut</strong></span> <span class='ocrx_word' id='word_1_747' title='bbox 834 5000 1039 5073; x_wconf 83' lang='lat' dir='ltr'><strong>audivit</strong></span> <span class='ocrx_word' id='word_1_748' title='bbox 1072 4999 1213 5067; x_wconf 77' lang='lat' dir='ltr'><strong>inter</strong></span> <span class='ocrx_word' id='word_1_749' title='bbox 1240 5012 1447 5069; x_wconf 89' lang='lat' dir='ltr'><strong>patrem</strong></span> <span class='ocrx_word' id='word_1_750' title='bbox 1491 5009 1546 5055; x_wconf 86' lang='lat' dir='ltr'><strong>et</strong></span> <span class='ocrx_word' id='word_1_751' title='bbox 1578 5000 1748 5057; x_wconf 79' lang='lat' dir='ltr'><strong>lilium</strong></span> 
     </span>
    </p>
   </div>
   <div class='ocr_carea' id='block_1_107' title="bbox 170 5082 1757 5158">
    <p class='ocr_par' dir='ltr' id='par_1_107' title="bbox 170 5082 1757 5158">
     <span class='ocr_line' id='line_1_107' title="bbox 170 5082 1757 5158; baseline 0.006 -20"><span class='ocrx_word' id='word_1_752' title='bbox 170 5082 481 5152; x_wconf 81' lang='lat' dir='ltr'><strong>discidium,</strong></span> <span class='ocrx_word' id='word_1_753' title='bbox 511 5104 748 5158; x_wconf 86' lang='lat' dir='ltr'><strong>sperans</strong></span> <span class='ocrx_word' id='word_1_754' title='bbox 794 5089 904 5145; x_wconf 68' lang='lat' dir='ltr'><strong>haec</strong></span> <span class='ocrx_word' id='word_1_755' title='bbox 933 5105 964 5144; x_wconf 86' lang='lat' dir='ltr'><strong>a</strong></span> <span class='ocrx_word' id='word_1_756' title='bbox 1013 5087 1126 5143; x_wconf 89' lang='lat' dir='ltr'><strong>Deo</strong></span> <span class='ocrx_word' id='word_1_757' title='bbox 1158 5092 1431 5156; x_wconf 86' lang='lat' dir='ltr'><strong>evenisse.</strong></span> <span class='ocrx_word' id='word_1_758' title='bbox 1478 5092 1757 5149; x_wconf 80' lang='lat' dir='ltr'><strong>mandavit</strong></span> 
     </span>
    </p>
   </div>
   <div class='ocr_carea' id='block_1_108' title="bbox 172 5174 1750 5251">
    <p class='ocr_par' dir='ltr' id='par_1_108' title="bbox 172 5174 1750 5251">
     <span class='ocr_line' id='line_1_108' title="bbox 172 5174 1750 5251; baseline 0.009 -23"><span class='ocrx_word' id='word_1_759' title='bbox 172 5174 218 5228; x_wconf 84' lang='lat' dir='ltr'><strong>ei</strong></span> <span class='ocrx_word' id='word_1_760' title='bbox 283 5181 635 5246; x_wconf 72' lang='lat' dir='ltr'><strong>apostolicam</strong></span> <span class='ocrx_word' id='word_1_761' title='bbox 708 5182 1142 5239; x_wconf 79' lang='lat' dir='ltr'><strong>benedictionem</strong></span> <span class='ocrx_word' id='word_1_762' title='bbox 1204 5195 1306 5251; x_wconf 84' lang='lat' dir='ltr'><strong>per</strong></span> <span class='ocrx_word' id='word_1_763' title='bbox 1371 5182 1750 5242; x_wconf 82' lang='lat' dir='ltr'><strong>Gchehardutn</strong></span> 
     </span>
    </p>
   </div>
   <div class='ocr_carea' id='block_1_109' title="bbox 173 5262 1748 5344">
    <p class='ocr_par' dir='ltr' id='par_1_109' title="bbox 173 5262 1748 5344">
     <span class='ocr_line' id='line_1_109' title="bbox 173 5262 1748 5344; baseline 0.008 -23"><span class='ocrx_word' id='word_1_764' title='bbox 173 5262 637 5329; x_wconf 78' lang='lat' dir='ltr'><strong>Constantiensent</strong></span> <span class='ocrx_word' id='word_1_765' title='bbox 680 5272 1025 5344; x_wconf 76' lang='lat' dir='ltr'><strong>cpiscOpum,</strong></span> <span class='ocrx_word' id='word_1_766' title='bbox 1070 5272 1139 5329; x_wconf 89' lang='lat' dir='ltr'><strong>de</strong></span> <span class='ocrx_word' id='word_1_767' title='bbox 1172 5274 1275 5330; x_wconf 81' lang='lat' dir='ltr'><strong>tali</strong></span> <span class='ocrx_word' id='word_1_768' title='bbox 1321 5274 1615 5332; x_wconf 88' lang='lat' dir='ltr'><strong>counnisso</strong></span> <span class='ocrx_word' id='word_1_769' title='bbox 1643 5278 1748 5333; x_wconf 78' lang='lat' dir='ltr'><strong>sibi</strong></span> 
     </span>
    </p>
   </div>
  </div>
