3944 6378
128 425 133 436 ,
194 353 316 413 591

157 475 182 542 ὲ

967 357 1058 417 ΕΤ
1090 355 1437 417 LAMBERTI
1471 346 2046 414 ASCIIAFNABURG.
2107 350 2384 412 ALTERA
2417 355 2744 417 GENUINA.

1145 475 1465 532 ANNALES
1487 471 2147 533 HILDESIIEIMENSES.
2171 475 2236 528 A.
2264 462 2576 528 Illi-Illi.

3364 351 3481 426 ωε

191 585 387 644 tudine
403 603 526 643 eum
553 601 611 644 se
627 595 976 658 excepturum
1000 589 1249 659 spondet,
1267 589 1310 644 si
1337 590 1446 659 ipse
1461 599 1586 644 sent
1604 604 1784 659 regem
1816 575 1860 631 Α
1891 588 2068 643 redire
2095 587 2442 657 permittitur.
2483 587 2650 658 Igitur
2677 602 2799 641 cum
2833 583 3201 640 cardinalibus
3241 582 3468 638 ceteris-

189 679 554 744 catbolicum,
608 693 668 734 ιιι
697 679 956 734 acclesite
992 680 1158 734 lilium
1213 689 1270 736 et
1315 679 1677 744 defensorem,
1727 690 1786 735 ut

184 771 430 840 iusticie
458 782 777 835 amatorem,
810 781 1010 826 sancta:
1047 772 1304 826 Romana:
1335 773 1447 826 sedi
1480 772 1784 826 exhiberet.

269 862 431 928 1110,
465 863 574 915 ind.
599 863 649 914 2.
682 857 818 915 Non.
859 861 1032 916 Martii
1067 863 1301 932 synodus
1329 863 1560 931 gloriosa
1593 863 1643 914 in
1675 860 1783 914 La-

191 953 476 1007 terani-nsi
503 952 1106 1021 :ccclesia,prmsidcnte
1135 951 1332 1006 domno
1349 969 1483 1022 papa
1513 951 1783 1017 Paschali,

181 1039 529 1100 celebratur.
563 1042 809 1097 l‘rzedieti
843 1044 1004 1114 legati
1052 1042 1309 1097 Leoditnn
1355 1044 1421 1098 ad
1469 1059 1650 1114 regem
1697 1059 1787 1100 vc-

199 1137 392 1198 uinnt,
427 1152 740 1207 reSpotzsnm
780 1152 929 1205 νίψει»
983 1137 1124 1190 refer
1159 1149 1296 1191 ntcs.
1326 1137 1399 1190 Ilii
1435 1153 1526 1191 rex
1577 1137 1786 1206 Anglici

187 1227 344 1296 regis
377 1227 540 1279 tiliam
569 1241 823 1294 sponsam
855 1223 1118 1295 suscepit,
1143 1242 1304 1295 quam
1331 1227 1382 1280 in
1407 1227 1604 1295 pascha
1641 1227 1782 1295 apud

197 1316 519 1384 'l'i-ajccttnn
552 1317 700 1384 regio
732 1333 882 1370 more
912 1318 1137 1372 dolavit.
1181 1317 1462 1387 I'prcditia
1495 1319 1544 1370 iu
1580 1317 1786 1371 Italiam

187 1407 262 1460 ab
289 1407 561 1460 universis
582 1406 882 1460 incidentis
941 1408 1276 1478 principibus
1323 1408 1557 1477 Trajrcti
1586 1407 1786 1461 collau-

185 1496 382 1550 dattr.
415 1496 629 1550 Cineas
679 1494 814 1549 Non.
860 1493 1013 1558 Jun.,
1058 1497 1211 1551 stella
1257 1497 1434 1551 adulta
1477 1497 1588 1566 jam
1627 1505 1786 1551 nocte

183 1589 478 1658 apparuit.
547 1589 726 1642 radios
784 1589 1070 1642 admodum
1150 1589 1337 1659 longos
1414 1605 1602 1644 versus
1689 1605 1786 1643 att-

183 1687 371 1732 strum
420 1680 486 1732 de
513 1693 570 1732 se
598 1678 907 1734 ell‘nndcus.
949 1679 1193 1750 Eclypsis
1249 1680 1387 1733 hunc
1440 1679 1580 1732 facta
1632 1689 1716 1734 est
1751 1679 1788 1734 2

135 1777 138 1780 ’
183 1766 340 1822 Non.
374 1767 475 1822 Mai
509 1764 679 1838 (U5).
709 1769 853 1823 Slari
888 1771 1166 1839 regionem
1193 1770 1541 1824 Albianornm
1589 1769 1786 1822 irrum-

183 1869 355 1928 punt.
383 1857 672 1926 multisque
693 1859 890 1914 oecisis
917 1869 970 1914 et
994 1862 1169 1930 eaptis
1215 1861 1458 1914 redeunt.
1511 1860 1638 1914 lmle
1672 1860 1782 1914 dux

1889 674 1994 748 que
2017 681 2265 748 personis
2292 681 2358 732 ad
2396 678 2502 734 tale
2545 678 2828 748 negocium
2868 677 3044 747 dignis
3089 675 3156 730 de
3186 687 3468 729 consecra-

1889 770 2036 823 tione
2068 771 2208 840 regis
2232 780 2451 824 tractat.
2479 771 2692 824 Statuta
2725 778 2904 822 autem
2955 767 3064 831 die,
3113 766 3317 821 scilicet
3345 763 3468 820 Idus

1887 862 2108 930 Aprdis,
2135 864 2186 915 in
2221 863 2466 916 :rcclcsia
2513 861 2653 914 beati
2696 860 2840 914 Pt-tri
2874 874 3050 929 regem
3084 859 3466 926 imperatorem

1886 969 1950 1007 co
1973 955 2448 1022 :se:rat.Cumque
2470 953 2724 1021 usquead
2751 949 3255 1005 communicamlnm
3291 948 3470 1001 missae

1886 1043 2256 1115 sollempnitas
2281 1056 2424 1100 esset
2441 1045 2736 1106 celebrata.
2757 1043 3086 1112 apostolicus
3109 1043 3236 1095 dato
3251 1039 3468 1095 silentio

1888 1151 2067 1206 regem
2093 1137 2171 1191 sic
2199 1137 2487 1206 alloquitur
2511 1151 2524 1189 :
2555 1135 2670 1189 lloc
2697 1152 2890 1203 corpus
2911 1134 3120 1186 Domini
3152 1133 3318 1186 nostri
3337 1130 3470 1184 Jesu

1887 1224 2106 1290 Christi,
2141 1237 2322 1280 uatum
2359 1243 2424 1280 ea:
2475 1225 2649 1279 Maria
2677 1227 2898 1293 rirginc,
2929 1240 3141 1294 passum
3178 1239 3272 1290 pro
3300 1222 3472 1274 salute

1885 1319 2086 1385 generis
2123 1316 2363 1378 lmnutni,
2408 1315 2476 1368 δίι
2519 1315 2852 1383 conﬁrmatio
2901 1331 3036 1368 vera:
3088 1311 3318 1383 pacisci
3349 1327 3473 1363 rou-

1887 1408 2081 1460 cordia:
2126 1408 2262 1460 inter
2311 1423 2391 1460 me
2419 1416 2467 1460 et
2504 1416 2570 1460 te.
2599 1406 2665 1460 Et
2707 1405 3194 1467 communicantes,
3239 1402 3472 1456 invicem

1885 1496 2112 1549 osculati
2135 1505 2280 1550 sunt.
2314 1495 2443 1550 Post
2470 1495 2584 1550 lucc
2607 1495 2904 1564 imperator
2925 1494 3280 1564 apostolicum
3311 1491 3473 1561 regiis

1887 1587 2206 1640 muneribus
2229 1587 2412 1651 donat,
2440 1601 2468 1640 a
2498 1602 2608 1656 quo
2646 1594 2921 1656 tamquam
2966 1586 3111 1640 Iilius
3148 1600 3176 1636 a
3202 1593 3356 1653 patre
3378 1599 3471 1636 sa-

1888 1677 2092 1734 lutatus
2125 1673 2433 1734 dimittitur.
2467 1678 2824 1733 Peutccosteu
2876 1677 3089 1732 Verane
3145 1675 3408 1730 celebrat.
3439 1673 3472 1727 7

1887 1768 1966 1824 Id.
1990 1770 2216 1838 Augusti
2262 1787 2388 1826 cum
2421 1770 2865 1841 frequentissimo
2913 1769 3292 1839 episcoporum
3340 1765 3476 1818 alio-

1889 1874 2117 1930 rumque
2171 1862 2478 1932 principum
2531 1869 2802 1916 conventu
2852 1869 3061 1930 patrem
3117 1873 3276 1913 suum
3326 1855 3475 1928 regio

183 1949 482 2018 Liutgcrns
554 1961 830 2017 permotus
902 1960 1102 2006 terram
1153 1951 1436 2005 Slarormu
1512 1951 1781 2006 hostiliter
1814 1943 1855 2002 Β
1884 1965 2034 2004 tuore
2064 1951 2221 2020 Spire
2245 1950 2459 2019 sepelit.

183 2037 425 2102 invadit,
457 2037 728 2108 regionem
768 2041 1164 2110 praulalnnnlns
1213 2041 1570 2110 perambulat,
1598 2056 1792 2096 novem

184 2129 359 2183 urbes
391 2130 710 2184 tnunniores
732 2143 789 2185 et
819 2132 1190 2201 Opulentiores
1215 2133 1378 2202 capit,
1403 2133 1792 2202 obsidibusque

185 2223 257 2274 ab
291 2223 430 2292 ipsis
475 2225 712 2293 acceptis
753 2229 928 2280 vietor
959 2226 1116 2282 redit.
1156 2225 1312 2280 Circa
1363 2226 1791 2296 assumptionetn

184 2323 404 2368 Sattcltl'
438 2313 620 2367 Maria:
649 2331 740 2369 rex
775 2317 921 2383 regio
942 2324 1199 2386 apparatu
1231 2315 1438 2369 Italiam
1470 2315 1790 2384 ingreditur.

183 2404 1218 2467 Omnescivitatestnnuit;e.omniacast
1251 2406 1319 2459 Ila
1337 2405 1787 2475 regisnbdnntur.

256 2497 279 2550 I
310 2497 359 2549 Il
381 2499 426 2561 I,
470 2496 584 2550 ind.
610 2497 668 2551 3.
718 2495 832 2551 Rex
863 2496 1097 2551 natalem
1150 2497 1364 2552 Domini
1400 2497 1540 2566 apud
1571 2495 1793 2551 Floren-

185 2586 328 2638 liam
361 2585 626 2640 celebrat.
658 2588 774 2654 Quo
806 2599 1047 2656 peracto,
1069 2588 1105 2640 2
1129 2587 1250 2641 ldus
1309 2586 1586 2641 FeLruarii
1622 2586 1791 2642 llotne

185 2676 257 2730 ab
285 2678 587 2747 :qmstolico
622 2679 915 2733 bonoritice
966 2681 1256 2748 excipitur.
1309 2679 1459 2732 Datis
1495 2691 1676 2732 autem
1706 2688 1792 2733 nt-

189 2767 413 2833 rinique
443 2767 744 2830 obsidibus,
776 2767 827 2820 in
859 2767 1104 2822 :ecclesia
1138 2768 1278 2822 beati
1313 2767 1457 2822 l‘etri
1481 2768 1788 2832 consident,

189 2873 358 2928 Super
394 2858 632 2928 negociis
680 2859 1078 2914 :ecclesiasticis
1131 2859 1443 2915 tractaturi.
1497 2859 1632 2914 Dum
1676 2859 1791 2915 hzcc

189 2959 455 3018 aguntur,
495 2949 728 3004 factione
749 2951 1088 3019 quorundam
1115 2951 1373 3005 tumultus
1423 2950 1475 3004 in
1527 2951 1790 3005 (ecclesia:

205 3054 302 3105 ,'ra.
329 3037 454 3091 ilms
494 3047 688 3092 or.tnr.
723 3039 1082 3093 anncrantnr
1132 3039 1335 3110 plures,
1367 3041 1587 3109 quidam
1620 3039 1790 3094 truci-

211 3128 416 3180 lautnr.
450 3125 568 3193 Qno
609 3129 815 3189 audito,
845 3145 875 3182 a
910 3144 1032 3198 rege
1070 3129 1358 3182 concdimn
1407 3130 1785 3194 disturbatur;

198 3217 531 3287 apostolicus
558 3234 682 3273 eum
731 3220 1096 3273 cardinalibus
1128 3219 1289 3289 regia:
1327 3221 1584 3274 custodia:
1625 3221 1792 3288 depu-

1964 2041 2021 2096 In
2071 2042 2446 2112 assumptione
2497 2049 2704 2096 saneta:
2751 2041 2933 2097 Mariae
2970 2041 3110 2113 apud
3144 2040 3473 2111 Mogontiam

1891 2131 2243 2197 Adclbertns,
2276 2133 2520 2187 omnium
2564 2134 3014 2189 cauecllariorum
3057 2135 3150 2204 qui
3189 2144 3318 2188 ante
3352 2147 3477 2188 eum

1891 2223 2111 2279 fuerant
2141 2225 2193 2278 in
2231 2225 2355 2279 aula
2387 2225 2530 2296 regis
2556 2225 2969 2289 celeberrimus,
3006 2233 3274 2294 prteseule
3305 2225 3478 2294 impe-

1892 2328 2074 2372 ratore
2101 2327 2154 2373 et
2187 2319 2582 2382 consentiente,
2627 2318 2871 2372 tmauimi
2911 2317 3173 2373 mcclesia:
3208 2315 3478 2372 electione

1892 2409 2237 2480 Mogontiuns
2287 2412 2732 2482 archiepiscopus
2789 2413 3160 2466 constituitur.
3201 2409 3479 2465 Palatinus

1888 2513 2076 2556 cernes
2099 2500 2336 2555 Sili-idus
2371 2502 2604 2566 solutus,
2636 2502 2832 2556 honori
2860 2519 2960 2557 suo
2986 2501 3314 2556 restituitur.

1962 2594 2118 2648 III2.
2160 2593 2460 2663 Imperator
2491 2595 2728 2648 natalem
2771 2595 2984 2649 Domini
3025 2593 3292 2650 Goslaria:
3334 2590 3477 2647 cele-

1891 2683 2034 2738 brat.
2072 2684 2349 2740 Dissensio
2375 2683 2612 2756 Linigeri
2641 2693 2696 2739 et
2720 2685 3054 2742 marehiouis
3083 2683 3325 2739 Iloudolli
3355 2699 3478 2738 cum

1893 2773 2250 2842 imperatore.
2322 2774 2476 2830 Unde
2545 2775 2852 2844 principum
2921 2775 3194 2830 sententia
3261 2774 3479 2842 utrique

1892 2867 2282 2937 dampnantnr.
2319 2866 2558 2922 Dueatns
2580 2865 2764 2922 Ottoui
2795 2868 2862 2922 de
2885 2867 3196 2924 Ballcnstad
3227 2866 3481 2922 commit-

1895 2959 2050 3020 titur,
2085 2958 2326 3012 marehia
2366 2958 2636 3028 Elperico.
2667 2959 2968 3029 Imperator
2995 2957 3305 3014 Saltwidrle
3335 2957 3480 3012 obsi-

1892 3051 2004 3114 det,
2031 3051 2128 3121 ipsi
2158 3068 2263 3106 non
2296 3051 2470 3122 longe,
2497 3067 2618 3106 cum
2649 3051 2977 3120 imperatore
3003 3051 3320 3122 pugnaturi.
3349 3064 3474 3102 eum

1893 3145 2134 3199 exercitu
2190 3153 2431 3198 manent.
2472 3145 2565 3198 Set
2611 3143 2800 3199 bellica
2853 3144 3070 3199 tandem
3123 3143 3272 3197 rabie
3321 3141 3479 3196 dissi-

1895 3243 2040 3303 pata,
2087 3235 2330 3304 pr:cdicti
2384 3233 2658 3303 principes
2703 3234 2880 3304 gratia
2926 3232 3272 3302 imperatoris
3319 3240 3478 3285 utnu-

191 3319 366 3363 tatur.
398 3309 627 3362 Ilonmni
683 3319 833 3366 trans
888 3321 1106 3378 pontem
1155 3312 1293 3365 ultra
1327 3311 1581 3383 Tyberim
1628 3312 1783 3365 ditl'a-
1813 3309 1859 3370 C
1892 3335 1998 3380 ιιηο,
2027 3327 2350 3383 Agema-ms
2377 3325 2772 3394 Mogoncie,,sis
2798 3325 3004 3380 electus
3032 3323 3193 3396 κείω
3217 3323 3478 3379 custodia,

189 3401 374 3472 ginnl.
411 3401 608 3456 Iiadeut
661 3415 821 3458 nocte
871 3413 981 3457 tota
1032 3404 1228 3459 civitas
1277 3403 1660 3459 Lateranensis
1715 3415 1792 3459 tu—

192 3494 372 3547 multu
428 3494 620 3549 bellico
665 3498 994 3550 concutitur.
1061 3496 1192 3552 Orto
1246 3512 1427 3562 mane,
1474 3498 1673 3552 creetis
1719 3499 1793 3552 si-

193 3587 362 3656 gnis,
408 3583 795 3640 Lateraueusis
835 3588 1166 3641 u2animiter
1228 3602 1407 3656 regem
1477 3603 1542 3641 ex
1596 3588 1794 3658 impro-

195 3678 320 3730 viso
376 3677 654 3730 im'adnnt.
709 3676 1040 3732 Cubicularii
1096 3692 1223 3732 vero
1272 3678 1414 3744 regis
1468 3693 1616 3731 arma
1665 3693 1790 3732 cor-

193 3773 432 3844 ripiunt,
491 3773 820 3828 multitudini
864 3774 1092 3828 \‘irditer
1144 3773 1427 3828 re.-;istunt.
1486 3773 1600 3827 Rex
1663 3788 1793 3827 vero

195 3873 250 3920 ct
278 3865 431 3918 acies
451 3880 544 3918 sua
567 3865 679 3934 jam
703 3867 954 3924 adaucta.
998 3880 1117 3934 qua:
1153 3867 1300 3933 prius
1333 3881 1479 3928 rara,
1509 3865 1790 3919 venientes

195 3958 464 4010 audacter
517 3957 766 4020 invadit,
817 3965 1170 4011 occursantes
1219 3956 1416 4010 multos
1461 3955 1790 4020 obruucat,

195 4059 417 4103 ceteros
471 4049 665 4117 fugat;
713 4047 977 4117 plenaque
1015 4047 1239 4100 victoria
1289 4047 1512 4116 potittts,
1561 4046 1793 4102 adducto

196 4158 388 4197 secum
428 4141 726 4210 apostolico
769 4156 891 4194 cum
938 4140 1325 4204 cardinalibus,
1365 4154 1552 4194 versus
1599 4138 1792 4193 Albam

193 4233 479 4287 civita'em
509 4231 709 4294 tendit;
743 4239 920 4284 castra
949 4229 1002 4283 in
1041 4229 1250 4298 campis
1275 4229 1390 4283 urbi
1423 4228 1794 4295 adjacentibus

197 4323 337 4394 ﬁgit,
374 4324 463 4376 ubi
515 4339 611 4392 per
643 4331 807 4375 totam
865 4321 1338 4391 qnadragesimam
1394 4331 1652 4375 moratur.
1697 4319 1795 4376 llis

195 4414 274 4469 ita
327 4405 517 4482 gestis,
565 4413 708 4482 regis
753 4413 1045 4481 Optimatcs
1089 4411 1334 4480 quidam,
1391 4413 1791 4467 connunnieato

197 4504 451 4566 consdio,
495 4519 708 4572 papam,
760 4503 850 4572 qui
883 4503 1060 4556 adlntc
1090 4503 1140 4554 in
1169 4501 1414 4556 custodia
1451 4503 1594 4571 regia
1649 4502 1790 4556 dcti-

197 4593 450 4657 nebatur,
484 4594 706 4658 adeunt,
740 4600 983 4654 mouent,
1023 4600 1207 4655 orant,
1245 4599 1302 4644 ut
1332 4606 1497 4662 super
1529 4591 1669 4662 regis
1697 4608 1792 4646 ue-

199 4687 361 4757 gocio
393 4686 576 4740 mitius
605 4693 750 4756 agat,
799 4682 1029 4752 injuria),
1058 4685 1291 4754 si,quam
1319 4686 1581 4739 adversus
1610 4699 1790 4755 regem

197 4777 422 4840 Ivabeat,
446 4775 815 4840 obliviscatur,
841 4772 994 4828 fedns
1014 4789 1137 4829 cum
1168 4788 1294 4845 rege
1315 4774 1490 4838 ineat;
1521 4775 1664 4842 regis
1689 4775 1791 4830 sibi

204 4869 519 4924 ﬁdelitatem
561 4876 614 4922 et
657 4867 1041 4922 obmdientiam
1082 4874 1428 4936 proponunt;
1481 4866 1792 4921 omnimodo

203 4962 519 5026 sollicitant,
545 4971 602 5015 ut
629 4976 747 5030 qua:
773 4962 920 5031 pacis
949 4969 1003 5015 et
1027 4961 1332 5016 concordia:
1355 4969 1502 5025 sunt,
1534 4975 1656 5016 cum
1686 4960 1794 5031 pri-

208 5054 454 5110 moribus
480 5053 629 5123 regni
659 5053 947 5122 disponere
982 5052 1252 5121 dignetur.
1286 5052 1400 5106 Ilex
1434 5054 1548 5123 ipse
1571 5054 1797 5122 pedibus

205 5146 323 5216 ejus
344 5144 624 5198 humiliter
652 5144 924 5213 profusus,
958 5146 1170 5198 veniam
1227 5141 1484 5214 postulat,
1517 5143 1792 5198 obmdieu-

211 5238 342 5291 tiam
375 5236 622 5306 spondet,
654 5234 948 5290 dummodo
974 5235 1022 5289 ei
1079 5235 1130 5288 in
1188 5233 1334 5304 regia
1365 5244 1634 5305 potestate
1667 5232 1792 5302 jure

213 5337 622 5382 autecessorum
650 5339 872 5380 suorum
898 5324 1289 5378 catholicorum
1343 5340 1526 5394 regum
1557 5326 1632 5378 uti
1667 5340 1794 5379 eon-

177 5413 180 5415 Α
212 5419 388 5474 cedat.
421 5419 618 5488 Sicque
665 5418 847 5486 sepius
885 5416 1140 5470 domuum
1173 5432 1382 5486 papam,
1422 5426 1480 5470 ut
1508 5417 1672 5470 animi
1716 5417 1792 5470 ri-

217 5526 398 5581 gorem
435 5509 822 5578 aliquantisper
858 5516 1203 5577 temperaret,
1247 5509 1604 5578 attemptavit.
1647 5506 1793 5562 Tau-

215 5603 335 5658 dem
362 5618 496 5674 papa
527 5601 767 5659 vincitur
789 5609 845 5657 et
872 5601 1035 5667 cedit,
1060 5611 1114 5657 et
1139 5604 1216 5660 sic
1240 5600 1466 5657 Romam
1496 5599 1792 5657 honoriﬁco

291 5765 437 5832 (“3)
476 5765 577 5820 .‘Iai
608 5764 804 5834 reliqua
833 5759 1056 5819 abscisa.
1084 5764 1205 5819 Maii
1245 5763 1518 5820 Annalista
1553 5763 1718 5821 Saxo.

1893 3419 2144 3488 tnancipa
2155 3428 2264 3478 tur.

1966 3511 2124 3564 Itt5.
2169 3510 2527 3582 Ileynbardns
2563 3511 2852 3580 episcOpns
2891 3507 3385 3573 Ilalberstadensis,
3421 3515 3479 3561 et.

1893 3597 2233 3664 Wicbertns,
2279 3601 2616 3656 inﬁdelitatis
2643 3602 2782 3671 apud
2811 3603 3193 3670 imperatorem
3237 3598 3479 3653 secundo

1895 3690 2242 3746 deuotanlur.
2276 3691 2576 3762 Imperator
2605 3695 2831 3748 absente
2869 3693 3122 3762 episcopo
3159 3690 3480 3745 llalrerstad

1894 3782 2076 3846 venit;
2124 3781 2479 3838 IIorncburch
2515 3784 2752 3838 obsidet.
2797 3783 3098 3853 Episcopus
3132 3797 3263 3836 vero
3292 3789 3349 3835 et
3377 3779 3482 3834 Pa-

1893 3867 2092 3925 latinus
2119 3886 2302 3926 comes
2333 3871 2590 3935 Sil'ridus,
2622 3872 2931 3928 Wicbertns
2968 3881 3022 3926 et
3058 3887 3243 3926 comes
3280 3869 3481 3924 Lotho-

1895 3962 2088 4028 wicns,
2145 3978 2272 4018 eum
2336 3963 2664 4034 imperatore
2727 3965 3018 4034 pugnaturi
3079 3964 3275 4018 castris
3333 3961 3478 4018 haud

1895 4047 2054 4120 longe
2102 4052 2226 4108 lixis
2267 4063 2519 4118 manent;
2559 4062 2644 4107 set
2670 4052 2945 4109 deditione
2976 4054 3128 4108 urbis
3158 4051 3322 4115 facta,
3352 4051 3483 4121 ipsi-

1895 4155 2002 4203 que
2045 4141 2299 4213 episc0po
2342 4143 2428 4197 die
2469 4152 2695 4208 statuta,
2746 4152 2804 4197 ut
2849 4159 2931 4208 se,
2963 4143 3007 4199 si
3041 4152 3248 4213 posset,
3290 4143 3356 4196 de
3379 4140 3481 4195 ob-

1889 4231 2052 4303 jectis
2077 4245 2388 4300 excusaret,
2432 4235 2657 4290 bellicus
2704 4235 2792 4289 ille
2830 4235 3094 4289 tnnmltus
3135 4233 3345 4288 solutus
3374 4242 3479 4286 est.

1896 4327 2198 4397 Imperator
2239 4343 2372 4381 vero
2421 4341 2612 4382 versus
2662 4325 2914 4380 Illienum
2959 4323 3129 4379 vadit.
3181 4323 3317 4378 Dum
3368 4322 3484 4377 lucc

1899 4431 2157 4491 aguntur,
2199 4419 2515 4476 Wicbcrtus
2547 4422 2615 4475 ab
2645 4419 2836 4474 amicis
2867 4417 3216 4487 imperatoris
3247 4415 3479 4483 capitur.

1899 4511 2138 4568 Sili-idus
2180 4511 2460 4568 Palatinus
2506 4525 2689 4566 comes
2728 4511 3017 4565 occiditur.
3047 4509 3176 4574 Quae
3205 4507 3481 4574 resitnpe-

1903 4603 2076 4658 ratori
2123 4619 2228 4658 non
2271 4603 2540 4657 modicam
2585 4601 2838 4656 lacticiam
2879 4599 3128 4654 contulit.
3180 4597 3480 4664 Imperator

1902 4694 2212 4750 Wormacie
2236 4696 2436 4766 pascha
2470 4693 2730 4749 celebrat.
2763 4692 2842 4747 Eo
2878 4691 3165 4746 adducitur
3193 4689 3482 4758 episcopus

1901 4785 2274 4855 Mogontinus;
2322 4782 2562 4837 Triveles
2609 4782 2926 4852 Imperatori
2979 4781 3256 4843 redditur;
3293 4778 3473 4830 denuo

1899 4878 2162 4934 custodire
2191 4877 2554 4946 mancipatur.
2585 4875 2714 4932 Post
2742 4874 2944 4945 pascha
2978 4874 3274 4943 imperator
3298 4867 3486 4924 Gosla-

1902 4970 2040 5024 riam
2075 4968 2411 5040 regreditur;
2455 4965 2816 5037 lleynhardus
2859 4964 3144 5033 episcopus
3173 4961 3484 5014 interventu

1901 5063 2209 5133 principum
2233 5060 2464 5132 gratiam
2491 5057 2838 5131 imperatoris
2863 5055 3102 5121 obtinet;
3126 5051 3480 5110 llorueburch

1902 5161 2303 5206 concrematur.

1979 5241 2132 5296 HM.
2175 5241 2473 5312 Imperator
2511 5239 2747 5296 natalem
2781 5238 2992 5294 Domini
3027 5235 3345 5305 Bavenberg
3387 5249 3480 5289 cev

1905 5335 2104 5388 lebrat.
2137 5333 2321 5388 Altera
2353 5333 2440 5388 die
2469 5340 2590 5403 post
2626 5321 2974 5402 epiphaniam
3025 5328 3270 5384 collectis
3318 5326 3486 5381 totius

1904 5424 2055 5494 regni
2097 5423 2454 5492 principibus,
2490 5422 2704 5492 nuptias
2747 5421 2870 5475 tiliae
2915 5419 3058 5491 regis
3103 5417 3312 5489 Anglici
3357 5431 3482 5471 cum

1902 5513 2106 5581 ingenti
2153 5511 2324 5584 gloria
2365 5518 2730 5577 consummat,
2777 5510 2966 5582 quales
3007 5516 3135 5564 ante
3163 5521 3289 5563 eum
3316 5519 3478 5560 nemo

1903 5619 2090 5676 regum
2117 5603 2278 5675 longo
2302 5619 2366 5660 ex
2402 5612 2650 5674 tempore
2684 5602 2968 5659 disoosuit.
3003 5600 3081 5654 Ibi
3111 5597 3480 5664 Lotbovrieus,
