3944 6382
155 351 285 418 σοιν

657 368 661 372 ·
752 350 864 416 ΕΤ
899 350 1261 415 tam“
1290 351 1869 413 ASCHAFNABURG.
1897 353 2079 413 PARS
2113 354 2819 420 AL'I‘ERA'GENUINAZX'
3048 414 3055 417 _
3078 370 3095 399 ηπ

3320 361 3454 421 (ωδ

1026 465 1350 522 ANthLtss
1381 465 2043 522 HILDESHEIMENSES.
2071 468 2138 529 Α.
2174 456 2559 527 ttae—-1135.”

163 579 276 645 ade
296 576 593 650 episcopali
615 576 976 649 wercihurch
994 573 1301 659 imperator
1322 588 1378 634 et
1401 580 1563 643 totius
1587 580 1738 649 regni
1764 568 1815 628 Α
1842 584 1959 640 viso
2020 584 2538 643 circumveniuntur.
2580 584 2991 642 Obtruncantur
3047 589 3117 644 ibi
3144 608 3149 613 ο
3182 577 3453 662 plerique:

161 669 429 741 principes
466 667 819 732 conveniunt,
842 678 898 724 et
924 669 975 723 in
1004 669 1348 724 concordiam
1377 670 1624 733 redeunt,
1644 669 1734 739 ju—

161 763 295 819 dicio
315 770 370 816 et
396 759 623 816 consilio
646 761 830 815 domni
856 761 1137 833 apostolici
1181 777 1401 816 causam
1441 762 1733 831 imperato-

161 854 231 913 ris
257 853 730 909 determinandain
760 863 1125 909 reservantes.
1341 860 1349 869 ‘

181 1000 193 1007 _
225 943 383 999 liii.
425 943 483 998 ln
521 942 660 998 festo
686 944 887 999 natalis
930 944 1142 999 Domini
1185 945 1537 1000 vehementes
1561 943 1735 998 tnrbi-

158 1051 249 1092 nes
277 1043 567 1090 ventorum
600 1035 888 1093 innumera
914 1038 1129 1093 ediﬁcia
1152 1047 1207 1092 et
1231 1038 1455 1093 arbores
1482 1054 1511 1091 a
1541 1038 1755 1105 radicis

160 1142 253 1186 Dus
278 1127 637 1191 subrtterunt,
667 1135 725 1182 et
753 1127 1036 1183 inundatio
1071 1144 1335 1198 aquarum
1366 1144 1433 1183 ex
1461 1128 1733 1201 ymbrium

158 1218 527 1285 distillatione,
557 1233 719 1288 supra
748 1234 910 1288 quam
937 1219 1195 1291 cuiquam
1221 1220 1531 1274 mortalium
1560 1234 1652 1274 ore
1675 1219 1737 1273 li-

159 1308 257 1365 uile
299 1308 394 1385 sit,
426 1309 645 1375 evenit;
699 1310 993 1379 multisque
1038 1296 1357 1365 mortalibus
1392 1308 1749 1374 summersus,-

157 1401 235 1456 nis
270 1388 728 1470 qui‘evaserant,
773 1402 1016 1458 diuturni
1066 1402 1271 1457 doloris
1318 1417 1480 1457 causa
1529 1401 1749 1471 extitita

157 1492 307 1566 iliaca
356 1491 563 1548 festum
600 1503 805 1548 sancta:
841 1492 1024 1548 Mariae
1060 1492 1222 1562 Spire
1250 1502 1553 1548 conventus
1586 1492 1737 1562 prin-

158 1584 328 1654 cipum
373 1585 455 1639 lit.
502 1583 579 1640 lbi
627 1584 916 1655 episcopus
964 1584 1252 1646 Ostiensis,
1302 1584 1385 1636 vir
1425 1583 1731 1653 religiosus,

158 1682 349 1735 sancta:
380 1673 648 1730 Romana:
683 1675 943 1730 acclesize
977 1672 1204 1746 iegatus.
1240 1674 1560 1730 consulente
1589 1688 1743 1742 papa.

160 1765 374 1839 Calisto,
440 1766 829 1838 imperatorem
888 1769 1069 1823 banno
1120 1767 1371 1823 absolvit.
1434 1766 1737 1835 Imperator

158 1874 299 1923 vero,
327 1868 389 1914 ut
413 1859 820 1928 tecclesiasticte
850 1859 1089 1929 justicia?
1112 1860 1476 1920 satisfaceret.
1514 1857 1737 1913 investi-

1837 684 1997 731 terra:
2033 677 2308 740 meliores,
2340 676 2441 731 viri
2474 677 2640 734 fortes
2668 688 2720 734 et
2756 680 2985 746 nobiles,
3020 682 3164 735 ἀθειιί
3203 683 3449 739 ιιιίῑῑιὶει-’

1835 784 1940 839 que
1970 768 2127 823 clari.
2167 768 2278 824 Rex
2311 770 2712 838 expeditionem
2761 783 2942 827 movet
2982 789 3144 843 super
3178 774 3447 831 Frideri-f

1834 880 1957 919 cmn
1989 866 2181 920 ducem
2213 864 2426 921 Sneviae
2449 866 2532 918 vel
2557 867 2817 931 Alsacize;
2847 878 2931 924 set
2952 884 3019 924 eo
3040 870 3102 923 in
3133 871 3447 925 munitiora.

1838 965 1995 1010 terrae
2021 970 2079 1011 se
2107 957 2419 1026 recipiente.
2452 973 2546 1013 rex
2597 959 2797 1015 infecto
2839 961 3066 1031 negoeio
3098 962 3260 1015 redit.
3289 962 3441 1016 Tre-'

1838 1046 1980 1101 veris
2001 1049 2144 1116 apud
2169 1057 2419 1102 sanctqu
2450 1049 2780 1104 Eucharium
2814 1054 3087 1122 reperitur
3116 1054 3264 1123 (1H8)
3293 1068 3443 1117 cor-'1

1835 1156 1939 1211 pus
1963 1142 2137 1195 sancti
2164 1141 2404 1197 Matthia-
2444 1144 2672 1213 apostoli
2720 1146 2913 1199 subtus
2946 1145 3122 1200 altare
3156 1145 3435 1203 Johannis

1837 1232 2105 1302 baptistae.
2172 1232 2291 1299 Quo
2340 1235 2500 1303 digne
2557 1234 2762 1300 locato,
2825 1237 3113 1307 deinceps"
3144 1239 3214 1292 ab
3275 1238 3439 1295 omni3

1836 1324 2033 1394 populo
2062 1324 2364 1379 Teutonico
2394 1327 2631 1381 maxima
2655 1328 2944 1383 devotione
2971 1329 3190 1383 colitur.
3314 1364 3319 1369 -
3418 1321 3425 1367 ί

1858 1413 2067 1469 Ἰ1Ιῖ’1.
2110 1414 2227 1468 Rex
2271 1413 2607 1471 Norinbercb
2637 1417 2839 1472 urbem
2868 1417 3289 1473 munitissimam
3325 1419 3439 1472 οδε

1837 1504 2045 1563 sidione
2077 1506 2307 1575 prcutit;
2336 1516 2419 1561 set
2451 1506 2525 1561 nil
2558 1508 2731 1562 relatu
2760 1509 2979 1579 dignum
3011 1518 3188 1563 aetum
3220 1518 3303 1564 est
3328 1508 3433 1571 ibi;

1836 1608 1921 1653 set
1965 1598 2084 1652 sine
2130 1597 2328 1653 eti‘cctu
2376 1612 2501 1652 cum
2534 1600 2770 1668 dampuo
2814 1615 3037 1655 suorum
3079 1599 3203 1653 inde
3240 1598 3434 1655 rediit.

1839 1686 2139 1758 lleym'icus
2188 1687 2719 1745 Patherlu'unueusis
2774 1690 3060 1760 cpiscopus
3114 1689 3279 1754 obiit,
3340 1687 3435 1744 cui

1838 1775 2183 1833 Bernhardm
2202 1768 2477 1834 succedit.
2598 1790 2603 1797 '
2642 1836 2647 1845 ,
2890 1806 2895 1813 ρ
3424 1796 3431 1835 :

1856 1862 1860 1867 ’
1910 1868 2067 1922 1128.
2108 1868 2266 1923 Circa
2307 1870 2503 1924 festum
2546 1862 2724 1924 sancti
2758 1867 3027 1924 Johannis
3048 1869 3306 1939 Baptistae
3334 1878 3435 1928 rea

160 1957 303 2019 iuras
338 1950 852 2008 melesiasticarum
891 1953 1215 2021 dignitatum
1244 1964 1435 2009 sancto
1461 1950 1623 2006 Petro
1650 1965 1736 2004 τοι
1768 1921 1811 1983 Β
1840 1959 2234 2028 expeditionem
2274 1972 2467 2015 contra
2509 1960 2856 2016 Connradum
2897 1960 3119 2015 fratrem
3165 1959 3434 2035 Friderici

158 2041 327 2111 misit;
353 2041 427 2098 ita
454 2044 762 2109 dumtaxat,
793 2052 853 2099 ut
883 2046 1053 2101 libera
1079 2045 1342 2100 electione
1369 2044 1735 2114 praecedente,

159 2142 211 2188 et
235 2148 508 2189 canonum
544 2136 814 2205 gravitate
845 2145 1190 2200 conservata,
1236 2135 1533 2206 imperialis
1581 2146 1736 2189 aulo-5

158 2225 303 2294 ritas,
328 2225 482 2296 quod
511 2227 593 2281 sui
624 2223 768 2294 juris
803 2237 908 2290 est,
943 2228 996 2282 in
1023 2228 1422 2284 constituendis
1465 2226 1737 2298 episcopis

160 2318 269 2372 sive
313 2317 612 2373 abbatibus
660 2319 743 2372 vel
789 2318 1083 2376 abbatissis
1111 2336 1218 2375 non
1249 2320 1569 2384 amitteret;
1604 2328 1658 2372 et
1688 2318 1734 2373 si

157 2410 216 2463 in
254 2412 660 2466 constituendis
688 2412 776 2467 his
803 2412 1156 2482 dignitatibus
1184 2410 1478 2473 discordia,
1507 2418 1565 2463 ut
1593 2422 1738 2479 saepe

164 2503 241 2567 lit,
281 2502 617 2569 oborirctur,
663 2504 969 2573 itnperialis
997 2512 1240 2573 potestas
1266 2502 1496 2558 consilio
1521 2503 1737 2571 sapien-

155 2599 267 2653 tum
290 2596 618 2649 eoutrairct.

227 2682 377 2738 “25.
415 2685 691 2741 Adelbero
713 2684 1026 2741 Bremensis
1077 2686 1527 2756 archiepiscopus
1574 2700 1739 2740 cauo-

162 2775 275 2828 nice
298 2774 503 2832 electus
538 2791 639 2846 pro
676 2779 1008 2846 reposcenda
1032 2778 1179 2847 pallii
1216 2778 1479 2848 dignitate
1507 2776 1736 2833 Romam

152 2865 331 2933 evadit;
376 2865 454 2924 ibt
506 2882 541 2922 a
588 2867 788 2923 domno
837 2871 1138 2941 apostolico
1183 2868 1388 2925 Calisto
1437 2870 1739 2925 honoriﬁce

165 2961 464 3031 soscipitur,
516 2960 570 3016 in
610 2962 1079 3032 archiepiscopum
1131 2963 1201 3017 ab
1245 2978 1313 3019 eo
1359 2974 1737 3030 consecratur,

167 3052 440 3126 habitaqne
497 3053 709 3125 synodo
762 3057 1027 3112 canonico
1088 3065 1143 3112 et
1203 3046 1496 3125 judiciario
1546 3059 1739 3113 ordine

152 3145 369 3201 'vvalliutn
408 3147 673 3213 obtinuit,
704 3148 1031 3220 negligentia
1063 3150 1292 3204 duorum
1332 3159 1736 3205 autecessorum

151 3280 155 3289 ς
191 3255 369 3297 uorum
403 3241 672 3297 amissum
700 3252 755 3298 et
782 3244 835 3297 in
866 3242 1049 3298 Dauos
1080 3242 1424 3298 translatum.

227 3333 377 3388 1124.
420 3333 673 3405 Eclypsis
725 3335 866 3390 lunae
926 3336 1068 3390 facta
1125 3345 1208 3390 est
1253 3335 1373 3390 Kal.
1427 3334 1734 3388 Februarii.

146 3420 354 3493 Magna:
380 3424 544 3480 molis
585 3425 794 3496 grando
821 3426 1019 3481 cecidit
1043 3426 1078 3481 9
1128 3425 1249 3479 Kal.
1279 3425 1531 3493 Augusti.
1577 3424 1738 3495 Ecly~

149 3513 267 3581 .psis
300 3515 425 3571 solis
473 3514 620 3569 facta
661 3522 749 3569 est
780 3513 815 3569 5
852 3514 979 3569 ldus
1032 3514 1283 3576 Augusti.
1327 3513 1519 3583 Magna
1566 3511 1741 3567 fames

146 3605 363 3660 rat-cidit.
429 3606 673 3662 Calistns
732 3621 867 3676 papa
932 3605 1101 3672 obiit,
1153 3606 1237 3660 cui
1286 3603 1560 3659 llonorins
1611 3618 1740 3659 suc»

164 3698 333 3753 cessit.

238 3789 386 3845 “25.
424 3790 732 3859 Imperator
758 3788 994 3857 Trajeeti
1038 3788 1178 3843 inl'ra
1216 3787 1572 3843 cbdomadam
1610 3803 1741 3857 pen-

142 3891 389 3941 ‘terosten
448 3885 621 3951 obiit;
676 3899 877 3955 corpus
924 3885 1044 3954 ejus
1093 3883 1308 3952 Spiram
1368 3882 1631 3937 defertur.
1685 3881 1738 3936 In

168 3973 292 4033 festo
318 3979 495 4034 sancti
527 3978 893 4034 Bartholomei
922 3992 1115 4033 omnes
1143 3978 1310 4033 totius
1345 3976 1558 4046 imperii
1594 3976 1744 4045 prin-

169 4069 301 4140 cipes
358 4073 651 4145 Moguntina
720 4073 1086 4136 conveniunt,
1156 4084 1346 4126 omnes
1411 4071 1743 4126 unanimiter

169 4161 341 4218 ducent
370 4165 686 4236 Lintgernm
721 4164 774 4219 in
820 4179 998 4235 regem
1029 4163 1312 4233 eligentes.

142 4258 151 4268 '
232 4257 380 4312 “‘16.
425 4258 610 4313 Novus
651 4273 744 4312 rex
795 4257 1028 4312 natalem
1072 4256 1282 4311 Domini
1316 4255 1457 4325 apud
1492 4256 1742 4326 Argenti-

142 4362 282 4402 ‘nam
328 4350 585 4413 celelzrat,
630 4349 827 4405 dehinc
874 4350 942 4403 ad
991 4349 1223 4419 patriam
1274 4349 1433 4403 redit.
1473 4346 1743 4419 Rotgerus

173 4434 699 4512 Parthenopolitanus
729 4443 1017 4512 episcopus
1057 4441 1223 4507 obiit,
1245 4442 1332 4496 cui
1380 4440 1743 4496 Northbertus

148 4536 414 4590 tsucccdit.
476 4535 623 4601 Rex,
690 4544 843 4606 rapta
908 4537 1025 4591 acie
1086 4534 1376 4589 admodum
1431 4549 1629 4604 parva,
1688 4533 1740 4587 in

1837 2053 1991 2115 ducis
2030 2053 2226 2117 movit,
2265 2054 2585 2122 obseditque
2623 2054 2809 2108 urbem
2847 2053 3041 2123 Spire;
3084 2052 3433 2122 acceptisque

1835 2145 2136 2210 obsidibus,
2166 2146 2311 2200 circa
2342 2144 2538 2201 festum
2571 2147 2743 2201 sancti
2777 2144 2989 2202 Martini
3018 2146 3287 2202 discessit.

1846 2294 1847 2301 η
1910 2235 2068 2291 H29.
2114 2235 2237 2291 Post
2280 2245 2631 2305 peutecosten
2671 2252 2761 2289 rex
2803 2237 2991 2292 urbem
3030 2236 3189 2306 Spire
3231 2238 3432 2292 iterum

1836 2327 2121 2387 obsidione
2168 2326 2349 2391 vallat,
2379 2327 2507 2396 quia
2557 2325 2746 2393 iidem,
2776 2342 2941 2396 quam
2979 2326 3245 2397 superiori
3288 2340 3432 2382 anno

1837 2419 2121 2482 dederant,
2156 2418 2239 2473 inf
2240 2428 2513 2489 regerunt.
3408 2422 3417 2429 '

1912 2511 2071 2566 H30.
2113 2512 2223 2567 Rex
2269 2513 2504 2567 natalem
2538 2510 2749 2566 Domini
2778 2526 2901 2567 cum
2929 2511 3099 2565 multa
3127 2510 3430 2583 frequentia

1836 2603 2144 2672 principum
2183 2603 2328 2657 circa
2370 2603 2556 2659 urbem
2601 2601 2758 2672 Spire
2793 2603 2846 2656 in
2886 2602 3135 2659 tentoriis
3168 2602 3431 2659 celebrat;

1836 2691 2082 2759 .Tandem
2116 2692 2406 2761 Sp‘renses
2435 2692 2683 2746 videntes
2708 2692 3075 2746 constantiam
3105 2692 3265 2762 regis,
3290 2690 3433 2745 fame

1836 2781 2034 2847 coacti,
2065 2796 2187 2837 sese
2209 2798 2332 2835 cum
2363 2783 2476 2852 ipsa
2510 2781 2642 2837 urbe
2675 2782 2786 2851 regi
2829 2781 3168 2836 tradiderunt
3207 2782 3259 2836 in
3293 2779 3432 2839 [esto

1836 2884 2152 2930 sanctorum
2173 2876 2542 2931 innocentum.
2559 2873 2830 2930 Honorius
2853 2890 2988 2946 papa
3003 2874 3257 2936 obiit,cui
3278 2874 3368 2927 lnr
3414 2898 3421 2905 ο

1841 2968 2054 3023 centius
2080 2969 2366 3025 successit.
2407 2966 2721 3023 Burkardus
2751 2967 2817 3022 de
2850 2969 3020 3023 Lucca
3053 2966 3202 3037 (419)
3231 2950 3433 3027 οοοίιιέ)

1786 3126 1791 3129 _
1843 3069 1958 3125 tur;
2005 3062 2148 3116 umle
2191 3077 2284 3118 rex
2324 3060 2680 3115 contristatus
2721 3069 2775 3115 ct
2818 3060 3006 3121 iratus.
3041 3056 3439 3119 Winceburch,

1841 3163 2079 3208 castrum
2119 3152 2429 3208 llerimanni
2461 3151 2701 3218 comitis,
2732 3153 2818 3207 cui
2863 3150 3020 3220 hujus
3062 3150 3215 3209 cedis
3248 3148 3437 3207 cousi-

1843 3241 1973 3298 limn
1997 3252 2052 3298 et
2073 3242 2287 3313 jussum
2312 3243 2713 3312 imponebatur,
2735 3242 3014 3298 obsidione
3034 3241 3355 3301 circumdat.
3404 3252 3407 3259 ‘

1919 3335 2075 3395 1151.
2115 3335 2232 3391 Rex
2272 3336 2506 3390 natalem
2547 3334 2759 3390 Domini
2800 3333 3134 3390 Gandersem
3171 3331 3431 3391 celebrat.

1843 3422 2210 3480 llerimaunns
2236 3426 2462 3481 consilio
2486 3424 2793 3494 principum
2818 3438 2941 3478 cum
2969 3422 3229 3493 praedicto
3251 3430 3435 3485 castro

1842 3518 1985 3584 regis
2009 3531 2068 3572 se
2092 3517 2345 3587 potestati
2374 3516 2557 3571 tradit.
2583 3514 2752 3582 Quem
2782 3528 2875 3567 rex
2898 3512 3156 3568 custodia:
3178 3512 3432 3581 deputatj;

1841 3621 2084 3671 castrum
2115 3622 2245 3663 vero
2269 3609 2454 3661 everti
2474 3605 2588 3661 solo
2617 3614 2775 3660 tenus
2805 3605 3053 3674 imperat.

1824 3746 1829 3751 .
1916 3702 2073 3758 1152.
2122 3699 2607 3755 Vehemenlissima
2662 3699 2745 3755 vis
2801 3705 3085 3753 ventorum
3147 3694 3433 3764 innumera

1841 3796 2056 3851 editieia
2105 3792 2391 3849 subvertit.
2434 3791 2666 3861 Eclipsis
2714 3790 2856 3845 luna:
2904 3789 3044 3845 facta
3090 3796 3176 3843 est
3223 3786 3258 3841 5
3295 3776 3432 3856 Non.

1845 3888 2032 3944 Marcii
2068 3887 2241 3958 (ΩΟ).
2272 3886 2583 3940 Translatio
2622 3884 2797 3941 sancti
2821 3881 3129 3938 Godehardi
3160 3879 3303 3935 facta
3328 3887 3434 3947 est.

1841 3981 2003 4037 Circa
2042 3978 2472 4049 assumptionem
2522 3985 2728 4033 sancta:
2770 3974 2953 4030 Maria:
2995 3972 3257 4043 profectio
3294 3970 3438 4040 regis

1843 4073 1898 4127 in
1929 4072 2135 4127 italiam
2168 4086 2266 4141 pro
2295 4069 2708 4125 consecratione
2738 4084 2835 4123 sua
2865 4067 2934 4123 ab
2962 4063 3262 4136 apostolico
3288 4063 3431 4131 apud

1844 4164 2073 4219 Romam
2118 4165 2170 4218 in
2212 4176 2479 4218 cesarem.
2511 4160 2568 4215 In
2610 4174 2721 4230 quo
2762 4160 2956 4214 itinere
2987 4172 3113 4214 cum
3148 4155 3215 4211 ad
3245 4155 3433 4209 urbem

1846 4258 2214 4325 Augustanam
2258 4255 2526 4318 venisset,
2567 4268 2688 4310 eam
2738 4253 2964 4324 paciﬁcc
3010 4251 3289 4322 ingreSSuS
3327 4258 3434 4303 εει.

1846 4347 1943 4403 Set
1969 4347 2310 4417 quorundam
2345 4345 2544 4399 civium
2576 4344 2812 4399 factione
2842 4343 3038 4399 seditio
3070 4351 3260 4397 contra
3293 4338 3442 4408 regis

1808 4480 1815 4487 ς
1846 4442 2092 4497 homines
2132 4449 2320 4495 exorta
2347 4448 2460 4505 est;
2491 4450 2547 4494 et
2571 4439 2672 4494 hac
2698 4438 2765 4493 de
2789 4452 2955 4493 causa
2979 4435 3260 4505 repentino
3286 4433 3439 4502 igne.

1847 4542 1907 4588 ut
1937 4534 1990 4587 in
2021 4533 2112 4587 tali
2152 4532 2384 4591 tumultu
2430 4532 2546 4587 lieri
2583 4530 2738 4588 solet.
2770 4530 2966 4586 civitas
2996 4528 3109 4583 fere
3149 4534 3260 4582 tota
3299 4540 3435 4581 cou-

174 4621 428 4680 Boetniam
460 4641 557 4693 pro
584 4625 920 4681 restituendo
949 4626 1169 4688 Ottone,
1195 4625 1286 4695 qui
1319 4623 1517 4695 injuste
1560 4623 1742 4692 priva-
1766 4643 1821 4702 D
1845 4623 2112 4698 ﬂagravit,
2142 4634 2197 4681 et
2228 4624 2382 4699 multi
2424 4632 2533 4678 tam
2575 4620 2770 4694 gladiis
2809 4636 2969 4689 quam
3000 4619 3241 4683 ﬂammis
3260 4616 3444 4687 perie-

174 4718 273 4765 tum
329 4731 386 4771 se
439 4716 644 4771 honore
699 4718 971 4784 pra-dicta:
1024 4715 1315 4784 provineize
1383 4714 1733 4785 querebatur,

146 4807 358 4874 ‘lendit,
384 4811 603 4864 incaute
628 4810 867 4879 quidem.
911 4809 1037 4863 Tria
1067 4809 1213 4864 enim
1246 4806 1413 4867 milia,
1450 4823 1554 4861 non
1595 4806 1736 4876 plus,
1812 4822 1825 4855 ί.

175 4914 342 4956 secum
372 4906 693 4975 assumpsit;
729 4905 963 4960 hostium
1007 4918 1140 4959 vero
1187 4902 1258 4956 ΞΟ
1296 4902 1441 4956 milia
1486 4910 1578 4955 aut
1619 4912 1738 4954 am-

177 4991 305 5060 plius
333 5005 505 5051 erant.
538 4996 765 5051 Ducenti
807 5011 937 5051 vero
977 4994 1341 5067 expeditiores
1380 5008 1561 5062 regem
1605 5006 1743 5061 prie.

178 5082 454 5150 cedebant,
510 5086 577 5139 ad
630 5085 1004 5156 prrecidendas
1057 5085 1340 5154 indagines
1395 5083 1569 5144 silva‘,
1625 5097 1746 5150 quin

178 5171 432 5235 Beemiam
484 5195 514 5232 a
564 5179 798 5233 Saxonia
842 5179 1241 5240 disterminant,
1275 5175 1543 5245 dispositi.
1585 5173 1747 5228 Cum-

181 5281 276 5333 que
305 5269 352 5322 hi
392 5287 488 5342 per
532 5272 677 5326 invia
727 5281 780 5325 et
834 5271 1063 5339 abrupta
1108 5270 1257 5326 silvce
1296 5268 1450 5339 quasi
1497 5276 1747 5336 repentes

180 5355 491 5425 laborarent,
540 5372 653 5418 tum
701 5364 905 5418 nivium
950 5361 1342 5432 magnitudine,
1379 5369 1490 5414 tum
1540 5356 1746 5427 indagi—

184 5460 298 5503 num
334 5451 595 5509 incisione
636 5453 867 5523 fatigati,
905 5453 1141 5508 hostium
1187 5451 1397 5505 insidiis
1437 5463 1501 5504 ex
1550 5448 1747 5517 impro-

179 5619 383 5754 ῘηΗΙὸ)
427 5625 541 5680 Vox
564 5645 628 5682 ex
652 5627 787 5683 Ann.
812 5629 1024 5685 Saxone
1048 5647 1077 5684 a
1106 5629 1327 5685 Cltesnio
1351 5628 1575 5690 inserta;
1602 5625 1745 5680 locus

239 5707 280 5741 m
301 5710 528 5750 m‘rnstls.

239 5707 280 5741 m
301 5710 528 5750 m‘rosus.

248 5762 384 5835 (419)
420 5766 671 5825 Loccum.

1847 4728 1992 4773 runt.

1918 4806 2075 4867 H55.
2118 4811 2232 4866 Rex
2265 4810 2500 4864 natalem
2543 4806 2753 4867 Domini
2788 4807 2845 4861 in
2887 4800 3263 4875 Lengobardia
3293 4800 3439 4869 apud

1846 4902 2052 4968 villam,
2084 4900 2403 4956 Medicinam
2451 4897 2599 4971 (421)
2637 4898 2856 4959 dictam,
2886 4895 3142 4951 celebrat.
3170 4892 3291 4947 'Per
3318 4888 3435 4945 -ιιει-

1848 4993 1974 5047 liam
2023 4992 2279 5063 pleraque
2324 4991 2439 5045 loca
2490 4989 2698 5045 munita
2753 4989 2857 5042 sibi
2907 4985 3213 5042 resistentia
3269 4998 3298 5037 c
3335 4982 3434 5052 pit.

1848 5084 2088 5139 Tandem
2125 5084 2160 5138 2
2207 5082 2325 5138 Kal.
2372 5081 2497 5137 Maii
2551 5082 2778 5135 Romam
2827 5094 2952 5134 cum
3001 5090 3210 5132 smnmo
3253 5072 3436 5126 favore

1850 5178 2176 5245 ingreditur;
2220 5175 2401 5244 ibique
2450 5174 2485 5228 2
2538 5172 2678 5229 Non.
2730 5172 2907 5235 Junii,
2970 5185 3076 5238 quo
3137 5177 3264 5222 tunc
3321 5166 3435 5219 dies

1851 5208 1955 5245 11161
1969 5208 2139 5230 υυιιιιι
2163 5219 2176 5241 ν
2222 5208 2401 5244 ιυιιιιιῠ
2454 5208 2485 5228 ﬂ
2541 5208 2678 5229 L‘Ullc
2730 5208 2872 5228 'llllll
2893 5213 2907 5235 ν
2970 5208 3075 5238 ιιηυ
3138 5208 3264 5222 ,ιιι-ν
3322 5208 3457 5295 ιουυιΐ

1851 5268 2129 5323 Dominica
2158 5268 2362 5333 extitit,
2389 5265 2673 5321 Lateranis
2701 5265 2751 5317 in
2779 5264 3005 5319 basilica
3035 5260 3208 5317 sancti
3236 5259 3462 5332 Johaug

1853 5362 1937 5416 nis
1960 5359 2222 5431 Baptistae
2257 5377 2286 5414 a
2334 5360 2533 5414 domno
2561 5357 2861 5429 apostolico
2898 5352 3210 5410 Innocentio
3242 5351 3293 5405 in
3333 5351 3437 5402 im-

1853 5462 2158 5522 peratorem
2188 5458 2560 5506 consecratur.
2588 5447 2937 5504 Berubardus
2964 5445 3432 5501 Pathcrbrunncn-

1921 5631 2067 5701 (ΗΟ)
2111 5628 2191 5685 Ma
2213 5647 2273 5685 :::
2304 5647 2349 5683 c.

1922 5702 2067 5774 (121)
2104 5701 2325 5756 Mensa?
