3952 5346
550 290 650 343 6H

1474 287 1771 344 DUDONIS
1803 287 2048 344 DECANI
2078 287 2136 341 S.
2174 287 2476 354 QUINTINI
2518 289 2889 346 “ROMANO.

3686 295 3788 356 εις

550 411 802 466 vocatur,
825 415 891 456 ex
915 399 1122 470 pariter
1148 399 1290 470 pari,
1318 407 1374 454 et
1392 398 1595 468 pariter
1617 399 1809 469 impari
1833 397 2132 453 confectus.
2165 387 2210 440 Α
2239 399 2356 453 laus
2387 401 2552 455 oculos
2588 411 2810 470 tangere
2837 405 3069 470 videtur,
3102 415 3157 460 et
3181 407 3286 471 cui,
3312 414 3369 461 ut
3409 422 3566 477 supra
3595 410 3790 466 dictum

552 491 709 547 Sicut
738 508 969 562 namque
998 491 1100 546 iste
1151 507 1409 546 numerus
1437 493 1605 562 ipsam
1654 491 1900 546 eamdem
1929 506 1956 544 s
1979 489 2135 560 guilt

555 585 823 637 cationem
870 584 1104 649 illormn,
1144 595 1202 638 ct
1240 583 1428 646 aliam,
1463 599 1626 653 quam
1677 583 1752 636 illi
1782 599 1885 636 non
1916 584 2134 645 habent,

556 675 622 727 de
643 674 840 744 quibus
868 674 1179 737 coniicitur,
1209 675 1447 744 possidet
1475 693 1487 726 :
1536 674 1606 727 ita
1637 683 1689 726 tu
1721 675 1964 726 omnium
2022 671 2136 740 cpi-

556 779 842 834 scopormu
865 805 879 830 ,
909 766 997 834 qui
1024 768 1195 819 cidem
1221 781 1446 819 munero
1475 764 1825 832 deputantur,
1853 780 2012 832 quam
2045 764 2138 815 ha-

558 857 686 910 bent
712 857 817 909 vim
846 856 1138 925 religionis,
1174 865 1227 910 ct
1249 856 1406 909 aliam
1444 870 1473 908 a
1510 855 1617 908 Deo
1646 854 1874 907 obtines.
1913 853 1978 906 Et
2002 870 2138 922 qua-

554 946 682 1000 liter
706 963 769 1001 ex
799 962 903 1000 una
931 949 1127 1016 impar,
1173 962 1240 999 ex
1275 945 1440 999 altera
1471 955 1622 1014 parte
1653 960 1752 1014 par
1780 945 1976 998 dicitur
2007 963 2022 997 .
2061 944 2140 996 sic

557 1039 674 1106 ipse
699 1048 752 1092 ιιι
780 1039 920 1101 aliis,
951 1039 1043 1107 qui
1077 1025 1362 1092 altitudine
1395 1037 1563 1107 ipsius
1598 1036 1808 1090 nmneri
1839 1036 2140 1089 subliman-

490 1143 496 1160 ‘
557 1141 668 1193 tur,
729 1131 1032 1200 ilneqnalis,
1080 1139 1134 1184 ct
1185 1129 1409 1199 arqualis
1463 1127 1734 1182 inveneris
1778 1145 1791 1180 :
1863 1125 2140 1195 inmqualis

557 1231 866 1285 sanctitate,
912 1222 1133 1291 :rqualis
1160 1237 1286 1276 vero
1333 1221 1570 1274 nomine.
1626 1219 1743 1288 Ipse
1775 1229 1919 1272 recte
1948 1233 2141 1284 super-

556 1312 694 1367 ﬂuus
734 1314 846 1366 suis
894 1313 1158 1365 asset-itur
1203 1312 1466 1380 partibus,
1513 1309 1637 1378 quia
1693 1307 1942 1361 videlicet
1991 1307 2034 1360 si
2089 1305 2140 1358 in

557 1418 722 1456 unum
781 1402 1091 1470 redigantur
1143 1401 1259 1470 ejus
1312 1400 1541 1468 species,
1593 1398 1825 1468 qualiter
1879 1410 2141 1450 summam

555 1493 801 1564 pristina:
833 1491 1152 1560 quantitatis
1176 1490 1684 1560 transgrediuntur;
1736 1488 1815 1541 sic
1842 1499 2142 1554 transgres-

558 1587 710 1640 sione
748 1583 1088 1646 meritormn,
1141 1583 1184 1636 si
1229 1592 1333 1636 tua:
1380 1580 1687 1658 sanctitatis
1726 1578 1965 1649 symbola
1995 1575 2145 1630 colli-

557 1686 777 1749 guntur,
805 1677 925 1730 aliis
965 1677 1016 1729 in
1041 1676 1227 1729 eodem
1263 1689 1486 1728 numero
1525 1673 1633 1728 Deo
1680 1671 2033 1726 militantibus
2063 1669 2144 1722 al-

557 1768 666 1821 tior
705 1767 979 1835 reperiris.
1026 1766 1164 1830 Quid
1196 1781 1324 1818 vero
1369 1765 1420 1818 in
1466 1765 1654 1817 eodem
1691 1762 1912 1816 musicis
1938 1760 2140 1815 calculo

558 1858 876 1927 designatur
924 1857 1172 1920 modulis,
1219 1857 1321 1910 nisi
1373 1855 1676 1910 sublimitas
1711 1854 1845 1906 lauti
1891 1853 2142 1922 pat'oni?

557 1949 696 2016 Quid
729 1949 873 2002 aliud
922 1949 1034 2018 ipse
1069 1948 1455 2014 dumlenarins,
1506 1945 1607 2000 nisi
1647 1953 1966 2000 concentmn
2000 1959 2142 2014 sym-

558 2041 776 2110 phonia:
823 2040 1082 2109 diapason
1128 2050 1417 2106 augmento
1469 2037 1793 2106 duplicitatis
1839 2035 2140 2105 perlicitad

558 2131 856 2192 senarimn,
884 2131 973 2199 qui
1013 2131 1096 2183 sui
1140 2129 1374 2198 quadam
1421 2128 1890 2182 demonstratione
1916 2124 2144 2192 alicujus

558 2224 637 2276 rei
665 2222 1077 2286 perfectionem,
1103 2221 1242 2274 sicut
1278 2222 1391 2288 ipse
1437 2219 1711 2288 perfectus
1733 2227 1854 2278 est,
1886 2217 2146 2270 assuesrit

559 2311 899 2382 signiﬁcare?
933 2311 992 2364 Et
1021 2312 1148 2380 quid
1179 2325 1274 2378 per
1300 2323 1585 2363 ascensum
1619 2307 1827 2359 ordinis
1863 2305 2019 2372 lmjns
2052 2319 2143 2356 nu-

563 2401 718 2464 meri,
753 2401 851 2454 nisi
886 2401 1149 2453 immensa
1180 2398 1442 2467 perfectio
1472 2395 1705 2463 duplicis
1735 2393 2054 2448 incrementi
2091 2392 2142 2445 in

563 2501 615 2545 te
639 2493 911 2544 cmnulata
957 2491 1401 2558 augmentatione
1427 2487 1762 2556 duplicitatis
1794 2483 2145 2540 declaratur?

565 2579 905 2650 Ilespiciente
933 2579 1200 2647 siquidem
1234 2579 1425 2632 eodem
1463 2591 1690 2630 numero
1713 2577 1780 2629 ad
1803 2585 2144 2628 octonarium

563 2675 938 2742 Sesqnialtera,
959 2675 1025 2728 ad
1051 2674 1404 2727 novenarium
1435 2670 1778 2739 sesquiterlia
1803 2669 2147 2738 proportione

564 2764 842 2832 diapente,
883 2773 937 2817 et
968 2764 1305 2816 diatessaron
1353 2761 1554 2815 retinet
1581 2760 1971 2830 symphonias:
2021 2757 2147 2826 quia

566 2863 694 2907 tunc
726 2852 1006 2922 temporis,
1044 2868 1152 2921 quo
1207 2852 1374 2922 ipsius
1421 2850 1662 2919 ejusdem
1696 2848 1972 2918 provectio
2001 2858 2052 2901 tc
2095 2849 2147 2901 in

565 2941 832 3012 pastorale
878 2942 1113 3010 regimen
1171 2940 1406 3004 sustulit,
1447 2949 1570 2993 octo
1613 2937 1970 2991 beatinnlines
2025 2936 2148 2989 tino

2237 502 2341 555 est,
2384 501 2526 548 totus
2574 496 2749 550 honor
2787 496 3030 552 debetur.
3085 499 3290 562 Talem,
3338 511 3390 553 et
3439 501 3792 568 hujuscemodi

2239 585 2498 639 honorem
2537 589 2699 640 corde
2737 590 2967 651 revolvo,
3007 599 3061 642 ct
3111 602 3287 645 mente
3315 592 3572 651 delibero.
3613 594 3798 647 decere

2240 682 2444 727 lantmn
2478 688 2759 742 patronum
2787 693 2800 730 :
2847 689 2902 730 ιιι
2944 697 3062 747 quae
3095 680 3144 731 in
3174 681 3271 731 hoc
3296 681 3483 734 codice
3526 683 3632 735 suis
3655 692 3798 738 tene-

2239 763 2352 818 bris
2380 765 2606 818 obscura
2645 768 2912 829 videntur,
2968 786 3063 837 per
3103 783 3152 821 te
3193 771 3448 823 adluccm
3485 773 3796 836 referantur,

2239 857 2483 926 quianon
2509 861 2776 925 penuriosi
2810 870 2860 913 et
2890 862 3158 929 ingloriosi
3188 878 3379 916 nomen
3406 865 3798 932 compositoris,

2241 949 2334 1002 sed
2366 951 2564 1019 egregii
2592 954 2918 1006 correctoris
2943 954 3057 1008 laus
3085 955 3414 1022 acquiretur.
3633 950 3640 958 ’

2313 1038 2628 1108 Quanquam
2683 1042 2755 1095 sit
2801 1043 2850 1095 in
2907 1059 2991 1096 me
3020 1059 3115 1112 pro
3157 1046 3384 1098 stultitia
3436 1047 3799 1113 reptnaurlum,

2241 1144 2339 1198 per
2367 1129 2587 1182 istarum
2616 1129 2914 1184 litterarum
2957 1134 3202 1186 liduciam
3233 1134 3472 1187 audacia:
3503 1135 3804 1188 animo-ita-

2245 1233 2350 1276 tem
2372 1223 2658 1291 arripiens.
2687 1223 2986 1288 majestatis
3009 1235 3112 1279 tua:
3140 1237 3486 1295 couspccmm
3509 1225 3802 1292 adgredior,

2244 1315 2638 1382 adgressusque
2661 1317 2842 1370 cordis
2885 1325 2938 1370 et
2983 1319 3226 1386 corporis
3267 1319 3478 1372 cervice
3526 1318 3802 1379 submissa,

2246 1421 2350 1458 non
2388 1405 2557 1459 solum
2587 1407 2776 1470 semel,
2806 1422 2901 1461 nec
2932 1408 3032 1466 bis.
3063 1423 3162 1462 nec
3187 1417 3286 1469 ter,
3333 1409 3462 1476 quin
3490 1408 3648 1460 etiam
3694 1423 3806 1459 rre-

2244 1495 2398 1549 brius
2424 1510 2610 1564 preces
2629 1497 2796 1564 jnngo
2832 1497 3101 1563 pret-ibus,
3131 1510 3188 1551 ut
3214 1499 3390 1551 omnis
3432 1496 3804 1565 scrupulisitas

2247 1587 2462 1656 injustas
2485 1588 2853 1657 ambiguitatis
2885 1590 2990 1642 tuis
3014 1589 3338 1642 acutissimis
3369 1589 3705 1658 bipennibus.
3745 1602 3803 1641 ex

2249 1678 2539 1746 purissimo
2593 1677 2767 1731 calibe
2819 1680 2981 1732 totius
3029 1679 3305 1747 sapientim
3357 1678 3641 1740 conifectis,
3699 1678 3805 1729 hiu-

2249 1768 2392 1820 ditus
2427 1775 2588 1834 atque
2622 1766 2876 1820 radicitus
2903 1776 3230 1835 amputetur.
3249 1766 3388 1820 Pcne
3423 1766 3647 1819 dimidia
3692 1779 3805 1832 pars

2243 1855 2400 1920 hujus
2424 1856 2603 1924 operis
2630 1856 2848 1909 minime
2892 1857 3106 1910 videtur
3145 1859 3412 1924 respicere
3449 1857 3515 1908 ad
3549 1857 3801 1922 negotium

2245 1945 2513 2006 utilitatis,
2545 1945 2645 1997 nisi
2692 1955 2742 1998 te
2788 1960 3024 1999 mcssore
3076 1947 3340 1999 sarriatur
3376 1947 3598 2000 carduis
3626 1960 3802 2013 snper-

2243 2037 2494 2101 ﬂuitatis;
2544 2038 2691 2106 quia,
2743 2037 2868 2090 dttm
2907 2055 3120 2108 premor
3171 2039 3415 2105 corporis
3467 2039 3803 2101 inlirmilate,

2245 2135 2481 2200 dtnnquc
2510 2130 2848 2183 smcularium
2907 2144 3084 2181 rerum
3146 2128 3407 2198 impedior
3459 2128 3802 2186 necessitate,

2245 2223 2440 2276 mentis
2491 2237 2623 2274 mea:
2673 2221 2880 2281 oculus,
2915 2236 3010 2273 sua
3065 2232 3255 2290 sponte
3303 2219 3608 2274 c.rcitatem
3649 2218 3804 2280 potius

2245 2328 2405 2381 quam
2426 2314 2594 2365 lucem
2620 2313 3015 2376 amplecti-nio,
3040 2312 3352 2370 sulloeatur,
3373 2320 3426 2363 et
3454 2309 3801 2376 corporalium

2246 2403 2528 2458 desideriis
2583 2402 2901 2466 gaudiorum
2957 2402 3203 2459 orhatur.
3237 2410 3416 2468 atque.
3454 2399 3505 2450 ia
3563 2397 3804 2449 immenso

2247 2495 2458 2563 gurgite.
2482 2495 2826 2547 tenebrarum
2855 2491 3204 2559 denu-rgitur.
3231 2490 3378 2542 Illum
3400 2487 3668 2556 siquidem
3697 2501 3806 2536 om-

2248 2582 2379 2649 lum,
2412 2603 2571 2654 quem
2603 2588 2724 2639 dico
2762 2585 3014 2638 subsidiis
3060 2584 3190 2637 recti
3237 2583 3454 2634 luminis
3485 2582 3805 2641 destitutum,

2248 2693 2277 2731 ιι
2307 2687 2378 2736 te,
2401 2679 2488 2746 qui
2521 2692 2703 2730 versar
2727 2693 2751 2729 s
2777 2676 2828 2728 in
2853 2691 3127 2728 sacrorum
3154 2672 3437 2742 p:‘:eceptis
3463 2671 3805 2739 clmpiinrnm,

2247 2779 2444 2836 exopto
2474 2767 2749 2820 illustrari.
2800 2766 3017 2819 Certum
3079 2774 3129 2818 te
3186 2764 3411 2816 reddere
3463 2762 3609 2821 volo,
3641 2772 3804 2812 utnon

2251 2858 2424 2930 rearis
2454 2873 2536 2910 me
2565 2859 2688 2910 huic
2720 2856 2867 2923 operi
2920 2856 3138 2907 ba'sisse
3181 2853 3502 2908 voluntarie.
3548 2869 3648 2905 nec
3697 2849 3805 2903 illud

2251 2957 2545 3014 Spontanea
2579 2947 2851 3000 voluntate
2880 2946 3129 3011 ςινιιὶμςιι.
3159 2945 3293 2997 Ante
3319 2943 3599 2998 biennium
3642 2942 3808 2994 nun-Es

565 3042 887 3101 augmentav
916 3042 956 3094 t,
1006 3041 1060 3084 ct
1108 3047 1302 3084 nomen
1349 3029 1660 3097 angelorum
1701 3026 1933 3081 ccetibns
1971 3027 2145 3080 socia-

2253 3040 2369 3104 ejus
2399 3049 2455 3089 ut
2488 3055 2634 3090 more
2665 3037 3058 3102 frequentativo
3086 3034 3157 3088 lui
3186 3035 3321 3102 ame
3350 3035 3612 3086 eximium
3639 3040 3806 3085 dnccnt

565 3128 661 3193 vit.
688 3127 802 3192 Qua
853 3141 982 3179 vero
1024 3125 1234 3177 ratione
1287 3122 1481 3176 biuarii
1531 3120 1980 3190 multiplicatione
2038 3121 2150 3186 ipse

565 3216 930 3270 duodenarius
979 3216 1030 3268 in
1075 3215 1390 3269 vicesimam
1432 3221 1681 3281 quartam
1730 3210 2150 3264 cumulationem

569 3307 904 3361 transcendit
941 3321 955 3358 :
993 3306 1072 3359 sic
1111 3305 1450 3375 geminorum
1492 3313 1904 3372 pt':L'(:Cpl0t'ttttt,
1944 3299 2152 3352 scilicet

568 3400 661 3454 Dei
691 3409 745 3453 et
769 3399 998 3467 proximi
1027 3414 1200 3455 amor.
1224 3397 1432 3468 gemina
1457 3395 1767 3449 observatio
1797 3393 1978 3463 viginti
2013 3408 2148 3460 qua-

570 3501 694 3544 tuor
721 3491 972 3558 Supernis
1000 3489 1308 3542 senioribus
1336 3497 1388 3541 te
1429 3486 1760 3556 aggregavit,
1798 3499 1922 3538 cum
1954 3482 2150 3550 quibus

573 3578 1005 3634 immarccssibili
1047 3594 1247 3632 corona
1305 3577 1587 3630 redimitus
1640 3575 1910 3628 canticum
1952 3588 2149 3626 ttovttttl

569 3673 775 3728 sedenti
808 3673 860 3725 in
909 3672 1100 3724 Iln'ono
1131 3670 1398 3724 cantabis.
1431 3669 1573 3721 Inter
1602 3681 1759 3734 quos,
1801 3665 1942 3718 sicut
1983 3665 2149 3716 isdem

570 3781 669 3820 sua
695 3765 986 3818 medietate
1024 3762 1387 3831 superposita,
1437 3759 1487 3813 id
1533 3768 1615 3812 cst
1650 3757 1886 3821 senario,
1938 3757 2054 3823 qu‘,
2097 3761 2154 3805 ut

573 3858 775 3910 dictum
811 3864 912 3917 est,
947 3865 1096 3908 caret
1121 3851 1426 3906 defectione
1465 3859 1518 3904 et
1551 3850 1942 3916 superﬂuitate,
1977 3848 2026 3899 in
2053 3864 2148 3898 oc-

575 3957 756 4000 tavum
788 3945 1056 3998 decimum
1097 3957 1382 3996 munerum
1416 3940 1612 3994 crescit
1643 3955 1656 3992 :
1689 3938 1940 3991 similiter
1988 3935 2153 3988 dulci-

573 4035 724 4091 sonis
771 4035 1144 4089 consonantiis
1181 4034 1346 4086 totius
1389 4029 1721 4085 ltarmonica:
1768 4027 2148 4081 modulationis

573 4127 808 4184 ollicinm
851 4124 1123 4178 mcllillua-
1155 4126 1436 4178 cantilena:
1479 4121 1850 4183 reddentibus,
1894 4119 2024 4171 nihil
2065 4119 2158 4172 de-

577 4215 860 4281 lectivnm,
891 4217 1020 4270 nihil
1051 4215 1378 4284 superﬂuum
1409 4216 1653 4275 audiens,
1680 4215 1972 4268 secundum
2003 4213 2158 4281 quin-

577 4323 684 4378 que
710 4307 1011 4360 tetracorda
1044 4307 1228 4359 decem
1266 4314 1319 4359 et
1345 4318 1470 4360 octo
1491 4305 1793 4374 disparibus
1821 4304 2015 4382 jnncxa
2043 4302 2158 4354 lidi-

2257 3129 2566 3187 liicatalmn,
2618 3127 2871 3180 \Vilh-hni
2925 3127 3255 3180 marrhionis
3308 3125 3496 3183 lilium,
3546 3124 3725 3176 volens
3767 3122 3808 3175 ri

2253 3223 2478 3276 reddere
2507 3237 2638 3272 mea:
2661 3220 2937 3274 servitutis
2966 3217 3219 3274 ollieinm.
3272 3226 3495 3284 propter
3547 3217 3806 3268 innumera

2253 3314 2513 3370 benclicia
2557 3329 2676 3380 qua:
2724 3313 2927 3379 absque
2978 3325 3097 3362 meo
3151 3309 3345 3361 merito
3397 3306 3528 3360 mihi
3581 3306 3810 3369 dignatus

2251 3417 2368 3460 erat
2401 3406 2685 3474 impartiri.
2736 3403 2836 3470 Qui
2884 3403 3116 3471 quadam
3161 3401 3247 3452 die
3293 3398 3623 3468 adgrediens
3668 3395 3811 3458 cmpit

2252 3499 2418 3553 brach
2445 3499 2489 3551 is
2505 3497 2741 3566 piissimi
2787 3495 2987 3546 amoris
3019 3509 3102 3546 me
3128 3490 3375 3560 amplecti
3399 3531 3414 3551 ,
3464 3491 3689 3556 suisque
3715 3485 3811 3538 drl-

2252 3589 2488 3642 cissimis
2519 3586 2858 3641 sermonibus
2892 3586 3126 3642 trahere,
3155 3594 3313 3648 atque
3352 3581 3610 3647 precibus
3644 3581 3815 3648 jucun-

2252 3679 2337 3732 (lis
2365 3677 2620 3734 mulcere,
2646 3676 2774 3744 quin
2817 3675 2978 3727 etiam
3002 3673 3255 3727 detestari
3283 3683 3336 3724 ct
3359 3673 3545 3737 jurare
3576 3671 3633 3722 in
3661 3670 3816 3722 rnari-

2254 3779 2384 3830 tate,
2418 3779 2492 3824 ul.
2528 3769 2572 3820 si
2609 3783 2710 3834 qua
2744 3780 2953 3834 possein
2988 3766 3214 3825 ratione,
3242 3762 3437 3814 :inimis
3463 3761 3582 3814 suis
3626 3761 3711 3812 diu
3739 3760 3817 3810 de.

2254 3860 2504 3914 sideralis
2533 3858 2780 3910 mederer
2806 3873 2819 3909 :
2874 3855 3083 3907 scilicet
3115 3863 3171 3905 ut
3212 3869 3390 3906 mores
3439 3862 3708 3918 artusque
3735 3851 3817 3903 tel-

2253 3950 2388 4003 luris
2412 3947 2807 4006 Nurmannicze,
2837 3944 2966 4011 quin
3004 3953 3055 3995 et
3082 3959 3168 3996 am
3222 3941 3408 4009 proavi
3455 3942 3540 3994 sui
3595 3940 3816 3994 Rullouis

2255 4058 2373 4110 qua!
2403 4040 2575 4109 posuit
2605 4039 2656 4092 in
2688 4035 2986 4106 reguojnra
3019 4034 3404 4088 describerent.
3449 4032 3647 4101 Sinpni
3693 4032 3816 4084 velut

2255 4145 2460 4191 amens.
2480 4137 2534 4182 et
2560 4144 2654 4196 per
2685 4129 2798 4181 dies
2821 4127 3026 4194 aliquot
3077 4125 3160 4178 his
3207 4123 3561 4193 petitionibus
3614 4140 3697 4177 mc
3738 4138 3817 4176 ne-

2256 4221 2372 4291 gavi
2401 4221 2663 4274 abnuens.
2695 4217 2934 4271 Tandem
2965 4231 3112 4277 vero,
3159 4223 3235 4268 tot
3288 4215 3606 4281 precatibus
3660 4223 3816 4267 motus

2260 4312 2528 4378 tantisque
2579 4309 2828 4378 precibus
2874 4308 3147 4376 fatigatus,
3187 4307 3275 4359 vix
3317 4305 3438 4358 llesi
3488 4305 3728 4358 animum
3762 4303 3815 4356 ad

578 4397 680 4452 bus
706 4395 996 4450 cllieaciter
1031 4395 1403 4449 delectaberis.
1448 4396 1715 4461 Qnorsmn
1757 4392 1982 4447 tendunt
2017 4391 2147 4445 ista?

2259 4411 2418 4455 tanta:
2457 4401 2684 4453 sarcina:
2725 4399 2933 4468 pondus
2975 4397 3216 4450 humeris
3247 4396 3383 4450 meis
3427 4396 3814 4462 iinponcn‘um.

579 4489 709 4543 Illud
738 4489 894 4543 estin
927 4504 1112 4543 causa.
1139 4487 1446 4559 Peragratis
1479 4489 1643 4543 totius
1677 4486 1861 4542 Gallia:
1889 4487 2150 4554 partibus,

579 4578 988 4648 ciretnnspectis
1010 4579 1246 4646 nudique
1269 4593 1426 4631 secus
1451 4579 1694 4631 Omnium
1722 4577 2155 4631 Christianorum

582 4670 799 4736 linibus,
841 4673 1110 4726 neminem
1146 4674 1448 4740 comperio,
1499 4671 1584 4725 cui
1618 4670 1732 4739 pari
1767 4670 1964 4723 decore
1995 4669 2159 4721 totius

582 4765 808 4820 honoris
847 4780 1070 4819 munera
1112 4765 1334 4819 attribui
1373 4765 1626 4828 debeant,
1675 4763 1818 4816 sicut
1869 4761 1984 4814 tibi.
2010 4763 2156 4827 Quo-

583 4857 752 4920 circa,
783 4857 1128 4911 memorande
1153 4854 1335 4918 Pater,
1367 4863 1646 4924 postquam
1676 4853 1876 4922 inclyta
1908 4852 2049 4905 fatua
2089 4867 2156 4905 ex

587 4946 694 5002 tuis
723 4947 872 5000 miris
897 4946 1110 5000 actibus
1134 4960 1389 5015 expressa
1419 4959 1578 4998 aures
1607 4959 1754 4998 meas
1781 4943 1998 5012 irrupit,
2039 4942 2159 4995 ani-

586 5037 693 5092 mis
725 5039 862 5091 meis
886 5038 1252 5092 indesinenter
1279 5037 1527 5092 stimulos
1559 5036 1624 5088 ad
1661 5045 1709 5089 te
1734 5035 2031 5088 divertendi
2063 5034 2158 5086 iiii-

591 5130 883 5183 nistravit:
928 5129 1050 5199 quia
1080 5128 1224 5182 velut
1268 5129 1336 5181 ab
1372 5127 1486 5195 ipsa
1520 5125 1888 5192 divulgationc
1928 5123 2162 5177 nominis

592 5221 669 5254 Ini
709 5221 864 5254 ιΙίιΙῖιοῖ
929 5222 1302 5254 curiarum-mna
1347 5221 1541 5254 “hin-In
1580 5217 1858 5254 a'nLiilnriiu
1904 5222 2033 5254 Iunia
2105 5227 2158 5252 m

2260 4492 2347 4554 Et,
2377 4505 2685 4559 quanquam
2736 4505 2897 4556 super
2931 4488 3122 4540 virium
3157 4502 3394 4538 mearum
3423 4484 3814 4553 possibilitatem

2259 4582 2360 4636 hoc
2382 4595 2499 4634 esse
2524 4579 2915 4634 recensuissem
2939 4578 3080 4645 quod
3108 4574 3679 4642 imlicebatur,jngqu
3703 4571 3813 4626 tanti

2256 4673 2441 4727 oneris
2471 4671 2608 4724 collo
2635 4685 2751 4724 meo
2795 4669 3053 4736 imposui:
3109 4667 3254 4721 illius
3306 4665 3548 4720 mandati
3603 4666 3818 4718 imita‘ct‘

2257 4764 2504 4826 cllectns,
2532 4764 2676 4831 quod
2710 4762 2954 4830 prsrcipit
2989 4774 3088 4814 nos
3123 4770 3296 4820 stare,
3325 4757 3564 4810 viriliter
3603 4765 3815 4826 agri-eet

2259 4853 2578 4917 confortari,
2625 4853 2846 4919 insuper
2883 4849 3064 4902 omnia
3114 4859 3297 4901 nostra
3325 4848 3376 4899 iu
3402 4846 3677 4901 charitatc
3720 4846 3812 4899 lieri

2260 4946 2312 5018 (l
2347 4946 2470 4999 Cor.
2505 4961 2614 5003 xvr.
2667 4943 2778 5013 13).
2825 4941 3010 5012 Stylus
3062 4949 3263 4993 nostrze
3316 4936 3609 5004 imperitia:
3644 4938 3812 4989 nedum

2259 5037 2462 5106 primas
2489 5044 2670 5104 partes
2698 5033 2878 5100 operis
2905 5032 3179 5099 attigerat,
3207 5029 3306 5081 heu
3329 5027 3463 5094 proh
3491 5027 3679 5081 dolor!
3713 5046 3751 5080 ci
3771 5039 3812 5078 nt

2260 5124 2627 5195 lacryniabilis
2680 5122 2824 5177 fama
2877 5120 3164 5174 Ricardum
3217 5127 3328 5170 toto
3357 5117 3492 5194 orbe
3541 5117 3813 5185 princ-ipim

2261 5221 2462 5252 ηιάιοιςη
2486 5216 2746 5250 nuntio"?!
2801 5212 2994 5248 nni-.31
3039 5212 3153 5246 homo
3180 5210 3233 5246 in
3257 5208 3441 5244 Jnlnra
3499 5207 3660 5244 Ιιηῖιιε
3687 5207 3813 5242 uri».
