  <div class='ocr_page' id='page_1' title='image "/cluster/home/n/w/nwhite01/storage/ocr_20150623/141/hvd.32044015471790/312.png"; bbox 0 0 3944 6424; ppageno 0'>
   <div class='ocr_carea' id='block_1_1' title="bbox 152 363 267 423">
    <p class='ocr_par' dir='ltr' id='par_1_1' title="bbox 152 363 267 423">
     <span class='ocr_line' id='line_1_1' title="bbox 152 363 267 423; baseline 0.052 -6"><span class='ocrx_word' id='word_1_1' title='bbox 152 363 267 423; x_wconf 74' lang='grc'><strong>613</strong></span> 
     </span>
    </p>
   </div>
   <div class='ocr_carea' id='block_1_2' title="bbox 1059 361 2591 419">
    <p class='ocr_par' dir='ltr' id='par_1_2' title="bbox 1059 361 2591 419">
     <span class='ocr_line' id='line_1_2' title="bbox 1059 361 2591 419; baseline 0 -2"><span class='ocrx_word' id='word_1_2' title='bbox 1059 362 1147 417; x_wconf 83' lang='lat' dir='ltr'><strong>DE</strong></span> <span class='ocrx_word' id='word_1_3' title='bbox 1178 361 1423 419; x_wconf 75' lang='lat' dir='ltr'><strong>GESTIS</strong></span> <span class='ocrx_word' id='word_1_4' title='bbox 1448 362 1876 418; x_wconf 66' lang='grc' dir='ltr'><strong>ΝΟΙὶΜΛΝΝΙᾸΞ</strong></span> <span class='ocrx_word' id='word_1_5' title='bbox 1913 362 2149 418; x_wconf 71' lang='grc' dir='ltr'>υυΟυΜ</span> <span class='ocrx_word' id='word_1_6' title='bbox 2179 362 2358 417; x_wconf 72' lang='lat' dir='ltr'><strong>LIBRI</strong></span> <span class='ocrx_word' id='word_1_7' title='bbox 2390 363 2591 419; x_wconf 76' lang='lat' dir='ltr'><strong>TRES.</strong></span> 
     </span>
    </p>
   </div>
   <div class='ocr_carea' id='block_1_3' title="bbox 3341 367 3444 422">
    <p class='ocr_par' dir='ltr' id='par_1_3' title="bbox 3341 367 3444 422">
     <span class='ocr_line' id='line_1_3' title="bbox 3341 367 3444 422; baseline 0.019 -3"><span class='ocrx_word' id='word_1_8' title='bbox 3341 367 3444 422; x_wconf 69' lang='grc'><strong>624</strong></span> 
     </span>
    </p>
   </div>
   <div class='ocr_carea' id='block_1_4' title="bbox 150 470 3449 547">
    <p class='ocr_par' dir='ltr' id='par_1_4' title="bbox 150 470 3449 547">
     <span class='ocr_line' id='line_1_4' title="bbox 150 470 3449 547; baseline -0.002 -13"><span class='ocrx_word' id='word_1_9' title='bbox 150 488 266 534; x_wconf 86' lang='lat' dir='ltr'><strong>tem</strong></span> <span class='ocrx_word' id='word_1_10' title='bbox 304 475 597 532; x_wconf 81' lang='lat' dir='ltr'><strong>Bodull&#39;um</strong></span> <span class='ocrx_word' id='word_1_11' title='bbox 630 491 717 531; x_wconf 85' lang='lat' dir='ltr'><strong>res</strong></span> <span class='ocrx_word' id='word_1_12' title='bbox 740 476 930 530; x_wconf 87' lang='lat' dir='ltr'><strong>eadem</strong></span> <span class='ocrx_word' id='word_1_13' title='bbox 961 484 1465 545; x_wconf 69' lang='lat' dir='ltr'><strong>repuesentaretnr.</strong></span> <span class='ocrx_word' id='word_1_14' title='bbox 1491 474 1753 530; x_wconf 83' lang='lat' dir='ltr'><strong>losistuut</strong></span> <span class='ocrx_word' id='word_1_15' title='bbox 1782 470 1827 525; x_wconf 85' lang='lat' dir='ltr'><strong>A</strong></span> <span class='ocrx_word' id='word_1_16' title='bbox 1858 475 1988 530; x_wconf 74' lang='lat' dir='ltr'><strong>Tua:</strong></span> <span class='ocrx_word' id='word_1_17' title='bbox 2038 474 2307 543; x_wconf 73' lang='lat' dir='ltr'><strong>majeStati</strong></span> <span class='ocrx_word' id='word_1_18' title='bbox 2350 475 2562 530; x_wconf 84' lang='lat' dir='ltr'><strong>mittere</strong></span> <span class='ocrx_word' id='word_1_19' title='bbox 2609 476 2872 545; x_wconf 73' lang='lat' dir='ltr'><strong>disposui,</strong></span> <span class='ocrx_word' id='word_1_20' title='bbox 2925 483 2983 528; x_wconf 94' lang='lat' dir='ltr'><strong>ut</strong></span> <span class='ocrx_word' id='word_1_21' title='bbox 3026 475 3158 531; x_wconf 82' lang='lat' dir='ltr'><strong>falsa</strong></span> <span class='ocrx_word' id='word_1_22' title='bbox 3208 485 3449 547; x_wconf 83' lang='lat' dir='ltr'><strong>amputa-</strong></span> 
     </span>
    </p>
   </div>
   <div class='ocr_carea' id='block_1_5' title="bbox 149 567 1752 639">
    <p class='ocr_par' dir='ltr' id='par_1_5' title="bbox 149 567 1752 639">
     <span class='ocr_line' id='line_1_5' title="bbox 149 567 1752 639; baseline -0.001 -17"><span class='ocrx_word' id='word_1_23' title='bbox 149 569 322 622; x_wconf 88' lang='lat' dir='ltr'><strong>ambo</strong></span> <span class='ocrx_word' id='word_1_24' title='bbox 346 568 626 639; x_wconf 83' lang='lat' dir='ltr'><strong>precibus.</strong></span> <span class='ocrx_word' id='word_1_25' title='bbox 658 577 718 622; x_wconf 89' lang='grc' dir='ltr'><strong>ιιι</strong></span> <span class='ocrx_word' id='word_1_26' title='bbox 762 568 905 637; x_wconf 90' lang='lat' dir='ltr'><strong>quod</strong></span> <span class='ocrx_word' id='word_1_27' title='bbox 953 568 1323 622; x_wconf 75' lang='lat' dir='ltr'><strong>memorabilis</strong></span> <span class='ocrx_word' id='word_1_28' title='bbox 1364 569 1491 623; x_wconf 75' lang='lat' dir='ltr'><strong>vita:</strong></span> <span class='ocrx_word' id='word_1_29' title='bbox 1520 569 1626 622; x_wconf 72' lang='lat' dir='ltr'><strong>dux</strong></span> <span class='ocrx_word' id='word_1_30' title='bbox 1662 567 1752 621; x_wconf 78' lang='lat' dir='ltr'><strong>Ri-</strong></span> 
     </span>
    </p>
   </div>
   <div class='ocr_carea' id='block_1_6' title="bbox 150 658 1756 728">
    <p class='ocr_par' dir='ltr' id='par_1_6' title="bbox 150 658 1756 728">
     <span class='ocr_line' id='line_1_6' title="bbox 150 658 1756 728; baseline -0.001 -16"><span class='ocrx_word' id='word_1_31' title='bbox 150 662 358 712; x_wconf 88' lang='lat' dir='ltr'><strong>cardus</strong></span> <span class='ocrx_word' id='word_1_32' title='bbox 398 658 671 727; x_wconf 80' lang='lat' dir='ltr'><strong>precando</strong></span> <span class='ocrx_word' id='word_1_33' title='bbox 694 666 1023 728; x_wconf 75' lang='lat' dir='ltr'><strong>prcccperat</strong></span> <span class='ocrx_word' id='word_1_34' title='bbox 1045 673 1403 727; x_wconf 77' lang='lat' dir='ltr'><strong>exsequerer;</strong></span> <span class='ocrx_word' id='word_1_35' title='bbox 1445 669 1501 712; x_wconf 94' lang='lat' dir='ltr'><strong>et</strong></span> <span class='ocrx_word' id='word_1_36' title='bbox 1533 675 1600 712; x_wconf 86' lang='lat' dir='ltr'><strong>uc.</strong></span> <span class='ocrx_word' id='word_1_37' title='bbox 1632 674 1756 726; x_wconf 76' lang='lat' dir='ltr'><strong>pro-</strong></span> 
     </span>
    </p>
   </div>
   <div class='ocr_carea' id='block_1_7' title="bbox 150 750 1758 821">
    <p class='ocr_par' dir='ltr' id='par_1_7' title="bbox 150 750 1758 821">
     <span class='ocr_line' id='line_1_7' title="bbox 150 750 1758 821; baseline 0.004 -22"><span class='ocrx_word' id='word_1_38' title='bbox 150 757 421 816; x_wconf 83' lang='lat' dir='ltr'><strong>positum,</strong></span> <span class='ocrx_word' id='word_1_39' title='bbox 476 750 619 817; x_wconf 76' lang='lat' dir='ltr'><strong>quod</strong></span> <span class='ocrx_word' id='word_1_40' title='bbox 667 750 741 802; x_wconf 78' lang='lat' dir='ltr'><strong>illi</strong></span> <span class='ocrx_word' id='word_1_41' title='bbox 787 751 1182 818; x_wconf 85' lang='lat' dir='ltr'><strong>spoponderam</strong></span> <span class='ocrx_word' id='word_1_42' title='bbox 1216 790 1230 814; x_wconf 90' lang='lat'><strong>,</strong></span> <span class='ocrx_word' id='word_1_43' title='bbox 1294 751 1345 803; x_wconf 93' lang='lat' dir='ltr'><strong>in</strong></span> <span class='ocrx_word' id='word_1_44' title='bbox 1400 751 1758 821; x_wconf 79' lang='lat' dir='ltr'><strong>bilittgnitatis</strong></span> 
     </span>
    </p>
   </div>
   <div class='ocr_carea' id='block_1_8' title="bbox 150 840 1755 910">
    <p class='ocr_par' dir='ltr' id='par_1_8' title="bbox 150 840 1755 910">
     <span class='ocr_line' id='line_1_8' title="bbox 150 840 1755 910; baseline 0.002 -20"><span class='ocrx_word' id='word_1_45' title='bbox 150 840 353 891; x_wconf 80' lang='lat' dir='ltr'><strong>vilium</strong></span> <span class='ocrx_word' id='word_1_46' title='bbox 414 854 653 902; x_wconf 72' lang='lat' dir='ltr'><strong>versum,</strong></span> <span class='ocrx_word' id='word_1_47' title='bbox 696 840 969 893; x_wconf 85' lang='lat' dir='ltr'><strong>videretur</strong></span> <span class='ocrx_word' id='word_1_48' title='bbox 1024 842 1133 893; x_wconf 88' lang='lat' dir='ltr'><strong>ullo</strong></span> <span class='ocrx_word' id='word_1_49' title='bbox 1180 842 1446 894; x_wconf 55' lang='lat' dir='ltr'><strong>tumulati</strong></span> <span class='ocrx_word' id='word_1_50' title='bbox 1503 842 1755 910; x_wconf 77' lang='lat' dir='ltr'><strong>inquina-</strong></span> 
     </span>
    </p>
   </div>
   <div class='ocr_carea' id='block_1_9' title="bbox 153 930 1755 999">
    <p class='ocr_par' dir='ltr' id='par_1_9' title="bbox 153 930 1755 999">
     <span class='ocr_line' id='line_1_9' title="bbox 153 930 1755 999; baseline 0.003 -18"><span class='ocrx_word' id='word_1_51' title='bbox 153 939 346 981; x_wconf 80' lang='lat' dir='ltr'><strong>mento</strong></span> <span class='ocrx_word' id='word_1_52' title='bbox 376 930 560 997; x_wconf 88' lang='lat' dir='ltr'><strong>pollui,</strong></span> <span class='ocrx_word' id='word_1_53' title='bbox 592 932 685 982; x_wconf 89' lang='lat' dir='ltr'><strong>sed</strong></span> <span class='ocrx_word' id='word_1_54' title='bbox 720 930 920 999; x_wconf 85' lang='lat' dir='ltr'><strong>pollere</strong></span> <span class='ocrx_word' id='word_1_55' title='bbox 953 932 1114 982; x_wconf 84' lang='lat' dir='ltr'><strong>totius</strong></span> <span class='ocrx_word' id='word_1_56' title='bbox 1162 932 1409 983; x_wconf 52' lang='lat' dir='ltr'><strong>ntadnllis</strong></span> <span class='ocrx_word' id='word_1_57' title='bbox 1450 932 1755 986; x_wconf 82' lang='lat' dir='ltr'><strong>intellectus</strong></span> 
     </span>
    </p>
   </div>
   <div class='ocr_carea' id='block_1_10' title="bbox 155 1019 1750 1091">
    <p class='ocr_par' dir='ltr' id='par_1_10' title="bbox 155 1019 1750 1091">
     <span class='ocr_line' id='line_1_10' title="bbox 155 1019 1750 1091; baseline 0.004 -20"><span class='ocrx_word' id='word_1_58' title='bbox 155 1019 391 1085; x_wconf 78' lang='lat' dir='ltr'><strong>intimis,</strong></span> <span class='ocrx_word' id='word_1_59' title='bbox 418 1030 813 1075; x_wconf 86' lang='lat' dir='ltr'><strong>contestantur.</strong></span> <span class='ocrx_word' id='word_1_60' title='bbox 846 1022 1212 1090; x_wconf 72' lang='lat' dir='ltr'><strong>Acqniesccus</strong></span> <span class='ocrx_word' id='word_1_61' title='bbox 1245 1023 1527 1091; x_wconf 69' lang='grc' dir='ltr'>ιιι-ιιιριιιιιίς</span> <span class='ocrx_word' id='word_1_62' title='bbox 1573 1022 1750 1091; x_wconf 58' lang='lat' dir='ltr'><strong>preci:</strong></span> 
     </span>
    </p>
   </div>
   <div class='ocr_carea' id='block_1_11' title="bbox 155 1109 1755 1182">
    <p class='ocr_par' dir='ltr' id='par_1_11' title="bbox 155 1109 1755 1182">
     <span class='ocr_line' id='line_1_11' title="bbox 155 1109 1755 1182; baseline 0.001 -20"><span class='ocrx_word' id='word_1_63' title='bbox 155 1109 262 1163; x_wconf 71' lang='lat' dir='ltr'><strong>Im;</strong></span> <span class='ocrx_word' id='word_1_64' title='bbox 286 1125 371 1173; x_wconf 80' lang='lat' dir='ltr'><strong>me</strong></span> <span class='ocrx_word' id='word_1_65' title='bbox 394 1125 605 1171; x_wconf 89' lang='lat' dir='ltr'><strong>eorum.</strong></span> <span class='ocrx_word' id='word_1_66' title='bbox 638 1124 930 1166; x_wconf 72' lang='lat' dir='ltr'><strong>exsecratus</strong></span> <span class='ocrx_word' id='word_1_67' title='bbox 963 1127 1109 1177; x_wconf 85' lang='lat' dir='ltr'><strong>smn,</strong></span> <span class='ocrx_word' id='word_1_68' title='bbox 1158 1113 1285 1165; x_wconf 90' lang='lat' dir='ltr'><strong>licet</strong></span> <span class='ocrx_word' id='word_1_69' title='bbox 1312 1113 1612 1166; x_wconf 67' lang='lat' dir='ltr'><strong>dialecticis</strong></span> <span class='ocrx_word' id='word_1_70' title='bbox 1642 1112 1755 1182; x_wconf 75' lang='lat' dir='ltr'><strong>syl-</strong></span> 
     </span>
    </p>
   </div>
   <div class='ocr_carea' id='block_1_12' title="bbox 155 1200 1747 1275">
    <p class='ocr_par' dir='ltr' id='par_1_12' title="bbox 155 1200 1747 1275">
     <span class='ocr_line' id='line_1_12' title="bbox 155 1200 1747 1275; baseline 0.002 -21"><span class='ocrx_word' id='word_1_71' title='bbox 155 1200 430 1271; x_wconf 65' lang='lat' dir='ltr'><strong>logismis,</strong></span> <span class='ocrx_word' id='word_1_72' title='bbox 468 1217 567 1258; x_wconf 88' lang='lat' dir='ltr'><strong>nec</strong></span> <span class='ocrx_word' id='word_1_73' title='bbox 618 1204 906 1259; x_wconf 78' lang='lat' dir='ltr'><strong>rhetoricis</strong></span> <span class='ocrx_word' id='word_1_74' title='bbox 934 1205 1274 1275; x_wconf 80' lang='lat' dir='ltr'><strong>argumentis</strong></span> <span class='ocrx_word' id='word_1_75' title='bbox 1316 1220 1420 1257; x_wconf 90' lang='lat' dir='ltr'><strong>non</strong></span> <span class='ocrx_word' id='word_1_76' title='bbox 1459 1204 1747 1273; x_wconf 83' lang='lat' dir='ltr'><strong>glorietur.</strong></span> 
     </span>
    </p>
   </div>
   <div class='ocr_carea' id='block_1_13' title="bbox 1860 566 3448 635">
    <p class='ocr_par' dir='ltr' id='par_1_13' title="bbox 1860 566 3448 635">
     <span class='ocr_line' id='line_1_13' title="bbox 1860 566 3448 635; baseline 0.003 -15"><span class='ocrx_word' id='word_1_77' title='bbox 1860 579 2068 630; x_wconf 85' lang='lat' dir='ltr'><strong>rentur,</strong></span> <span class='ocrx_word' id='word_1_78' title='bbox 2117 578 2171 621; x_wconf 91' lang='lat' dir='ltr'><strong>et</strong></span> <span class='ocrx_word' id='word_1_79' title='bbox 2217 569 2260 621; x_wconf 89' lang='lat' dir='ltr'><strong>si</strong></span> <span class='ocrx_word' id='word_1_80' title='bbox 2310 568 2438 635; x_wconf 91' lang='lat' dir='ltr'><strong>quid</strong></span> <span class='ocrx_word' id='word_1_81' title='bbox 2486 566 2732 621; x_wconf 84' lang='lat' dir='ltr'><strong>veritatis</strong></span> <span class='ocrx_word' id='word_1_82' title='bbox 2773 568 2825 620; x_wconf 92' lang='lat' dir='ltr'><strong>iu</strong></span> <span class='ocrx_word' id='word_1_83' title='bbox 2877 566 2965 620; x_wconf 90' lang='lat' dir='ltr'><strong>illo</strong></span> <span class='ocrx_word' id='word_1_84' title='bbox 3012 568 3322 630; x_wconf 79' lang='lat' dir='ltr'><strong>haberetur,</strong></span> <span class='ocrx_word' id='word_1_85' title='bbox 3358 580 3448 624; x_wconf 88' lang='lat' dir='ltr'><strong>tua</strong></span> 
     </span>
    </p>
   </div>
   <div class='ocr_carea' id='block_1_14' title="bbox 1857 658 3449 722">
    <p class='ocr_par' dir='ltr' id='par_1_14' title="bbox 1857 658 3449 722">
     <span class='ocr_line' id='line_1_14' title="bbox 1857 658 3449 722; baseline 0.001 -10"><span class='ocrx_word' id='word_1_86' title='bbox 1857 660 2186 713; x_wconf 87' lang='lat' dir='ltr'><strong>auctoritate</strong></span> <span class='ocrx_word' id='word_1_87' title='bbox 2213 660 2671 722; x_wconf 81' lang='lat' dir='ltr'><strong>conﬁrmaretur,</strong></span> <span class='ocrx_word' id='word_1_88' title='bbox 2724 668 2783 711; x_wconf 92' lang='grc' dir='ltr'><strong>ιιι</strong></span> <span class='ocrx_word' id='word_1_89' title='bbox 2830 658 3095 712; x_wconf 77' lang='lat' dir='ltr'><strong>mirabilis</strong></span> <span class='ocrx_word' id='word_1_90' title='bbox 3138 662 3449 714; x_wconf 75' lang='lat' dir='ltr'><strong>mercedum</strong></span> 
     </span>
    </p>
   </div>
   <div class='ocr_carea' id='block_1_15' title="bbox 1859 751 3451 821">
    <p class='ocr_par' dir='ltr' id='par_1_15' title="bbox 1859 751 3451 821">
     <span class='ocr_line' id='line_1_15' title="bbox 1859 751 3451 821; baseline 0.001 -16"><span class='ocrx_word' id='word_1_91' title='bbox 1859 753 2174 814; x_wconf 86' lang='lat' dir='ltr'><strong>retr.bntor,</strong></span> <span class='ocrx_word' id='word_1_92' title='bbox 2217 753 2307 821; x_wconf 91' lang='lat' dir='ltr'><strong>qui</strong></span> <span class='ocrx_word' id='word_1_93' title='bbox 2344 752 2600 804; x_wconf 78' lang='lat' dir='ltr'><strong>eximium</strong></span> <span class='ocrx_word' id='word_1_94' title='bbox 2652 753 3018 805; x_wconf 84' lang='lat' dir='ltr'><strong>marehionem</strong></span> <span class='ocrx_word' id='word_1_95' title='bbox 3074 751 3362 805; x_wconf 77' lang='lat' dir='ltr'><strong>lIit-ardum</strong></span> <span class='ocrx_word' id='word_1_96' title='bbox 3397 754 3451 806; x_wconf 80' lang='lat' dir='ltr'><strong>izt</strong></span> 
     </span>
    </p>
   </div>
   <div class='ocr_carea' id='block_1_16' title="bbox 1858 843 3455 914">
    <p class='ocr_par' dir='ltr' id='par_1_16' title="bbox 1858 843 3455 914">
     <span class='ocr_line' id='line_1_16' title="bbox 1858 843 3455 914; baseline 0.001 -19"><span class='ocrx_word' id='word_1_97' title='bbox 1858 844 2114 914; x_wconf 88' lang='lat' dir='ltr'><strong>paradiso</strong></span> <span class='ocrx_word' id='word_1_98' title='bbox 2143 844 2326 913; x_wconf 67' lang='lat' dir='ltr'><strong>gloria!</strong></span> <span class='ocrx_word' id='word_1_99' title='bbox 2357 860 2466 896; x_wconf 76' lang='lat' dir='ltr'><strong>sua:</strong></span> <span class='ocrx_word' id='word_1_100' title='bbox 2517 843 2728 903; x_wconf 85' lang='lat' dir='ltr'><strong>locavit.</strong></span> <span class='ocrx_word' id='word_1_101' title='bbox 2764 844 2903 897; x_wconf 81' lang='lat' dir='ltr'><strong>sicut</strong></span> <span class='ocrx_word' id='word_1_102' title='bbox 2953 854 3004 898; x_wconf 90' lang='lat' dir='ltr'><strong>te</strong></span> <span class='ocrx_word' id='word_1_103' title='bbox 3050 855 3295 898; x_wconf 73' lang='lat' dir='ltr'><strong>etest-rat</strong></span> <span class='ocrx_word' id='word_1_104' title='bbox 3343 860 3455 898; x_wconf 78' lang='lat' dir='ltr'><strong>sua:</strong></span> 
     </span>
    </p>
   </div>
   <div class='ocr_carea' id='block_1_17' title="bbox 1858 918 3531 1006">
    <p class='ocr_par' dir='ltr' id='par_1_17' title="bbox 1858 935 3458 1006">
     <span class='ocr_line' id='line_1_17' title="bbox 1858 935 3458 1006; baseline -0.001 -16"><span class='ocrx_word' id='word_1_105' title='bbox 1858 946 2059 990; x_wconf 64' lang='lat' dir='ltr'><strong>sanctae</strong></span> <span class='ocrx_word' id='word_1_106' title='bbox 2096 936 2149 988; x_wconf 59' lang='lat' dir='ltr'><strong>l9.</strong></span> <span class='ocrx_word' id='word_1_107' title='bbox 2171 936 2349 989; x_wconf 74' lang='lat' dir='ltr'><strong>cli-sia:</strong></span> <span class='ocrx_word' id='word_1_108' title='bbox 2377 935 2706 998; x_wconf 89' lang='lat' dir='ltr'><strong>columnam,</strong></span> <span class='ocrx_word' id='word_1_109' title='bbox 2737 938 2805 988; x_wconf 90' lang='lat' dir='ltr'><strong>ita</strong></span> <span class='ocrx_word' id='word_1_110' title='bbox 2839 948 2986 990; x_wconf 84' lang='lat' dir='ltr'><strong>serto</strong></span> <span class='ocrx_word' id='word_1_111' title='bbox 3028 938 3249 1006; x_wconf 90' lang='lat' dir='ltr'><strong>peretmi</strong></span> <span class='ocrx_word' id='word_1_112' title='bbox 3295 952 3458 991; x_wconf 81' lang='lat' dir='ltr'><strong>orna-</strong></span> 
     </span>
    </p>
   </div>
   <div class='ocr_carea' id='block_1_18' title="bbox 1862 1026 3456 1083">
    <p class='ocr_par' dir='ltr' id='par_1_18' title="bbox 1862 1026 3456 1083">
     <span class='ocr_line' id='line_1_18' title="bbox 1862 1026 3456 1083; baseline 0.002 -5"><span class='ocrx_word' id='word_1_113' title='bbox 1862 1035 1973 1079; x_wconf 89' lang='lat' dir='ltr'><strong>tum</strong></span> <span class='ocrx_word' id='word_1_114' title='bbox 2028 1026 2323 1080; x_wconf 79' lang='lat' dir='ltr'><strong>constituat</strong></span> <span class='ocrx_word' id='word_1_115' title='bbox 2375 1026 2516 1079; x_wconf 84' lang='lat' dir='ltr'><strong>inter</strong></span> <span class='ocrx_word' id='word_1_116' title='bbox 2569 1026 2815 1080; x_wconf 88' lang='lat' dir='ltr'><strong>omnium</strong></span> <span class='ocrx_word' id='word_1_117' title='bbox 2879 1037 3194 1082; x_wconf 85' lang='lat' dir='ltr'><strong>sanctorum</strong></span> <span class='ocrx_word' id='word_1_118' title='bbox 3256 1027 3456 1083; x_wconf 81' lang='lat' dir='ltr'><strong>choros</strong></span> 
     </span>
    </p>
   </div>
   <div class='ocr_carea' id='block_1_19' title="bbox 1857 1117 2620 1173">
    <p class='ocr_par' dir='ltr' id='par_1_19' title="bbox 1857 1117 2620 1173">
     <span class='ocr_line' id='line_1_19' title="bbox 1857 1117 2620 1173; baseline 0 0"><span class='ocrx_word' id='word_1_119' title='bbox 1857 1129 2164 1173; x_wconf 88' lang='lat' dir='ltr'><strong>senatorem</strong></span> <span class='ocrx_word' id='word_1_120' title='bbox 2197 1117 2437 1173; x_wconf 72' lang='lat' dir='ltr'><strong>cwlestis</strong></span> <span class='ocrx_word' id='word_1_121' title='bbox 2462 1117 2620 1173; x_wconf 61' lang='lat' dir='ltr'><strong>aulie.</strong></span> 
     </span>
    </p>
   </div>
   <div class='ocr_carea' id='block_1_20' title="bbox 1402 1286 2283 1348">
    <p class='ocr_par' dir='ltr' id='par_1_20' title="bbox 1402 1286 2283 1348">
     <span class='ocr_line' id='line_1_20' title="bbox 1402 1286 2283 1348; baseline -0.006 -2"><span class='ocrx_word' id='word_1_122' title='bbox 1402 1289 1794 1348; x_wconf 76' lang='lat' dir='ltr'><strong>ALLOCU&#39;I&#39;IO</strong></span> <span class='ocrx_word' id='word_1_123' title='bbox 1846 1290 1886 1343; x_wconf 83' lang='lat' dir='ltr'><strong>A</strong></span> <span class='ocrx_word' id='word_1_124' title='bbox 1899 1288 1940 1342; x_wconf 87' lang='lat' dir='ltr'><strong>D</strong></span> <span class='ocrx_word' id='word_1_125' title='bbox 2003 1287 2099 1341; x_wconf 75' lang='lat' dir='ltr'><strong>LIIi</strong></span> <span class='ocrx_word' id='word_1_126' title='bbox 2114 1286 2283 1343; x_wconf 76' lang='lat' dir='ltr'><strong>RUM.</strong></span> 
     </span>
    </p>
   </div>
   <div class='ocr_carea' id='block_1_21' title="bbox 158 1379 1539 1450">
    <p class='ocr_par' dir='ltr' id='par_1_21' title="bbox 158 1379 1539 1450">
     <span class='ocr_line' id='line_1_21' title="bbox 158 1379 1539 1450; baseline 0.001 -16"><span class='ocrx_word' id='word_1_127' title='bbox 158 1379 434 1434; x_wconf 85' lang='lat' dir='ltr'><strong>Tltemale</strong></span> <span class='ocrx_word' id='word_1_128' title='bbox 463 1380 707 1450; x_wconf 85' lang='lat' dir='ltr'><strong>pertenui</strong></span> <span class='ocrx_word' id='word_1_129' title='bbox 741 1380 994 1449; x_wconf 89' lang='lat' dir='ltr'><strong>quoniam</strong></span> <span class='ocrx_word' id='word_1_130' title='bbox 1028 1381 1271 1447; x_wconf 81' lang='lat' dir='ltr'><strong>digestus</strong></span> <span class='ocrx_word' id='word_1_131' title='bbox 1298 1380 1539 1447; x_wconf 89' lang='lat' dir='ltr'><strong>haberis,</strong></span> 
     </span>
    </p>
   </div>
   <div class='ocr_carea' id='block_1_22' title="bbox 159 1472 1492 1537">
    <p class='ocr_par' dir='ltr' id='par_1_22' title="bbox 159 1472 1492 1537">
     <span class='ocr_line' id='line_1_22' title="bbox 159 1472 1492 1537; baseline -0.001 -11"><span class='ocrx_word' id='word_1_132' title='bbox 159 1472 465 1526; x_wconf 73' lang='lat' dir='ltr'><strong>Rhetorica</strong></span> <span class='ocrx_word' id='word_1_133' title='bbox 507 1472 717 1526; x_wconf 79' lang='lat' dir='ltr'><strong>ratione</strong></span> <span class='ocrx_word' id='word_1_134' title='bbox 746 1487 940 1526; x_wconf 90' lang='lat' dir='ltr'><strong>carens</strong></span> <span class='ocrx_word' id='word_1_135' title='bbox 970 1473 1294 1525; x_wconf 82' lang='lat' dir='ltr'><strong>dulcaminis</strong></span> <span class='ocrx_word' id='word_1_136' title='bbox 1320 1473 1492 1537; x_wconf 72' lang='lat' dir='ltr'><strong>(mini,</strong></span> 
     </span>
    </p>
   </div>
   <div class='ocr_carea' id='block_1_23' title="bbox 161 1560 1379 1629">
    <p class='ocr_par' dir='ltr' id='par_1_23' title="bbox 161 1560 1379 1629">
     <span class='ocr_line' id='line_1_23' title="bbox 161 1560 1379 1629; baseline 0.002 -14"><span class='ocrx_word' id='word_1_137' title='bbox 161 1560 348 1620; x_wconf 85' lang='lat' dir='ltr'><strong>Liber.</strong></span> <span class='ocrx_word' id='word_1_138' title='bbox 382 1562 594 1615; x_wconf 71' lang='lat' dir='ltr'><strong>interno</strong></span> <span class='ocrx_word' id='word_1_139' title='bbox 618 1574 738 1614; x_wconf 83' lang='lat' dir='ltr'><strong>cum</strong></span> <span class='ocrx_word' id='word_1_140' title='bbox 766 1576 815 1615; x_wconf 86' lang='lat' dir='ltr'><strong>:e</strong></span> <span class='ocrx_word' id='word_1_141' title='bbox 845 1572 1156 1629; x_wconf 90' lang='lat' dir='ltr'><strong>perscrutor</strong></span> <span class='ocrx_word' id='word_1_142' title='bbox 1176 1562 1379 1626; x_wconf 69' lang='lat' dir='ltr'><strong>orello;</strong></span> 
     </span>
    </p>
   </div>
   <div class='ocr_carea' id='block_1_24' title="bbox 164 1648 1504 1722">
    <p class='ocr_par' dir='ltr' id='par_1_24' title="bbox 164 1648 1504 1722">
     <span class='ocr_line' id='line_1_24' title="bbox 164 1648 1504 1722; baseline 0.002 -19"><span class='ocrx_word' id='word_1_143' title='bbox 164 1649 338 1719; x_wconf 61' lang='lat' dir='ltr'><strong>Egre</strong></span> <span class='ocrx_word' id='word_1_144' title='bbox 366 1648 468 1702; x_wconf 88' lang='lat' dir='ltr'><strong>fert</strong></span> <span class='ocrx_word' id='word_1_145' title='bbox 496 1650 710 1703; x_wconf 91' lang='lat' dir='ltr'><strong>animus</strong></span> <span class='ocrx_word' id='word_1_146' title='bbox 739 1652 881 1720; x_wconf 82' lang='lat' dir='ltr'><strong>quod</strong></span> <span class='ocrx_word' id='word_1_147' title='bbox 918 1652 1073 1720; x_wconf 88' lang='lat' dir='ltr'><strong>vulgo</strong></span> <span class='ocrx_word' id='word_1_148' title='bbox 1107 1654 1305 1705; x_wconf 88' lang='lat' dir='ltr'><strong>dueere</strong></span> <span class='ocrx_word' id='word_1_149' title='bbox 1335 1652 1504 1722; x_wconf 85' lang='lat' dir='ltr'><strong>gestis</strong></span> 
     </span>
    </p>
   </div>
   <div class='ocr_carea' id='block_1_25' title="bbox 166 1741 1659 1811">
    <p class='ocr_par' dir='ltr' id='par_1_25' title="bbox 166 1741 1659 1811">
     <span class='ocr_line' id='line_1_25' title="bbox 166 1741 1659 1811; baseline 0.004 -20"><span class='ocrx_word' id='word_1_150' title='bbox 166 1742 303 1807; x_wconf 68' lang='lat' dir='ltr'><strong>Quae</strong></span> <span class='ocrx_word' id='word_1_151' title='bbox 333 1742 537 1809; x_wconf 83' lang='lat' dir='ltr'><strong>digesta</strong></span> <span class='ocrx_word' id='word_1_152' title='bbox 566 1741 704 1811; x_wconf 86' lang='lat' dir='ltr'><strong>ston</strong></span> <span class='ocrx_word' id='word_1_153' title='bbox 737 1742 1103 1810; x_wconf 87' lang='lat' dir='ltr'><strong>nequidquam</strong></span> <span class='ocrx_word' id='word_1_154' title='bbox 1132 1745 1412 1797; x_wconf 88' lang='lat' dir='ltr'><strong>schemata</strong></span> <span class='ocrx_word' id='word_1_155' title='bbox 1449 1751 1659 1808; x_wconf 83' lang='lat' dir='ltr'><strong>nostro,</strong></span> 
     </span>
    </p>
   </div>
   <div class='ocr_carea' id='block_1_26' title="bbox 167 1830 1423 1902">
    <p class='ocr_par' dir='ltr' id='par_1_26' title="bbox 167 1830 1423 1902">
     <span class='ocr_line' id='line_1_26' title="bbox 167 1830 1423 1902; baseline 0.003 -18"><span class='ocrx_word' id='word_1_156' title='bbox 167 1830 237 1884; x_wconf 80' lang='lat' dir='ltr'><strong>Et</strong></span> <span class='ocrx_word' id='word_1_157' title='bbox 263 1830 614 1884; x_wconf 88' lang='lat' dir='ltr'><strong>subsanneris</strong></span> <span class='ocrx_word' id='word_1_158' title='bbox 638 1832 840 1884; x_wconf 85' lang='lat' dir='ltr'><strong>tumido</strong></span> <span class='ocrx_word' id='word_1_159' title='bbox 880 1835 1142 1902; x_wconf 82' lang='lat' dir='ltr'><strong>val&#39;roqne</strong></span> <span class='ocrx_word' id='word_1_160' title='bbox 1172 1834 1423 1888; x_wconf 89' lang='lat' dir='ltr'><strong>tmnultu.</strong></span> 
     </span>
    </p>
   </div>
   <div class='ocr_carea' id='block_1_27' title="bbox 170 1918 1443 1992">
    <p class='ocr_par' dir='ltr' id='par_1_27' title="bbox 170 1918 1443 1992">
     <span class='ocr_line' id='line_1_27' title="bbox 170 1918 1443 1992; baseline 0.006 -21"><span class='ocrx_word' id='word_1_161' title='bbox 170 1918 231 1971; x_wconf 91' lang='lat' dir='ltr'><strong>Si</strong></span> <span class='ocrx_word' id='word_1_162' title='bbox 253 1929 303 1971; x_wconf 86' lang='lat' dir='ltr'><strong>te</strong></span> <span class='ocrx_word' id='word_1_163' title='bbox 328 1931 673 1985; x_wconf 74' lang='lat' dir='ltr'><strong>conservent,</strong></span> <span class='ocrx_word' id='word_1_164' title='bbox 709 1920 1012 1991; x_wconf 79' lang='lat' dir='ltr'><strong>studiisque</strong></span> <span class='ocrx_word' id='word_1_165' title='bbox 1033 1923 1205 1991; x_wconf 71' lang='lat' dir='ltr'><strong>sigilla</strong></span> <span class='ocrx_word' id='word_1_166' title='bbox 1230 1924 1443 1992; x_wconf 79' lang='lat' dir='ltr'><strong>pudicis</strong></span> 
     </span>
    </p>
   </div>
   <div class='ocr_carea' id='block_1_28' title="bbox 172 2005 1419 2076">
    <p class='ocr_par' dir='ltr' id='par_1_28' title="bbox 172 2005 1419 2076">
     <span class='ocr_line' id='line_1_28' title="bbox 172 2005 1419 2076; baseline 0.003 -15"><span class='ocrx_word' id='word_1_167' title='bbox 172 2005 500 2062; x_wconf 73' lang='lat' dir='ltr'><strong>Pestiferam</strong></span> <span class='ocrx_word' id='word_1_168' title='bbox 531 2010 804 2063; x_wconf 85' lang='lat' dir='ltr'><strong>intentant</strong></span> <span class='ocrx_word' id='word_1_169' title='bbox 829 2016 1027 2064; x_wconf 87' lang='lat' dir='ltr'><strong>secreti</strong></span> <span class='ocrx_word' id='word_1_170' title='bbox 1057 2013 1210 2064; x_wconf 86' lang='lat' dir='ltr'><strong>ta-dia</strong></span> <span class='ocrx_word' id='word_1_171' title='bbox 1245 2013 1419 2076; x_wconf 89' lang='lat' dir='ltr'><strong>nobis,</strong></span> 
     </span>
    </p>
   </div>
   <div class='ocr_carea' id='block_1_29' title="bbox 170 2098 1560 2171">
    <p class='ocr_par' dir='ltr' id='par_1_29' title="bbox 170 2098 1560 2171">
     <span class='ocr_line' id='line_1_29' title="bbox 170 2098 1560 2171; baseline 0.003 -17"><span class='ocrx_word' id='word_1_172' title='bbox 170 2098 437 2167; x_wconf 75' lang='lat' dir='ltr'><strong>Auripluo</strong></span> <span class='ocrx_word' id='word_1_173' title='bbox 461 2100 716 2168; x_wconf 88' lang='lat' dir='ltr'><strong>quoniatn</strong></span> <span class='ocrx_word' id='word_1_174' title='bbox 750 2101 964 2155; x_wconf 85' lang='lat' dir='ltr'><strong>Danaen</strong></span> <span class='ocrx_word' id='word_1_175' title='bbox 991 2102 1076 2154; x_wconf 77' lang='lat' dir='ltr'><strong>vix</strong></span> <span class='ocrx_word' id='word_1_176' title='bbox 1105 2104 1239 2156; x_wconf 71' lang='lat' dir='ltr'><strong>texit</strong></span> <span class='ocrx_word' id='word_1_177' title='bbox 1270 2105 1337 2156; x_wconf 92' lang='lat' dir='ltr'><strong>ab</strong></span> <span class='ocrx_word' id='word_1_178' title='bbox 1378 2104 1560 2171; x_wconf 83' lang='lat' dir='ltr'><strong>imbri,</strong></span> 
     </span>
    </p>
   </div>
   <div class='ocr_carea' id='block_1_30' title="bbox 178 2188 1450 2264">
    <p class='ocr_par' dir='ltr' id='par_1_30' title="bbox 178 2188 1450 2264">
     <span class='ocr_line' id='line_1_30' title="bbox 178 2188 1450 2264; baseline 0.006 -20"><span class='ocrx_word' id='word_1_179' title='bbox 178 2188 249 2244; x_wconf 86' lang='lat' dir='ltr'><strong>Ut</strong></span> <span class='ocrx_word' id='word_1_180' title='bbox 277 2194 476 2260; x_wconf 78' lang='lat' dir='ltr'><strong>proruit</strong></span> <span class='ocrx_word' id='word_1_181' title='bbox 501 2196 685 2263; x_wconf 83' lang='lat' dir='ltr'><strong>mytho</strong></span> <span class='ocrx_word' id='word_1_182' title='bbox 716 2192 1053 2264; x_wconf 81' lang='lat' dir='ltr'><strong>Fulgentius.</strong></span> <span class='ocrx_word' id='word_1_183' title='bbox 1082 2212 1232 2251; x_wconf 79' lang='lat' dir='ltr'><strong>amca</strong></span> <span class='ocrx_word' id='word_1_184' title='bbox 1265 2198 1450 2254; x_wconf 89' lang='lat' dir='ltr'><strong>turris.</strong></span> 
     </span>
    </p>
   </div>
   <div class='ocr_carea' id='block_1_31' title="bbox 175 2272 1707 2361">
    <p class='ocr_par' dir='ltr' id='par_1_31' title="bbox 175 2272 1707 2361">
     <span class='ocr_line' id='line_1_31' title="bbox 175 2272 1707 2361; baseline 0.005 -23"><span class='ocrx_word' id='word_1_185' title='bbox 175 2285 284 2338; x_wconf 82' lang='lat' dir='ltr'><strong>Aut</strong></span> <span class='ocrx_word' id='word_1_186' title='bbox 312 2301 503 2356; x_wconf 78' lang='lat' dir='ltr'><strong>pergas</strong></span> <span class='ocrx_word' id='word_1_187' title='bbox 534 2288 961 2341; x_wconf 72' lang='lat' dir='ltr'><strong>t\orthmannica</strong></span> <span class='ocrx_word' id='word_1_188' title='bbox 995 2304 1137 2342; x_wconf 77' lang='lat' dir='ltr'><strong>nime</strong></span> <span class='ocrx_word' id='word_1_189' title='bbox 1168 2272 1447 2360; x_wconf 48' lang='lat' dir='ltr'><strong>gi&#39;innasia</strong></span> <span class='ocrx_word' id='word_1_190' title='bbox 1480 2305 1707 2361; x_wconf 76' lang='lat' dir='ltr'><strong>prt&#39;cpes,</strong></span> 
     </span>
    </p>
   </div>
   <div class='ocr_carea' id='block_1_32' title="bbox 177 2377 1551 2449">
    <p class='ocr_par' dir='ltr' id='par_1_32' title="bbox 177 2377 1551 2449">
     <span class='ocr_line' id='line_1_32' title="bbox 177 2377 1551 2449; baseline 0.005 -19"><span class='ocrx_word' id='word_1_191' title='bbox 177 2377 284 2430; x_wconf 83' lang='lat' dir='ltr'><strong>Aut</strong></span> <span class='ocrx_word' id='word_1_192' title='bbox 305 2379 508 2431; x_wconf 79' lang='lat' dir='ltr'><strong>Scholis</strong></span> <span class='ocrx_word' id='word_1_193' title='bbox 525 2378 741 2433; x_wconf 84' lang='lat' dir='ltr'><strong>clausus</strong></span> <span class='ocrx_word' id='word_1_194' title='bbox 774 2378 1083 2434; x_wconf 86' lang='lat' dir='ltr'><strong>Franciscis</strong></span> <span class='ocrx_word' id='word_1_195' title='bbox 1105 2381 1215 2449; x_wconf 87' lang='lat' dir='ltr'><strong>jam</strong></span> <span class='ocrx_word' id='word_1_196' title='bbox 1244 2382 1551 2437; x_wconf 89' lang='lat' dir='ltr'><strong>moruleris.</strong></span> 
     </span>
    </p>
   </div>
   <div class='ocr_carea' id='block_1_33' title="bbox 180 2464 1547 2541">
    <p class='ocr_par' dir='ltr' id='par_1_33' title="bbox 180 2464 1547 2541">
     <span class='ocr_line' id='line_1_33' title="bbox 180 2464 1547 2541; baseline 0.004 -21"><span class='ocrx_word' id='word_1_197' title='bbox 180 2464 491 2520; x_wconf 68' lang='lat' dir='ltr'><strong>Ridiculae:</strong></span> <span class='ocrx_word' id='word_1_198' title='bbox 516 2482 711 2523; x_wconf 85' lang='lat' dir='ltr'><strong>vereor</strong></span> <span class='ocrx_word' id='word_1_199' title='bbox 737 2471 894 2522; x_wconf 88' lang='lat' dir='ltr'><strong>nobis</strong></span> <span class='ocrx_word' id='word_1_200' title='bbox 924 2479 1008 2522; x_wconf 78' lang='lat' dir='ltr'><strong>Sat</strong></span> <span class='ocrx_word' id='word_1_201' title='bbox 1040 2486 1266 2541; x_wconf 82' lang='lat' dir='ltr'><strong>surgere</strong></span> <span class='ocrx_word' id='word_1_202' title='bbox 1297 2489 1547 2537; x_wconf 84' lang='lat' dir='ltr'><strong>sanmun,</strong></span> 
     </span>
    </p>
   </div>
   <div class='ocr_carea' id='block_1_34' title="bbox 182 2555 1660 2634">
    <p class='ocr_par' dir='ltr' id='par_1_34' title="bbox 182 2555 1660 2634">
     <span class='ocr_line' id='line_1_34' title="bbox 182 2555 1660 2634; baseline 0.006 -24"><span class='ocrx_word' id='word_1_203' title='bbox 182 2555 236 2610; x_wconf 90' lang='lat' dir='ltr'><strong>Si</strong></span> <span class='ocrx_word' id='word_1_204' title='bbox 272 2558 562 2627; x_wconf 78' lang='lat' dir='ltr'><strong>impatiens</strong></span> <span class='ocrx_word' id='word_1_205' title='bbox 590 2558 791 2613; x_wconf 88' lang='lat' dir='ltr'><strong>refutes</strong></span> <span class='ocrx_word' id='word_1_206' title='bbox 817 2560 1024 2613; x_wconf 71' lang='lat' dir='ltr'><strong>clavem</strong></span> <span class='ocrx_word' id='word_1_207' title='bbox 1059 2577 1202 2616; x_wconf 86' lang='lat' dir='ltr'><strong>nunc</strong></span> <span class='ocrx_word' id='word_1_208' title='bbox 1232 2564 1388 2617; x_wconf 88' lang='lat' dir='ltr'><strong>obice</strong></span> <span class='ocrx_word' id='word_1_209' title='bbox 1420 2565 1660 2634; x_wconf 88' lang='lat' dir='ltr'><strong>dempto,</strong></span> 
     </span>
    </p>
   </div>
   <div class='ocr_carea' id='block_1_35' title="bbox 183 2648 1349 2721">
    <p class='ocr_par' dir='ltr' id='par_1_35' title="bbox 183 2648 1349 2721">
     <span class='ocr_line' id='line_1_35' title="bbox 183 2648 1349 2721; baseline 0.004 -18"><span class='ocrx_word' id='word_1_210' title='bbox 183 2648 250 2703; x_wconf 79' lang='lat' dir='ltr'><strong>Et</strong></span> <span class='ocrx_word' id='word_1_211' title='bbox 289 2651 342 2702; x_wconf 89' lang='lat' dir='ltr'><strong>in</strong></span> <span class='ocrx_word' id='word_1_212' title='bbox 375 2652 412 2669; x_wconf 86' lang='lat'><strong>&quot;</strong></span> <span class='ocrx_word' id='word_1_213' title='bbox 443 2652 689 2721; x_wconf 85' lang='lat' dir='ltr'><strong>proprias</strong></span> <span class='ocrx_word' id='word_1_214' title='bbox 719 2661 923 2721; x_wconf 77' lang='lat' dir='ltr'><strong>arguta:</strong></span> <span class='ocrx_word' id='word_1_215' title='bbox 952 2654 1124 2720; x_wconf 82' lang='lat' dir='ltr'><strong>plebis</strong></span> <span class='ocrx_word' id='word_1_216' title='bbox 1154 2671 1204 2707; x_wconf 88' lang='grc' dir='ltr'><strong>ιιι</strong></span> <span class='ocrx_word' id='word_1_217' title='bbox 1234 2672 1349 2708; x_wconf 90' lang='lat' dir='ltr'><strong>ora.</strong></span> 
     </span>
    </p>
   </div>
   <div class='ocr_carea' id='block_1_36' title="bbox 179 2742 1513 2813">
    <p class='ocr_par' dir='ltr' id='par_1_36' title="bbox 179 2742 1513 2813">
     <span class='ocr_line' id='line_1_36' title="bbox 179 2742 1513 2813; baseline 0.004 -16"><span class='ocrx_word' id='word_1_218' title='bbox 179 2742 413 2797; x_wconf 86' lang='lat' dir='ltr'><strong>Invitum</strong></span> <span class='ocrx_word' id='word_1_219' title='bbox 437 2747 681 2813; x_wconf 80' lang='lat' dir='ltr'><strong>quatient</strong></span> <span class='ocrx_word' id='word_1_220' title='bbox 713 2743 1032 2799; x_wconf 77' lang='lat' dir='ltr'><strong>Not&#39;lmattui</strong></span> <span class='ocrx_word' id='word_1_221' title='bbox 1064 2746 1285 2802; x_wconf 85' lang='lat' dir='ltr'><strong>verbere</strong></span> <span class='ocrx_word' id='word_1_222' title='bbox 1314 2757 1513 2803; x_wconf 85' lang='lat' dir='ltr'><strong>vatem.</strong></span> 
     </span>
    </p>
   </div>
   <div class='ocr_carea' id='block_1_37' title="bbox 180 2835 1541 2908">
    <p class='ocr_par' dir='ltr' id='par_1_37' title="bbox 180 2835 1541 2908">
     <span class='ocr_line' id='line_1_37' title="bbox 180 2835 1541 2908; baseline 0.002 -18"><span class='ocrx_word' id='word_1_223' title='bbox 180 2835 237 2890; x_wconf 90' lang='lat' dir='ltr'><strong>In</strong></span> <span class='ocrx_word' id='word_1_224' title='bbox 268 2835 458 2905; x_wconf 78' lang='lat' dir='ltr'><strong>\ulgus</strong></span> <span class='ocrx_word' id='word_1_225' title='bbox 489 2835 671 2889; x_wconf 81' lang='lat' dir='ltr'><strong>vt-uies</strong></span> <span class='ocrx_word' id='word_1_226' title='bbox 695 2835 868 2888; x_wconf 76' lang='lat' dir='ltr'><strong>audax</strong></span> <span class='ocrx_word' id='word_1_227' title='bbox 903 2852 1046 2889; x_wconf 89' lang='lat' dir='ltr'><strong>nunc</strong></span> <span class='ocrx_word' id='word_1_228' title='bbox 1070 2849 1307 2906; x_wconf 72' lang='lat' dir='ltr'><strong>prtepete</strong></span> <span class='ocrx_word' id='word_1_229' title='bbox 1331 2854 1541 2908; x_wconf 84' lang='lat' dir='ltr'><strong>gressu.</strong></span> 
     </span>
    </p>
   </div>
   <div class='ocr_carea' id='block_1_38' title="bbox 194 2926 1481 2996">
    <p class='ocr_par' dir='ltr' id='par_1_38' title="bbox 194 2926 1481 2996">
     <span class='ocr_line' id='line_1_38' title="bbox 194 2926 1481 2996; baseline 0.004 -18"><span class='ocrx_word' id='word_1_230' title='bbox 194 2926 288 2979; x_wconf 75' lang='lat' dir='ltr'><strong>&#39;.’ro</strong></span> <span class='ocrx_word' id='word_1_231' title='bbox 316 2935 521 2996; x_wconf 87' lang='lat' dir='ltr'><strong>quanto</strong></span> <span class='ocrx_word' id='word_1_232' title='bbox 544 2927 677 2979; x_wconf 90' lang='lat' dir='ltr'><strong>tanti</strong></span> <span class='ocrx_word' id='word_1_233' title='bbox 706 2937 966 2996; x_wconf 88' lang='lat' dir='ltr'><strong>spernunt</strong></span> <span class='ocrx_word' id='word_1_234' title='bbox 985 2926 1266 2994; x_wconf 86' lang='lat' dir='ltr'><strong>jactabere</strong></span> <span class='ocrx_word' id='word_1_235' title='bbox 1295 2929 1481 2984; x_wconf 83' lang='lat' dir='ltr'><strong>IIncttt.</strong></span> 
     </span>
    </p>
   </div>
   <div class='ocr_carea' id='block_1_39' title="bbox 192 3015 1509 3088">
    <p class='ocr_par' dir='ltr' id='par_1_39' title="bbox 192 3015 1509 3088">
     <span class='ocr_line' id='line_1_39' title="bbox 192 3015 1509 3088; baseline 0.003 -19"><span class='ocrx_word' id='word_1_236' title='bbox 192 3015 286 3070; x_wconf 85' lang='lat' dir='ltr'><strong>llic</strong></span> <span class='ocrx_word' id='word_1_237' title='bbox 317 3018 521 3070; x_wconf 72' lang='lat' dir='ltr'><strong>l&#39;ualnm</strong></span> <span class='ocrx_word' id='word_1_238' title='bbox 550 3027 706 3086; x_wconf 89' lang='lat' dir='ltr'><strong>spnet</strong></span> <span class='ocrx_word' id='word_1_239' title='bbox 736 3017 971 3087; x_wconf 81' lang='lat' dir='ltr'><strong>aggestis</strong></span> <span class='ocrx_word' id='word_1_240' title='bbox 1000 3017 1188 3084; x_wconf 85' lang='lat' dir='ltr'><strong>labris,</strong></span> <span class='ocrx_word' id='word_1_241' title='bbox 1223 3018 1509 3088; x_wconf 87' lang='lat' dir='ltr'><strong>labiisqnc,</strong></span> 
     </span>
    </p>
   </div>
   <div class='ocr_carea' id='block_1_40' title="bbox 189 3114 1473 3184">
    <p class='ocr_par' dir='ltr' id='par_1_40' title="bbox 189 3114 1473 3184">
     <span class='ocr_line' id='line_1_40' title="bbox 189 3114 1473 3184; baseline 0.002 -17"><span class='ocrx_word' id='word_1_242' title='bbox 189 3115 442 3168; x_wconf 75' lang='lat' dir='ltr'><strong>Succinet</strong></span> <span class='ocrx_word' id='word_1_243' title='bbox 474 3114 755 3168; x_wconf 84' lang='lat' dir='ltr'><strong>infandum</strong></span> <span class='ocrx_word' id='word_1_244' title='bbox 784 3124 1017 3169; x_wconf 88' lang='lat' dir='ltr'><strong>retracta</strong></span> <span class='ocrx_word' id='word_1_245' title='bbox 1044 3131 1175 3167; x_wconf 88' lang='lat' dir='ltr'><strong>nare</strong></span> <span class='ocrx_word' id='word_1_246' title='bbox 1205 3116 1473 3184; x_wconf 85' lang='lat' dir='ltr'><strong>aliusque,</strong></span> 
     </span>
    </p>
   </div>
   <div class='ocr_carea' id='block_1_41' title="bbox 179 3204 1768 3277">
    <p class='ocr_par' dir='ltr' id='par_1_41' title="bbox 179 3204 1768 3277">
     <span class='ocr_line' id='line_1_41' title="bbox 179 3204 1768 3277; baseline -0.001 -17"><span class='ocrx_word' id='word_1_247' title='bbox 179 3204 244 3260; x_wconf 83' lang='lat' dir='ltr'><strong>Et</strong></span> <span class='ocrx_word' id='word_1_248' title='bbox 279 3206 530 3274; x_wconf 81' lang='lat' dir='ltr'><strong>plausum</strong></span> <span class='ocrx_word' id='word_1_249' title='bbox 558 3206 805 3260; x_wconf 69' lang='lat' dir='ltr'><strong>manilius</strong></span> <span class='ocrx_word' id='word_1_250' title='bbox 840 3206 1066 3258; x_wconf 88' lang='lat' dir='ltr'><strong>nimium</strong></span> <span class='ocrx_word' id='word_1_251' title='bbox 1104 3207 1252 3259; x_wconf 84' lang='lat' dir='ltr'><strong>dabit</strong></span> <span class='ocrx_word' id='word_1_252' title='bbox 1288 3207 1440 3261; x_wconf 87' lang='lat' dir='ltr'><strong>bicce</strong></span> <span class='ocrx_word' id='word_1_253' title='bbox 1480 3204 1724 3277; x_wconf 82' lang='lat' dir='ltr'><strong>profanis</strong></span> <span class='ocrx_word' id='word_1_254' title='bbox 1755 3222 1768 3259; x_wconf 91' lang='lat'><strong>:</strong></span> 
     </span>
    </p>
   </div>
   <div class='ocr_carea' id='block_1_42' title="bbox 179 3294 1452 3370">
    <p class='ocr_par' dir='ltr' id='par_1_42' title="bbox 179 3294 1452 3370">
     <span class='ocr_line' id='line_1_42' title="bbox 179 3294 1452 3370; baseline 0.002 -22"><span class='ocrx_word' id='word_1_255' title='bbox 179 3294 354 3349; x_wconf 75' lang='lat' dir='ltr'><strong>Elaris</strong></span> <span class='ocrx_word' id='word_1_256' title='bbox 383 3306 585 3348; x_wconf 84' lang='lat' dir='ltr'><strong>terram</strong></span> <span class='ocrx_word' id='word_1_257' title='bbox 618 3296 843 3364; x_wconf 85' lang='lat' dir='ltr'><strong>pedibus</strong></span> <span class='ocrx_word' id='word_1_258' title='bbox 875 3307 957 3349; x_wconf 90' lang='lat' dir='ltr'><strong>ter</strong></span> <span class='ocrx_word' id='word_1_259' title='bbox 982 3297 1189 3350; x_wconf 89' lang='lat' dir='ltr'><strong>sncciet</strong></span> <span class='ocrx_word' id='word_1_260' title='bbox 1220 3297 1307 3351; x_wconf 92' lang='lat' dir='ltr'><strong>hic</strong></span> <span class='ocrx_word' id='word_1_261' title='bbox 1340 3298 1452 3370; x_wconf 83' lang='lat' dir='ltr'><strong>(l5)</strong></span> 
     </span>
    </p>
   </div>
   <div class='ocr_carea' id='block_1_43' title="bbox 181 3385 1340 3457">
    <p class='ocr_par' dir='ltr' id='par_1_43' title="bbox 181 3385 1340 3457">
     <span class='ocr_line' id='line_1_43' title="bbox 181 3385 1340 3457; baseline 0.004 -20"><span class='ocrx_word' id='word_1_262' title='bbox 181 3385 457 3441; x_wconf 72' lang='lat' dir='ltr'><strong>Verrucas</strong></span> <span class='ocrx_word' id='word_1_263' title='bbox 492 3387 631 3442; x_wconf 79' lang='lat' dir='ltr'><strong>alius</strong></span> <span class='ocrx_word' id='word_1_264' title='bbox 654 3388 959 3457; x_wconf 73' lang='lat' dir='ltr'><strong>disquireus</strong></span> <span class='ocrx_word' id='word_1_265' title='bbox 990 3404 1083 3444; x_wconf 91' lang='lat' dir='ltr'><strong>ore</strong></span> <span class='ocrx_word' id='word_1_266' title='bbox 1109 3391 1340 3455; x_wconf 71' lang='lat' dir='ltr'><strong>notabit,</strong></span> 
     </span>
    </p>
   </div>
   <div class='ocr_carea' id='block_1_44' title="bbox 180 3476 1755 3548">
    <p class='ocr_par' dir='ltr' id='par_1_44' title="bbox 180 3476 1755 3548">
     <span class='ocr_line' id='line_1_44' title="bbox 180 3476 1755 3548; baseline 0.003 -18"><span class='ocrx_word' id='word_1_267' title='bbox 180 3476 457 3530; x_wconf 81' lang='lat' dir='ltr'><strong>Cordibus</strong></span> <span class='ocrx_word' id='word_1_268' title='bbox 482 3476 742 3547; x_wconf 63' lang='lat' dir='ltr'><strong>explosis,</strong></span> <span class='ocrx_word' id='word_1_269' title='bbox 769 3479 812 3531; x_wconf 90' lang='lat' dir='ltr'><strong>si</strong></span> <span class='ocrx_word' id='word_1_270' title='bbox 847 3477 991 3530; x_wconf 91' lang='lat' dir='ltr'><strong>nulla</strong></span> <span class='ocrx_word' id='word_1_271' title='bbox 1027 3490 1205 3531; x_wconf 87' lang='lat' dir='ltr'><strong>tamen</strong></span> <span class='ocrx_word' id='word_1_272' title='bbox 1234 3489 1383 3547; x_wconf 90' lang='lat' dir='ltr'><strong>patet</strong></span> <span class='ocrx_word' id='word_1_273' title='bbox 1412 3493 1662 3548; x_wconf 90' lang='lat' dir='ltr'><strong>usquam,</strong></span> <span class='ocrx_word' id='word_1_274' title='bbox 1752 3488 1755 3489; x_wconf 66' lang='grc'><strong><em>⁷</em></strong></span> 
     </span>
    </p>
   </div>
   <div class='ocr_carea' id='block_1_45' title="bbox 179 3566 1513 3638">
    <p class='ocr_par' dir='ltr' id='par_1_45' title="bbox 179 3566 1513 3638">
     <span class='ocr_line' id='line_1_45' title="bbox 179 3566 1513 3638; baseline 0.001 -18"><span class='ocrx_word' id='word_1_275' title='bbox 179 3566 424 3637; x_wconf 73' lang='lat' dir='ltr'><strong>Integra,</strong></span> <span class='ocrx_word' id='word_1_276' title='bbox 457 3570 648 3622; x_wconf 81' lang='lat' dir='ltr'><strong>doetus</strong></span> <span class='ocrx_word' id='word_1_277' title='bbox 672 3571 777 3621; x_wconf 88' lang='lat' dir='ltr'><strong>crit</strong></span> <span class='ocrx_word' id='word_1_278' title='bbox 807 3578 958 3623; x_wconf 88' lang='lat' dir='ltr'><strong>certe</strong></span> <span class='ocrx_word' id='word_1_279' title='bbox 989 3580 1318 3638; x_wconf 68' lang='lat' dir='ltr'><strong>prmverterc</strong></span> <span class='ocrx_word' id='word_1_280' title='bbox 1344 3570 1513 3623; x_wconf 80' lang='lat' dir='ltr'><strong>falsis.</strong></span> 
     </span>
    </p>
   </div>
   <div class='ocr_carea' id='block_1_46' title="bbox 177 3657 1539 3730">
    <p class='ocr_par' dir='ltr' id='par_1_46' title="bbox 177 3657 1539 3730">
     <span class='ocr_line' id='line_1_46' title="bbox 177 3657 1539 3730; baseline 0.001 -17"><span class='ocrx_word' id='word_1_281' title='bbox 177 3657 286 3713; x_wconf 78' lang='lat' dir='ltr'><strong>Ast</strong></span> <span class='ocrx_word' id='word_1_282' title='bbox 308 3674 375 3713; x_wconf 76' lang='lat' dir='ltr'><strong>ex</strong></span> <span class='ocrx_word' id='word_1_283' title='bbox 398 3661 501 3713; x_wconf 91' lang='lat' dir='ltr'><strong>hoc</strong></span> <span class='ocrx_word' id='word_1_284' title='bbox 530 3660 693 3715; x_wconf 86' lang='lat' dir='ltr'><strong>fuerit</strong></span> <span class='ocrx_word' id='word_1_285' title='bbox 725 3677 832 3730; x_wconf 87' lang='lat' dir='ltr'><strong>quo</strong></span> <span class='ocrx_word' id='word_1_286' title='bbox 859 3663 1227 3729; x_wconf 77' lang='lat' dir='ltr'><strong>pcrditiorquc</strong></span> <span class='ocrx_word' id='word_1_287' title='bbox 1257 3662 1539 3730; x_wconf 80' lang='lat' dir='ltr'><strong>profanus,</strong></span> 
     </span>
    </p>
   </div>
   <div class='ocr_carea' id='block_1_47' title="bbox 1865 1377 3217 1444">
    <p class='ocr_par' dir='ltr' id='par_1_47' title="bbox 1865 1377 3217 1444">
     <span class='ocr_line' id='line_1_47' title="bbox 1865 1377 3217 1444; baseline 0.005 -13"><span class='ocrx_word' id='word_1_288' title='bbox 1865 1378 2062 1431; x_wconf 79' lang='lat' dir='ltr'><strong>Arrius</strong></span> <span class='ocrx_word' id='word_1_289' title='bbox 2096 1379 2180 1431; x_wconf 85' lang='lat' dir='ltr'><strong>his</strong></span> <span class='ocrx_word' id='word_1_290' title='bbox 2202 1377 2373 1432; x_wconf 80' lang='lat' dir='ltr'><strong>furias</strong></span> <span class='ocrx_word' id='word_1_291' title='bbox 2401 1392 2589 1433; x_wconf 87' lang='lat' dir='ltr'><strong>amens</strong></span> <span class='ocrx_word' id='word_1_292' title='bbox 2628 1378 2885 1435; x_wconf 87' lang='lat' dir='ltr'><strong>baccetur</strong></span> <span class='ocrx_word' id='word_1_293' title='bbox 2924 1380 2976 1434; x_wconf 90' lang='lat' dir='ltr'><strong>in</strong></span> <span class='ocrx_word' id='word_1_294' title='bbox 3004 1395 3217 1444; x_wconf 80' lang='lat' dir='ltr'><strong>omnes.</strong></span> 
     </span>
    </p>
   </div>
   <div class='ocr_carea' id='block_1_48' title="bbox 1865 1468 3277 1538">
    <p class='ocr_par' dir='ltr' id='par_1_48' title="bbox 1865 1468 3277 1538">
     <span class='ocr_line' id='line_1_48' title="bbox 1865 1468 3277 1538; baseline 0.006 -18"><span class='ocrx_word' id='word_1_295' title='bbox 1865 1468 1931 1521; x_wconf 76' lang='lat' dir='ltr'><strong>Et</strong></span> <span class='ocrx_word' id='word_1_296' title='bbox 1968 1468 2264 1536; x_wconf 88' lang='lat' dir='ltr'><strong>nolensque</strong></span> <span class='ocrx_word' id='word_1_297' title='bbox 2290 1470 2475 1523; x_wconf 87' lang='lat' dir='ltr'><strong>volens</strong></span> <span class='ocrx_word' id='word_1_298' title='bbox 2501 1470 2609 1523; x_wconf 82' lang='lat' dir='ltr'><strong>sic‘</strong></span> <span class='ocrx_word' id='word_1_299' title='bbox 2634 1472 2783 1525; x_wconf 64' lang='grc' dir='ltr'><strong>ἀντία</strong></span> <span class='ocrx_word' id='word_1_300' title='bbox 2810 1482 2860 1525; x_wconf 89' lang='lat' dir='ltr'><strong>et</strong></span> <span class='ocrx_word' id='word_1_301' title='bbox 2887 1470 3019 1528; x_wconf 68' lang='grc' dir='ltr'><strong>ὄντα</strong></span> <span class='ocrx_word' id='word_1_302' title='bbox 3046 1473 3277 1538; x_wconf 81' lang='lat' dir='ltr'><strong>subibis,</strong></span> 
     </span>
    </p>
   </div>
   <div class='ocr_carea' id='block_1_49' title="bbox 1866 1555 3119 1628">
    <p class='ocr_par' dir='ltr' id='par_1_49' title="bbox 1866 1555 3119 1628">
     <span class='ocr_line' id='line_1_49' title="bbox 1866 1555 3119 1628; baseline 0.004 -17"><span class='ocrx_word' id='word_1_303' title='bbox 1866 1555 2127 1611; x_wconf 80' lang='lat' dir='ltr'><strong>Ludibrio</strong></span> <span class='ocrx_word' id='word_1_304' title='bbox 2160 1558 2376 1611; x_wconf 89' lang='lat' dir='ltr'><strong>tandem</strong></span> <span class='ocrx_word' id='word_1_305' title='bbox 2406 1573 2590 1612; x_wconf 68' lang='lat' dir='ltr'><strong>sanum</strong></span> <span class='ocrx_word' id='word_1_306' title='bbox 2617 1561 2835 1614; x_wconf 80' lang='lat' dir='ltr'><strong>sobtus‘</strong></span> <span class='ocrx_word' id='word_1_307' title='bbox 2869 1573 2920 1614; x_wconf 88' lang='lat' dir='ltr'><strong>et</strong></span> <span class='ocrx_word' id='word_1_308' title='bbox 2947 1563 3119 1628; x_wconf 89' lang='lat' dir='ltr'><strong>omni,</strong></span> 
     </span>
    </p>
   </div>
   <div class='ocr_carea' id='block_1_50' title="bbox 1865 1648 3169 1717">
    <p class='ocr_par' dir='ltr' id='par_1_50' title="bbox 1865 1648 3169 1717">
     <span class='ocr_line' id='line_1_50' title="bbox 1865 1648 3169 1717; baseline 0.003 -14"><span class='ocrx_word' id='word_1_309' title='bbox 1865 1648 2039 1703; x_wconf 89' lang='lat' dir='ltr'><strong>Croco</strong></span> <span class='ocrx_word' id='word_1_310' title='bbox 2074 1651 2088 1668; x_wconf 86' lang='grc'><strong>⁸</strong></span> <span class='ocrx_word' id='word_1_311' title='bbox 2129 1650 2409 1705; x_wconf 80' lang='lat' dir='ltr'><strong>narcissus</strong></span> <span class='ocrx_word' id='word_1_312' title='bbox 2440 1650 2641 1703; x_wconf 76' lang='lat' dir='ltr'><strong>frusu&#39;a</strong></span> <span class='ocrx_word' id='word_1_313' title='bbox 2675 1653 2889 1705; x_wconf 87' lang='lat' dir='ltr'><strong>trudere</strong></span> <span class='ocrx_word' id='word_1_314' title='bbox 2920 1654 3169 1717; x_wconf 84' lang='lat' dir='ltr'><strong>taberna,</strong></span> 
     </span>
    </p>
   </div>
   <div class='ocr_carea' id='block_1_51' title="bbox 1866 1738 3461 1818">
    <p class='ocr_par' dir='ltr' id='par_1_51' title="bbox 1866 1738 3461 1818">
     <span class='ocr_line' id='line_1_51' title="bbox 1866 1738 3461 1818; baseline 0.006 -25"><span class='ocrx_word' id='word_1_315' title='bbox 1866 1738 2148 1809; x_wconf 72' lang='lat' dir='ltr'><strong>Gingiber,</strong></span> <span class='ocrx_word' id='word_1_316' title='bbox 2182 1750 2274 1793; x_wconf 91' lang='lat' dir='ltr'><strong>aut</strong></span> <span class='ocrx_word' id='word_1_317' title='bbox 2310 1742 2463 1794; x_wconf 79' lang='lat' dir='ltr'><strong>nardi</strong></span> <span class='ocrx_word' id='word_1_318' title='bbox 2505 1743 2797 1805; x_wconf 75' lang='lat' dir='ltr'><strong>modicum,</strong></span> <span class='ocrx_word' id='word_1_319' title='bbox 2824 1748 3143 1814; x_wconf 86' lang='lat' dir='ltr'><strong>costumque</strong></span> <span class='ocrx_word' id='word_1_320' title='bbox 3175 1745 3461 1818; x_wconf 79' lang='lat' dir='ltr'><strong>piperque.</strong></span> 
     </span>
    </p>
   </div>
   <div class='ocr_carea' id='block_1_52' title="bbox 1865 1834 3091 1906">
    <p class='ocr_par' dir='ltr' id='par_1_52' title="bbox 1865 1834 3091 1906">
     <span class='ocr_line' id='line_1_52' title="bbox 1865 1834 3091 1906; baseline 0.004 -19"><span class='ocrx_word' id='word_1_321' title='bbox 1865 1834 2077 1903; x_wconf 56' lang='lat' dir='ltr'><strong>Ignavis</strong></span> <span class='ocrx_word' id='word_1_322' title='bbox 2104 1838 2147 1889; x_wconf 76' lang='lat' dir='ltr'><strong>si</strong></span> <span class='ocrx_word' id='word_1_323' title='bbox 2172 1838 2411 1906; x_wconf 88' lang='lat' dir='ltr'><strong>quidque</strong></span> <span class='ocrx_word' id='word_1_324' title='bbox 2440 1837 2581 1892; x_wconf 87' lang='lat' dir='ltr'><strong>feres</strong></span> <span class='ocrx_word' id='word_1_325' title='bbox 2608 1840 2774 1893; x_wconf 83' lang='lat' dir='ltr'><strong>cartis</strong></span> <span class='ocrx_word' id='word_1_326' title='bbox 2806 1840 3091 1904; x_wconf 70' lang='lat' dir='ltr'><strong>aitiicitur;</strong></span> 
     </span>
    </p>
   </div>
   <div class='ocr_carea' id='block_1_53' title="bbox 1868 1923 3152 1998">
    <p class='ocr_par' dir='ltr' id='par_1_53' title="bbox 1868 1923 3152 1998">
     <span class='ocr_line' id='line_1_53' title="bbox 1868 1923 3152 1998; baseline 0.005 -19"><span class='ocrx_word' id='word_1_327' title='bbox 1868 1923 2150 1979; x_wconf 77' lang='lat' dir='ltr'><strong>Obstiterit</strong></span> <span class='ocrx_word' id='word_1_328' title='bbox 2180 1930 2417 1981; x_wconf 78' lang='lat' dir='ltr'><strong>innititur</strong></span> <span class='ocrx_word' id='word_1_329' title='bbox 2447 1929 2621 1998; x_wconf 82' lang='lat' dir='ltr'><strong>longe,</strong></span> <span class='ocrx_word' id='word_1_330' title='bbox 2655 1944 2755 1984; x_wconf 81' lang='lat' dir='ltr'><strong>nec</strong></span> <span class='ocrx_word' id='word_1_331' title='bbox 2782 1946 2913 1983; x_wconf 87' lang='lat' dir='ltr'><strong>cura</strong></span> <span class='ocrx_word' id='word_1_332' title='bbox 2949 1932 3152 1986; x_wconf 79' lang='lat' dir='ltr'><strong>mederi</strong></span> 
     </span>
    </p>
   </div>
   <div class='ocr_carea' id='block_1_54' title="bbox 1871 2014 3103 2090">
    <p class='ocr_par' dir='ltr' id='par_1_54' title="bbox 1871 2014 3103 2090">
     <span class='ocr_line' id='line_1_54' title="bbox 1871 2014 3103 2090; baseline 0.003 -21"><span class='ocrx_word' id='word_1_333' title='bbox 1871 2014 2010 2069; x_wconf 88' lang='lat' dir='ltr'><strong>Tute</strong></span> <span class='ocrx_word' id='word_1_334' title='bbox 2035 2018 2208 2071; x_wconf 89' lang='lat' dir='ltr'><strong>consil</strong></span> <span class='ocrx_word' id='word_1_335' title='bbox 2237 2019 2279 2071; x_wconf 88' lang='lat' dir='ltr'><strong>is</strong></span> <span class='ocrx_word' id='word_1_336' title='bbox 2305 2029 2504 2084; x_wconf 90' lang='lat' dir='ltr'><strong>motus,</strong></span> <span class='ocrx_word' id='word_1_337' title='bbox 2535 2022 2845 2090; x_wconf 80' lang='lat' dir='ltr'><strong>nostrisque</strong></span> <span class='ocrx_word' id='word_1_338' title='bbox 2872 2037 3103 2090; x_wconf 68' lang='lat' dir='ltr'><strong>(prerat-ti</strong></span> 
     </span>
    </p>
   </div>
   <div class='ocr_carea' id='block_1_55' title="bbox 1871 2096 3430 2181">
    <p class='ocr_par' dir='ltr' id='par_1_55' title="bbox 1871 2106 3430 2181">
     <span class='ocr_line' id='line_1_55' title="bbox 1871 2106 3430 2181; baseline 0.004 -20"><span class='ocrx_word' id='word_1_339' title='bbox 1871 2106 2229 2174; x_wconf 64' lang='lat' dir='ltr'><strong>Fraudaium,</strong></span> <span class='ocrx_word' id='word_1_340' title='bbox 2258 2112 2359 2164; x_wconf 85' lang='lat' dir='ltr'><strong>hoc</strong></span> <span class='ocrx_word' id='word_1_341' title='bbox 2390 2112 2793 2181; x_wconf 63' lang='lat' dir='ltr'><strong>tecum-jugizer</strong></span> <span class='ocrx_word' id='word_1_342' title='bbox 2822 2114 3175 2167; x_wconf 87' lang='lat' dir='ltr'><strong>memorando</strong></span> <span class='ocrx_word' id='word_1_343' title='bbox 3201 2112 3430 2170; x_wconf 79' lang='lat' dir='ltr'><strong>referto.</strong></span> 
     </span>
    </p>
   </div>
   <div class='ocr_carea' id='block_1_56' title="bbox 1872 2197 3316 2274">
    <p class='ocr_par' dir='ltr' id='par_1_56' title="bbox 1872 2197 3316 2274">
     <span class='ocr_line' id='line_1_56' title="bbox 1872 2197 3316 2274; baseline 0.008 -26"><span class='ocrx_word' id='word_1_344' title='bbox 1872 2197 1987 2265; x_wconf 84' lang='lat' dir='ltr'><strong>Qua</strong></span> <span class='ocrx_word' id='word_1_345' title='bbox 2019 2199 2249 2254; x_wconf 87' lang='lat' dir='ltr'><strong>frontem</strong></span> <span class='ocrx_word' id='word_1_346' title='bbox 2285 2204 2524 2256; x_wconf 82' lang='lat' dir='ltr'><strong>titubans</strong></span> <span class='ocrx_word' id='word_1_347' title='bbox 2561 2206 2749 2259; x_wconf 90' lang='lat' dir='ltr'><strong>titulus</strong></span> <span class='ocrx_word' id='word_1_348' title='bbox 2779 2208 3077 2274; x_wconf 70' lang='lat' dir='ltr'><strong>pr.elixerit</strong></span> <span class='ocrx_word' id='word_1_349' title='bbox 3107 2222 3316 2274; x_wconf 82' lang='lat' dir='ltr'><strong>acrem,</strong></span> 
     </span>
    </p>
   </div>
   <div class='ocr_carea' id='block_1_57' title="bbox 1876 2290 3179 2360">
    <p class='ocr_par' dir='ltr' id='par_1_57' title="bbox 1876 2290 3179 2360">
     <span class='ocr_line' id='line_1_57' title="bbox 1876 2290 3179 2360; baseline 0.005 -18"><span class='ocrx_word' id='word_1_350' title='bbox 1876 2290 2130 2357; x_wconf 86' lang='lat' dir='ltr'><strong>Suspicio</strong></span> <span class='ocrx_word' id='word_1_351' title='bbox 2160 2291 2335 2359; x_wconf 75' lang='lat' dir='ltr'><strong>prium</strong></span> <span class='ocrx_word' id='word_1_352' title='bbox 2359 2294 2551 2345; x_wconf 87' lang='lat' dir='ltr'><strong>subeat</strong></span> <span class='ocrx_word' id='word_1_353' title='bbox 2581 2295 2883 2360; x_wconf 70' lang='lat' dir='ltr'><strong>Qumrtxus</strong></span> <span class='ocrx_word' id='word_1_354' title='bbox 2910 2297 3179 2360; x_wconf 85' lang='lat' dir='ltr'><strong>enormis,</strong></span> 
     </span>
    </p>
   </div>
   <div class='ocr_carea' id='block_1_58' title="bbox 1872 2380 3202 2459">
    <p class='ocr_par' dir='ltr' id='par_1_58' title="bbox 1872 2380 3202 2459">
     <span class='ocr_line' id='line_1_58' title="bbox 1872 2380 3202 2459; baseline 0.005 -25"><span class='ocrx_word' id='word_1_355' title='bbox 1872 2380 1892 2434; x_wconf 90' lang='lat' dir='ltr'><strong>I</strong></span> <span class='ocrx_word' id='word_1_356' title='bbox 1919 2380 2148 2435; x_wconf 75' lang='lat' dir='ltr'><strong>auderet</strong></span> <span class='ocrx_word' id='word_1_357' title='bbox 2178 2392 2236 2434; x_wconf 92' lang='lat' dir='ltr'><strong>ut</strong></span> <span class='ocrx_word' id='word_1_358' title='bbox 2270 2384 2439 2436; x_wconf 60' lang='lat' dir='ltr'><strong>caelos</strong></span> <span class='ocrx_word' id='word_1_359' title='bbox 2467 2386 2629 2436; x_wconf 81' lang='lat' dir='ltr'><strong>itiner</strong></span> <span class='ocrx_word' id='word_1_360' title='bbox 2663 2384 2753 2451; x_wconf 86' lang='lat' dir='ltr'><strong>qui</strong></span> <span class='ocrx_word' id='word_1_361' title='bbox 2788 2387 2853 2438; x_wconf 90' lang='lat' dir='ltr'><strong>de</strong></span> <span class='ocrx_word' id='word_1_362' title='bbox 2882 2403 3013 2459; x_wconf 86' lang='lat' dir='ltr'><strong>nece</strong></span> <span class='ocrx_word' id='word_1_363' title='bbox 3036 2386 3202 2440; x_wconf 88' lang='lat' dir='ltr'><strong>fecit:</strong></span> 
     </span>
    </p>
   </div>
   <div class='ocr_carea' id='block_1_59' title="bbox 1875 2474 3272 2551">
    <p class='ocr_par' dir='ltr' id='par_1_59' title="bbox 1875 2474 3272 2551">
     <span class='ocr_line' id='line_1_59' title="bbox 1875 2474 3272 2551; baseline 0.006 -22"><span class='ocrx_word' id='word_1_364' title='bbox 1875 2474 1971 2529; x_wconf 86' lang='lat' dir='ltr'><strong>llis</strong></span> <span class='ocrx_word' id='word_1_365' title='bbox 1995 2476 2122 2539; x_wconf 77' lang='lat' dir='ltr'><strong>dux,</strong></span> <span class='ocrx_word' id='word_1_366' title='bbox 2158 2475 2241 2530; x_wconf 87' lang='lat' dir='ltr'><strong>his</strong></span> <span class='ocrx_word' id='word_1_367' title='bbox 2268 2478 2583 2547; x_wconf 75' lang='lat' dir='ltr'><strong>nzcritisque</strong></span> <span class='ocrx_word' id='word_1_368' title='bbox 2605 2482 2719 2531; x_wconf 87' lang='lat' dir='ltr'><strong>suis</strong></span> <span class='ocrx_word' id='word_1_369' title='bbox 2745 2480 3038 2548; x_wconf 90' lang='lat' dir='ltr'><strong>primordia</strong></span> <span class='ocrx_word' id='word_1_370' title='bbox 3072 2481 3272 2551; x_wconf 73' lang='lat' dir='ltr'><strong>signet.</strong></span> 
     </span>
    </p>
   </div>
   <div class='ocr_carea' id='block_1_60' title="bbox 1874 2563 3281 2638">
    <p class='ocr_par' dir='ltr' id='par_1_60' title="bbox 1874 2563 3281 2638">
     <span class='ocr_line' id='line_1_60' title="bbox 1874 2563 3281 2638; baseline 0.006 -21"><span class='ocrx_word' id='word_1_371' title='bbox 1874 2563 1986 2617; x_wconf 87' lang='lat' dir='ltr'><strong>lIoc</strong></span> <span class='ocrx_word' id='word_1_372' title='bbox 2012 2563 2192 2617; x_wconf 83' lang='lat' dir='ltr'><strong>forsan</strong></span> <span class='ocrx_word' id='word_1_373' title='bbox 2226 2566 2428 2634; x_wconf 85' lang='lat' dir='ltr'><strong>poteris</strong></span> <span class='ocrx_word' id='word_1_374' title='bbox 2451 2577 2801 2621; x_wconf 86' lang='lat' dir='ltr'><strong>contemnere</strong></span> <span class='ocrx_word' id='word_1_375' title='bbox 2833 2570 3023 2638; x_wconf 67' lang='lat' dir='ltr'><strong>vulgus</strong></span> <span class='ocrx_word' id='word_1_376' title='bbox 3054 2572 3281 2634; x_wconf 85' lang='lat' dir='ltr'><strong>inerme,</strong></span> 
     </span>
    </p>
   </div>
   <div class='ocr_carea' id='block_1_61' title="bbox 1873 2651 3170 2731">
    <p class='ocr_par' dir='ltr' id='par_1_61' title="bbox 1873 2651 3170 2731">
     <span class='ocr_line' id='line_1_61' title="bbox 1873 2651 3170 2731; baseline 0.006 -24"><span class='ocrx_word' id='word_1_377' title='bbox 1873 2651 2054 2707; x_wconf 53' lang='lat' dir='ltr'><strong>Plebis</strong></span> <span class='ocrx_word' id='word_1_378' title='bbox 2084 2657 2349 2725; x_wconf 88' lang='lat' dir='ltr'><strong>virgautis</strong></span> <span class='ocrx_word' id='word_1_379' title='bbox 2388 2658 2613 2725; x_wconf 86' lang='lat' dir='ltr'><strong>scnjam</strong></span> <span class='ocrx_word' id='word_1_380' title='bbox 2645 2659 2957 2712; x_wconf 85' lang='lat' dir='ltr'><strong>discrimina</strong></span> <span class='ocrx_word' id='word_1_381' title='bbox 2987 2661 3170 2731; x_wconf 83' lang='lat' dir='ltr'><strong>mille:</strong></span> 
     </span>
    </p>
   </div>
   <div class='ocr_carea' id='block_1_62' title="bbox 1874 2744 3127 2818">
    <p class='ocr_par' dir='ltr' id='par_1_62' title="bbox 1874 2744 3127 2818">
     <span class='ocr_line' id='line_1_62' title="bbox 1874 2744 3127 2818; baseline 0.006 -20"><span class='ocrx_word' id='word_1_382' title='bbox 1874 2744 1953 2800; x_wconf 79' lang='lat' dir='ltr'><strong>Ne</strong></span> <span class='ocrx_word' id='word_1_383' title='bbox 1982 2749 2189 2801; x_wconf 88' lang='lat' dir='ltr'><strong>meritis</strong></span> <span class='ocrx_word' id='word_1_384' title='bbox 2218 2748 2476 2818; x_wconf 73' lang='lat' dir='ltr'><strong>fulgentis</strong></span> <span class='ocrx_word' id='word_1_385' title='bbox 2506 2750 2744 2803; x_wconf 85' lang='lat' dir='ltr'><strong>noiuiuis</strong></span> <span class='ocrx_word' id='word_1_386' title='bbox 2780 2751 2935 2804; x_wconf 83' lang='lat' dir='ltr'><strong>obice</strong></span> <span class='ocrx_word' id='word_1_387' title='bbox 2961 2754 3127 2806; x_wconf 85' lang='lat' dir='ltr'><strong>tantis</strong></span> 
     </span>
    </p>
   </div>
   <div class='ocr_carea' id='block_1_63' title="bbox 1877 2826 3272 2914">
    <p class='ocr_par' dir='ltr' id='par_1_63' title="bbox 1877 2826 3272 2914">
     <span class='ocr_line' id='line_1_63' title="bbox 1877 2826 3272 2914; baseline 0.009 -27"><span class='ocrx_word' id='word_1_388' title='bbox 1877 2833 1976 2887; x_wconf 72' lang='lat' dir='ltr'><strong>Vix</strong></span> <span class='ocrx_word' id='word_1_389' title='bbox 2000 2838 2184 2889; x_wconf 87' lang='lat' dir='ltr'><strong>ausint</strong></span> <span class='ocrx_word' id='word_1_390' title='bbox 2224 2839 2439 2892; x_wconf 80' lang='lat' dir='ltr'><strong>tumidtc</strong></span> <span class='ocrx_word' id='word_1_391' title='bbox 2471 2848 2638 2892; x_wconf 80' lang='lat' dir='ltr'><strong>tentet</strong></span> <span class='ocrx_word' id='word_1_392' title='bbox 2658 2826 2928 2909; x_wconf 81' lang='lat' dir='ltr'><strong>sprevisse</strong></span> <span class='ocrx_word' id='word_1_393' title='bbox 2955 2841 3272 2914; x_wconf 75' lang='lat' dir='ltr'><strong>phalanges.</strong></span> 
     </span>
    </p>
   </div>
   <div class='ocr_carea' id='block_1_64' title="bbox 1875 2922 3224 3000">
    <p class='ocr_par' dir='ltr' id='par_1_64' title="bbox 1875 2922 3224 3000">
     <span class='ocr_line' id='line_1_64' title="bbox 1875 2922 3224 3000; baseline 0.007 -22"><span class='ocrx_word' id='word_1_394' title='bbox 1875 2922 2113 2981; x_wconf 72' lang='lat' dir='ltr'><strong>Nilescet</strong></span> <span class='ocrx_word' id='word_1_395' title='bbox 2148 2927 2346 2994; x_wconf 85' lang='lat' dir='ltr'><strong>rabies,</strong></span> <span class='ocrx_word' id='word_1_396' title='bbox 2374 2940 2706 2999; x_wconf 81' lang='lat' dir='ltr'><strong>parcentque</strong></span> <span class='ocrx_word' id='word_1_397' title='bbox 2734 2933 2908 3000; x_wconf 88' lang='lat' dir='ltr'><strong>sputis</strong></span> <span class='ocrx_word' id='word_1_398' title='bbox 2937 2935 3073 2988; x_wconf 88' lang='lat' dir='ltr'><strong>duce</strong></span> <span class='ocrx_word' id='word_1_399' title='bbox 3110 2935 3224 3000; x_wconf 64' lang='lat' dir='ltr'><strong>tati,</strong></span> 
     </span>
    </p>
   </div>
   <div class='ocr_carea' id='block_1_65' title="bbox 1875 3013 3253 3085">
    <p class='ocr_par' dir='ltr' id='par_1_65' title="bbox 1875 3013 3253 3085">
     <span class='ocr_line' id='line_1_65' title="bbox 1875 3013 3253 3085; baseline 0.009 -17"><span class='ocrx_word' id='word_1_400' title='bbox 1875 3013 2159 3085; x_wconf 81' lang='lat' dir='ltr'><strong>Fcbthuc</strong></span> <span class='ocrx_word' id='word_1_401' title='bbox 2182 3020 2460 3073; x_wconf 78' lang='lat' dir='ltr'><strong>subtracta</strong></span> <span class='ocrx_word' id='word_1_402' title='bbox 2496 3022 2639 3075; x_wconf 82' lang='lat' dir='ltr'><strong>nudo</strong></span> <span class='ocrx_word' id='word_1_403' title='bbox 2670 3022 3058 3078; x_wconf 84' lang='lat' dir='ltr'><strong>incrudescere</strong></span> <span class='ocrx_word' id='word_1_404' title='bbox 3089 3026 3253 3081; x_wconf 86' lang='lat' dir='ltr'><strong>dcntc</strong></span> 
     </span>
    </p>
   </div>
   <div class='ocr_carea' id='block_1_66' title="bbox 1876 3108 3092 3181">
    <p class='ocr_par' dir='ltr' id='par_1_66' title="bbox 1876 3108 3092 3181">
     <span class='ocr_line' id='line_1_66' title="bbox 1876 3108 3092 3181; baseline 0.006 -19"><span class='ocrx_word' id='word_1_405' title='bbox 1876 3108 2121 3162; x_wconf 86' lang='lat' dir='ltr'><strong>Flamiue</strong></span> <span class='ocrx_word' id='word_1_406' title='bbox 2147 3111 2395 3181; x_wconf 83' lang='lat' dir='ltr'><strong>septillno</strong></span> <span class='ocrx_word' id='word_1_407' title='bbox 2427 3114 2552 3167; x_wconf 67' lang='lat' dir='ltr'><strong>l&#39;etix</strong></span> <span class='ocrx_word' id='word_1_408' title='bbox 2588 3113 2741 3167; x_wconf 86' lang='lat' dir='ltr'><strong>liberi</strong></span> <span class='ocrx_word' id='word_1_409' title='bbox 2769 3116 2906 3169; x_wconf 87' lang='lat' dir='ltr'><strong>duce</strong></span> <span class='ocrx_word' id='word_1_410' title='bbox 2930 3132 3092 3171; x_wconf 87' lang='lat' dir='ltr'><strong>sacro</strong></span> 
     </span>
    </p>
   </div>
   <div class='ocr_carea' id='block_1_67' title="bbox 1880 3200 3145 3274">
    <p class='ocr_par' dir='ltr' id='par_1_67' title="bbox 1880 3200 3145 3274">
     <span class='ocr_line' id='line_1_67' title="bbox 1880 3200 3145 3274; baseline 0.006 -22"><span class='ocrx_word' id='word_1_411' title='bbox 1880 3200 2409 3274; x_wconf 77' lang='lat' dir='ltr'><strong>I’rotcctusjugiter.</strong></span> <span class='ocrx_word' id='word_1_412' title='bbox 2445 3207 2795 3274; x_wconf 90' lang='lat' dir='ltr'><strong>umnitusque</strong></span> <span class='ocrx_word' id='word_1_413' title='bbox 2829 3206 3145 3272; x_wconf 72' lang='lat' dir='ltr'><strong>attxiliatus,</strong></span> 
     </span>
    </p>
   </div>
   <div class='ocr_carea' id='block_1_68' title="bbox 1879 3290 3160 3369">
    <p class='ocr_par' dir='ltr' id='par_1_68' title="bbox 1879 3290 3160 3369">
     <span class='ocr_line' id='line_1_68' title="bbox 1879 3290 3160 3369; baseline 0.005 -24"><span class='ocrx_word' id='word_1_414' title='bbox 1879 3290 2143 3347; x_wconf 81' lang='lat' dir='ltr'><strong>Rctondis</strong></span> <span class='ocrx_word' id='word_1_415' title='bbox 2173 3298 2187 3314; x_wconf 83' lang='lat'>&#39;</span> <span class='ocrx_word' id='word_1_416' title='bbox 2226 3297 2435 3351; x_wconf 71' lang='lat' dir='ltr'><strong>turritis</strong></span> <span class='ocrx_word' id='word_1_417' title='bbox 2461 3296 2707 3363; x_wconf 89' lang='lat' dir='ltr'><strong>Quintiui</strong></span> <span class='ocrx_word' id='word_1_418' title='bbox 2733 3299 3160 3369; x_wconf 78' lang='lat' dir='ltr'><strong>martyriSaImi;</strong></span> 
     </span>
    </p>
   </div>
   <div class='ocr_carea' id='block_1_69' title="bbox 1879 3380 3327 3460">
    <p class='ocr_par' dir='ltr' id='par_1_69' title="bbox 1879 3380 3327 3460">
     <span class='ocr_line' id='line_1_69' title="bbox 1879 3380 3327 3460; baseline 0.007 -25"><span class='ocrx_word' id='word_1_419' title='bbox 1879 3380 1993 3435; x_wconf 71' lang='lat' dir='ltr'><strong>Nec</strong></span> <span class='ocrx_word' id='word_1_420' title='bbox 2031 3394 2082 3436; x_wconf 92' lang='lat' dir='ltr'><strong>te</strong></span> <span class='ocrx_word' id='word_1_421' title='bbox 2107 3400 2211 3437; x_wconf 90' lang='lat' dir='ltr'><strong>non</strong></span> <span class='ocrx_word' id='word_1_422' title='bbox 2250 3387 2515 3439; x_wconf 90' lang='lat' dir='ltr'><strong>monittun</strong></span> <span class='ocrx_word' id='word_1_423' title='bbox 2554 3388 2681 3439; x_wconf 90' lang='lat' dir='ltr'><strong>olim</strong></span> <span class='ocrx_word' id='word_1_424' title='bbox 2707 3389 3028 3442; x_wconf 73' lang='lat' dir='ltr'><strong>discessisse</strong></span> <span class='ocrx_word' id='word_1_425' title='bbox 3060 3390 3327 3460; x_wconf 74' lang='lat' dir='ltr'><strong>graveris,</strong></span> 
     </span>
    </p>
   </div>
   <div class='ocr_carea' id='block_1_70' title="bbox 1879 3473 3259 3551">
    <p class='ocr_par' dir='ltr' id='par_1_70' title="bbox 1879 3473 3259 3551">
     <span class='ocr_line' id='line_1_70' title="bbox 1879 3473 3259 3551; baseline 0.011 -30"><span class='ocrx_word' id='word_1_426' title='bbox 1879 3473 2032 3539; x_wconf 65' lang='lat' dir='ltr'><strong>Quod</strong></span> <span class='ocrx_word' id='word_1_427' title='bbox 2076 3487 2244 3530; x_wconf 86' lang='lat' dir='ltr'><strong>restat</strong></span> <span class='ocrx_word' id='word_1_428' title='bbox 2268 3479 2447 3531; x_wconf 88' lang='lat' dir='ltr'><strong>dubiis</strong></span> <span class='ocrx_word' id='word_1_429' title='bbox 2474 3479 2697 3548; x_wconf 73' lang='lat' dir='ltr'><strong>supplex</strong></span> <span class='ocrx_word' id='word_1_430' title='bbox 2723 3482 3031 3551; x_wconf 83' lang='lat' dir='ltr'><strong>comiteque</strong></span> <span class='ocrx_word' id='word_1_431' title='bbox 3064 3484 3079 3502; x_wconf 86' lang='lat'>&#39;</span> <span class='ocrx_word' id='word_1_432' title='bbox 3111 3483 3259 3546; x_wconf 76' lang='lat' dir='ltr'><strong>latis,</strong></span> 
     </span>
    </p>
   </div>
   <div class='ocr_carea' id='block_1_71' title="bbox 1888 3562 3334 3643">
    <p class='ocr_par' dir='ltr' id='par_1_71' title="bbox 1888 3562 3334 3643">
     <span class='ocr_line' id='line_1_71' title="bbox 1888 3562 3334 3643; baseline 0.007 -26"><span class='ocrx_word' id='word_1_433' title='bbox 1888 3562 2081 3633; x_wconf 81' lang='lat' dir='ltr'><strong>Meque</strong></span> <span class='ocrx_word' id='word_1_434' title='bbox 2109 3567 2314 3621; x_wconf 81' lang='lat' dir='ltr'><strong>utinam</strong></span> <span class='ocrx_word' id='word_1_435' title='bbox 2349 3568 2547 3624; x_wconf 85' lang='lat' dir='ltr'><strong>all&#39;ectu</strong></span> <span class='ocrx_word' id='word_1_436' title='bbox 2578 3580 2764 3639; x_wconf 89' lang='lat' dir='ltr'><strong>optato</strong></span> <span class='ocrx_word' id='word_1_437' title='bbox 2787 3570 3012 3625; x_wconf 85' lang='lat' dir='ltr'><strong>meliora</strong></span> <span class='ocrx_word' id='word_1_438' title='bbox 3036 3582 3334 3643; x_wconf 79' lang='lat' dir='ltr'><strong>sequantur</strong></span> 
     </span>
    </p>
   </div>
   <div class='ocr_carea' id='block_1_72' title="bbox 1010 3752 2774 3820">
    <p class='ocr_par' dir='ltr' id='par_1_72' title="bbox 1010 3752 2774 3820">
     <span class='ocr_line' id='line_1_72' title="bbox 1010 3752 2774 3820; baseline 0.007 -13"><span class='ocrx_word' id='word_1_439' title='bbox 1010 3752 1288 3807; x_wconf 68' lang='lat' dir='ltr'><strong>VERSUS</strong></span> <span class='ocrx_word' id='word_1_440' title='bbox 1318 3755 1410 3807; x_wconf 82' lang='lat' dir='ltr'><strong>AD</strong></span> <span class='ocrx_word' id='word_1_441' title='bbox 1448 3752 1863 3811; x_wconf 66' lang='lat' dir='ltr'><strong>ItICIIAliDUM</strong></span> <span class='ocrx_word' id='word_1_442' title='bbox 1897 3760 2110 3817; x_wconf 75' lang='lat' dir='ltr'><strong>MAGNI</strong></span> <span class='ocrx_word' id='word_1_443' title='bbox 2148 3764 2475 3820; x_wconf 71' lang='lat' dir='ltr'><strong>RICIIARDI</strong></span> <span class='ocrx_word' id='word_1_444' title='bbox 2514 3764 2774 3820; x_wconf 75' lang='lat' dir='ltr'><strong>FILIUM.</strong></span> 
     </span>
    </p>
   </div>
   <div class='ocr_carea' id='block_1_73' title="bbox 183 3843 1338 3916">
    <p class='ocr_par' dir='ltr' id='par_1_73' title="bbox 183 3843 1338 3916">
     <span class='ocr_line' id='line_1_73' title="bbox 183 3843 1338 3916; baseline -0.002 -15"><span class='ocrx_word' id='word_1_445' title='bbox 183 3843 231 3901; x_wconf 90' lang='lat'><strong>0</strong></span> <span class='ocrx_word' id='word_1_446' title='bbox 266 3854 318 3900; x_wconf 90' lang='lat' dir='ltr'><strong>te</strong></span> <span class='ocrx_word' id='word_1_447' title='bbox 340 3844 770 3916; x_wconf 87' lang='lat' dir='ltr'><strong>magnanimum,</strong></span> <span class='ocrx_word' id='word_1_448' title='bbox 803 3844 973 3913; x_wconf 90' lang='lat' dir='ltr'><strong>pittm,</strong></span> <span class='ocrx_word' id='word_1_449' title='bbox 1004 3846 1338 3899; x_wconf 82' lang='lat' dir='ltr'><strong>modestum!</strong></span> 
     </span>
    </p>
   </div>
   <div class='ocr_carea' id='block_1_74' title="bbox 185 3939 1238 4008">
    <p class='ocr_par' dir='ltr' id='par_1_74' title="bbox 185 3939 1238 4008">
     <span class='ocr_line' id='line_1_74' title="bbox 185 3939 1238 4008; baseline -0.004 -13"><span class='ocrx_word' id='word_1_450' title='bbox 185 3940 232 3995; x_wconf 97' lang='lat'><strong>0</strong></span> <span class='ocrx_word' id='word_1_451' title='bbox 266 3949 315 3992; x_wconf 91' lang='lat' dir='ltr'><strong>te</strong></span> <span class='ocrx_word' id='word_1_452' title='bbox 339 3939 694 4008; x_wconf 62' lang='lat' dir='ltr'><strong>prst‘cipuutn,</strong></span> <span class='ocrx_word' id='word_1_453' title='bbox 728 3939 1006 3990; x_wconf 89' lang='lat' dir='ltr'><strong>timentem</strong></span> <span class='ocrx_word' id='word_1_454' title='bbox 1041 3939 1238 3992; x_wconf 81' lang='lat' dir='ltr'><strong>Deum!</strong></span> 
     </span>
    </p>
   </div>
   <div class='ocr_carea' id='block_1_75' title="bbox 185 4029 1354 4099">
    <p class='ocr_par' dir='ltr' id='par_1_75' title="bbox 185 4029 1354 4099">
     <span class='ocr_line' id='line_1_75' title="bbox 185 4029 1354 4099; baseline -0.001 -14"><span class='ocrx_word' id='word_1_455' title='bbox 185 4030 232 4085; x_wconf 94' lang='lat'><strong>0</strong></span> <span class='ocrx_word' id='word_1_456' title='bbox 268 4040 322 4083; x_wconf 88' lang='lat' dir='ltr'><strong>te</strong></span> <span class='ocrx_word' id='word_1_457' title='bbox 349 4030 721 4098; x_wconf 79' lang='lat' dir='ltr'><strong>magnilicum,</strong></span> <span class='ocrx_word' id='word_1_458' title='bbox 753 4030 1002 4097; x_wconf 81' lang='lat' dir='ltr'><strong>probum.</strong></span> <span class='ocrx_word' id='word_1_459' title='bbox 1028 4029 1354 4099; x_wconf 82' lang='lat' dir='ltr'><strong>benignum!</strong></span> 
     </span>
    </p>
   </div>
   <div class='ocr_carea' id='block_1_76' title="bbox 182 4120 1287 4191">
    <p class='ocr_par' dir='ltr' id='par_1_76' title="bbox 182 4120 1287 4191">
     <span class='ocr_line' id='line_1_76' title="bbox 182 4120 1287 4191; baseline 0.004 -19"><span class='ocrx_word' id='word_1_460' title='bbox 182 4123 232 4177; x_wconf 77' lang='grc' dir='ltr'>θ</span> <span class='ocrx_word' id='word_1_461' title='bbox 260 4131 311 4175; x_wconf 85' lang='lat' dir='ltr'><strong>te</strong></span> <span class='ocrx_word' id='word_1_462' title='bbox 353 4120 661 4180; x_wconf 76' lang='lat' dir='ltr'><strong>miriﬁcum,</strong></span> <span class='ocrx_word' id='word_1_463' title='bbox 690 4121 1022 4190; x_wconf 87' lang='lat' dir='ltr'><strong>bonumque,</strong></span> <span class='ocrx_word' id='word_1_464' title='bbox 1056 4122 1287 4191; x_wconf 77' lang='lat' dir='ltr'><strong>justum!</strong></span> 
     </span>
    </p>
   </div>
   <div class='ocr_carea' id='block_1_77' title="bbox 182 4211 1163 4283">
    <p class='ocr_par' dir='ltr' id='par_1_77' title="bbox 182 4211 1163 4283">
     <span class='ocr_line' id='line_1_77' title="bbox 182 4211 1163 4283; baseline -0.001 -15"><span class='ocrx_word' id='word_1_465' title='bbox 182 4211 233 4268; x_wconf 91' lang='lat'><strong>0</strong></span> <span class='ocrx_word' id='word_1_466' title='bbox 270 4224 321 4266; x_wconf 83' lang='lat' dir='ltr'><strong>te</strong></span> <span class='ocrx_word' id='word_1_467' title='bbox 355 4214 661 4283; x_wconf 83' lang='lat' dir='ltr'><strong>pacilicttm,</strong></span> <span class='ocrx_word' id='word_1_468' title='bbox 697 4212 898 4282; x_wconf 87' lang='lat' dir='ltr'><strong>Deique</strong></span> <span class='ocrx_word' id='word_1_469' title='bbox 924 4214 1163 4283; x_wconf 83' lang='lat' dir='ltr'><strong>prolem!</strong></span> 
     </span>
    </p>
   </div>
   <div class='ocr_carea' id='block_1_78' title="bbox 183 4304 1283 4368">
    <p class='ocr_par' dir='ltr' id='par_1_78' title="bbox 183 4304 1283 4368">
     <span class='ocr_line' id='line_1_78' title="bbox 183 4304 1283 4368; baseline -0.004 -8"><span class='ocrx_word' id='word_1_470' title='bbox 183 4304 234 4360; x_wconf 95' lang='lat'><strong>0</strong></span> <span class='ocrx_word' id='word_1_471' title='bbox 263 4314 315 4357; x_wconf 84' lang='lat' dir='ltr'><strong>te</strong></span> <span class='ocrx_word' id='word_1_472' title='bbox 345 4304 681 4368; x_wconf 82' lang='lat' dir='ltr'><strong>muniﬁcum,</strong></span> <span class='ocrx_word' id='word_1_473' title='bbox 710 4319 949 4367; x_wconf 90' lang='lat' dir='ltr'><strong>sacrmn,</strong></span> <span class='ocrx_word' id='word_1_474' title='bbox 979 4306 1283 4358; x_wconf 88' lang='lat' dir='ltr'><strong>modestum</strong></span> 
     </span>
    </p>
   </div>
   <div class='ocr_carea' id='block_1_79' title="bbox 182 4394 1303 4464">
    <p class='ocr_par' dir='ltr' id='par_1_79' title="bbox 182 4394 1303 4464">
     <span class='ocr_line' id='line_1_79' title="bbox 182 4394 1303 4464; baseline -0.002 -13"><span class='ocrx_word' id='word_1_475' title='bbox 182 4396 235 4451; x_wconf 90' lang='lat'><strong>0</strong></span> <span class='ocrx_word' id='word_1_476' title='bbox 271 4407 322 4449; x_wconf 92' lang='lat' dir='ltr'><strong>te</strong></span> <span class='ocrx_word' id='word_1_477' title='bbox 353 4395 713 4464; x_wconf 69' lang='lat' dir='ltr'><strong>prmrutilum,</strong></span> <span class='ocrx_word' id='word_1_478' title='bbox 753 4394 995 4449; x_wconf 67' lang='lat' dir='ltr'><strong>liicanne</strong></span> <span class='ocrx_word' id='word_1_479' title='bbox 1026 4396 1303 4450; x_wconf 81' lang='lat' dir='ltr'><strong>clemens!</strong></span> 
     </span>
    </p>
   </div>
   <div class='ocr_carea' id='block_1_80' title="bbox 184 4487 1254 4559">
    <p class='ocr_par' dir='ltr' id='par_1_80' title="bbox 184 4487 1254 4559">
     <span class='ocr_line' id='line_1_80' title="bbox 184 4487 1254 4559; baseline -0.001 -14"><span class='ocrx_word' id='word_1_480' title='bbox 184 4487 235 4545; x_wconf 86' lang='grc'>0</span> <span class='ocrx_word' id='word_1_481' title='bbox 274 4499 329 4544; x_wconf 88' lang='lat' dir='ltr'><strong>te</strong></span> <span class='ocrx_word' id='word_1_482' title='bbox 357 4489 743 4559; x_wconf 85' lang='lat' dir='ltr'><strong>longanintem,</strong></span> <span class='ocrx_word' id='word_1_483' title='bbox 770 4489 1254 4559; x_wconf 76' lang='lat' dir='ltr'><strong>lticardermlens</strong></span> 
     </span>
    </p>
   </div>
   <div class='ocr_carea' id='block_1_81' title="bbox 1886 3874 2969 3946">
    <p class='ocr_par' dir='ltr' id='par_1_81' title="bbox 1886 3874 2969 3946">
     <span class='ocr_line' id='line_1_81' title="bbox 1886 3874 2969 3946; baseline 0.003 -15"><span class='ocrx_word' id='word_1_484' title='bbox 1886 3874 1931 3931; x_wconf 88' lang='grc' dir='ltr'><strong>Ο</strong></span> <span class='ocrx_word' id='word_1_485' title='bbox 1964 3887 2016 3931; x_wconf 90' lang='lat' dir='ltr'><strong>te</strong></span> <span class='ocrx_word' id='word_1_486' title='bbox 2047 3878 2439 3946; x_wconf 77' lang='lat' dir='ltr'><strong>perreleln&#39;em.</strong></span> <span class='ocrx_word' id='word_1_487' title='bbox 2480 3877 2714 3932; x_wconf 80' lang='lat' dir='ltr'><strong>IIicarde</strong></span> <span class='ocrx_word' id='word_1_488' title='bbox 2741 3878 2969 3934; x_wconf 78' lang='lat' dir='ltr'><strong>decens!</strong></span> 
     </span>
    </p>
   </div>
   <div class='ocr_carea' id='block_1_82' title="bbox 1887 3964 2823 4035">
    <p class='ocr_par' dir='ltr' id='par_1_82' title="bbox 1887 3964 2823 4035">
     <span class='ocr_line' id='line_1_82' title="bbox 1887 3964 2823 4035; baseline 0.004 -15"><span class='ocrx_word' id='word_1_489' title='bbox 1887 3964 1931 4020; x_wconf 93' lang='lat'><strong>0</strong></span> <span class='ocrx_word' id='word_1_490' title='bbox 1963 3981 2013 4022; x_wconf 88' lang='lat' dir='ltr'><strong>te</strong></span> <span class='ocrx_word' id='word_1_491' title='bbox 2038 3966 2359 4035; x_wconf 82' lang='lat' dir='ltr'><strong>jttridicttm,</strong></span> <span class='ocrx_word' id='word_1_492' title='bbox 2394 3970 2623 4024; x_wconf 73' lang='lat' dir='ltr'><strong>Iiicat&#39;dc</strong></span> <span class='ocrx_word' id='word_1_493' title='bbox 2649 3969 2823 4024; x_wconf 80' lang='lat' dir='ltr'><strong>luitis!</strong></span> 
     </span>
    </p>
   </div>
   <div class='ocr_carea' id='block_1_83' title="bbox 1889 4057 2923 4127">
    <p class='ocr_par' dir='ltr' id='par_1_83' title="bbox 1889 4057 2923 4127">
     <span class='ocr_line' id='line_1_83' title="bbox 1889 4057 2923 4127; baseline 0.002 -14"><span class='ocrx_word' id='word_1_494' title='bbox 1889 4057 1934 4113; x_wconf 93' lang='lat'><strong>0</strong></span> <span class='ocrx_word' id='word_1_495' title='bbox 1967 4068 2016 4111; x_wconf 89' lang='lat' dir='ltr'><strong>te</strong></span> <span class='ocrx_word' id='word_1_496' title='bbox 2039 4060 2418 4127; x_wconf 86' lang='lat' dir='ltr'><strong>protueritum,</strong></span> <span class='ocrx_word' id='word_1_497' title='bbox 2460 4059 2692 4115; x_wconf 80' lang='lat' dir='ltr'><strong>llicardc</strong></span> <span class='ocrx_word' id='word_1_498' title='bbox 2717 4061 2923 4115; x_wconf 77' lang='lat' dir='ltr'><strong>dulcis!</strong></span> 
     </span>
    </p>
   </div>
   <div class='ocr_carea' id='block_1_84' title="bbox 1890 4149 2933 4223">
    <p class='ocr_par' dir='ltr' id='par_1_84' title="bbox 1890 4149 2933 4223">
     <span class='ocr_line' id='line_1_84' title="bbox 1890 4149 2933 4223; baseline 0.003 -17"><span class='ocrx_word' id='word_1_499' title='bbox 1890 4149 2097 4206; x_wconf 80' lang='lat' dir='ltr'><strong>Gentes</strong></span> <span class='ocrx_word' id='word_1_500' title='bbox 2123 4153 2428 4223; x_wconf 80' lang='lat' dir='ltr'><strong>onmigeme</strong></span> <span class='ocrx_word' id='word_1_501' title='bbox 2453 4152 2633 4207; x_wconf 90' lang='lat' dir='ltr'><strong>lerunt</strong></span> <span class='ocrx_word' id='word_1_502' title='bbox 2658 4159 2933 4209; x_wconf 83' lang='lat' dir='ltr'><strong>decenter.</strong></span> 
     </span>
    </p>
   </div>
   <div class='ocr_carea' id='block_1_85' title="bbox 1894 4241 2972 4311">
    <p class='ocr_par' dir='ltr' id='par_1_85' title="bbox 1894 4241 2972 4311">
     <span class='ocr_line' id='line_1_85' title="bbox 1894 4241 2972 4311; baseline 0.01 -20"><span class='ocrx_word' id='word_1_503' title='bbox 1894 4241 2023 4308; x_wconf 82' lang='lat' dir='ltr'><strong>Qua:</strong></span> <span class='ocrx_word' id='word_1_504' title='bbox 2053 4244 2240 4298; x_wconf 86' lang='lat' dir='ltr'><strong>cernis</strong></span> <span class='ocrx_word' id='word_1_505' title='bbox 2273 4261 2516 4298; x_wconf 88' lang='lat' dir='ltr'><strong>memora</strong></span> <span class='ocrx_word' id='word_1_506' title='bbox 2544 4246 2679 4299; x_wconf 88' lang='lat' dir='ltr'><strong>libro</strong></span> <span class='ocrx_word' id='word_1_507' title='bbox 2700 4247 2972 4311; x_wconf 10' lang='lat' dir='ltr'><strong>rumdeste.</strong></span> 
     </span>
    </p>
   </div>
   <div class='ocr_carea' id='block_1_86' title="bbox 1896 4332 3009 4406">
    <p class='ocr_par' dir='ltr' id='par_1_86' title="bbox 1896 4332 3009 4406">
     <span class='ocr_line' id='line_1_86' title="bbox 1896 4332 3009 4406; baseline 0.004 -20"><span class='ocrx_word' id='word_1_508' title='bbox 1896 4332 1992 4388; x_wconf 72' lang='lat' dir='ltr'><strong>Il;s</strong></span> <span class='ocrx_word' id='word_1_509' title='bbox 2020 4335 2253 4402; x_wconf 74' lang='lat' dir='ltr'><strong>deposce</strong></span> <span class='ocrx_word' id='word_1_510' title='bbox 2279 4345 2426 4387; x_wconf 90' lang='lat' dir='ltr'><strong>ltlltlll</strong></span> <span class='ocrx_word' id='word_1_511' title='bbox 2454 4353 2569 4398; x_wconf 86' lang='lat' dir='ltr'><strong>eor,</strong></span> <span class='ocrx_word' id='word_1_512' title='bbox 2596 4347 2761 4406; x_wconf 85' lang='lat' dir='ltr'><strong>atque</strong></span> <span class='ocrx_word' id='word_1_513' title='bbox 2797 4348 3009 4406; x_wconf 86' lang='lat' dir='ltr'><strong>pectus,</strong></span> 
     </span>
    </p>
   </div>
   <div class='ocr_carea' id='block_1_87' title="bbox 1895 4423 2909 4495">
    <p class='ocr_par' dir='ltr' id='par_1_87' title="bbox 1895 4423 2909 4495">
     <span class='ocr_line' id='line_1_87' title="bbox 1895 4423 2909 4495; baseline 0.005 -18"><span class='ocrx_word' id='word_1_514' title='bbox 1895 4423 2100 4479; x_wconf 87' lang='lat' dir='ltr'><strong>lnnecti</strong></span> <span class='ocrx_word' id='word_1_515' title='bbox 2126 4434 2184 4479; x_wconf 89' lang='lat' dir='ltr'><strong>nt</strong></span> <span class='ocrx_word' id='word_1_516' title='bbox 2210 4426 2390 4480; x_wconf 84' lang='lat' dir='ltr'><strong>valeas</strong></span> <span class='ocrx_word' id='word_1_517' title='bbox 2414 4427 2613 4495; x_wconf 86' lang='lat' dir='ltr'><strong>quibus</strong></span> <span class='ocrx_word' id='word_1_518' title='bbox 2639 4443 2909 4482; x_wconf 86' lang='lat' dir='ltr'><strong>recenses.</strong></span> 
     </span>
    </p>
   </div>
   <div class='ocr_carea' id='block_1_88' title="bbox 1820 4482 1868 4543">
    <p class='ocr_par' dir='ltr' id='par_1_88' title="bbox 1820 4482 1868 4543">
     <span class='ocr_line' id='line_1_88' title="bbox 1820 4482 1868 4543; baseline 0 0"><span class='ocrx_word' id='word_1_519' title='bbox 1820 4482 1868 4543; x_wconf 91' lang='lat' dir='ltr'><strong>D</strong></span> 
     </span>
    </p>
   </div>
   <div class='ocr_carea' id='block_1_89' title="bbox 968 4579 2649 4640">
    <p class='ocr_par' dir='ltr' id='par_1_89' title="bbox 968 4579 2649 4640">
     <span class='ocr_line' id='line_1_89' title="bbox 968 4579 2649 4640; baseline -0.002 -3"><span class='ocrx_word' id='word_1_520' title='bbox 968 4582 1279 4639; x_wconf 65' lang='grc' dir='ltr'>ιτιέίυιιΑῖ</span> <span class='ocrx_word' id='word_1_521' title='bbox 1316 4582 1650 4640; x_wconf 72' lang='lat' dir='ltr'><strong>MATERIEI</strong></span> <span class='ocrx_word' id='word_1_522' title='bbox 1696 4582 2119 4640; x_wconf 77' lang='lat' dir='ltr'><strong>TREI’IDATIO</strong></span> <span class='ocrx_word' id='word_1_523' title='bbox 2155 4582 2240 4635; x_wconf 68' lang='grc' dir='ltr'><strong>ΕΤ</strong></span> <span class='ocrx_word' id='word_1_524' title='bbox 2268 4579 2649 4638; x_wconf 73' lang='lat' dir='ltr'><strong>DISSUASlO.</strong></span> 
     </span>
    </p>
   </div>
   <div class='ocr_carea' id='block_1_90' title="bbox 187 4678 1535 4749">
    <p class='ocr_par' dir='ltr' id='par_1_90' title="bbox 187 4678 1535 4749">
     <span class='ocr_line' id='line_1_90' title="bbox 187 4678 1535 4749; baseline -0.003 -10"><span class='ocrx_word' id='word_1_525' title='bbox 187 4680 535 4739; x_wconf 77' lang='lat' dir='ltr'><strong>Turbinibus</strong></span> <span class='ocrx_word' id='word_1_526' title='bbox 560 4679 729 4733; x_wconf 79' lang='lat' dir='ltr'><strong>variis</strong></span> <span class='ocrx_word' id='word_1_527' title='bbox 758 4678 844 4732; x_wconf 91' lang='lat' dir='ltr'><strong>cui</strong></span> <span class='ocrx_word' id='word_1_528' title='bbox 876 4678 1093 4734; x_wconf 84' lang='lat' dir='ltr'><strong>casibus</strong></span> <span class='ocrx_word' id='word_1_529' title='bbox 1126 4679 1535 4749; x_wconf 87' lang='lat' dir='ltr'><strong>innumerisqne</strong></span> 
     </span>
    </p>
   </div>
   <div class='ocr_carea' id='block_1_91' title="bbox 186 4770 1474 4842">
    <p class='ocr_par' dir='ltr' id='par_1_91' title="bbox 186 4770 1474 4842">
     <span class='ocr_line' id='line_1_91' title="bbox 186 4770 1474 4842; baseline -0.005 -11"><span class='ocrx_word' id='word_1_530' title='bbox 186 4776 294 4831; x_wconf 70' lang='lat' dir='ltr'><strong>Ast</strong></span> <span class='ocrx_word' id='word_1_531' title='bbox 321 4771 659 4842; x_wconf 86' lang='lat' dir='ltr'><strong>inoportunis</strong></span> <span class='ocrx_word' id='word_1_532' title='bbox 687 4786 865 4825; x_wconf 87' lang='lat' dir='ltr'><strong>rerqu</strong></span> <span class='ocrx_word' id='word_1_533' title='bbox 897 4770 1102 4823; x_wconf 76' lang='lat' dir='ltr'><strong>vicibus</strong></span> <span class='ocrx_word' id='word_1_534' title='bbox 1128 4770 1474 4834; x_wconf 79' lang='lat' dir='ltr'><strong>voLtautum,</strong></span> 
     </span>
    </p>
   </div>
   <div class='ocr_carea' id='block_1_92' title="bbox 188 4858 1491 4933">
    <p class='ocr_par' dir='ltr' id='par_1_92' title="bbox 188 4858 1491 4933">
     <span class='ocr_line' id='line_1_92' title="bbox 188 4858 1491 4933; baseline -0.003 -15"><span class='ocrx_word' id='word_1_535' title='bbox 188 4862 470 4933; x_wconf 83' lang='lat' dir='ltr'><strong>Lapsibus</strong></span> <span class='ocrx_word' id='word_1_536' title='bbox 498 4871 661 4930; x_wconf 89' lang='lat' dir='ltr'><strong>atque</strong></span> <span class='ocrx_word' id='word_1_537' title='bbox 690 4858 1015 4913; x_wconf 70' lang='lat' dir='ltr'><strong>volubilibus</strong></span> <span class='ocrx_word' id='word_1_538' title='bbox 1047 4858 1136 4912; x_wconf 87' lang='lat' dir='ltr'><strong>fati</strong></span> <span class='ocrx_word' id='word_1_539' title='bbox 1162 4858 1491 4930; x_wconf 68' lang='lat' dir='ltr'><strong>exagitantis</strong></span> 
     </span>
    </p>
   </div>
   <div class='ocr_carea' id='block_1_93' title="bbox 189 4952 1641 5022">
    <p class='ocr_par' dir='ltr' id='par_1_93' title="bbox 189 4952 1641 5022">
     <span class='ocr_line' id='line_1_93' title="bbox 189 4952 1641 5022; baseline -0.005 -9"><span class='ocrx_word' id='word_1_540' title='bbox 189 4957 377 5013; x_wconf 61' lang='lat' dir='ltr'><strong>Anxia</strong></span> <span class='ocrx_word' id='word_1_541' title='bbox 410 4969 564 5009; x_wconf 88' lang='lat' dir='ltr'><strong>meus</strong></span> <span class='ocrx_word' id='word_1_542' title='bbox 595 4954 810 5017; x_wconf 87' lang='lat' dir='ltr'><strong>titubat,</strong></span> <span class='ocrx_word' id='word_1_543' title='bbox 847 4952 1030 5006; x_wconf 89' lang='lat' dir='ltr'><strong>nimiis</strong></span> <span class='ocrx_word' id='word_1_544' title='bbox 1060 4952 1385 5022; x_wconf 83' lang='lat' dir='ltr'><strong>singultibus</strong></span> <span class='ocrx_word' id='word_1_545' title='bbox 1412 4952 1641 5011; x_wconf 69' lang='lat' dir='ltr'><strong>brercns.</strong></span> 
     </span>
    </p>
   </div>
   <div class='ocr_carea' id='block_1_94' title="bbox 194 5041 1713 5117">
    <p class='ocr_par' dir='ltr' id='par_1_94' title="bbox 194 5041 1713 5117">
     <span class='ocr_line' id='line_1_94' title="bbox 194 5041 1713 5117; baseline -0.007 -12"><span class='ocrx_word' id='word_1_546' title='bbox 194 5049 309 5105; x_wconf 87' lang='lat' dir='ltr'><strong>Cor</strong></span> <span class='ocrx_word' id='word_1_547' title='bbox 335 5061 548 5117; x_wconf 90' lang='lat' dir='ltr'><strong>quoque</strong></span> <span class='ocrx_word' id='word_1_548' title='bbox 574 5044 962 5115; x_wconf 70' lang='lat' dir='ltr'><strong>przetrepidum</strong></span> <span class='ocrx_word' id='word_1_549' title='bbox 996 5043 1149 5097; x_wconf 87' lang='lat' dir='ltr'><strong>libris</strong></span> <span class='ocrx_word' id='word_1_550' title='bbox 1173 5045 1455 5098; x_wconf 82' lang='lat' dir='ltr'><strong>marcessit</strong></span> <span class='ocrx_word' id='word_1_551' title='bbox 1486 5041 1713 5097; x_wconf 88' lang='lat' dir='ltr'><strong>adustis.</strong></span> 
     </span>
    </p>
   </div>
   <div class='ocr_carea' id='block_1_95' title="bbox 195 5136 1572 5209">
    <p class='ocr_par' dir='ltr' id='par_1_95' title="bbox 195 5136 1572 5209">
     <span class='ocr_line' id='line_1_95' title="bbox 195 5136 1572 5209; baseline -0.007 -12"><span class='ocrx_word' id='word_1_552' title='bbox 195 5141 450 5209; x_wconf 86' lang='lat' dir='ltr'><strong>Torpens</strong></span> <span class='ocrx_word' id='word_1_553' title='bbox 473 5150 557 5194; x_wconf 87' lang='lat' dir='ltr'><strong>ast</strong></span> <span class='ocrx_word' id='word_1_554' title='bbox 584 5140 799 5193; x_wconf 90' lang='lat' dir='ltr'><strong>animus</strong></span> <span class='ocrx_word' id='word_1_555' title='bbox 830 5136 1046 5208; x_wconf 73' lang='lat' dir='ltr'><strong>planctu</strong></span> <span class='ocrx_word' id='word_1_556' title='bbox 1077 5136 1316 5206; x_wconf 86' lang='lat' dir='ltr'><strong>suspirat</strong></span> <span class='ocrx_word' id='word_1_557' title='bbox 1350 5138 1572 5201; x_wconf 86' lang='lat' dir='ltr'><strong>acerbo,</strong></span> 
     </span>
    </p>
   </div>
   <div class='ocr_carea' id='block_1_96' title="bbox 198 5224 1657 5300">
    <p class='ocr_par' dir='ltr' id='par_1_96' title="bbox 198 5224 1657 5300">
     <span class='ocr_line' id='line_1_96' title="bbox 198 5224 1657 5300; baseline -0.005 -13"><span class='ocrx_word' id='word_1_558' title='bbox 198 5229 520 5300; x_wconf 78' lang='lat' dir='ltr'><strong>Linguaque</strong></span> <span class='ocrx_word' id='word_1_559' title='bbox 548 5228 858 5283; x_wconf 86' lang='lat' dir='ltr'><strong>raucidulos</strong></span> <span class='ocrx_word' id='word_1_560' title='bbox 884 5224 1204 5293; x_wconf 86' lang='lat' dir='ltr'><strong>cursnsjam</strong></span> <span class='ocrx_word' id='word_1_561' title='bbox 1234 5226 1465 5296; x_wconf 79' lang='lat' dir='ltr'><strong>gutturis</strong></span> <span class='ocrx_word' id='word_1_562' title='bbox 1491 5227 1657 5291; x_wconf 87' lang='lat' dir='ltr'><strong>inter,</strong></span> 
     </span>
    </p>
   </div>
   <div class='ocr_carea' id='block_1_97' title="bbox 204 5316 1522 5388">
    <p class='ocr_par' dir='ltr' id='par_1_97' title="bbox 204 5316 1522 5388">
     <span class='ocr_line' id='line_1_97' title="bbox 204 5316 1522 5388; baseline -0.008 -10"><span class='ocrx_word' id='word_1_563' title='bbox 204 5322 492 5388; x_wconf 68' lang='lat' dir='ltr'><strong>Desipieus</strong></span> <span class='ocrx_word' id='word_1_564' title='bbox 522 5320 724 5379; x_wconf 81' lang='lat' dir='ltr'><strong>horret.</strong></span> <span class='ocrx_word' id='word_1_565' title='bbox 761 5317 1009 5378; x_wconf 85' lang='lat' dir='ltr'><strong>balbutit.</strong></span> <span class='ocrx_word' id='word_1_566' title='bbox 1040 5316 1293 5379; x_wconf 88' lang='lat' dir='ltr'><strong>blaterat,</strong></span> <span class='ocrx_word' id='word_1_567' title='bbox 1331 5316 1522 5380; x_wconf 60' lang='lat' dir='ltr'><strong>haeret,</strong></span> 
     </span>
    </p>
   </div>
   <div class='ocr_carea' id='block_1_98' title="bbox 200 5403 1537 5481">
    <p class='ocr_par' dir='ltr' id='par_1_98' title="bbox 200 5403 1537 5481">
     <span class='ocr_line' id='line_1_98' title="bbox 200 5403 1537 5481; baseline -0.008 -14"><span class='ocrx_word' id='word_1_568' title='bbox 200 5409 600 5481; x_wconf 79' lang='lat' dir='ltr'><strong>Squaleutique</strong></span> <span class='ocrx_word' id='word_1_569' title='bbox 624 5407 729 5459; x_wconf 85' lang='lat' dir='ltr'><strong>situ</strong></span> <span class='ocrx_word' id='word_1_570' title='bbox 761 5406 848 5459; x_wconf 82' lang='lat' dir='ltr'><strong>vix</strong></span> <span class='ocrx_word' id='word_1_571' title='bbox 874 5404 1041 5459; x_wconf 84' lang='lat' dir='ltr'><strong>verba</strong></span> <span class='ocrx_word' id='word_1_572' title='bbox 1070 5405 1317 5458; x_wconf 87' lang='lat' dir='ltr'><strong>sonantia</strong></span> <span class='ocrx_word' id='word_1_573' title='bbox 1345 5403 1537 5475; x_wconf 79' lang='lat' dir='ltr'><strong>garrit,</strong></span> 
     </span>
    </p>
   </div>
   <div class='ocr_carea' id='block_1_99' title="bbox 200 5496 1565 5571">
    <p class='ocr_par' dir='ltr' id='par_1_99' title="bbox 200 5496 1565 5571">
     <span class='ocr_line' id='line_1_99' title="bbox 200 5496 1565 5571; baseline -0.005 -15"><span class='ocrx_word' id='word_1_574' title='bbox 200 5502 598 5571; x_wconf 77' lang='lat' dir='ltr'><strong>Ingeniumque</strong></span> <span class='ocrx_word' id='word_1_575' title='bbox 627 5515 835 5563; x_wconf 84' lang='lat' dir='ltr'><strong>socors,</strong></span> <span class='ocrx_word' id='word_1_576' title='bbox 867 5497 1284 5566; x_wconf 86' lang='lat' dir='ltr'><strong>iutellectusque</strong></span> <span class='ocrx_word' id='word_1_577' title='bbox 1318 5496 1565 5566; x_wconf 77' lang='lat' dir='ltr'><strong>pusillus,</strong></span> 
     </span>
    </p>
   </div>
   <div class='ocr_carea' id='block_1_100' title="bbox 204 5586 1512 5659">
    <p class='ocr_par' dir='ltr' id='par_1_100' title="bbox 204 5586 1512 5659">
     <span class='ocr_line' id='line_1_100' title="bbox 204 5586 1512 5659; baseline -0.006 -10"><span class='ocrx_word' id='word_1_578' title='bbox 204 5591 452 5649; x_wconf 77' lang='lat' dir='ltr'><strong>Diﬂieilis</strong></span> <span class='ocrx_word' id='word_1_579' title='bbox 480 5608 695 5655; x_wconf 77' lang='lat' dir='ltr'><strong>sensus,</strong></span> <span class='ocrx_word' id='word_1_580' title='bbox 720 5590 855 5645; x_wconf 83' lang='lat' dir='ltr'><strong>beo!</strong></span> <span class='ocrx_word' id='word_1_581' title='bbox 890 5587 1228 5658; x_wconf 82' lang='lat' dir='ltr'><strong>stultitiaque</strong></span> <span class='ocrx_word' id='word_1_582' title='bbox 1258 5586 1512 5659; x_wconf 79' lang='lat' dir='ltr'><strong>repletus.</strong></span> 
     </span>
    </p>
   </div>
   <div class='ocr_carea' id='block_1_101' title="bbox 205 5676 1497 5753">
    <p class='ocr_par' dir='ltr' id='par_1_101' title="bbox 205 5676 1497 5753">
     <span class='ocr_line' id='line_1_101' title="bbox 205 5676 1497 5753; baseline -0.001 -18"><span class='ocrx_word' id='word_1_583' title='bbox 205 5683 363 5751; x_wconf 84' lang='lat' dir='ltr'><strong>Quali</strong></span> <span class='ocrx_word' id='word_1_584' title='bbox 390 5681 553 5753; x_wconf 87' lang='lat' dir='ltr'><strong>quibo</strong></span> <span class='ocrx_word' id='word_1_585' title='bbox 578 5683 736 5736; x_wconf 85' lang='lat' dir='ltr'><strong>modo</strong></span> <span class='ocrx_word' id='word_1_586' title='bbox 772 5688 989 5749; x_wconf 89' lang='lat' dir='ltr'><strong>compto</strong></span> <span class='ocrx_word' id='word_1_587' title='bbox 1012 5692 1264 5735; x_wconf 77' lang='lat' dir='ltr'><strong>sermone</strong></span> <span class='ocrx_word' id='word_1_588' title='bbox 1295 5676 1497 5736; x_wconf 85' lang='lat' dir='ltr'><strong>referre</strong></span> 
     </span>
    </p>
   </div>
   <div class='ocr_carea' id='block_1_102' title="bbox 283 5790 1123 5863">
    <p class='ocr_par' dir='ltr' id='par_1_102' title="bbox 283 5790 1123 5863">
     <span class='ocr_line' id='line_1_102' title="bbox 283 5790 1123 5863; baseline -0.006 -15"><span class='ocrx_word' id='word_1_589' title='bbox 283 5793 396 5863; x_wconf 75' lang='lat' dir='ltr'><strong>(I5)</strong></span> <span class='ocrx_word' id='word_1_590' title='bbox 431 5791 563 5859; x_wconf 75' lang='lat' dir='ltr'><strong>Isle,</strong></span> <span class='ocrx_word' id='word_1_591' title='bbox 593 5801 648 5847; x_wconf 91' lang='lat' dir='ltr'><strong>ut</strong></span> <span class='ocrx_word' id='word_1_592' title='bbox 677 5790 891 5848; x_wconf 78' lang='lat' dir='ltr'><strong>constet</strong></span> <span class='ocrx_word' id='word_1_593' title='bbox 914 5803 1123 5846; x_wconf 79' lang='lat' dir='ltr'><strong>versus.</strong></span> 
     </span>
    </p>
   </div>
   <div class='ocr_carea' id='block_1_103' title="bbox 1896 4673 3223 4743">
    <p class='ocr_par' dir='ltr' id='par_1_103' title="bbox 1896 4673 3223 4743">
     <span class='ocr_line' id='line_1_103' title="bbox 1896 4673 3223 4743; baseline 0.002 -15"><span class='ocrx_word' id='word_1_594' title='bbox 1896 4677 2048 4743; x_wconf 81' lang='lat' dir='ltr'><strong>Quod</strong></span> <span class='ocrx_word' id='word_1_595' title='bbox 2083 4676 2211 4729; x_wconf 87' lang='lat' dir='ltr'><strong>mihi</strong></span> <span class='ocrx_word' id='word_1_596' title='bbox 2237 4675 2448 4729; x_wconf 92' lang='lat' dir='ltr'><strong>nutanti</strong></span> <span class='ocrx_word' id='word_1_597' title='bbox 2482 4674 2848 4728; x_wconf 83' lang='lat' dir='ltr'><strong>committitur</strong></span> <span class='ocrx_word' id='word_1_598' title='bbox 2878 4673 3223 4731; x_wconf 78' lang='lat' dir='ltr'><strong>accumulare</strong></span> 
     </span>
    </p>
   </div>
   <div class='ocr_carea' id='block_1_104' title="bbox 1896 4765 3166 4835">
    <p class='ocr_par' dir='ltr' id='par_1_104' title="bbox 1896 4765 3166 4835">
     <span class='ocr_line' id='line_1_104' title="bbox 1896 4765 3166 4835; baseline -0.002 -14"><span class='ocrx_word' id='word_1_599' title='bbox 1896 4766 2127 4821; x_wconf 82' lang='lat' dir='ltr'><strong>Numine</strong></span> <span class='ocrx_word' id='word_1_600' title='bbox 2157 4767 2338 4820; x_wconf 91' lang='lat' dir='ltr'><strong>divino</strong></span> <span class='ocrx_word' id='word_1_601' title='bbox 2365 4777 2597 4835; x_wconf 74' lang='lat' dir='ltr'><strong>gestum,</strong></span> <span class='ocrx_word' id='word_1_602' title='bbox 2627 4775 2865 4833; x_wconf 81' lang='lat' dir='ltr'><strong>mittique</strong></span> <span class='ocrx_word' id='word_1_603' title='bbox 2888 4765 3166 4833; x_wconf 80' lang='lat' dir='ltr'><strong>snperuo?</strong></span> 
     </span>
    </p>
   </div>
   <div class='ocr_carea' id='block_1_105' title="bbox 1894 4856 3130 4927">
    <p class='ocr_par' dir='ltr' id='par_1_105' title="bbox 1894 4856 3130 4927">
     <span class='ocr_line' id='line_1_105' title="bbox 1894 4856 3130 4927; baseline -0.001 -17"><span class='ocrx_word' id='word_1_604' title='bbox 1894 4857 1994 4924; x_wconf 82' lang='lat' dir='ltr'><strong>Qui</strong></span> <span class='ocrx_word' id='word_1_605' title='bbox 2038 4873 2137 4912; x_wconf 90' lang='lat' dir='ltr'><strong>nec</strong></span> <span class='ocrx_word' id='word_1_606' title='bbox 2160 4857 2411 4927; x_wconf 78' lang='lat' dir='ltr'><strong>privatim</strong></span> <span class='ocrx_word' id='word_1_607' title='bbox 2435 4871 2585 4916; x_wconf 87' lang='lat' dir='ltr'><strong>casu.</strong></span> <span class='ocrx_word' id='word_1_608' title='bbox 2615 4872 2711 4909; x_wconf 90' lang='lat' dir='ltr'><strong>nec</strong></span> <span class='ocrx_word' id='word_1_609' title='bbox 2744 4856 2952 4924; x_wconf 84' lang='lat' dir='ltr'><strong>publice</strong></span> <span class='ocrx_word' id='word_1_610' title='bbox 2979 4864 3130 4926; x_wconf 85' lang='lat' dir='ltr'><strong>gesta</strong></span> 
     </span>
    </p>
   </div>
   <div class='ocr_carea' id='block_1_106' title="bbox 1896 4946 3123 5017">
    <p class='ocr_par' dir='ltr' id='par_1_106' title="bbox 1896 4946 3123 5017">
     <span class='ocr_line' id='line_1_106' title="bbox 1896 4946 3123 5017; baseline -0.002 -15"><span class='ocrx_word' id='word_1_611' title='bbox 1896 4950 2106 5004; x_wconf 70' lang='lat' dir='ltr'><strong>Iiliccre</strong></span> <span class='ocrx_word' id='word_1_612' title='bbox 2135 4948 2384 5002; x_wconf 87' lang='lat' dir='ltr'><strong>Immanis</strong></span> <span class='ocrx_word' id='word_1_613' title='bbox 2414 4964 2631 5017; x_wconf 86' lang='lat' dir='ltr'><strong>possunt</strong></span> <span class='ocrx_word' id='word_1_614' title='bbox 2664 4949 2869 5011; x_wconf 79' lang='lat' dir='ltr'><strong>digesta</strong></span> <span class='ocrx_word' id='word_1_615' title='bbox 2898 4946 3123 5000; x_wconf 82' lang='lat' dir='ltr'><strong>labellis.</strong></span> 
     </span>
    </p>
   </div>
   <div class='ocr_carea' id='block_1_107' title="bbox 1903 5037 3328 5109">
    <p class='ocr_par' dir='ltr' id='par_1_107' title="bbox 1903 5037 3328 5109">
     <span class='ocr_line' id='line_1_107' title="bbox 1903 5037 3328 5109; baseline -0.001 -14"><span class='ocrx_word' id='word_1_616' title='bbox 1903 5040 2050 5096; x_wconf 82' lang='lat' dir='ltr'><strong>Ultra</strong></span> <span class='ocrx_word' id='word_1_617' title='bbox 2082 5055 2239 5109; x_wconf 81' lang='lat' dir='ltr'><strong>posse</strong></span> <span class='ocrx_word' id='word_1_618' title='bbox 2259 5055 2415 5093; x_wconf 88' lang='lat' dir='ltr'><strong>suum</strong></span> <span class='ocrx_word' id='word_1_619' title='bbox 2444 5039 2653 5109; x_wconf 90' lang='lat' dir='ltr'><strong>pondus</strong></span> <span class='ocrx_word' id='word_1_620' title='bbox 2675 5039 2921 5109; x_wconf 85' lang='lat' dir='ltr'><strong>quisquis</strong></span> <span class='ocrx_word' id='word_1_621' title='bbox 2944 5055 3105 5109; x_wconf 87' lang='lat' dir='ltr'><strong>grave</strong></span> <span class='ocrx_word' id='word_1_622' title='bbox 3137 5037 3328 5103; x_wconf 82' lang='lat' dir='ltr'><strong>sumit,</strong></span> 
     </span>
    </p>
   </div>
   <div class='ocr_carea' id='block_1_108' title="bbox 1894 5128 3284 5211">
    <p class='ocr_par' dir='ltr' id='par_1_108' title="bbox 1894 5128 3284 5201">
     <span class='ocr_line' id='line_1_108' title="bbox 1894 5128 3284 5201; baseline -0.001 -14"><span class='ocrx_word' id='word_1_623' title='bbox 1894 5131 2213 5187; x_wconf 88' lang='lat' dir='ltr'><strong>Ludibrium</strong></span> <span class='ocrx_word' id='word_1_624' title='bbox 2249 5146 2442 5201; x_wconf 87' lang='lat' dir='ltr'><strong>passos</strong></span> <span class='ocrx_word' id='word_1_625' title='bbox 2471 5145 2859 5201; x_wconf 67' lang='lat' dir='ltr'><strong>prteritagmun,</strong></span> <span class='ocrx_word' id='word_1_626' title='bbox 2889 5128 3284 5201; x_wconf 84' lang='lat' dir='ltr'><strong>ridiculumque</strong></span> 
     </span>
    </p>
   </div>
   <div class='ocr_carea' id='block_1_109' title="bbox 1895 5223 2965 5297">
    <p class='ocr_par' dir='ltr' id='par_1_109' title="bbox 1895 5223 2965 5297">
     <span class='ocr_line' id='line_1_109' title="bbox 1895 5223 2965 5297; baseline -0.002 -16"><span class='ocrx_word' id='word_1_627' title='bbox 1895 5226 2161 5297; x_wconf 86' lang='lat' dir='ltr'><strong>lmpendit</strong></span> <span class='ocrx_word' id='word_1_628' title='bbox 2187 5234 2361 5282; x_wconf 86' lang='lat' dir='ltr'><strong>semet</strong></span> <span class='ocrx_word' id='word_1_629' title='bbox 2390 5226 2611 5279; x_wconf 71' lang='lat' dir='ltr'><strong>ludicra:</strong></span> <span class='ocrx_word' id='word_1_630' title='bbox 2638 5223 2965 5295; x_wconf 84' lang='lat' dir='ltr'><strong>garrulitati.</strong></span> 
     </span>
    </p>
   </div>
   <div class='ocr_carea' id='block_1_110' title="bbox 1897 5310 3165 5388">
    <p class='ocr_par' dir='ltr' id='par_1_110' title="bbox 1897 5310 3165 5388">
     <span class='ocr_line' id='line_1_110' title="bbox 1897 5310 3165 5388; baseline -0.006 -13"><span class='ocrx_word' id='word_1_631' title='bbox 1897 5319 2054 5388; x_wconf 68' lang='lat' dir='ltr'><strong>Stepe</strong></span> <span class='ocrx_word' id='word_1_632' title='bbox 2081 5319 2209 5373; x_wconf 71' lang='lat' dir='ltr'><strong>fera:</strong></span> <span class='ocrx_word' id='word_1_633' title='bbox 2232 5310 2492 5371; x_wconf 72' lang='lat' dir='ltr'><strong>sectatori</strong></span> <span class='ocrx_word' id='word_1_634' title='bbox 2519 5319 2738 5370; x_wconf 88' lang='lat' dir='ltr'><strong>incauto</strong></span> <span class='ocrx_word' id='word_1_635' title='bbox 2764 5326 2882 5370; x_wconf 87' lang='lat' dir='ltr'><strong>arte</strong></span> <span class='ocrx_word' id='word_1_636' title='bbox 2912 5316 3165 5381; x_wconf 82' lang='lat' dir='ltr'><strong>venandi,</strong></span> 
     </span>
    </p>
   </div>
   <div class='ocr_carea' id='block_1_111' title="bbox 1898 5404 3197 5478">
    <p class='ocr_par' dir='ltr' id='par_1_111' title="bbox 1898 5404 3197 5478">
     <span class='ocr_line' id='line_1_111' title="bbox 1898 5404 3197 5478; baseline -0.005 -15"><span class='ocrx_word' id='word_1_637' title='bbox 1898 5409 1966 5463; x_wconf 76' lang='lat' dir='ltr'><strong>Et</strong></span> <span class='ocrx_word' id='word_1_638' title='bbox 1989 5424 2086 5463; x_wconf 89' lang='lat' dir='ltr'><strong>sua</strong></span> <span class='ocrx_word' id='word_1_639' title='bbox 2113 5407 2425 5478; x_wconf 87' lang='lat' dir='ltr'><strong>pessumdat</strong></span> <span class='ocrx_word' id='word_1_640' title='bbox 2450 5404 2798 5474; x_wconf 61' lang='lat' dir='ltr'><strong>praesumptio</strong></span> <span class='ocrx_word' id='word_1_641' title='bbox 2822 5413 2875 5456; x_wconf 79' lang='lat' dir='ltr'><strong>et</strong></span> <span class='ocrx_word' id='word_1_642' title='bbox 2905 5404 3047 5457; x_wconf 90' lang='lat' dir='ltr'><strong>invia</strong></span> <span class='ocrx_word' id='word_1_643' title='bbox 3074 5404 3197 5458; x_wconf 82' lang='lat' dir='ltr'><strong>luci.</strong></span> 
     </span>
    </p>
   </div>
   <div class='ocr_carea' id='block_1_112' title="bbox 1906 5493 3226 5570">
    <p class='ocr_par' dir='ltr' id='par_1_112' title="bbox 1906 5493 3226 5570">
     <span class='ocr_line' id='line_1_112' title="bbox 1906 5493 3226 5570; baseline -0.006 -14"><span class='ocrx_word' id='word_1_644' title='bbox 1906 5498 1998 5556; x_wconf 72' lang='lat' dir='ltr'><strong>Sic</strong></span> <span class='ocrx_word' id='word_1_645' title='bbox 2027 5510 2143 5570; x_wconf 75' lang='lat' dir='ltr'><strong>tyro</strong></span> <span class='ocrx_word' id='word_1_646' title='bbox 2171 5512 2415 5569; x_wconf 79' lang='lat' dir='ltr'><strong>parmam</strong></span> <span class='ocrx_word' id='word_1_647' title='bbox 2456 5504 2632 5566; x_wconf 73' lang='lat' dir='ltr'><strong>gestat</strong></span> <span class='ocrx_word' id='word_1_648' title='bbox 2662 5493 2785 5548; x_wconf 87' lang='lat' dir='ltr'><strong>belli</strong></span> <span class='ocrx_word' id='word_1_649' title='bbox 2810 5494 3226 5550; x_wconf 84' lang='lat' dir='ltr'><strong>monimentum.</strong></span> 
     </span>
    </p>
   </div>
   <div class='ocr_carea' id='block_1_113' title="bbox 1907 5583 2992 5651">
    <p class='ocr_par' dir='ltr' id='par_1_113' title="bbox 1907 5583 2992 5651">
     <span class='ocr_line' id='line_1_113' title="bbox 1907 5583 2992 5651; baseline -0.008 -6"><span class='ocrx_word' id='word_1_650' title='bbox 1907 5586 2047 5645; x_wconf 84' lang='lat' dir='ltr'><strong>Usus</strong></span> <span class='ocrx_word' id='word_1_651' title='bbox 2074 5588 2259 5642; x_wconf 87' lang='lat' dir='ltr'><strong>lascivi</strong></span> <span class='ocrx_word' id='word_1_652' title='bbox 2287 5583 2431 5641; x_wconf 89' lang='lat' dir='ltr'><strong>facili</strong></span> <span class='ocrx_word' id='word_1_653' title='bbox 2458 5583 2740 5639; x_wconf 86' lang='lat' dir='ltr'><strong>conamine</strong></span> <span class='ocrx_word' id='word_1_654' title='bbox 2768 5584 2992 5651; x_wconf 72' lang='lat' dir='ltr'><strong>sudans,</strong></span> 
     </span>
    </p>
   </div>
   <div class='ocr_carea' id='block_1_114' title="bbox 1903 5673 3055 5735">
    <p class='ocr_par' dir='ltr' id='par_1_114' title="bbox 1903 5673 3055 5735">
     <span class='ocr_line' id='line_1_114' title="bbox 1903 5673 3055 5735; baseline -0.006 0"><span class='ocrx_word' id='word_1_655' title='bbox 1903 5678 2135 5735; x_wconf 76' lang='lat' dir='ltr'><strong>Extorto</strong></span> <span class='ocrx_word' id='word_1_656' title='bbox 2168 5677 2264 5733; x_wconf 88' lang='lat' dir='ltr'><strong>sed</strong></span> <span class='ocrx_word' id='word_1_657' title='bbox 2288 5690 2396 5732; x_wconf 80' lang='lat' dir='ltr'><strong>non</strong></span> <span class='ocrx_word' id='word_1_658' title='bbox 2427 5673 2572 5730; x_wconf 88' lang='lat' dir='ltr'><strong>norit</strong></span> <span class='ocrx_word' id='word_1_659' title='bbox 2596 5680 2811 5730; x_wconf 85' lang='lat' dir='ltr'><strong>certare</strong></span> <span class='ocrx_word' id='word_1_660' title='bbox 2833 5673 3055 5729; x_wconf 83' lang='lat' dir='ltr'><strong>ducllo.‘</strong></span> 
     </span>
    </p>
   </div>
  </div>
