  <div class='ocr_page' id='page_1' title='image "/cluster/home/n/w/nwhite01/storage/ocr_20150623/141/hvd.32044015471790/313.png"; bbox 0 0 3952 5346; ppageno 0'>
   <div class='ocr_carea' id='block_1_1' title="bbox 519 185 637 275">
    <p class='ocr_par' dir='ltr' id='par_1_1' title="bbox 519 185 637 275">
     <span class='ocr_line' id='line_1_1' title="bbox 519 185 637 275; baseline 0.017 -36"><span class='ocrx_word' id='word_1_1' title='bbox 519 185 637 275; x_wconf 33' lang='grc' dir='ltr'><strong>θοις»</strong></span> 
     </span>
    </p>
   </div>
   <div class='ocr_carea' id='block_1_2' title="bbox 533 380 1857 455">
    <p class='ocr_par' dir='ltr' id='par_1_2' title="bbox 533 380 1857 455">
     <span class='ocr_line' id='line_1_2' title="bbox 533 380 1857 455; baseline 0.002 -12"><span class='ocrx_word' id='word_1_2' title='bbox 533 387 737 445; x_wconf 71' lang='lat' dir='ltr'><strong>Prtevia</strong></span> <span class='ocrx_word' id='word_1_3' title='bbox 769 388 855 447; x_wconf 87' lang='lat' dir='ltr'><strong>cui</strong></span> <span class='ocrx_word' id='word_1_4' title='bbox 883 388 1055 447; x_wconf 83' lang='lat' dir='ltr'><strong>mater</strong></span> <span class='ocrx_word' id='word_1_5' title='bbox 1085 386 1190 445; x_wconf 72' lang='lat' dir='ltr'><strong>dux</strong></span> <span class='ocrx_word' id='word_1_6' title='bbox 1225 380 1329 445; x_wconf 84' lang='lat' dir='ltr'><strong>non</strong></span> <span class='ocrx_word' id='word_1_7' title='bbox 1357 387 1543 455; x_wconf 81' lang='lat' dir='ltr'><strong>fuerit,</strong></span> <span class='ocrx_word' id='word_1_8' title='bbox 1570 391 1857 446; x_wconf 84' lang='lat' dir='ltr'><strong>resecabit.</strong></span> 
     </span>
    </p>
   </div>
   <div class='ocr_carea' id='block_1_3' title="bbox 514 464 1868 553">
    <p class='ocr_par' dir='ltr' id='par_1_3' title="bbox 514 464 1868 553">
     <span class='ocr_line' id='line_1_3' title="bbox 514 464 1868 553; baseline 0.002 -20"><span class='ocrx_word' id='word_1_9' title='bbox 514 464 735 551; x_wconf 77' lang='lat' dir='ltr'><strong>&#39;lngeiit</strong></span> <span class='ocrx_word' id='word_1_10' title='bbox 772 483 824 537; x_wconf 87' lang='lat' dir='ltr'><strong>it:</strong></span> <span class='ocrx_word' id='word_1_11' title='bbox 853 484 1068 553; x_wconf 76' lang='lat' dir='ltr'><strong>pelagus</strong></span> <span class='ocrx_word' id='word_1_12' title='bbox 1099 498 1264 551; x_wconf 81' lang='lat' dir='ltr'><strong>parva</strong></span> <span class='ocrx_word' id='word_1_13' title='bbox 1291 478 1382 553; x_wconf 85' lang='lat' dir='ltr'><strong>qui</strong></span> <span class='ocrx_word' id='word_1_14' title='bbox 1413 482 1573 537; x_wconf 84' lang='lat' dir='ltr'><strong>lintre</strong></span> <span class='ocrx_word' id='word_1_15' title='bbox 1599 484 1868 536; x_wconf 87' lang='lat' dir='ltr'><strong>marinum</strong></span> 
     </span>
    </p>
   </div>
   <div class='ocr_carea' id='block_1_4' title="bbox 514 568 1858 641">
    <p class='ocr_par' dir='ltr' id='par_1_4' title="bbox 514 568 1858 641">
     <span class='ocr_line' id='line_1_4' title="bbox 514 568 1858 641; baseline 0.001 -19"><span class='ocrx_word' id='word_1_16' title='bbox 514 568 839 626; x_wconf 39' lang='lat' dir='ltr'><strong>’Nautarum</strong></span> <span class='ocrx_word' id='word_1_17' title='bbox 875 583 1047 626; x_wconf 88' lang='lat' dir='ltr'><strong>semet</strong></span> <span class='ocrx_word' id='word_1_18' title='bbox 1077 572 1337 626; x_wconf 79' lang='lat' dir='ltr'><strong>doctrina:</strong></span> <span class='ocrx_word' id='word_1_19' title='bbox 1367 572 1587 641; x_wconf 83' lang='lat' dir='ltr'><strong>ignarus</strong></span> <span class='ocrx_word' id='word_1_20' title='bbox 1618 581 1673 626; x_wconf 90' lang='lat' dir='ltr'><strong>et</strong></span> <span class='ocrx_word' id='word_1_21' title='bbox 1700 573 1858 636; x_wconf 85' lang='lat' dir='ltr'><strong>artis,</strong></span> 
     </span>
    </p>
   </div>
   <div class='ocr_carea' id='block_1_5' title="bbox 510 657 1931 730">
    <p class='ocr_par' dir='ltr' id='par_1_5' title="bbox 510 657 1931 730">
     <span class='ocr_line' id='line_1_5' title="bbox 510 657 1931 730; baseline 0.003 -18"><span class='ocrx_word' id='word_1_22' title='bbox 510 657 784 714; x_wconf 87' lang='lat' dir='ltr'><strong>‘Fluctuat</strong></span> <span class='ocrx_word' id='word_1_23' title='bbox 809 669 902 714; x_wconf 87' lang='lat' dir='ltr'><strong>aut</strong></span> <span class='ocrx_word' id='word_1_24' title='bbox 933 660 1081 728; x_wconf 90' lang='lat' dir='ltr'><strong>illuc,</strong></span> <span class='ocrx_word' id='word_1_25' title='bbox 1117 670 1211 715; x_wconf 88' lang='lat' dir='ltr'><strong>aut</strong></span> <span class='ocrx_word' id='word_1_26' title='bbox 1242 662 1371 727; x_wconf 84' lang='lat' dir='ltr'><strong>huc,</strong></span> <span class='ocrx_word' id='word_1_27' title='bbox 1406 669 1496 714; x_wconf 86' lang='lat' dir='ltr'><strong>aut</strong></span> <span class='ocrx_word' id='word_1_28' title='bbox 1527 676 1668 730; x_wconf 82' lang='lat' dir='ltr'><strong>saepe</strong></span> <span class='ocrx_word' id='word_1_29' title='bbox 1691 671 1931 716; x_wconf 78' lang='lat' dir='ltr'><strong>voratur.</strong></span> 
     </span>
    </p>
   </div>
   <div class='ocr_carea' id='block_1_6' title="bbox 508 732 1850 833">
    <p class='ocr_par' dir='ltr' id='par_1_6' title="bbox 508 732 1850 833">
     <span class='ocr_line' id='line_1_6' title="bbox 508 732 1850 833; baseline 0.001 -28"><span class='ocrx_word' id='word_1_30' title='bbox 508 732 634 833; x_wconf 50' lang='lat' dir='ltr'><strong>:Qui</strong></span> <span class='ocrx_word' id='word_1_31' title='bbox 661 753 852 807; x_wconf 86' lang='lat' dir='ltr'><strong>solitus</strong></span> <span class='ocrx_word' id='word_1_32' title='bbox 879 752 1065 809; x_wconf 91' lang='lat' dir='ltr'><strong>faleris</strong></span> <span class='ocrx_word' id='word_1_33' title='bbox 1091 756 1295 823; x_wconf 78' lang='lat' dir='ltr'><strong>onagro</strong></span> <span class='ocrx_word' id='word_1_34' title='bbox 1317 753 1433 807; x_wconf 87' lang='lat' dir='ltr'><strong>sine</strong></span> <span class='ocrx_word' id='word_1_35' title='bbox 1460 768 1599 824; x_wconf 70' lang='lat' dir='ltr'><strong>smpe</strong></span> <span class='ocrx_word' id='word_1_36' title='bbox 1637 754 1850 820; x_wconf 88' lang='lat' dir='ltr'><strong>sedere,</strong></span> 
     </span>
    </p>
   </div>
   <div class='ocr_carea' id='block_1_7' title="bbox 514 841 1931 917">
    <p class='ocr_par' dir='ltr' id='par_1_7' title="bbox 514 841 1931 917">
     <span class='ocr_line' id='line_1_7' title="bbox 514 841 1931 917; baseline 0.002 -21"><span class='ocrx_word' id='word_1_37' title='bbox 514 841 911 917; x_wconf 77' lang='lat' dir='ltr'><strong>_Pra:cipitatur</strong></span> <span class='ocrx_word' id='word_1_38' title='bbox 938 860 1106 916; x_wconf 86' lang='lat' dir='ltr'><strong>eques</strong></span> <span class='ocrx_word' id='word_1_39' title='bbox 1126 844 1241 913; x_wconf 91' lang='lat' dir='ltr'><strong>jam</strong></span> <span class='ocrx_word' id='word_1_40' title='bbox 1277 845 1454 914; x_wconf 83' lang='lat' dir='ltr'><strong>factus</strong></span> <span class='ocrx_word' id='word_1_41' title='bbox 1478 854 1712 916; x_wconf 69' lang='lat' dir='ltr'><strong>praepete</strong></span> <span class='ocrx_word' id='word_1_42' title='bbox 1746 860 1931 899; x_wconf 88' lang='lat' dir='ltr'><strong>cursu.</strong></span> 
     </span>
    </p>
   </div>
   <div class='ocr_carea' id='block_1_8' title="bbox 508 928 1836 1005">
    <p class='ocr_par' dir='ltr' id='par_1_8' title="bbox 508 928 1836 1005">
     <span class='ocr_line' id='line_1_8' title="bbox 508 928 1836 1005; baseline 0.001 -16"><span class='ocrx_word' id='word_1_43' title='bbox 508 928 649 989; x_wconf 59' lang='lat' dir='ltr'><strong>‘Non</strong></span> <span class='ocrx_word' id='word_1_44' title='bbox 680 940 817 1005; x_wconf 77' lang='lat' dir='ltr'><strong>opas</strong></span> <span class='ocrx_word' id='word_1_45' title='bbox 842 936 921 990; x_wconf 84' lang='lat' dir='ltr'><strong>ire</strong></span> <span class='ocrx_word' id='word_1_46' title='bbox 948 934 1125 992; x_wconf 88' lang='lat' dir='ltr'><strong>foruin</strong></span> <span class='ocrx_word' id='word_1_47' title='bbox 1152 934 1350 989; x_wconf 82' lang='lat' dir='ltr'><strong>librato</strong></span> <span class='ocrx_word' id='word_1_48' title='bbox 1381 934 1590 990; x_wconf 69' lang='lat' dir='ltr'><strong>faznore</strong></span> <span class='ocrx_word' id='word_1_49' title='bbox 1616 936 1836 1002; x_wconf 84' lang='lat' dir='ltr'><strong>mercis,</strong></span> 
     </span>
    </p>
   </div>
   <div class='ocr_carea' id='block_1_9' title="bbox 532 1024 1896 1096">
    <p class='ocr_par' dir='ltr' id='par_1_9' title="bbox 532 1024 1896 1096">
     <span class='ocr_line' id='line_1_9' title="bbox 532 1024 1896 1096; baseline 0.003 -18"><span class='ocrx_word' id='word_1_50' title='bbox 532 1025 726 1080; x_wconf 83' lang='lat' dir='ltr'><strong>Emere</strong></span> <span class='ocrx_word' id='word_1_51' title='bbox 749 1027 839 1095; x_wconf 90' lang='lat' dir='ltr'><strong>qui</strong></span> <span class='ocrx_word' id='word_1_52' title='bbox 870 1028 1012 1096; x_wconf 89' lang='lat' dir='ltr'><strong>quod</strong></span> <span class='ocrx_word' id='word_1_53' title='bbox 1033 1027 1144 1081; x_wconf 80' lang='lat' dir='ltr'><strong>vult</strong></span> <span class='ocrx_word' id='word_1_54' title='bbox 1173 1024 1546 1087; x_wconf 71' lang='lat' dir='ltr'><strong>nescit‘caute,</strong></span> <span class='ocrx_word' id='word_1_55' title='bbox 1575 1036 1629 1080; x_wconf 84' lang='lat' dir='ltr'><strong>et</strong></span> <span class='ocrx_word' id='word_1_56' title='bbox 1657 1026 1896 1095; x_wconf 85' lang='lat' dir='ltr'><strong>licitare,</strong></span> 
     </span>
    </p>
   </div>
   <div class='ocr_carea' id='block_1_10' title="bbox 530 1114 1791 1187">
    <p class='ocr_par' dir='ltr' id='par_1_10' title="bbox 530 1114 1791 1187">
     <span class='ocr_line' id='line_1_10' title="bbox 530 1114 1791 1187; baseline 0.003 -20"><span class='ocrx_word' id='word_1_57' title='bbox 530 1114 721 1170; x_wconf 88' lang='lat' dir='ltr'><strong>Totius</strong></span> <span class='ocrx_word' id='word_1_58' title='bbox 742 1117 874 1171; x_wconf 89' lang='lat' dir='ltr'><strong>artis</strong></span> <span class='ocrx_word' id='word_1_59' title='bbox 904 1117 1077 1186; x_wconf 91' lang='lat' dir='ltr'><strong>inops,</strong></span> <span class='ocrx_word' id='word_1_60' title='bbox 1108 1118 1355 1184; x_wconf 78' lang='lat' dir='ltr'><strong>rationis,</strong></span> <span class='ocrx_word' id='word_1_61' title='bbox 1379 1117 1723 1187; x_wconf 88' lang='lat' dir='ltr'><strong>consiliique.</strong></span> <span class='ocrx_word' id='word_1_62' title='bbox 1786 1154 1791 1157; x_wconf 87' lang='grc'><strong>-</strong></span> 
     </span>
    </p>
   </div>
   <div class='ocr_carea' id='block_1_11' title="bbox 531 1196 1831 1278">
    <p class='ocr_par' dir='ltr' id='par_1_11' title="bbox 531 1196 1831 1278">
     <span class='ocr_line' id='line_1_11' title="bbox 531 1196 1831 1278; baseline 0.002 -18"><span class='ocrx_word' id='word_1_63' title='bbox 531 1206 621 1261; x_wconf 92' lang='lat' dir='ltr'><strong>Sic</strong></span> <span class='ocrx_word' id='word_1_64' title='bbox 648 1208 701 1261; x_wconf 94' lang='lat' dir='ltr'><strong>in</strong></span> <span class='ocrx_word' id='word_1_65' title='bbox 735 1208 1004 1275; x_wconf 48' lang='lat' dir='ltr'><strong>diuersum</strong></span> <span class='ocrx_word' id='word_1_66' title='bbox 1027 1224 1137 1277; x_wconf 76' lang='lat' dir='ltr'><strong>pra:</strong></span> <span class='ocrx_word' id='word_1_67' title='bbox 1165 1207 1331 1278; x_wconf 68' lang='lat' dir='ltr'><strong>lapsu.</strong></span> <span class='ocrx_word' id='word_1_68' title='bbox 1356 1208 1624 1265; x_wconf 72' lang='lat' dir='ltr'><strong>scinditur</strong></span> <span class='ocrx_word' id='word_1_69' title='bbox 1659 1196 1831 1272; x_wconf 78' lang='lat' dir='ltr'><strong>omni.</strong></span> 
     </span>
    </p>
   </div>
   <div class='ocr_carea' id='block_1_12' title="bbox 529 1294 1809 1369">
    <p class='ocr_par' dir='ltr' id='par_1_12' title="bbox 529 1294 1809 1369">
     <span class='ocr_line' id='line_1_12' title="bbox 529 1294 1809 1369; baseline 0.005 -20"><span class='ocrx_word' id='word_1_70' title='bbox 529 1297 630 1363; x_wconf 80' lang='lat' dir='ltr'><strong>Qui</strong></span> <span class='ocrx_word' id='word_1_71' title='bbox 660 1294 853 1368; x_wconf 75' lang='lat' dir='ltr'><strong>repetit</strong></span> <span class='ocrx_word' id='word_1_72' title='bbox 879 1297 1021 1368; x_wconf 85' lang='lat' dir='ltr'><strong>quod</strong></span> <span class='ocrx_word' id='word_1_73' title='bbox 1052 1297 1285 1355; x_wconf 81' lang='lat' dir='ltr'><strong>diliiuire</strong></span> <span class='ocrx_word' id='word_1_74' title='bbox 1317 1301 1503 1369; x_wconf 90' lang='lat' dir='ltr'><strong>nequit</strong></span> <span class='ocrx_word' id='word_1_75' title='bbox 1535 1302 1809 1355; x_wconf 77' lang='lat' dir='ltr'><strong>moderate</strong></span> 
     </span>
    </p>
   </div>
   <div class='ocr_carea' id='block_1_13' title="bbox 527 1382 1824 1462">
    <p class='ocr_par' dir='ltr' id='par_1_13' title="bbox 527 1382 1824 1462">
     <span class='ocr_line' id='line_1_13' title="bbox 527 1382 1824 1462; baseline 0.002 -21"><span class='ocrx_word' id='word_1_76' title='bbox 527 1382 816 1442; x_wconf 76' lang='lat' dir='ltr'><strong>Doctdrum</strong></span> <span class='ocrx_word' id='word_1_77' title='bbox 848 1389 948 1443; x_wconf 89' lang='lat' dir='ltr'><strong>nisi</strong></span> <span class='ocrx_word' id='word_1_78' title='bbox 973 1388 1347 1460; x_wconf 83' lang='lat' dir='ltr'><strong>doctrinaque,</strong></span> <span class='ocrx_word' id='word_1_79' title='bbox 1376 1391 1561 1447; x_wconf 66' lang='lat' dir='ltr'><strong>favore</strong></span> <span class='ocrx_word' id='word_1_80' title='bbox 1584 1392 1824 1462; x_wconf 71' lang='lat' dir='ltr'><strong>juvetur.</strong></span> 
     </span>
    </p>
   </div>
   <div class='ocr_carea' id='block_1_14' title="bbox 527 1476 1863 1559">
    <p class='ocr_par' dir='ltr' id='par_1_14' title="bbox 527 1476 1863 1559">
     <span class='ocr_line' id='line_1_14' title="bbox 527 1476 1863 1559; baseline 0.007 -29"><span class='ocrx_word' id='word_1_81' title='bbox 527 1477 671 1548; x_wconf 78' lang='lat' dir='ltr'><strong>Ergo</strong></span> <span class='ocrx_word' id='word_1_82' title='bbox 697 1476 1002 1535; x_wconf 72' lang='lat' dir='ltr'><strong>meaz&#39;nunc</strong></span> <span class='ocrx_word' id='word_1_83' title='bbox 1029 1481 1262 1537; x_wconf 75' lang='lat' dir='ltr'><strong>inscitia-</strong></span> <span class='ocrx_word' id='word_1_84' title='bbox 1293 1482 1548 1551; x_wconf 85' lang='lat' dir='ltr'><strong>squalore</strong></span> <span class='ocrx_word' id='word_1_85' title='bbox 1574 1500 1863 1559; x_wconf 76' lang='lat' dir='ltr'><strong>repungur,</strong></span> 
     </span>
    </p>
   </div>
   <div class='ocr_carea' id='block_1_15' title="bbox 523 1568 2100 1644">
    <p class='ocr_par' dir='ltr' id='par_1_15' title="bbox 523 1568 2100 1644">
     <span class='ocr_line' id='line_1_15' title="bbox 523 1568 2100 1644; baseline 0.006 -23"><span class='ocrx_word' id='word_1_86' title='bbox 523 1568 783 1641; x_wconf 73' lang='lat' dir='ltr'><strong>ignorans</strong></span> <span class='ocrx_word' id='word_1_87' title='bbox 811 1586 974 1641; x_wconf 82' lang='lat' dir='ltr'><strong>super</strong></span> <span class='ocrx_word' id='word_1_88' title='bbox 1000 1573 1250 1641; x_wconf 85' lang='lat' dir='ltr'><strong>hocquid</strong></span> <span class='ocrx_word' id='word_1_89' title='bbox 1284 1589 1464 1644; x_wconf 86' lang='lat' dir='ltr'><strong>agam,</strong></span> <span class='ocrx_word' id='word_1_90' title='bbox 1507 1574 1793 1638; x_wconf 80' lang='lat' dir='ltr'><strong>faciaun&#39;e,</strong></span> <span class='ocrx_word' id='word_1_91' title='bbox 1839 1577 2100 1632; x_wconf 71' lang='lat' dir='ltr'><strong>sinamve.</strong></span> 
     </span>
    </p>
   </div>
   <div class='ocr_carea' id='block_1_16' title="bbox 507 1656 1913 1737">
    <p class='ocr_par' dir='ltr' id='par_1_16' title="bbox 507 1656 1913 1737">
     <span class='ocr_line' id='line_1_16' title="bbox 507 1656 1913 1737; baseline 0.007 -26"><span class='ocrx_word' id='word_1_92' title='bbox 507 1656 843 1729; x_wconf 73' lang='lat' dir='ltr'><strong>‘Qimnqttam</strong></span> <span class='ocrx_word' id='word_1_93' title='bbox 878 1675 1071 1731; x_wconf 85' lang='lat' dir='ltr'><strong>sensus</strong></span> <span class='ocrx_word' id='word_1_94' title='bbox 1098 1663 1264 1718; x_wconf 83' lang='lat' dir='ltr'><strong>hebes</strong></span> <span class='ocrx_word' id='word_1_95' title='bbox 1284 1666 1531 1734; x_wconf 73' lang='lat' dir='ltr'><strong>genuina:</strong></span> <span class='ocrx_word' id='word_1_96' title='bbox 1559 1666 1913 1737; x_wconf 75' lang='lat' dir='ltr'><strong>garrulitatis,</strong></span> 
     </span>
    </p>
   </div>
   <div class='ocr_carea' id='block_1_17' title="bbox 525 1749 2107 1823">
    <p class='ocr_par' dir='ltr' id='par_1_17' title="bbox 525 1749 2107 1823">
     <span class='ocr_line' id='line_1_17' title="bbox 525 1749 2107 1823; baseline 0.007 -20"><span class='ocrx_word' id='word_1_97' title='bbox 525 1750 805 1805; x_wconf 79' lang='lat' dir='ltr'><strong>’l‘hematis</strong></span> <span class='ocrx_word' id='word_1_98' title='bbox 833 1749 1150 1823; x_wconf 74' lang='lat' dir='ltr'><strong>inlepidum.</strong></span> <span class='ocrx_word' id='word_1_99' title='bbox 1185 1754 1500 1823; x_wconf 86' lang='lat' dir='ltr'><strong>quidquam,</strong></span> <span class='ocrx_word' id='word_1_100' title='bbox 1534 1754 1849 1823; x_wconf 79' lang='lat' dir='ltr'><strong>infacetum,</strong></span> <span class='ocrx_word' id='word_1_101' title='bbox 1883 1758 2107 1814; x_wconf 81' lang='lat' dir='ltr'><strong>inhone-</strong></span> 
     </span>
    </p>
   </div>
   <div class='ocr_carea' id='block_1_18' title="bbox 1908 1826 2100 1899">
    <p class='ocr_par' dir='ltr' id='par_1_18' title="bbox 1908 1826 2100 1899">
     <span class='ocr_line' id='line_1_18' title="bbox 1908 1826 2100 1899; baseline 0.005 -18"><span class='ocrx_word' id='word_1_102' title='bbox 1908 1826 2100 1899; x_wconf 75' lang='lat' dir='ltr'><strong>[stum,</strong></span> 
     </span>
    </p>
   </div>
   <div class='ocr_carea' id='block_1_19' title="bbox 523 1907 1714 1978">
    <p class='ocr_par' dir='ltr' id='par_1_19' title="bbox 523 1907 1714 1978">
     <span class='ocr_line' id='line_1_19' title="bbox 523 1907 1714 1978; baseline 0.007 -16"><span class='ocrx_word' id='word_1_103' title='bbox 523 1907 764 1978; x_wconf 87' lang='lat' dir='ltr'><strong>Digerat,</strong></span> <span class='ocrx_word' id='word_1_104' title='bbox 793 1908 1033 1967; x_wconf 85' lang='lat' dir='ltr'><strong>auctoris</strong></span> <span class='ocrx_word' id='word_1_105' title='bbox 1069 1912 1266 1969; x_wconf 88' lang='lat' dir='ltr'><strong>nullius</strong></span> <span class='ocrx_word' id='word_1_106' title='bbox 1295 1914 1495 1970; x_wconf 85' lang='lat' dir='ltr'><strong>robore</strong></span> <span class='ocrx_word' id='word_1_107' title='bbox 1521 1914 1714 1972; x_wconf 88' lang='lat' dir='ltr'><strong>fretus.</strong></span> 
     </span>
    </p>
   </div>
   <div class='ocr_carea' id='block_1_20' title="bbox 522 1998 1943 2080">
    <p class='ocr_par' dir='ltr' id='par_1_20' title="bbox 522 1998 1943 2080">
     <span class='ocr_line' id='line_1_20' title="bbox 522 1998 1943 2080; baseline 0.007 -26"><span class='ocrx_word' id='word_1_108' title='bbox 522 1998 821 2070; x_wconf 72' lang='lat' dir='ltr'><strong>Aggrediar</strong></span> <span class='ocrx_word' id='word_1_109' title='bbox 849 2014 1037 2073; x_wconf 86' lang='lat' dir='ltr'><strong>potero</strong></span> <span class='ocrx_word' id='word_1_110' title='bbox 1063 2002 1345 2075; x_wconf 81' lang='lat' dir='ltr'><strong>quidquid,</strong></span> <span class='ocrx_word' id='word_1_111' title='bbox 1377 2005 1681 2077; x_wconf 87' lang='lat' dir='ltr'><strong>faciamque</strong></span> <span class='ocrx_word' id='word_1_112' title='bbox 1711 2018 1943 2080; x_wconf 88' lang='lat' dir='ltr'><strong>meapte,</strong></span> 
     </span>
    </p>
   </div>
   <div class='ocr_carea' id='block_1_21' title="bbox 522 2090 1853 2169">
    <p class='ocr_par' dir='ltr' id='par_1_21' title="bbox 522 2090 1853 2169">
     <span class='ocr_line' id='line_1_21' title="bbox 522 2090 1853 2169; baseline 0.007 -24"><span class='ocrx_word' id='word_1_113' title='bbox 522 2090 722 2148; x_wconf 85' lang='lat' dir='ltr'><strong>Fidens</strong></span> <span class='ocrx_word' id='word_1_114' title='bbox 750 2094 808 2147; x_wconf 85' lang='lat' dir='ltr'><strong>in</strong></span> <span class='ocrx_word' id='word_1_115' title='bbox 838 2094 1065 2150; x_wconf 86' lang='lat' dir='ltr'><strong>Domino</strong></span> <span class='ocrx_word' id='word_1_116' title='bbox 1095 2098 1351 2151; x_wconf 89' lang='lat' dir='ltr'><strong>mundum</strong></span> <span class='ocrx_word' id='word_1_117' title='bbox 1381 2098 1583 2153; x_wconf 88' lang='lat' dir='ltr'><strong>ditioue</strong></span> <span class='ocrx_word' id='word_1_118' title='bbox 1611 2110 1853 2169; x_wconf 79' lang='lat' dir='ltr'><strong>regente,</strong></span> 
     </span>
    </p>
   </div>
   <div class='ocr_carea' id='block_1_22' title="bbox 523 2184 1959 2261">
    <p class='ocr_par' dir='ltr' id='par_1_22' title="bbox 523 2184 1959 2261">
     <span class='ocr_line' id='line_1_22' title="bbox 523 2184 1959 2261; baseline 0.009 -25"><span class='ocrx_word' id='word_1_119' title='bbox 523 2184 797 2255; x_wconf 80' lang='lat' dir='ltr'><strong>Quidquid</strong></span> <span class='ocrx_word' id='word_1_120' title='bbox 828 2188 939 2242; x_wconf 72' lang='lat' dir='ltr'><strong>vult</strong></span> <span class='ocrx_word' id='word_1_121' title='bbox 963 2187 1168 2245; x_wconf 82' lang='lat' dir='ltr'><strong>faciens</strong></span> <span class='ocrx_word' id='word_1_122' title='bbox 1197 2190 1353 2255; x_wconf 74' lang='lat' dir='ltr'><strong>cmlo,</strong></span> <span class='ocrx_word' id='word_1_123' title='bbox 1388 2200 1664 2260; x_wconf 90' lang='lat' dir='ltr'><strong>terraque,</strong></span> <span class='ocrx_word' id='word_1_124' title='bbox 1690 2192 1959 2261; x_wconf 86' lang='lat' dir='ltr'><strong>marique.</strong></span> 
     </span>
    </p>
   </div>
   <div class='ocr_carea' id='block_1_23' title="bbox 522 2273 1856 2352">
    <p class='ocr_par' dir='ltr' id='par_1_23' title="bbox 522 2273 1856 2352">
     <span class='ocr_line' id='line_1_23' title="bbox 522 2273 1856 2352; baseline 0.014 -26"><span class='ocrx_word' id='word_1_125' title='bbox 522 2273 738 2329; x_wconf 72' lang='lat' dir='ltr'><strong>ltudere</strong></span> <span class='ocrx_word' id='word_1_126' title='bbox 760 2287 1074 2332; x_wconf 88' lang='lat' dir='ltr'><strong>consuetam</strong></span> <span class='ocrx_word' id='word_1_127' title='bbox 1101 2280 1257 2349; x_wconf 88' lang='lat' dir='ltr'><strong>plene</strong></span> <span class='ocrx_word' id='word_1_128' title='bbox 1283 2281 1446 2337; x_wconf 88' lang='lat' dir='ltr'><strong>edere</strong></span> <span class='ocrx_word' id='word_1_129' title='bbox 1468 2282 1629 2335; x_wconf 74' lang='lat' dir='ltr'><strong>verba</strong></span> <span class='ocrx_word' id='word_1_130' title='bbox 1661 2283 1856 2352; x_wconf 67' lang='lat' dir='ltr'><strong>coegil.</strong></span> 
     </span>
    </p>
   </div>
   <div class='ocr_carea' id='block_1_24' title="bbox 524 2362 1714 2442">
    <p class='ocr_par' dir='ltr' id='par_1_24' title="bbox 524 2362 1714 2442">
     <span class='ocr_line' id='line_1_24' title="bbox 524 2362 1714 2442; baseline 0.007 -22"><span class='ocrx_word' id='word_1_131' title='bbox 524 2362 843 2437; x_wconf 84' lang='lat' dir='ltr'><strong>Sessorlque</strong></span> <span class='ocrx_word' id='word_1_132' title='bbox 870 2385 969 2425; x_wconf 91' lang='lat' dir='ltr'><strong>suo</strong></span> <span class='ocrx_word' id='word_1_133' title='bbox 1009 2371 1233 2427; x_wconf 83' lang='lat' dir='ltr'><strong>alterius</strong></span> <span class='ocrx_word' id='word_1_134' title='bbox 1262 2374 1526 2442; x_wconf 80' lang='lat' dir='ltr'><strong>profarier</strong></span> <span class='ocrx_word' id='word_1_135' title='bbox 1548 2373 1714 2436; x_wconf 87' lang='lat' dir='ltr'><strong>orsis.</strong></span> 
     </span>
    </p>
   </div>
   <div class='ocr_carea' id='block_1_25' title="bbox 521 2457 2033 2537">
    <p class='ocr_par' dir='ltr' id='par_1_25' title="bbox 521 2457 2033 2537">
     <span class='ocr_line' id='line_1_25' title="bbox 521 2457 2033 2537; baseline 0.007 -25"><span class='ocrx_word' id='word_1_136' title='bbox 521 2457 757 2529; x_wconf 84' lang='lat' dir='ltr'><strong>Postque</strong></span> <span class='ocrx_word' id='word_1_137' title='bbox 780 2464 1131 2530; x_wconf 77' lang='lat' dir='ltr'><strong>sepulcralem</strong></span> <span class='ocrx_word' id='word_1_138' title='bbox 1158 2464 1424 2518; x_wconf 85' lang='lat' dir='ltr'><strong>Lazarum</strong></span> <span class='ocrx_word' id='word_1_139' title='bbox 1456 2466 1719 2520; x_wconf 69' lang='lat' dir='ltr'><strong>recreatit</strong></span> <span class='ocrx_word' id='word_1_140' title='bbox 1752 2467 2033 2537; x_wconf 80' lang='lat' dir='ltr'><strong>honorem,</strong></span> 
     </span>
    </p>
   </div>
   <div class='ocr_carea' id='block_1_26' title="bbox 521 2548 1881 2624">
    <p class='ocr_par' dir='ltr' id='par_1_26' title="bbox 521 2548 1881 2624">
     <span class='ocr_line' id='line_1_26' title="bbox 521 2548 1881 2624; baseline 0.006 -22"><span class='ocrx_word' id='word_1_141' title='bbox 521 2548 592 2603; x_wconf 86' lang='lat' dir='ltr'><strong>Et</strong></span> <span class='ocrx_word' id='word_1_142' title='bbox 619 2551 783 2605; x_wconf 78' lang='lat' dir='ltr'><strong>voluit</strong></span> <span class='ocrx_word' id='word_1_143' title='bbox 804 2552 1054 2607; x_wconf 82' lang='lat' dir='ltr'><strong>functum</strong></span> <span class='ocrx_word' id='word_1_144' title='bbox 1089 2564 1210 2624; x_wconf 88' lang='lat' dir='ltr'><strong>post</strong></span> <span class='ocrx_word' id='word_1_145' title='bbox 1234 2555 1393 2609; x_wconf 82' lang='lat' dir='ltr'><strong>funus</strong></span> <span class='ocrx_word' id='word_1_146' title='bbox 1431 2570 1652 2610; x_wconf 71' lang='lat' dir='ltr'><strong>currere</strong></span> <span class='ocrx_word' id='word_1_147' title='bbox 1682 2557 1881 2611; x_wconf 77' lang='lat' dir='ltr'><strong>vivum.</strong></span> 
     </span>
    </p>
   </div>
   <div class='ocr_carea' id='block_1_27' title="bbox 523 2639 1951 2719">
    <p class='ocr_par' dir='ltr' id='par_1_27' title="bbox 523 2639 1951 2719">
     <span class='ocr_line' id='line_1_27' title="bbox 523 2639 1951 2719; baseline 0.008 -25"><span class='ocrx_word' id='word_1_148' title='bbox 523 2639 653 2695; x_wconf 88' lang='lat' dir='ltr'><strong>Post</strong></span> <span class='ocrx_word' id='word_1_149' title='bbox 674 2643 835 2697; x_wconf 89' lang='lat' dir='ltr'><strong>subiit</strong></span> <span class='ocrx_word' id='word_1_150' title='bbox 866 2646 1058 2699; x_wconf 72' lang='lat' dir='ltr'><strong>vexilla</strong></span> <span class='ocrx_word' id='word_1_151' title='bbox 1087 2649 1286 2713; x_wconf 83' lang='lat' dir='ltr'><strong>crucis,</strong></span> <span class='ocrx_word' id='word_1_152' title='bbox 1313 2651 1676 2719; x_wconf 87' lang='lat' dir='ltr'><strong>mundumque</strong></span> <span class='ocrx_word' id='word_1_153' title='bbox 1706 2650 1951 2706; x_wconf 81' lang='lat' dir='ltr'><strong>redemit.</strong></span> 
     </span>
    </p>
   </div>
   <div class='ocr_carea' id='block_1_28' title="bbox 524 2733 1821 2810">
    <p class='ocr_par' dir='ltr' id='par_1_28' title="bbox 524 2733 1821 2810">
     <span class='ocr_line' id='line_1_28' title="bbox 524 2733 1821 2810; baseline 0.013 -25"><span class='ocrx_word' id='word_1_154' title='bbox 524 2733 749 2803; x_wconf 81' lang='lat' dir='ltr'><strong>Suscipe</strong></span> <span class='ocrx_word' id='word_1_155' title='bbox 776 2745 923 2805; x_wconf 86' lang='lat' dir='ltr'><strong>gesta</strong></span> <span class='ocrx_word' id='word_1_156' title='bbox 958 2738 1033 2792; x_wconf 93' lang='lat' dir='ltr'><strong>tui</strong></span> <span class='ocrx_word' id='word_1_157' title='bbox 1061 2740 1269 2808; x_wconf 63' lang='lat' dir='ltr'><strong>proni,</strong></span> <span class='ocrx_word' id='word_1_158' title='bbox 1301 2742 1494 2810; x_wconf 66' lang='lat' dir='ltr'><strong>praisul</strong></span> <span class='ocrx_word' id='word_1_159' title='bbox 1520 2743 1821 2807; x_wconf 76' lang='lat' dir='ltr'><strong>recolende,</strong></span> 
     </span>
    </p>
   </div>
   <div class='ocr_carea' id='block_1_29' title="bbox 598 2824 1646 2901">
    <p class='ocr_par' dir='ltr' id='par_1_29' title="bbox 598 2824 1646 2901">
     <span class='ocr_line' id='line_1_29' title="bbox 598 2824 1646 2901; baseline 0.01 -24"><span class='ocrx_word' id='word_1_160' title='bbox 598 2824 663 2877; x_wconf 81' lang='lat' dir='ltr'><strong>Et</strong></span> <span class='ocrx_word' id='word_1_161' title='bbox 694 2824 973 2896; x_wconf 85' lang='lat' dir='ltr'><strong>locupletis</strong></span> <span class='ocrx_word' id='word_1_162' title='bbox 1004 2829 1088 2882; x_wconf 76' lang='lat' dir='ltr'><strong>ari</strong></span> <span class='ocrx_word' id='word_1_163' title='bbox 1120 2832 1332 2900; x_wconf 87' lang='lat' dir='ltr'><strong>suscipe</strong></span> <span class='ocrx_word' id='word_1_164' title='bbox 1371 2842 1520 2901; x_wconf 75' lang='lat' dir='ltr'><strong>gesta</strong></span> <span class='ocrx_word' id='word_1_165' title='bbox 1551 2834 1646 2887; x_wconf 90' lang='lat' dir='ltr'><strong>tui.</strong></span> 
     </span>
    </p>
   </div>
   <div class='ocr_carea' id='block_1_30' title="bbox 524 2912 1857 2991">
    <p class='ocr_par' dir='ltr' id='par_1_30' title="bbox 524 2912 1857 2991">
     <span class='ocr_line' id='line_1_30' title="bbox 524 2912 1857 2991; baseline 0.014 -27"><span class='ocrx_word' id='word_1_166' title='bbox 524 2912 663 2979; x_wconf 86' lang='lat' dir='ltr'><strong>Quin</strong></span> <span class='ocrx_word' id='word_1_167' title='bbox 684 2916 845 2969; x_wconf 83' lang='lat' dir='ltr'><strong>etiam</strong></span> <span class='ocrx_word' id='word_1_168' title='bbox 872 2917 1081 2971; x_wconf 87' lang='lat' dir='ltr'><strong>meritis</strong></span> <span class='ocrx_word' id='word_1_169' title='bbox 1111 2920 1279 2988; x_wconf 89' lang='lat' dir='ltr'><strong>patris</strong></span> <span class='ocrx_word' id='word_1_170' title='bbox 1303 2938 1463 2991; x_wconf 82' lang='lat' dir='ltr'><strong>super</strong></span> <span class='ocrx_word' id='word_1_171' title='bbox 1486 2926 1687 2977; x_wconf 68' lang='lat' dir='ltr'><strong>iethcra</strong></span> <span class='ocrx_word' id='word_1_172' title='bbox 1714 2924 1857 2991; x_wconf 69' lang='lat' dir='ltr'><strong>noti,</strong></span> 
     </span>
    </p>
   </div>
   <div class='ocr_carea' id='block_1_31' title="bbox 553 3005 1740 3086">
    <p class='ocr_par' dir='ltr' id='par_1_31' title="bbox 553 3005 1740 3086">
     <span class='ocr_line' id='line_1_31' title="bbox 553 3005 1740 3086; baseline 0.008 -27"><span class='ocrx_word' id='word_1_173' title='bbox 553 3080 559 3086; x_wconf 23' lang='lat'>.</span> <span class='ocrx_word' id='word_1_174' title='bbox 594 3005 887 3076; x_wconf 87' lang='lat' dir='ltr'><strong>Participis</strong></span> <span class='ocrx_word' id='word_1_175' title='bbox 910 3008 1127 3064; x_wconf 81' lang='lat' dir='ltr'><strong>Christo</strong></span> <span class='ocrx_word' id='word_1_176' title='bbox 1163 3013 1290 3079; x_wconf 89' lang='lat' dir='ltr'><strong>quin</strong></span> <span class='ocrx_word' id='word_1_177' title='bbox 1320 3013 1481 3067; x_wconf 85' lang='lat' dir='ltr'><strong>etiam</strong></span> <span class='ocrx_word' id='word_1_178' title='bbox 1513 3017 1740 3069; x_wconf 64' lang='lat' dir='ltr'><strong>merits.</strong></span> 
     </span>
    </p>
   </div>
   <div class='ocr_carea' id='block_1_32' title="bbox 521 3094 1854 3179">
    <p class='ocr_par' dir='ltr' id='par_1_32' title="bbox 521 3094 1854 3179">
     <span class='ocr_line' id='line_1_32' title="bbox 521 3094 1854 3179; baseline 0.01 -30"><span class='ocrx_word' id='word_1_179' title='bbox 521 3094 671 3151; x_wconf 84' lang='lat' dir='ltr'><strong>illius</strong></span> <span class='ocrx_word' id='word_1_180' title='bbox 700 3108 863 3167; x_wconf 84' lang='lat' dir='ltr'><strong>atque</strong></span> <span class='ocrx_word' id='word_1_181' title='bbox 894 3100 1048 3154; x_wconf 89' lang='lat' dir='ltr'><strong>bonis</strong></span> <span class='ocrx_word' id='word_1_182' title='bbox 1069 3102 1306 3155; x_wconf 86' lang='lat' dir='ltr'><strong>animum</strong></span> <span class='ocrx_word' id='word_1_183' title='bbox 1335 3105 1563 3173; x_wconf 86' lang='lat' dir='ltr'><strong>dcpasce</strong></span> <span class='ocrx_word' id='word_1_184' title='bbox 1590 3107 1854 3179; x_wconf 79' lang='lat' dir='ltr'><strong>benignis,</strong></span> 
     </span>
    </p>
   </div>
   <div class='ocr_carea' id='block_1_33' title="bbox 592 3184 1732 3266">
    <p class='ocr_par' dir='ltr' id='par_1_33' title="bbox 592 3184 1732 3266">
     <span class='ocr_line' id='line_1_33' title="bbox 592 3184 1732 3266; baseline 0.009 -24"><span class='ocrx_word' id='word_1_185' title='bbox 592 3184 881 3263; x_wconf 50' lang='lat' dir='ltr'><strong>lustrueite</strong></span> <span class='ocrx_word' id='word_1_186' title='bbox 905 3206 1165 3247; x_wconf 72' lang='lat' dir='ltr'><strong>exercens</strong></span> <span class='ocrx_word' id='word_1_187' title='bbox 1199 3195 1341 3250; x_wconf 86' lang='lat' dir='ltr'><strong>illius</strong></span> <span class='ocrx_word' id='word_1_188' title='bbox 1366 3209 1528 3266; x_wconf 80' lang='lat' dir='ltr'><strong>atque</strong></span> <span class='ocrx_word' id='word_1_189' title='bbox 1558 3202 1732 3252; x_wconf 79' lang='lat' dir='ltr'><strong>bonis.</strong></span> 
     </span>
    </p>
   </div>
   <div class='ocr_carea' id='block_1_34' title="bbox 522 3276 1786 3356">
    <p class='ocr_par' dir='ltr' id='par_1_34' title="bbox 522 3276 1786 3356">
     <span class='ocr_line' id='line_1_34' title="bbox 522 3276 1786 3356; baseline 0.01 -25"><span class='ocrx_word' id='word_1_190' title='bbox 522 3276 779 3335; x_wconf 71' lang='lat' dir='ltr'><strong>hlirillcos</strong></span> <span class='ocrx_word' id='word_1_191' title='bbox 801 3276 1048 3338; x_wconf 75' lang='lat' dir='ltr'><strong>recolens</strong></span> <span class='ocrx_word' id='word_1_192' title='bbox 1076 3295 1230 3339; x_wconf 84' lang='lat' dir='ltr'><strong>actus</strong></span> <span class='ocrx_word' id='word_1_193' title='bbox 1259 3303 1508 3342; x_wconf 89' lang='lat' dir='ltr'><strong>sermone</strong></span> <span class='ocrx_word' id='word_1_194' title='bbox 1535 3296 1786 3356; x_wconf 87' lang='lat' dir='ltr'><strong>retracta,</strong></span> 
     </span>
    </p>
   </div>
   <div class='ocr_carea' id='block_1_35' title="bbox 595 3371 1640 3443">
    <p class='ocr_par' dir='ltr' id='par_1_35' title="bbox 595 3371 1640 3443">
     <span class='ocr_line' id='line_1_35' title="bbox 595 3371 1640 3443; baseline 0.01 -19"><span class='ocrx_word' id='word_1_195' title='bbox 595 3371 912 3443; x_wconf 68' lang='lat' dir='ltr'><strong>All‘at‘usque</strong></span> <span class='ocrx_word' id='word_1_196' title='bbox 937 3390 1060 3430; x_wconf 62' lang='lat' dir='ltr'><strong>suos</strong></span> <span class='ocrx_word' id='word_1_197' title='bbox 1082 3377 1338 3434; x_wconf 78' lang='lat' dir='ltr'><strong>mirificos</strong></span> <span class='ocrx_word' id='word_1_198' title='bbox 1378 3384 1640 3435; x_wconf 79' lang='lat' dir='ltr'><strong>recolens.</strong></span> 
     </span>
    </p>
   </div>
   <div class='ocr_carea' id='block_1_36' title="bbox 525 3456 1968 3547">
    <p class='ocr_par' dir='ltr' id='par_1_36' title="bbox 525 3456 1968 3547">
     <span class='ocr_line' id='line_1_36' title="bbox 525 3456 1968 3547; baseline 0.009 -27"><span class='ocrx_word' id='word_1_199' title='bbox 525 3465 595 3520; x_wconf 77' lang='lat' dir='ltr'><strong>Et</strong></span> <span class='ocrx_word' id='word_1_200' title='bbox 622 3456 892 3533; x_wconf 69' lang='lat' dir='ltr'><strong>memora,</strong></span> <span class='ocrx_word' id='word_1_201' title='bbox 922 3483 1175 3526; x_wconf 71' lang='lat' dir='ltr'><strong>m‘emora&#39;</strong></span> <span class='ocrx_word' id='word_1_202' title='bbox 1197 3481 1391 3530; x_wconf 85' lang='lat' dir='ltr'><strong>causas</strong></span> <span class='ocrx_word' id='word_1_203' title='bbox 1415 3475 1531 3543; x_wconf 70' lang='lat' dir='ltr'><strong>ejus</strong></span> <span class='ocrx_word' id='word_1_204' title='bbox 1570 3476 1968 3547; x_wconf 71' lang='lat' dir='ltr'><strong>memerandas,</strong></span> 
     </span>
    </p>
   </div>
   <div class='ocr_carea' id='block_1_37' title="bbox 598 3553 1855 3628">
    <p class='ocr_par' dir='ltr' id='par_1_37' title="bbox 598 3553 1855 3628">
     <span class='ocr_line' id='line_1_37' title="bbox 598 3553 1855 3628; baseline 0.011 -21"><span class='ocrx_word' id='word_1_205' title='bbox 598 3553 769 3625; x_wconf 82' lang='lat' dir='ltr'><strong>Digne</strong></span> <span class='ocrx_word' id='word_1_206' title='bbox 796 3574 913 3627; x_wconf 68' lang='lat' dir='ltr'><strong>qua:</strong></span> <span class='ocrx_word' id='word_1_207' title='bbox 940 3561 1107 3628; x_wconf 76' lang='lat' dir='ltr'><strong>gessit</strong></span> <span class='ocrx_word' id='word_1_208' title='bbox 1136 3578 1277 3617; x_wconf 89' lang='lat' dir='ltr'><strong>nunc</strong></span> <span class='ocrx_word' id='word_1_209' title='bbox 1301 3579 1562 3628; x_wconf 70' lang='lat' dir='ltr'><strong>memora,</strong></span> <span class='ocrx_word' id='word_1_210' title='bbox 1595 3581 1855 3621; x_wconf 86' lang='lat' dir='ltr'><strong>memora.</strong></span> 
     </span>
    </p>
   </div>
   <div class='ocr_carea' id='block_1_38' title="bbox 527 3632 1767 3720">
    <p class='ocr_par' dir='ltr' id='par_1_38' title="bbox 527 3632 1767 3720">
     <span class='ocr_line' id='line_1_38' title="bbox 527 3632 1767 3720; baseline 0.007 -21"><span class='ocrx_word' id='word_1_211' title='bbox 527 3644 748 3701; x_wconf 77' lang='lat' dir='ltr'><strong>Nisibus</strong></span> <span class='ocrx_word' id='word_1_212' title='bbox 776 3648 989 3703; x_wconf 75' lang='lat' dir='ltr'><strong>eximiis</strong></span> <span class='ocrx_word' id='word_1_213' title='bbox 1017 3652 1133 3719; x_wconf 67' lang='lat' dir='ltr'><strong>ejus</strong></span> <span class='ocrx_word' id='word_1_214' title='bbox 1166 3632 1512 3708; x_wconf 78' lang='lat' dir='ltr'><strong>reminiscere</strong></span> <span class='ocrx_word' id='word_1_215' title='bbox 1536 3671 1767 3720; x_wconf 90' lang='lat' dir='ltr'><strong>morum,</strong></span> 
     </span>
    </p>
   </div>
   <div class='ocr_carea' id='block_1_39' title="bbox 598 3723 1592 3809">
    <p class='ocr_par' dir='ltr' id='par_1_39' title="bbox 598 3723 1592 3809">
     <span class='ocr_line' id='line_1_39' title="bbox 598 3723 1592 3809; baseline 0.01 -19"><span class='ocrx_word' id='word_1_216' title='bbox 598 3740 774 3809; x_wconf 86' lang='lat' dir='ltr'><strong>Atque</strong></span> <span class='ocrx_word' id='word_1_217' title='bbox 807 3723 1095 3799; x_wconf 68' lang='lat' dir='ltr'><strong>recordare</strong></span> <span class='ocrx_word' id='word_1_218' title='bbox 1118 3743 1328 3797; x_wconf 90' lang='lat' dir='ltr'><strong>nisibus</strong></span> <span class='ocrx_word' id='word_1_219' title='bbox 1354 3746 1592 3800; x_wconf 74' lang='lat' dir='ltr'><strong>eximiis.</strong></span> 
     </span>
    </p>
   </div>
   <div class='ocr_carea' id='block_1_40' title="bbox 525 3830 2063 3908">
    <p class='ocr_par' dir='ltr' id='par_1_40' title="bbox 525 3830 2063 3908">
     <span class='ocr_line' id='line_1_40' title="bbox 525 3830 2063 3908; baseline 0.007 -23"><span class='ocrx_word' id='word_1_220' title='bbox 525 3830 848 3900; x_wconf 61' lang='lat' dir='ltr'><strong>Legitiinum</strong></span> <span class='ocrx_word' id='word_1_221' title='bbox 873 3832 1031 3901; x_wconf 89' lang='lat' dir='ltr'><strong>hujus</strong></span> <span class='ocrx_word' id='word_1_222' title='bbox 1068 3850 1203 3905; x_wconf 82' lang='lat' dir='ltr'><strong>Opus</strong></span> <span class='ocrx_word' id='word_1_223' title='bbox 1226 3838 1474 3908; x_wconf 80' lang='lat' dir='ltr'><strong>relegens</strong></span> <span class='ocrx_word' id='word_1_224' title='bbox 1500 3839 1710 3893; x_wconf 88' lang='lat' dir='ltr'><strong>imitare</strong></span> <span class='ocrx_word' id='word_1_225' title='bbox 1731 3838 1984 3907; x_wconf 89' lang='lat' dir='ltr'><strong>libenter,</strong></span> <span class='ocrx_word' id='word_1_226' title='bbox 2056 3876 2063 3881; x_wconf 59' lang='grc' dir='ltr'><em>η</em></span> 
     </span>
    </p>
   </div>
   <div class='ocr_carea' id='block_1_41' title="bbox 599 3921 2005 3998">
    <p class='ocr_par' dir='ltr' id='par_1_41' title="bbox 599 3921 2005 3998">
     <span class='ocr_line' id='line_1_41' title="bbox 599 3921 2005 3998; baseline 0.009 -26"><span class='ocrx_word' id='word_1_227' title='bbox 599 3921 666 3973; x_wconf 80' lang='lat' dir='ltr'><strong>Et</strong></span> <span class='ocrx_word' id='word_1_228' title='bbox 690 3922 887 3976; x_wconf 89' lang='lat' dir='ltr'><strong>rimare</strong></span> <span class='ocrx_word' id='word_1_229' title='bbox 918 3924 1141 3978; x_wconf 76' lang='lat' dir='ltr'><strong>studens</strong></span> <span class='ocrx_word' id='word_1_230' title='bbox 1168 3923 1467 3992; x_wconf 81' lang='lat' dir='ltr'><strong>legitimum</strong></span> <span class='ocrx_word' id='word_1_231' title='bbox 1496 3924 1655 3994; x_wconf 88' lang='lat' dir='ltr'><strong>hujus</strong></span> <span class='ocrx_word' id='word_1_232' title='bbox 1680 3942 1835 3998; x_wconf 88' lang='lat' dir='ltr'><strong>opus.</strong></span> <span class='ocrx_word' id='word_1_233' title='bbox 1998 3932 2005 3941; x_wconf 88' lang='lat'><strong>&#39;</strong></span> 
     </span>
    </p>
   </div>
   <div class='ocr_carea' id='block_1_42' title="bbox 531 4008 2075 4087">
    <p class='ocr_par' dir='ltr' id='par_1_42' title="bbox 531 4008 2075 4087">
     <span class='ocr_line' id='line_1_42' title="bbox 531 4008 2075 4087; baseline 0.007 -23"><span class='ocrx_word' id='word_1_234' title='bbox 531 4008 656 4066; x_wconf 87' lang='lat' dir='ltr'><strong>Scis</strong></span> <span class='ocrx_word' id='word_1_235' title='bbox 687 4013 812 4080; x_wconf 86' lang='lat' dir='ltr'><strong>quia</strong></span> <span class='ocrx_word' id='word_1_236' title='bbox 840 4022 1019 4067; x_wconf 89' lang='lat' dir='ltr'><strong>castra</strong></span> <span class='ocrx_word' id='word_1_237' title='bbox 1045 4014 1156 4071; x_wconf 79' lang='lat' dir='ltr'><strong>,Dei</strong></span> <span class='ocrx_word' id='word_1_238' title='bbox 1191 4030 1404 4086; x_wconf 86' lang='lat' dir='ltr'><strong>semper</strong></span> <span class='ocrx_word' id='word_1_239' title='bbox 1427 4018 1712 4075; x_wconf 88' lang='lat' dir='ltr'><strong>recoleudo</strong></span> <span class='ocrx_word' id='word_1_240' title='bbox 1740 4019 2034 4087; x_wconf 81' lang='lat' dir='ltr'><strong>adamavit,</strong></span> <span class='ocrx_word' id='word_1_241' title='bbox 2064 4015 2075 4021; x_wconf 77' lang='grc'>’</span> 
     </span>
    </p>
   </div>
   <div class='ocr_carea' id='block_1_43' title="bbox 604 4103 1735 4176">
    <p class='ocr_par' dir='ltr' id='par_1_43' title="bbox 604 4103 1735 4176">
     <span class='ocr_line' id='line_1_43' title="bbox 604 4103 1735 4176; baseline 0.009 -21"><span class='ocrx_word' id='word_1_242' title='bbox 604 4103 800 4157; x_wconf 82' lang='lat' dir='ltr'><strong>Dilexit</strong></span> <span class='ocrx_word' id='word_1_243' title='bbox 826 4120 1091 4159; x_wconf 83' lang='lat' dir='ltr'><strong>venerans</strong></span> <span class='ocrx_word' id='word_1_244' title='bbox 1120 4107 1229 4161; x_wconf 88' lang='lat' dir='ltr'><strong>scis</strong></span> <span class='ocrx_word' id='word_1_245' title='bbox 1249 4108 1376 4176; x_wconf 86' lang='lat' dir='ltr'><strong>quia</strong></span> <span class='ocrx_word' id='word_1_246' title='bbox 1414 4118 1591 4163; x_wconf 84' lang='lat' dir='ltr'><strong>castra</strong></span> <span class='ocrx_word' id='word_1_247' title='bbox 1620 4111 1735 4165; x_wconf 88' lang='lat' dir='ltr'><strong>Dei.</strong></span> 
     </span>
    </p>
   </div>
   <div class='ocr_carea' id='block_1_44' title="bbox 530 4193 1814 4269">
    <p class='ocr_par' dir='ltr' id='par_1_44' title="bbox 530 4193 1814 4269">
     <span class='ocr_line' id='line_1_44' title="bbox 530 4193 1814 4269; baseline 0.007 -22"><span class='ocrx_word' id='word_1_248' title='bbox 530 4193 717 4248; x_wconf 83' lang='lat' dir='ltr'><strong>Arietc</strong></span> <span class='ocrx_word' id='word_1_249' title='bbox 752 4208 856 4248; x_wconf 90' lang='lat' dir='ltr'><strong>non</strong></span> <span class='ocrx_word' id='word_1_250' title='bbox 884 4193 1093 4267; x_wconf 72' lang='lat' dir='ltr'><strong>fragilis</strong></span> <span class='ocrx_word' id='word_1_251' title='bbox 1121 4198 1309 4264; x_wconf 67' lang='lat' dir='ltr'><strong>patriae</strong></span> <span class='ocrx_word' id='word_1_252' title='bbox 1338 4212 1525 4253; x_wconf 88' lang='lat' dir='ltr'><strong>murus</strong></span> <span class='ocrx_word' id='word_1_253' title='bbox 1550 4198 1651 4252; x_wconf 83' lang='lat' dir='ltr'><strong>fuit</strong></span> <span class='ocrx_word' id='word_1_254' title='bbox 1682 4200 1814 4269; x_wconf 86' lang='lat' dir='ltr'><strong>ipse,</strong></span> 
     </span>
    </p>
   </div>
   <div class='ocr_carea' id='block_1_45' title="bbox 1412 183 2953 258">
    <p class='ocr_par' dir='ltr' id='par_1_45' title="bbox 1412 183 2953 258">
     <span class='ocr_line' id='line_1_45' title="bbox 1412 183 2953 258; baseline 0 -17"><span class='ocrx_word' id='word_1_255' title='bbox 1412 185 1714 243; x_wconf 68' lang='lat' dir='ltr'><strong>DL&#39;DONlS</strong></span> <span class='ocrx_word' id='word_1_256' title='bbox 1746 183 2081 254; x_wconf 73' lang='lat' dir='ltr'><strong>DECANIS.</strong></span> <span class='ocrx_word' id='word_1_257' title='bbox 2130 184 2434 253; x_wconf 72' lang='lat' dir='ltr'><strong>QUINTINI</strong></span> <span class='ocrx_word' id='word_1_258' title='bbox 2470 183 2953 258; x_wconf 73' lang='lat' dir='ltr'><strong>VIROMAMAND.</strong></span> 
     </span>
    </p>
   </div>
   <div class='ocr_carea' id='block_1_46' title="bbox 514 266 2889 381">
    <p class='ocr_par' dir='ltr' id='par_1_46' title="bbox 514 280 2887 381">
     <span class='ocr_line' id='line_1_46' title="bbox 514 280 2887 381; baseline 0.001 -29"><span class='ocrx_word' id='word_1_259' title='bbox 514 280 659 381; x_wconf 36' lang='lat' dir='ltr'><strong>&#39;Ales</strong></span> <span class='ocrx_word' id='word_1_260' title='bbox 694 314 966 370; x_wconf 74' lang='lat' dir='ltr'><strong>nunquam</strong></span> <span class='ocrx_word' id='word_1_261' title='bbox 1005 309 1187 361; x_wconf 77' lang='lat' dir='ltr'><strong>vestra</strong></span> <span class='ocrx_word' id='word_1_262' title='bbox 1220 308 1364 355; x_wconf 71' lang='lat' dir='ltr'><strong>talus</strong></span> <span class='ocrx_word' id='word_1_263' title='bbox 1400 300 1668 369; x_wconf 88' lang='lat' dir='ltr'><strong>spatulum</strong></span> <span class='ocrx_word' id='word_1_264' title='bbox 1700 299 1798 361; x_wconf 85' lang='lat' dir='ltr'><strong>sibi</strong></span> <span class='ocrx_word' id='word_1_265' title='bbox 1828 314 2069 364; x_wconf 82' lang='lat' dir='ltr'><strong>cessum,</strong></span> <span class='ocrx_word' id='word_1_266' title='bbox 2135 310 2182 366; x_wconf 74' lang='grc' dir='ltr'><strong>Α</strong></span> <span class='ocrx_word' id='word_1_267' title='bbox 2286 299 2555 368; x_wconf 76' lang='lat' dir='ltr'><strong>l’ortaque</strong></span> <span class='ocrx_word' id='word_1_268' title='bbox 2584 299 2812 358; x_wconf 69' lang='lat' dir='ltr'><strong>difficilis</strong></span> <span class='ocrx_word' id='word_1_269' title='bbox 2838 317 2887 355; x_wconf 81' lang='lat' dir='ltr'><strong>at</strong></span> 
     </span>
    </p>
   </div>
   <div class='ocr_carea' id='block_1_47' title="bbox 3659 201 3767 258">
    <p class='ocr_par' dir='ltr' id='par_1_47' title="bbox 3659 201 3767 258">
     <span class='ocr_line' id='line_1_47' title="bbox 3659 201 3767 258; baseline 0.037 -5"><span class='ocrx_word' id='word_1_270' title='bbox 3659 201 3767 258; x_wconf 75' lang='lat' dir='ltr'><strong>GlG</strong></span> 
     </span>
    </p>
   </div>
   <div class='ocr_carea' id='block_1_48' title="bbox 2286 299 3420 375">
    <p class='ocr_par' dir='ltr' id='par_1_48' title="bbox 2286 299 3420 375">
     <span class='ocr_line' id='line_1_48' title="bbox 2286 299 3420 375; baseline 0.006 -22"><span class='ocrx_word' id='word_1_271' title='bbox 2286 299 2555 368; x_wconf 76' lang='lat' dir='ltr'><strong>l’ortaque</strong></span> <span class='ocrx_word' id='word_1_272' title='bbox 2584 299 2812 358; x_wconf 79' lang='lat' dir='ltr'><strong>dillicilis</strong></span> <span class='ocrx_word' id='word_1_273' title='bbox 2838 302 3026 366; x_wconf 86' lang='lat' dir='ltr'><strong>ariete,</strong></span> <span class='ocrx_word' id='word_1_274' title='bbox 3059 317 3182 359; x_wconf 84' lang='lat' dir='ltr'><strong>non.</strong></span> <span class='ocrx_word' id='word_1_275' title='bbox 3202 302 3420 375; x_wconf 76' lang='lat' dir='ltr'><strong>fragilis-</strong></span> 
     </span>
    </p>
   </div>
   <div class='ocr_carea' id='block_1_49' title="bbox 2211 382 3636 462">
    <p class='ocr_par' dir='ltr' id='par_1_49' title="bbox 2211 382 3636 462">
     <span class='ocr_line' id='line_1_49' title="bbox 2211 382 3636 462; baseline 0.002 -17"><span class='ocrx_word' id='word_1_276' title='bbox 2211 390 2516 461; x_wconf 87' lang='lat' dir='ltr'><strong>Orphauus,</strong></span> <span class='ocrx_word' id='word_1_277' title='bbox 2541 390 2686 455; x_wconf 79' lang='lat' dir='ltr'><strong>exul,</strong></span> <span class='ocrx_word' id='word_1_278' title='bbox 2714 382 2884 460; x_wconf 80' lang='lat' dir='ltr'><strong>inops,</strong></span> <span class='ocrx_word' id='word_1_279' title='bbox 2914 382 3161 461; x_wconf 81' lang='lat' dir='ltr'><strong>capiebat</strong></span> <span class='ocrx_word' id='word_1_280' title='bbox 3182 407 3337 462; x_wconf 84' lang='lat' dir='ltr'><strong>opem</strong></span> <span class='ocrx_word' id='word_1_281' title='bbox 3368 393 3636 462; x_wconf 72' lang='lat' dir='ltr'><strong>vidua-que</strong></span> 
     </span>
    </p>
   </div>
   <div class='ocr_carea' id='block_1_50' title="bbox 2279 482 3489 558">
    <p class='ocr_par' dir='ltr' id='par_1_50' title="bbox 2279 482 3489 558">
     <span class='ocr_line' id='line_1_50' title="bbox 2279 482 3489 558; baseline 0.002 -19"><span class='ocrx_word' id='word_1_282' title='bbox 2279 482 2530 540; x_wconf 86' lang='lat' dir='ltr'><strong>Solamen</strong></span> <span class='ocrx_word' id='word_1_283' title='bbox 2554 485 2788 550; x_wconf 86' lang='lat' dir='ltr'><strong>cunctis,</strong></span> <span class='ocrx_word' id='word_1_284' title='bbox 2818 486 3112 553; x_wconf 72' lang='lat' dir='ltr'><strong>«)rphatuts,</strong></span> <span class='ocrx_word' id='word_1_285' title='bbox 3140 486 3287 549; x_wconf 80' lang='lat' dir='ltr'><strong>exul,</strong></span> <span class='ocrx_word' id='word_1_286' title='bbox 3321 487 3489 558; x_wconf 80' lang='lat' dir='ltr'><strong>inops.</strong></span> 
     </span>
    </p>
   </div>
   <div class='ocr_carea' id='block_1_51' title="bbox 2212 562 3405 645">
    <p class='ocr_par' dir='ltr' id='par_1_51' title="bbox 2212 562 3405 645">
     <span class='ocr_line' id='line_1_51' title="bbox 2212 562 3405 645; baseline 0.001 -16"><span class='ocrx_word' id='word_1_287' title='bbox 2212 574 2480 629; x_wconf 82' lang='lat' dir='ltr'><strong>Ecclesias</strong></span> <span class='ocrx_word' id='word_1_288' title='bbox 2504 575 2710 636; x_wconf 89' lang='lat' dir='ltr'><strong>statuit.</strong></span> <span class='ocrx_word' id='word_1_289' title='bbox 2740 562 2980 645; x_wconf 65' lang='lat' dir='ltr'><strong>purgantis</strong></span> <span class='ocrx_word' id='word_1_290' title='bbox 3007 576 3225 631; x_wconf 81' lang='lat' dir='ltr'><strong>credere</strong></span> <span class='ocrx_word' id='word_1_291' title='bbox 3254 577 3405 642; x_wconf 86' lang='lat' dir='ltr'><strong>fecit,</strong></span> 
     </span>
    </p>
   </div>
   <div class='ocr_carea' id='block_1_52' title="bbox 2280 664 3392 730">
    <p class='ocr_par' dir='ltr' id='par_1_52' title="bbox 2280 664 3392 730">
     <span class='ocr_line' id='line_1_52' title="bbox 2280 664 3392 730; baseline 0.003 -13"><span class='ocrx_word' id='word_1_292' title='bbox 2280 664 2510 718; x_wconf 79' lang='lat' dir='ltr'><strong>Delubra</strong></span> <span class='ocrx_word' id='word_1_293' title='bbox 2540 666 2868 730; x_wconf 77' lang='lat' dir='ltr'><strong>construxit,</strong></span> <span class='ocrx_word' id='word_1_294' title='bbox 2899 667 3158 722; x_wconf 86' lang='lat' dir='ltr'><strong>ecclesias</strong></span> <span class='ocrx_word' id='word_1_295' title='bbox 3184 667 3392 722; x_wconf 86' lang='lat' dir='ltr'><strong>statuit.</strong></span> 
     </span>
    </p>
   </div>
   <div class='ocr_carea' id='block_1_53' title="bbox 2209 752 3559 827">
    <p class='ocr_par' dir='ltr' id='par_1_53' title="bbox 2209 752 3559 827">
     <span class='ocr_line' id='line_1_53' title="bbox 2209 752 3559 827; baseline 0.003 -17"><span class='ocrx_word' id='word_1_296' title='bbox 2209 752 2381 810; x_wconf 87' lang='lat' dir='ltr'><strong>Corde</strong></span> <span class='ocrx_word' id='word_1_297' title='bbox 2412 754 2577 809; x_wconf 91' lang='lat' dir='ltr'><strong>Deum</strong></span> <span class='ocrx_word' id='word_1_298' title='bbox 2618 754 2900 810; x_wconf 89' lang='lat' dir='ltr'><strong>Domiumn</strong></span> <span class='ocrx_word' id='word_1_299' title='bbox 2928 755 3117 811; x_wconf 78' lang='lat' dir='ltr'><strong>dilexit</strong></span> <span class='ocrx_word' id='word_1_300' title='bbox 3144 757 3368 823; x_wconf 80' lang='lat' dir='ltr'><strong>viribus,</strong></span> <span class='ocrx_word' id='word_1_301' title='bbox 3399 769 3559 827; x_wconf 81' lang='lat' dir='ltr'><strong>atque</strong></span> 
     </span>
    </p>
   </div>
   <div class='ocr_carea' id='block_1_54' title="bbox 2285 843 3529 916">
    <p class='ocr_par' dir='ltr' id='par_1_54' title="bbox 2285 843 3529 916">
     <span class='ocr_line' id='line_1_54' title="bbox 2285 843 3529 916; baseline 0.003 -18"><span class='ocrx_word' id='word_1_302' title='bbox 2285 843 2352 899; x_wconf 89' lang='lat' dir='ltr'><strong>Ut</strong></span> <span class='ocrx_word' id='word_1_303' title='bbox 2372 860 2431 897; x_wconf 89' lang='lat' dir='ltr'><strong>se</strong></span> <span class='ocrx_word' id='word_1_304' title='bbox 2456 846 2812 916; x_wconf 90' lang='lat' dir='ltr'><strong>propinquum</strong></span> <span class='ocrx_word' id='word_1_305' title='bbox 2839 847 3000 902; x_wconf 90' lang='lat' dir='ltr'><strong>corde</strong></span> <span class='ocrx_word' id='word_1_306' title='bbox 3023 847 3189 901; x_wconf 90' lang='lat' dir='ltr'><strong>Deum</strong></span> <span class='ocrx_word' id='word_1_307' title='bbox 3221 848 3529 904; x_wconf 88' lang='lat' dir='ltr'><strong>Dominum.</strong></span> 
     </span>
    </p>
   </div>
   <div class='ocr_carea' id='block_1_55' title="bbox 2211 931 3568 1011">
    <p class='ocr_par' dir='ltr' id='par_1_55' title="bbox 2211 931 3568 1011">
     <span class='ocr_line' id='line_1_55' title="bbox 2211 931 3568 1011; baseline 0.007 -25"><span class='ocrx_word' id='word_1_308' title='bbox 2211 931 2374 1011; x_wconf 61' lang='lat' dir='ltr'><strong>Forte</strong></span> <span class='ocrx_word' id='word_1_309' title='bbox 2401 933 2547 989; x_wconf 84' lang='lat' dir='ltr'><strong>feros</strong></span> <span class='ocrx_word' id='word_1_310' title='bbox 2574 934 2795 1006; x_wconf 89' lang='lat' dir='ltr'><strong>populos</strong></span> <span class='ocrx_word' id='word_1_311' title='bbox 2822 935 3057 992; x_wconf 80' lang='lat' dir='ltr'><strong>violento</strong></span> <span class='ocrx_word' id='word_1_312' title='bbox 3095 948 3265 993; x_wconf 89' lang='lat' dir='ltr'><strong>marte</strong></span> <span class='ocrx_word' id='word_1_313' title='bbox 3296 939 3568 1006; x_wconf 84' lang='lat' dir='ltr'><strong>domabat,</strong></span> 
     </span>
    </p>
   </div>
   <div class='ocr_carea' id='block_1_56' title="bbox 2278 1023 3323 1097">
    <p class='ocr_par' dir='ltr' id='par_1_56' title="bbox 2278 1023 3323 1097">
     <span class='ocr_line' id='line_1_56' title="bbox 2278 1023 3323 1097; baseline 0.008 -21"><span class='ocrx_word' id='word_1_314' title='bbox 2278 1023 2345 1077; x_wconf 76' lang='lat' dir='ltr'><strong>Et</strong></span> <span class='ocrx_word' id='word_1_315' title='bbox 2371 1025 2724 1079; x_wconf 87' lang='lat' dir='ltr'><strong>conculcabat</strong></span> <span class='ocrx_word' id='word_1_316' title='bbox 2741 1023 2881 1081; x_wconf 87' lang='lat' dir='ltr'><strong>forte</strong></span> <span class='ocrx_word' id='word_1_317' title='bbox 2917 1026 3059 1081; x_wconf 81' lang='lat' dir='ltr'><strong>feros</strong></span> <span class='ocrx_word' id='word_1_318' title='bbox 3078 1029 3323 1097; x_wconf 84' lang='lat' dir='ltr'><strong>populos.</strong></span> 
     </span>
    </p>
   </div>
   <div class='ocr_carea' id='block_1_57' title="bbox 2209 1109 3701 1191">
    <p class='ocr_par' dir='ltr' id='par_1_57' title="bbox 2209 1109 3701 1191">
     <span class='ocr_line' id='line_1_57' title="bbox 2209 1109 3701 1191; baseline 0.005 -22"><span class='ocrx_word' id='word_1_319' title='bbox 2209 1109 2446 1184; x_wconf 82' lang='lat' dir='ltr'><strong>Legibus</strong></span> <span class='ocrx_word' id='word_1_320' title='bbox 2467 1126 2520 1167; x_wconf 88' lang='lat' dir='ltr'><strong>et</strong></span> <span class='ocrx_word' id='word_1_321' title='bbox 2550 1115 2776 1171; x_wconf 90' lang='lat' dir='ltr'><strong>ducibus</strong></span> <span class='ocrx_word' id='word_1_322' title='bbox 2801 1117 2962 1172; x_wconf 82' lang='lat' dir='ltr'><strong>verbo</strong></span> <span class='ocrx_word' id='word_1_323' title='bbox 3000 1117 3354 1189; x_wconf 83' lang='lat' dir='ltr'><strong>induperabat</strong></span> <span class='ocrx_word' id='word_1_324' title='bbox 3381 1121 3493 1191; x_wconf 85' lang='lat' dir='ltr'><strong>(l6)</strong></span> <span class='ocrx_word' id='word_1_325' title='bbox 3515 1122 3701 1186; x_wconf 66' lang='lat' dir='ltr'><strong>amico,</strong></span> 
     </span>
    </p>
   </div>
   <div class='ocr_carea' id='block_1_58' title="bbox 2276 1202 3358 1279">
    <p class='ocr_par' dir='ltr' id='par_1_58' title="bbox 2276 1202 3358 1279">
     <span class='ocr_line' id='line_1_58' title="bbox 2276 1202 3358 1279; baseline 0.006 -20"><span class='ocrx_word' id='word_1_326' title='bbox 2276 1202 2494 1260; x_wconf 85' lang='lat' dir='ltr'><strong>Gratior</strong></span> <span class='ocrx_word' id='word_1_327' title='bbox 2518 1205 2569 1259; x_wconf 93' lang='lat' dir='ltr'><strong>in</strong></span> <span class='ocrx_word' id='word_1_328' title='bbox 2603 1222 2767 1277; x_wconf 82' lang='lat' dir='ltr'><strong>regno</strong></span> <span class='ocrx_word' id='word_1_329' title='bbox 2793 1209 3007 1279; x_wconf 83' lang='lat' dir='ltr'><strong>regibus</strong></span> <span class='ocrx_word' id='word_1_330' title='bbox 3030 1219 3084 1265; x_wconf 87' lang='lat' dir='ltr'><strong>et</strong></span> <span class='ocrx_word' id='word_1_331' title='bbox 3110 1212 3358 1268; x_wconf 87' lang='lat' dir='ltr'><strong>ducibus.</strong></span> 
     </span>
    </p>
   </div>
   <div class='ocr_carea' id='block_1_59' title="bbox 2209 1292 3425 1370">
    <p class='ocr_par' dir='ltr' id='par_1_59' title="bbox 2209 1292 3425 1370">
     <span class='ocr_line' id='line_1_59' title="bbox 2209 1292 3425 1370; baseline 0.012 -24"><span class='ocrx_word' id='word_1_332' title='bbox 2209 1292 2517 1352; x_wconf 76' lang='lat' dir='ltr'><strong>Muneribus</strong></span> <span class='ocrx_word' id='word_1_333' title='bbox 2542 1300 2706 1352; x_wconf 85' lang='lat' dir='ltr'><strong>variis</strong></span> <span class='ocrx_word' id='word_1_334' title='bbox 2726 1300 2917 1355; x_wconf 75' lang='lat' dir='ltr'><strong>missos</strong></span> <span class='ocrx_word' id='word_1_335' title='bbox 2945 1301 3149 1357; x_wconf 84' lang='lat' dir='ltr'><strong>ditabat</strong></span> <span class='ocrx_word' id='word_1_336' title='bbox 3171 1303 3425 1370; x_wconf 86' lang='lat' dir='ltr'><strong>honores,</strong></span> 
     </span>
    </p>
   </div>
   <div class='ocr_carea' id='block_1_60' title="bbox 2277 1384 3413 1456">
    <p class='ocr_par' dir='ltr' id='par_1_60' title="bbox 2277 1384 3413 1456">
     <span class='ocr_line' id='line_1_60' title="bbox 2277 1384 3413 1456; baseline 0.008 -18"><span class='ocrx_word' id='word_1_337' title='bbox 2277 1385 2376 1439; x_wconf 79' lang='lat' dir='ltr'><strong>Ast</strong></span> <span class='ocrx_word' id='word_1_338' title='bbox 2401 1384 2629 1441; x_wconf 82' lang='lat' dir='ltr'><strong>humiles</strong></span> <span class='ocrx_word' id='word_1_339' title='bbox 2658 1388 2863 1456; x_wconf 86' lang='lat' dir='ltr'><strong>pariter</strong></span> <span class='ocrx_word' id='word_1_340' title='bbox 2889 1391 3199 1445; x_wconf 86' lang='lat' dir='ltr'><strong>muneribus</strong></span> <span class='ocrx_word' id='word_1_341' title='bbox 3224 1394 3413 1447; x_wconf 76' lang='lat' dir='ltr'><strong>rariis.</strong></span> 
     </span>
    </p>
   </div>
   <div class='ocr_carea' id='block_1_61' title="bbox 2206 1474 3563 1556">
    <p class='ocr_par' dir='ltr' id='par_1_61' title="bbox 2206 1474 3563 1556">
     <span class='ocr_line' id='line_1_61' title="bbox 2206 1474 3563 1556; baseline 0.008 -27"><span class='ocrx_word' id='word_1_342' title='bbox 2206 1474 2371 1529; x_wconf 87' lang='lat' dir='ltr'><strong>Pallia</strong></span> <span class='ocrx_word' id='word_1_343' title='bbox 2399 1476 2743 1542; x_wconf 81' lang='lat' dir='ltr'><strong>distribuens,</strong></span> <span class='ocrx_word' id='word_1_344' title='bbox 2767 1495 2981 1544; x_wconf 86' lang='lat' dir='ltr'><strong>aurum,</strong></span> <span class='ocrx_word' id='word_1_345' title='bbox 3004 1482 3194 1550; x_wconf 82' lang='lat' dir='ltr'><strong>pelles,</strong></span> <span class='ocrx_word' id='word_1_346' title='bbox 3221 1484 3563 1556; x_wconf 76' lang='lat' dir='ltr'><strong>sonipesque,</strong></span> 
     </span>
    </p>
   </div>
   <div class='ocr_carea' id='block_1_62' title="bbox 2278 1560 3352 1640">
    <p class='ocr_par' dir='ltr' id='par_1_62' title="bbox 2278 1560 3352 1640">
     <span class='ocr_line' id='line_1_62' title="bbox 2278 1560 3352 1640; baseline 0.01 -21"><span class='ocrx_word' id='word_1_347' title='bbox 2278 1560 2495 1623; x_wconf 82' lang='lat' dir='ltr'><strong>Munere</strong></span> <span class='ocrx_word' id='word_1_348' title='bbox 2517 1570 2787 1639; x_wconf 77' lang='lat' dir='ltr'><strong>largiﬂuus</strong></span> <span class='ocrx_word' id='word_1_349' title='bbox 2821 1570 2980 1640; x_wconf 74' lang='lat' dir='ltr'><strong>palia</strong></span> <span class='ocrx_word' id='word_1_350' title='bbox 3004 1574 3352 1630; x_wconf 84' lang='lat' dir='ltr'><strong>distribuens.</strong></span> 
     </span>
    </p>
   </div>
   <div class='ocr_carea' id='block_1_63' title="bbox 2135 1646 3466 1734">
    <p class='ocr_par' dir='ltr' id='par_1_63' title="bbox 2135 1646 3466 1734">
     <span class='ocr_line' id='line_1_63' title="bbox 2135 1646 3466 1734; baseline 0.01 -24"><span class='ocrx_word' id='word_1_351' title='bbox 2135 1651 2178 1710; x_wconf 79' lang='grc' dir='ltr'><strong><em>Β</em></strong></span> <span class='ocrx_word' id='word_1_352' title='bbox 2208 1646 2499 1715; x_wconf 84' lang='lat' dir='ltr'><strong>indomitas</strong></span> <span class='ocrx_word' id='word_1_353' title='bbox 2530 1661 2701 1717; x_wconf 85' lang='lat' dir='ltr'><strong>Dacos</strong></span> <span class='ocrx_word' id='word_1_354' title='bbox 2731 1663 2909 1719; x_wconf 77' lang='lat' dir='ltr'><strong>verbis</strong></span> <span class='ocrx_word' id='word_1_355' title='bbox 2933 1665 3205 1720; x_wconf 80' lang='lat' dir='ltr'><strong>blandi&#39;oat</strong></span> <span class='ocrx_word' id='word_1_356' title='bbox 3243 1666 3466 1734; x_wconf 88' lang='lat' dir='ltr'><strong>amicis,</strong></span> 
     </span>
    </p>
   </div>
   <div class='ocr_carea' id='block_1_64' title="bbox 2274 1755 3549 1837">
    <p class='ocr_par' dir='ltr' id='par_1_64' title="bbox 2274 1755 3549 1837">
     <span class='ocr_line' id='line_1_64' title="bbox 2274 1755 3549 1837; baseline 0.005 -31"><span class='ocrx_word' id='word_1_357' title='bbox 2274 1755 2627 1837; x_wconf 75' lang='lat' dir='ltr'><strong>Auster-isque</strong></span> <span class='ocrx_word' id='word_1_358' title='bbox 2649 1770 2904 1825; x_wconf 86' lang='lat' dir='ltr'><strong>premens</strong></span> <span class='ocrx_word' id='word_1_359' title='bbox 2932 1757 3326 1835; x_wconf 86' lang='lat' dir='ltr'><strong>indomitosque</strong></span> <span class='ocrx_word' id='word_1_360' title='bbox 3356 1759 3549 1827; x_wconf 82' lang='lat' dir='ltr'><strong>Dacos.</strong></span> 
     </span>
    </p>
   </div>
   <div class='ocr_carea' id='block_1_65' title="bbox 2207 1840 3755 1921">
    <p class='ocr_par' dir='ltr' id='par_1_65' title="bbox 2207 1840 3755 1921">
     <span class='ocr_line' id='line_1_65' title="bbox 2207 1840 3755 1921; baseline 0.005 -23"><span class='ocrx_word' id='word_1_361' title='bbox 2207 1840 2423 1898; x_wconf 84' lang='lat' dir='ltr'><strong>Ordinis</strong></span> <span class='ocrx_word' id='word_1_362' title='bbox 2452 1853 2611 1913; x_wconf 88' lang='lat' dir='ltr'><strong>atque</strong></span> <span class='ocrx_word' id='word_1_363' title='bbox 2634 1847 2833 1914; x_wconf 88' lang='lat' dir='ltr'><strong>gradus</strong></span> <span class='ocrx_word' id='word_1_364' title='bbox 2864 1845 3034 1902; x_wconf 83' lang='lat' dir='ltr'><strong>nostri</strong></span> <span class='ocrx_word' id='word_1_365' title='bbox 3081 1849 3244 1902; x_wconf 87' lang='lat' dir='ltr'><strong>decus</strong></span> <span class='ocrx_word' id='word_1_366' title='bbox 3281 1865 3440 1904; x_wconf 88' lang='lat' dir='ltr'><strong>omne</strong></span> <span class='ocrx_word' id='word_1_367' title='bbox 3469 1864 3560 1921; x_wconf 87' lang='lat' dir='ltr'><strong>per</strong></span> <span class='ocrx_word' id='word_1_368' title='bbox 3592 1863 3755 1913; x_wconf 81' lang='lat' dir='ltr'><strong>omne,</strong></span> 
     </span>
    </p>
   </div>
   <div class='ocr_carea' id='block_1_66' title="bbox 2272 1930 3448 2007">
    <p class='ocr_par' dir='ltr' id='par_1_66' title="bbox 2272 1930 3448 2007">
     <span class='ocr_line' id='line_1_66' title="bbox 2272 1930 3448 2007; baseline 0.006 -23"><span class='ocrx_word' id='word_1_369' title='bbox 2272 1930 2355 1984; x_wconf 79' lang='lat' dir='ltr'><strong>Ac</strong></span> <span class='ocrx_word' id='word_1_370' title='bbox 2377 1930 2774 1986; x_wconf 80' lang='lat' dir='ltr'><strong>firmamentum</strong></span> <span class='ocrx_word' id='word_1_371' title='bbox 2795 1933 3002 2007; x_wconf 56' lang='lat' dir='ltr'><strong>ordinis</strong></span> <span class='ocrx_word' id='word_1_372' title='bbox 3032 1944 3193 2006; x_wconf 90' lang='lat' dir='ltr'><strong>atque</strong></span> <span class='ocrx_word' id='word_1_373' title='bbox 3229 1938 3448 2006; x_wconf 75' lang='lat' dir='ltr'><strong>gradus.</strong></span> 
     </span>
    </p>
   </div>
   <div class='ocr_carea' id='block_1_67' title="bbox 2206 2020 3575 2100">
    <p class='ocr_par' dir='ltr' id='par_1_67' title="bbox 2206 2020 3575 2100">
     <span class='ocr_line' id='line_1_67' title="bbox 2206 2020 3575 2100; baseline 0.007 -25"><span class='ocrx_word' id='word_1_374' title='bbox 2206 2020 2457 2092; x_wconf 82' lang='lat' dir='ltr'><strong>Alloquio</strong></span> <span class='ocrx_word' id='word_1_375' title='bbox 2483 2024 2731 2089; x_wconf 78' lang='lat' dir='ltr'><strong>Celebris,</strong></span> <span class='ocrx_word' id='word_1_376' title='bbox 2767 2026 3021 2079; x_wconf 62' lang='lat' dir='ltr'><strong>virtutum</strong></span> <span class='ocrx_word' id='word_1_377' title='bbox 3053 2028 3317 2097; x_wconf 72' lang='lat' dir='ltr'><strong>agaliuate</strong></span> <span class='ocrx_word' id='word_1_378' title='bbox 3343 2028 3575 2100; x_wconf 79' lang='lat' dir='ltr'><strong>pinguis,</strong></span> 
     </span>
    </p>
   </div>
   <div class='ocr_carea' id='block_1_68' title="bbox 2276 2114 3341 2187">
    <p class='ocr_par' dir='ltr' id='par_1_68' title="bbox 2276 2114 3341 2187">
     <span class='ocr_line' id='line_1_68' title="bbox 2276 2114 3341 2187; baseline 0.005 -19"><span class='ocrx_word' id='word_1_379' title='bbox 2276 2114 2585 2172; x_wconf 83' lang='lat' dir='ltr'><strong>Mansuetus</strong></span> <span class='ocrx_word' id='word_1_380' title='bbox 2610 2118 2798 2183; x_wconf 77' lang='lat' dir='ltr'><strong>verba,</strong></span> <span class='ocrx_word' id='word_1_381' title='bbox 2820 2117 3053 2187; x_wconf 87' lang='lat' dir='ltr'><strong>alloquio</strong></span> <span class='ocrx_word' id='word_1_382' title='bbox 3088 2120 3341 2175; x_wconf 85' lang='lat' dir='ltr'><strong>celebris.</strong></span> 
     </span>
    </p>
   </div>
   <div class='ocr_carea' id='block_1_69' title="bbox 2208 2198 3565 2280">
    <p class='ocr_par' dir='ltr' id='par_1_69' title="bbox 2208 2198 3565 2280">
     <span class='ocr_line' id='line_1_69' title="bbox 2208 2198 3565 2280; baseline 0.005 -19"><span class='ocrx_word' id='word_1_383' title='bbox 2208 2198 2552 2263; x_wconf 69' lang='lat' dir='ltr'><strong>Causidicum</strong></span> <span class='ocrx_word' id='word_1_384' title='bbox 2584 2220 2841 2278; x_wconf 87' lang='lat' dir='ltr'><strong>superant</strong></span> <span class='ocrx_word' id='word_1_385' title='bbox 2859 2209 2974 2280; x_wconf 83' lang='lat' dir='ltr'><strong>ejus</strong></span> <span class='ocrx_word' id='word_1_386' title='bbox 3003 2224 3088 2264; x_wconf 90' lang='lat' dir='ltr'><strong>me</strong></span> <span class='ocrx_word' id='word_1_387' title='bbox 3117 2227 3263 2265; x_wconf 91' lang='lat' dir='ltr'><strong>nunc</strong></span> <span class='ocrx_word' id='word_1_388' title='bbox 3280 2213 3565 2276; x_wconf 84' lang='lat' dir='ltr'><strong>bonitates.</strong></span> 
     </span>
    </p>
   </div>
   <div class='ocr_carea' id='block_1_70' title="bbox 2274 2299 3433 2378">
    <p class='ocr_par' dir='ltr' id='par_1_70' title="bbox 2274 2299 3433 2378">
     <span class='ocr_line' id='line_1_70' title="bbox 2274 2299 3433 2378; baseline 0.003 -26"><span class='ocrx_word' id='word_1_389' title='bbox 2274 2299 2453 2378; x_wconf 83' lang='lat' dir='ltr'><strong>Atque</strong></span> <span class='ocrx_word' id='word_1_390' title='bbox 2485 2300 2767 2354; x_wconf 86' lang='lat' dir='ltr'><strong>facultates</strong></span> <span class='ocrx_word' id='word_1_391' title='bbox 2792 2300 3121 2378; x_wconf 87' lang='lat' dir='ltr'><strong>causidicum</strong></span> <span class='ocrx_word' id='word_1_392' title='bbox 3159 2313 3433 2372; x_wconf 89' lang='lat' dir='ltr'><strong>superant.</strong></span> 
     </span>
    </p>
   </div>
   <div class='ocr_carea' id='block_1_71' title="bbox 2206 2376 3501 2463">
    <p class='ocr_par' dir='ltr' id='par_1_71' title="bbox 2206 2376 3501 2463">
     <span class='ocr_line' id='line_1_71' title="bbox 2206 2376 3501 2463; baseline 0.004 -19"><span class='ocrx_word' id='word_1_393' title='bbox 2206 2376 2497 2447; x_wconf 78' lang='lat' dir='ltr'><strong>Permanet</strong></span> <span class='ocrx_word' id='word_1_394' title='bbox 2524 2393 2779 2447; x_wconf 88' lang='lat' dir='ltr'><strong>imlicium</strong></span> <span class='ocrx_word' id='word_1_395' title='bbox 2809 2392 2951 2446; x_wconf 90' lang='lat' dir='ltr'><strong>illius</strong></span> <span class='ocrx_word' id='word_1_396' title='bbox 2980 2376 3164 2447; x_wconf 84' lang='lat' dir='ltr'><strong>verum</strong></span> <span class='ocrx_word' id='word_1_397' title='bbox 3194 2394 3501 2463; x_wconf 86' lang='lat' dir='ltr'><strong>probitatis,</strong></span> 
     </span>
    </p>
   </div>
   <div class='ocr_carea' id='block_1_72' title="bbox 2279 2478 3633 2555">
    <p class='ocr_par' dir='ltr' id='par_1_72' title="bbox 2279 2478 3633 2555">
     <span class='ocr_line' id='line_1_72' title="bbox 2279 2478 3633 2555; baseline 0.001 -18"><span class='ocrx_word' id='word_1_398' title='bbox 2279 2478 2444 2553; x_wconf 81' lang='lat' dir='ltr'><strong>Signa</strong></span> <span class='ocrx_word' id='word_1_399' title='bbox 2470 2494 2525 2538; x_wconf 89' lang='lat' dir='ltr'><strong>et</strong></span> <span class='ocrx_word' id='word_1_400' title='bbox 2551 2484 2727 2539; x_wconf 88' lang='lat' dir='ltr'><strong>adhuc</strong></span> <span class='ocrx_word' id='word_1_401' title='bbox 2755 2483 2993 2550; x_wconf 90' lang='lat' dir='ltr'><strong>rutilant,</strong></span> <span class='ocrx_word' id='word_1_402' title='bbox 3038 2493 3321 2555; x_wconf 80' lang='lat' dir='ltr'><strong>permanet</strong></span> <span class='ocrx_word' id='word_1_403' title='bbox 3360 2485 3633 2540; x_wconf 88' lang='lat' dir='ltr'><strong>indicium.</strong></span> 
     </span>
    </p>
   </div>
   <div class='ocr_carea' id='block_1_73' title="bbox 2209 2570 3638 2646">
    <p class='ocr_par' dir='ltr' id='par_1_73' title="bbox 2209 2570 3638 2646">
     <span class='ocr_line' id='line_1_73' title="bbox 2209 2570 3638 2646; baseline 0.002 -19"><span class='ocrx_word' id='word_1_404' title='bbox 2209 2571 2453 2642; x_wconf 67' lang='lat' dir='ltr'><strong>Amplius</strong></span> <span class='ocrx_word' id='word_1_405' title='bbox 2477 2574 2723 2645; x_wconf 87' lang='lat' dir='ltr'><strong>eloquar,</strong></span> <span class='ocrx_word' id='word_1_406' title='bbox 2750 2591 2817 2628; x_wconf 91' lang='lat' dir='ltr'><strong>an</strong></span> <span class='ocrx_word' id='word_1_407' title='bbox 2840 2575 3027 2628; x_wconf 86' lang='lat' dir='ltr'><strong>sileam</strong></span> <span class='ocrx_word' id='word_1_408' title='bbox 3051 2574 3175 2646; x_wconf 66' lang='lat' dir='ltr'><strong>qua:</strong></span> <span class='ocrx_word' id='word_1_409' title='bbox 3195 2588 3345 2645; x_wconf 86' lang='lat' dir='ltr'><strong>gesta</strong></span> <span class='ocrx_word' id='word_1_410' title='bbox 3375 2570 3638 2641; x_wconf 60' lang='lat' dir='ltr'><strong>ridentur,</strong></span> 
     </span>
    </p>
   </div>
   <div class='ocr_carea' id='block_1_74' title="bbox 2280 2663 3448 2736">
    <p class='ocr_par' dir='ltr' id='par_1_74' title="bbox 2280 2663 3448 2736">
     <span class='ocr_line' id='line_1_74' title="bbox 2280 2663 3448 2736; baseline 0.003 -18"><span class='ocrx_word' id='word_1_411' title='bbox 2280 2663 2543 2735; x_wconf 74' lang='lat' dir='ltr'><strong>Tempore</strong></span> <span class='ocrx_word' id='word_1_412' title='bbox 2565 2676 2791 2723; x_wconf 77' lang='lat' dir='ltr'><strong>venturo</strong></span> <span class='ocrx_word' id='word_1_413' title='bbox 2816 2666 3058 2736; x_wconf 87' lang='lat' dir='ltr'><strong>eloquar,</strong></span> <span class='ocrx_word' id='word_1_414' title='bbox 3092 2678 3185 2722; x_wconf 87' lang='lat' dir='ltr'><strong>aut</strong></span> <span class='ocrx_word' id='word_1_415' title='bbox 3208 2669 3397 2722; x_wconf 88' lang='lat' dir='ltr'><strong>sileam</strong></span> <span class='ocrx_word' id='word_1_416' title='bbox 3422 2668 3448 2721; x_wconf 72' lang='grc'><strong><em>2</em></strong></span> 
     </span>
    </p>
   </div>
   <div class='ocr_carea' id='block_1_75' title="bbox 2211 2755 3608 2831">
    <p class='ocr_par' dir='ltr' id='par_1_75' title="bbox 2211 2755 3608 2831">
     <span class='ocr_line' id='line_1_75' title="bbox 2211 2755 3608 2831; baseline -0.001 -19"><span class='ocrx_word' id='word_1_417' title='bbox 2211 2755 2429 2812; x_wconf 81' lang='lat' dir='ltr'><strong>Garriet</strong></span> <span class='ocrx_word' id='word_1_418' title='bbox 2462 2772 2590 2812; x_wconf 88' lang='lat' dir='ltr'><strong>ecce</strong></span> <span class='ocrx_word' id='word_1_419' title='bbox 2617 2772 2768 2811; x_wconf 88' lang='lat' dir='ltr'><strong>meus</strong></span> <span class='ocrx_word' id='word_1_420' title='bbox 2786 2758 2986 2826; x_wconf 87' lang='lat' dir='ltr'><strong>poterit</strong></span> <span class='ocrx_word' id='word_1_421' title='bbox 3015 2773 3350 2826; x_wconf 68' lang='lat' dir='ltr'><strong>qumcuuque</strong></span> <span class='ocrx_word' id='word_1_422' title='bbox 3383 2756 3608 2831; x_wconf 76' lang='lat' dir='ltr'><strong>relatus,</strong></span> 
     </span>
    </p>
   </div>
   <div class='ocr_carea' id='block_1_76' title="bbox 2280 2838 3753 2919">
    <p class='ocr_par' dir='ltr' id='par_1_76' title="bbox 2280 2838 3753 2919">
     <span class='ocr_line' id='line_1_76' title="bbox 2280 2838 3753 2919; baseline 0.002 -19"><span class='ocrx_word' id='word_1_423' title='bbox 2280 2838 2671 2918; x_wconf 78' lang='lat' dir='ltr'><strong>&#39;l&#39;raetattisque</strong></span> <span class='ocrx_word' id='word_1_424' title='bbox 2694 2848 2854 2903; x_wconf 88' lang='lat' dir='ltr'><strong>simul</strong></span> <span class='ocrx_word' id='word_1_425' title='bbox 2883 2849 3083 2919; x_wconf 77' lang='lat' dir='ltr'><strong>garriet</strong></span> <span class='ocrx_word' id='word_1_426' title='bbox 3110 2864 3235 2904; x_wconf 89' lang='lat' dir='ltr'><strong>ecce</strong></span> <span class='ocrx_word' id='word_1_427' title='bbox 3259 2864 3431 2905; x_wconf 86' lang='lat' dir='ltr'><strong>meus.</strong></span> <span class='ocrx_word' id='word_1_428' title='bbox 3748 2905 3753 2915; x_wconf 59' lang='grc'><em>,</em></span> 
     </span>
    </p>
   </div>
   <div class='ocr_carea' id='block_1_77' title="bbox 2212 2924 3706 3007">
    <p class='ocr_par' dir='ltr' id='par_1_77' title="bbox 2212 2924 3706 3007">
     <span class='ocr_line' id='line_1_77' title="bbox 2212 2924 3706 3007; baseline -0.001 -14"><span class='ocrx_word' id='word_1_429' title='bbox 2212 2937 2358 2993; x_wconf 77' lang='lat' dir='ltr'><strong>Voce</strong></span> <span class='ocrx_word' id='word_1_430' title='bbox 2387 2924 2559 2995; x_wconf 72' lang='lat' dir='ltr'><strong>boabo</strong></span> <span class='ocrx_word' id='word_1_431' title='bbox 2588 2932 2844 3007; x_wconf 80' lang='lat' dir='ltr'><strong>fremens,</strong></span> <span class='ocrx_word' id='word_1_432' title='bbox 2877 2942 3176 2995; x_wconf 85' lang='lat' dir='ltr'><strong>vehementi</strong></span> <span class='ocrx_word' id='word_1_433' title='bbox 3202 2942 3366 3001; x_wconf 85' lang='lat' dir='ltr'><strong>corde</strong></span> <span class='ocrx_word' id='word_1_434' title='bbox 3391 2949 3706 3003; x_wconf 79' lang='lat' dir='ltr'><strong>retractans,</strong></span> 
     </span>
    </p>
   </div>
   <div class='ocr_carea' id='block_1_78' title="bbox 2137 3010 3478 3103">
    <p class='ocr_par' dir='ltr' id='par_1_78' title="bbox 2137 3010 3478 3103">
     <span class='ocr_line' id='line_1_78' title="bbox 2137 3010 3478 3103; baseline -0.004 -13"><span class='ocrx_word' id='word_1_435' title='bbox 2137 3010 2211 3097; x_wconf 62' lang='grc' dir='ltr'>ε,</span> <span class='ocrx_word' id='word_1_436' title='bbox 2285 3034 2415 3099; x_wconf 77' lang='lat' dir='ltr'><strong>Qua:</strong></span> <span class='ocrx_word' id='word_1_437' title='bbox 2442 3033 2622 3087; x_wconf 87' lang='lat' dir='ltr'><strong>retulit</strong></span> <span class='ocrx_word' id='word_1_438' title='bbox 2649 3033 2835 3103; x_wconf 73' lang='lat' dir='ltr'><strong>vivens</strong></span> <span class='ocrx_word' id='word_1_439' title='bbox 2873 3048 3002 3091; x_wconf 79' lang='lat' dir='ltr'><strong>voce</strong></span> <span class='ocrx_word' id='word_1_440' title='bbox 3024 3032 3199 3089; x_wconf 84' lang='lat' dir='ltr'><strong>boabo</strong></span> <span class='ocrx_word' id='word_1_441' title='bbox 3218 3032 3478 3088; x_wconf 89' lang='lat' dir='ltr'><strong>fremens.</strong></span> 
     </span>
    </p>
   </div>
   <div class='ocr_carea' id='block_1_79' title="bbox 2203 3109 3626 3205">
    <p class='ocr_par' dir='ltr' id='par_1_79' title="bbox 2203 3109 3626 3205">
     <span class='ocr_line' id='line_1_79' title="bbox 2203 3109 3626 3205; baseline -0.001 -27"><span class='ocrx_word' id='word_1_442' title='bbox 2203 3109 2256 3178; x_wconf 65' lang='grc'><strong>’0</strong></span> <span class='ocrx_word' id='word_1_443' title='bbox 2295 3113 2623 3205; x_wconf 77' lang='lat' dir='ltr'><strong>venerande,</strong></span> <span class='ocrx_word' id='word_1_444' title='bbox 2647 3128 2753 3195; x_wconf 86' lang='lat' dir='ltr'><strong>pie,</strong></span> <span class='ocrx_word' id='word_1_445' title='bbox 2785 3126 3084 3205; x_wconf 79' lang='lat' dir='ltr'><strong>recolende.</strong></span> <span class='ocrx_word' id='word_1_446' title='bbox 3116 3126 3346 3181; x_wconf 72' lang='lat' dir='ltr'><strong>verende</strong></span> <span class='ocrx_word' id='word_1_447' title='bbox 3372 3134 3626 3195; x_wconf 77' lang='lat' dir='ltr'><strong>patrone,</strong></span> 
     </span>
    </p>
   </div>
   <div class='ocr_carea' id='block_1_80' title="bbox 2279 3200 3713 3293">
    <p class='ocr_par' dir='ltr' id='par_1_80' title="bbox 2279 3200 3713 3293">
     <span class='ocr_line' id='line_1_80' title="bbox 2279 3200 3713 3293; baseline 0.003 -28"><span class='ocrx_word' id='word_1_448' title='bbox 2279 3212 2482 3267; x_wconf 84' lang='lat' dir='ltr'><strong>Praesul</strong></span> <span class='ocrx_word' id='word_1_449' title='bbox 2519 3200 2794 3280; x_wconf 80' lang='lat' dir='ltr'><strong>ltotherte,</strong></span> <span class='ocrx_word' id='word_1_450' title='bbox 2818 3200 3155 3271; x_wconf 80' lang='lat' dir='ltr'><strong>orecoleude</strong></span> <span class='ocrx_word' id='word_1_451' title='bbox 3178 3216 3284 3285; x_wconf 90' lang='lat' dir='ltr'><strong>pic.</strong></span> <span class='ocrx_word' id='word_1_452' title='bbox 3358 3268 3361 3273; x_wconf 69' lang='grc'>,</span> <span class='ocrx_word' id='word_1_453' title='bbox 3434 3288 3443 3293; x_wconf 30' lang='lat'><em>.</em></span> <span class='ocrx_word' id='word_1_454' title='bbox 3702 3286 3713 3290; x_wconf 33' lang='lat'><strong>-</strong></span> 
     </span>
    </p>
   </div>
   <div class='ocr_carea' id='block_1_81' title="bbox 2207 3304 3735 3376">
    <p class='ocr_par' dir='ltr' id='par_1_81' title="bbox 2207 3304 3735 3376">
     <span class='ocr_line' id='line_1_81' title="bbox 2207 3304 3735 3376; baseline -0.002 -16"><span class='ocrx_word' id='word_1_455' title='bbox 2207 3304 2555 3361; x_wconf 84' lang='lat' dir='ltr'><strong>limuemores</strong></span> <span class='ocrx_word' id='word_1_456' title='bbox 2580 3307 2749 3374; x_wconf 85' lang='lat' dir='ltr'><strong>patris</strong></span> <span class='ocrx_word' id='word_1_457' title='bbox 2768 3316 2823 3360; x_wconf 91' lang='lat' dir='ltr'><strong>et</strong></span> <span class='ocrx_word' id='word_1_458' title='bbox 2854 3321 3121 3361; x_wconf 88' lang='lat' dir='ltr'><strong>memores</strong></span> <span class='ocrx_word' id='word_1_459' title='bbox 3148 3315 3395 3361; x_wconf 84' lang='lat' dir='ltr'><strong>scrutare</strong></span> <span class='ocrx_word' id='word_1_460' title='bbox 3426 3305 3735 3376; x_wconf 85' lang='lat' dir='ltr'><strong>triumphos.</strong></span> 
     </span>
    </p>
   </div>
   <div class='ocr_carea' id='block_1_82' title="bbox 2277 3382 3412 3469">
    <p class='ocr_par' dir='ltr' id='par_1_82' title="bbox 2277 3382 3412 3469">
     <span class='ocr_line' id='line_1_82' title="bbox 2277 3382 3412 3469; baseline 0.002 -20"><span class='ocrx_word' id='word_1_461' title='bbox 2277 3382 2447 3450; x_wconf 56' lang='lat' dir='ltr'><strong>A&#39;ctus</strong></span> <span class='ocrx_word' id='word_1_462' title='bbox 2475 3398 2728 3468; x_wconf 87' lang='lat' dir='ltr'><strong>perquire</strong></span> <span class='ocrx_word' id='word_1_463' title='bbox 2752 3382 3201 3469; x_wconf 85' lang='lat' dir='ltr'><strong>immemoresque</strong></span> <span class='ocrx_word' id='word_1_464' title='bbox 3222 3397 3412 3469; x_wconf 80' lang='lat' dir='ltr'><strong>patris.</strong></span> 
     </span>
    </p>
   </div>
   <div class='ocr_carea' id='block_1_83' title="bbox 2209 3472 3540 3565">
    <p class='ocr_par' dir='ltr' id='par_1_83' title="bbox 2209 3472 3540 3565">
     <span class='ocr_line' id='line_1_83' title="bbox 2209 3472 3540 3565; baseline 0 -21"><span class='ocrx_word' id='word_1_465' title='bbox 2209 3472 2591 3558; x_wconf 77' lang='lat' dir='ltr'><strong>Exhibeasque</strong></span> <span class='ocrx_word' id='word_1_466' title='bbox 2610 3492 2781 3559; x_wconf 89' lang='lat' dir='ltr'><strong>patris</strong></span> <span class='ocrx_word' id='word_1_467' title='bbox 2814 3490 2971 3544; x_wconf 86' lang='lat' dir='ltr'><strong>dictis</strong></span> <span class='ocrx_word' id='word_1_468' title='bbox 2994 3497 3159 3544; x_wconf 90' lang='lat' dir='ltr'><strong>temet</strong></span> <span class='ocrx_word' id='word_1_469' title='bbox 3187 3490 3501 3546; x_wconf 77' lang='lat' dir='ltr'><strong>reverendis</strong></span> <span class='ocrx_word' id='word_1_470' title='bbox 3524 3530 3540 3565; x_wconf 59' lang='grc' dir='ltr'><strong>ρ</strong></span> 
     </span>
    </p>
   </div>
   <div class='ocr_carea' id='block_1_84' title="bbox 2284 3570 3421 3650">
    <p class='ocr_par' dir='ltr' id='par_1_84' title="bbox 2284 3570 3421 3650">
     <span class='ocr_line' id='line_1_84' title="bbox 2284 3570 3421 3650; baseline 0.001 -17"><span class='ocrx_word' id='word_1_471' title='bbox 2284 3570 2541 3634; x_wconf 73' lang='lat' dir='ltr'><strong>Factiste</strong></span> <span class='ocrx_word' id='word_1_472' title='bbox 2562 3580 2843 3650; x_wconf 88' lang='lat' dir='ltr'><strong>speculans</strong></span> <span class='ocrx_word' id='word_1_473' title='bbox 2871 3580 3236 3650; x_wconf 36' lang='lat' dir='ltr'><strong>exhibea‘squc</strong></span> <span class='ocrx_word' id='word_1_474' title='bbox 3259 3582 3421 3650; x_wconf 85' lang='lat' dir='ltr'><strong>patri.</strong></span> 
     </span>
    </p>
   </div>
   <div class='ocr_carea' id='block_1_85' title="bbox 2186 3660 3377 3741">
    <p class='ocr_par' dir='ltr' id='par_1_85' title="bbox 2186 3660 3377 3741">
     <span class='ocr_line' id='line_1_85' title="bbox 2186 3660 3377 3741; baseline 0.001 -16"><span class='ocrx_word' id='word_1_475' title='bbox 2186 3660 2507 3726; x_wconf 50' lang='lat' dir='ltr'><strong>°Suliveniat</strong></span> <span class='ocrx_word' id='word_1_476' title='bbox 2523 3672 2724 3741; x_wconf 78' lang='lat' dir='ltr'><strong>pigiter</strong></span> <span class='ocrx_word' id='word_1_477' title='bbox 2743 3660 2980 3740; x_wconf 48' lang='lat' dir='ltr'><strong>praisens</strong></span> <span class='ocrx_word' id='word_1_478' title='bbox 3007 3675 3181 3725; x_wconf 88' lang='lat' dir='ltr'><strong>oratio</strong></span> <span class='ocrx_word' id='word_1_479' title='bbox 3206 3671 3377 3741; x_wconf 88' lang='lat' dir='ltr'><strong>patris</strong></span> 
     </span>
    </p>
   </div>
   <div class='ocr_carea' id='block_1_86' title="bbox 2281 3762 3379 3835">
    <p class='ocr_par' dir='ltr' id='par_1_86' title="bbox 2281 3762 3379 3835">
     <span class='ocr_line' id='line_1_86' title="bbox 2281 3762 3379 3835; baseline 0 -18"><span class='ocrx_word' id='word_1_480' title='bbox 2281 3762 2524 3832; x_wconf 81' lang='lat' dir='ltr'><strong>Votaque</strong></span> <span class='ocrx_word' id='word_1_481' title='bbox 2546 3764 2799 3817; x_wconf 89' lang='lat' dir='ltr'><strong>continua</strong></span> <span class='ocrx_word' id='word_1_482' title='bbox 2820 3762 3137 3817; x_wconf 77' lang='lat' dir='ltr'><strong>subveniunt</strong></span> <span class='ocrx_word' id='word_1_483' title='bbox 3155 3762 3379 3835; x_wconf 83' lang='lat' dir='ltr'><strong>jugiter.</strong></span> 
     </span>
    </p>
   </div>
   <div class='ocr_carea' id='block_1_87' title="bbox 2210 3849 3542 3922">
    <p class='ocr_par' dir='ltr' id='par_1_87' title="bbox 2210 3849 3542 3922">
     <span class='ocr_line' id='line_1_87' title="bbox 2210 3849 3542 3922; baseline -0.002 -14"><span class='ocrx_word' id='word_1_484' title='bbox 2210 3849 2255 3908; x_wconf 91' lang='grc' dir='ltr'><strong>Ο</strong></span> <span class='ocrx_word' id='word_1_485' title='bbox 2277 3854 2481 3907; x_wconf 91' lang='lat' dir='ltr'><strong>utinam</strong></span> <span class='ocrx_word' id='word_1_486' title='bbox 2512 3854 2713 3917; x_wconf 68' lang='lat' dir='ltr'><strong>valeas,</strong></span> <span class='ocrx_word' id='word_1_487' title='bbox 2744 3853 2949 3921; x_wconf 73' lang='lat' dir='ltr'><strong>vigeas,</strong></span> <span class='ocrx_word' id='word_1_488' title='bbox 2981 3869 3077 3921; x_wconf 88' lang='lat' dir='ltr'><strong>per</strong></span> <span class='ocrx_word' id='word_1_489' title='bbox 3099 3853 3240 3907; x_wconf 85' lang='lat' dir='ltr'><strong>secla</strong></span> <span class='ocrx_word' id='word_1_490' title='bbox 3271 3863 3542 3922; x_wconf 82' lang='lat' dir='ltr'><strong>potenter,</strong></span> 
     </span>
    </p>
   </div>
   <div class='ocr_carea' id='block_1_88' title="bbox 2285 3936 3474 4012">
    <p class='ocr_par' dir='ltr' id='par_1_88' title="bbox 2285 3936 3474 4012">
     <span class='ocr_line' id='line_1_88' title="bbox 2285 3936 3474 4012; baseline -0.002 -14"><span class='ocrx_word' id='word_1_491' title='bbox 2285 3944 2422 3999; x_wconf 78' lang='lat' dir='ltr'><strong>Cum</strong></span> <span class='ocrx_word' id='word_1_492' title='bbox 2452 3936 2668 3998; x_wconf 85' lang='lat' dir='ltr'><strong>Christo</strong></span> <span class='ocrx_word' id='word_1_493' title='bbox 2690 3957 2944 4011; x_wconf 85' lang='lat' dir='ltr'><strong>regnans,</strong></span> <span class='ocrx_word' id='word_1_494' title='bbox 2969 3957 3002 3997; x_wconf 95' lang='lat' dir='ltr'><strong>o</strong></span> <span class='ocrx_word' id='word_1_495' title='bbox 3026 3942 3229 3996; x_wconf 88' lang='lat' dir='ltr'><strong>utinam</strong></span> <span class='ocrx_word' id='word_1_496' title='bbox 3257 3945 3474 4012; x_wconf 69' lang='lat' dir='ltr'><strong>vigeas!</strong></span> 
     </span>
    </p>
   </div>
   <div class='ocr_carea' id='block_1_89' title="bbox 2211 4028 3503 4102">
    <p class='ocr_par' dir='ltr' id='par_1_89' title="bbox 2211 4028 3503 4102">
     <span class='ocr_line' id='line_1_89' title="bbox 2211 4028 3503 4102; baseline -0.002 -12"><span class='ocrx_word' id='word_1_497' title='bbox 2211 4034 2377 4090; x_wconf 81' lang='lat' dir='ltr'><strong>Elisio</strong></span> <span class='ocrx_word' id='word_1_498' title='bbox 2401 4049 2622 4088; x_wconf 84' lang='lat' dir='ltr'><strong>maneas</strong></span> <span class='ocrx_word' id='word_1_499' title='bbox 2640 4028 2831 4101; x_wconf 84' lang='lat' dir='ltr'><strong>campo</strong></span> <span class='ocrx_word' id='word_1_500' title='bbox 2858 4042 3010 4102; x_wconf 88' lang='lat' dir='ltr'><strong>patre</strong></span> <span class='ocrx_word' id='word_1_501' title='bbox 3032 4046 3151 4086; x_wconf 87' lang='lat' dir='ltr'><strong>cum</strong></span> <span class='ocrx_word' id='word_1_502' title='bbox 3185 4035 3503 4098; x_wconf 78' lang='lat' dir='ltr'><strong>reverendu,</strong></span> 
     </span>
    </p>
   </div>
   <div class='ocr_carea' id='block_1_90' title="bbox 2283 4120 3204 4195">
    <p class='ocr_par' dir='ltr' id='par_1_90' title="bbox 2283 4120 3204 4195">
     <span class='ocr_line' id='line_1_90' title="bbox 2283 4120 3204 4195; baseline -0.001 -15"><span class='ocrx_word' id='word_1_503' title='bbox 2283 4125 2550 4195; x_wconf 81' lang='lat' dir='ltr'><strong>Empirea:</strong></span> <span class='ocrx_word' id='word_1_504' title='bbox 2568 4125 2758 4195; x_wconf 70' lang='lat' dir='ltr'><strong>patria:</strong></span> <span class='ocrx_word' id='word_1_505' title='bbox 2787 4120 2956 4179; x_wconf 83' lang='lat' dir='ltr'><strong>Elisio</strong></span> <span class='ocrx_word' id='word_1_506' title='bbox 2981 4139 3204 4179; x_wconf 88' lang='lat' dir='ltr'><strong>maneas</strong></span> 
     </span>
    </p>
   </div>
   <div class='ocr_carea' id='block_1_91' title="bbox 1070 4299 3269 4370">
    <p class='ocr_par' dir='ltr' id='par_1_91' title="bbox 1070 4299 3269 4370">
     <span class='ocr_line' id='line_1_91' title="bbox 1070 4299 3269 4370; baseline -0.004 -8"><span class='ocrx_word' id='word_1_507' title='bbox 1070 4307 1374 4364; x_wconf 58' lang='lat' dir='ltr'><strong>NERSUS</strong></span> <span class='ocrx_word' id='word_1_508' title='bbox 1432 4310 1524 4364; x_wconf 79' lang='lat' dir='ltr'><strong>AD</strong></span> <span class='ocrx_word' id='word_1_509' title='bbox 1552 4310 1859 4368; x_wconf 81' lang='lat' dir='ltr'><strong>COMITEM</strong></span> <span class='ocrx_word' id='word_1_510' title='bbox 1885 4311 2267 4370; x_wconf 76' lang='lat' dir='ltr'><strong>RODULFUM</strong></span> <span class='ocrx_word' id='word_1_511' title='bbox 2303 4307 2522 4365; x_wconf 67' lang='lat' dir='ltr'><strong>HUIUS</strong></span> <span class='ocrx_word' id='word_1_512' title='bbox 2548 4300 2791 4361; x_wconf 77' lang='lat' dir='ltr'><strong>OI’ERIS</strong></span> <span class='ocrx_word' id='word_1_513' title='bbox 2819 4299 3269 4356; x_wconf 77' lang='lat' dir='ltr'><strong>RELATOREM.</strong></span> 
     </span>
    </p>
   </div>
   <div class='ocr_carea' id='block_1_92' title="bbox 531 4400 1755 4477">
    <p class='ocr_par' dir='ltr' id='par_1_92' title="bbox 531 4400 1755 4477">
     <span class='ocr_line' id='line_1_92' title="bbox 531 4400 1755 4477; baseline 0.004 -23"><span class='ocrx_word' id='word_1_514' title='bbox 531 4400 719 4454; x_wconf 68' lang='lat' dir='ltr'><strong>Virtus</strong></span> <span class='ocrx_word' id='word_1_515' title='bbox 738 4408 794 4456; x_wconf 84' lang='lat' dir='ltr'><strong>et</strong></span> <span class='ocrx_word' id='word_1_516' title='bbox 825 4415 1017 4456; x_wconf 88' lang='lat' dir='ltr'><strong>nomen</strong></span> <span class='ocrx_word' id='word_1_517' title='bbox 1041 4400 1254 4469; x_wconf 77' lang='lat' dir='ltr'><strong>volgata</strong></span> <span class='ocrx_word' id='word_1_518' title='bbox 1284 4404 1521 4471; x_wconf 66' lang='lat' dir='ltr'><strong>potentia</strong></span> <span class='ocrx_word' id='word_1_519' title='bbox 1555 4406 1755 4477; x_wconf 80' lang='lat' dir='ltr'><strong>passim</strong></span> 
     </span>
    </p>
   </div>
   <div class='ocr_carea' id='block_1_93' title="bbox 532 4492 1859 4571">
    <p class='ocr_par' dir='ltr' id='par_1_93' title="bbox 532 4492 1859 4571">
     <span class='ocr_line' id='line_1_93' title="bbox 532 4492 1859 4571; baseline 0.005 -24"><span class='ocrx_word' id='word_1_520' title='bbox 532 4493 893 4571; x_wconf 74' lang='lat' dir='ltr'><strong>Flatnmigcro</strong></span> <span class='ocrx_word' id='word_1_521' title='bbox 917 4493 1065 4564; x_wconf 82' lang='lat' dir='ltr'><strong>regni</strong></span> <span class='ocrx_word' id='word_1_522' title='bbox 1088 4492 1414 4567; x_wconf 14' lang='lat' dir='ltr'><strong>‘substraetis</strong></span> <span class='ocrx_word' id='word_1_523' title='bbox 1434 4498 1601 4551; x_wconf 72' lang='lat' dir='ltr'><strong>creiit</strong></span> <span class='ocrx_word' id='word_1_524' title='bbox 1624 4498 1677 4552; x_wconf 93' lang='lat' dir='ltr'><strong>iu</strong></span> <span class='ocrx_word' id='word_1_525' title='bbox 1708 4497 1859 4563; x_wconf 85' lang='lat' dir='ltr'><strong>orbe,</strong></span> 
     </span>
    </p>
   </div>
   <div class='ocr_carea' id='block_1_94' title="bbox 533 4582 1793 4659">
    <p class='ocr_par' dir='ltr' id='par_1_94' title="bbox 533 4582 1793 4659">
     <span class='ocr_line' id='line_1_94' title="bbox 533 4582 1793 4659; baseline 0.001 -20"><span class='ocrx_word' id='word_1_526' title='bbox 533 4582 998 4659; x_wconf 52' lang='lat' dir='ltr'><strong>Cedanfeouvicti</strong></span> <span class='ocrx_word' id='word_1_527' title='bbox 1030 4584 1242 4638; x_wconf 81' lang='lat' dir='ltr'><strong>comitis</strong></span> <span class='ocrx_word' id='word_1_528' title='bbox 1269 4585 1538 4653; x_wconf 87' lang='lat' dir='ltr'><strong>probitate</strong></span> <span class='ocrx_word' id='word_1_529' title='bbox 1564 4586 1793 4641; x_wconf 77' lang='lat' dir='ltr'><strong>Rodulli.</strong></span> 
     </span>
    </p>
   </div>
   <div class='ocr_carea' id='block_1_95' title="bbox 534 4670 1673 4743">
    <p class='ocr_par' dir='ltr' id='par_1_95' title="bbox 534 4670 1673 4743">
     <span class='ocr_line' id='line_1_95' title="bbox 534 4670 1673 4743; baseline 0.002 -13"><span class='ocrx_word' id='word_1_530' title='bbox 534 4676 641 4730; x_wconf 83' lang='lat' dir='ltr'><strong>illis</strong></span> <span class='ocrx_word' id='word_1_531' title='bbox 662 4670 968 4731; x_wconf 84' lang='lat' dir='ltr'><strong>consulibus</strong></span> <span class='ocrx_word' id='word_1_532' title='bbox 998 4674 1273 4731; x_wconf 78' lang='lat' dir='ltr'><strong>Romanus</strong></span> <span class='ocrx_word' id='word_1_533' title='bbox 1292 4676 1477 4730; x_wconf 88' lang='lat' dir='ltr'><strong>calluit</strong></span> <span class='ocrx_word' id='word_1_534' title='bbox 1506 4680 1673 4743; x_wconf 87' lang='lat' dir='ltr'><strong>orbis,</strong></span> 
     </span>
    </p>
   </div>
   <div class='ocr_carea' id='block_1_96' title="bbox 534 4762 2034 4839">
    <p class='ocr_par' dir='ltr' id='par_1_96' title="bbox 534 4762 2034 4839">
     <span class='ocr_line' id='line_1_96' title="bbox 534 4762 2034 4839; baseline 0.001 -20"><span class='ocrx_word' id='word_1_535' title='bbox 534 4765 688 4820; x_wconf 84' lang='lat' dir='ltr'><strong>Nunc</strong></span> <span class='ocrx_word' id='word_1_536' title='bbox 710 4762 1113 4839; x_wconf 83' lang='lat' dir='ltr'><strong>N..rtli_inanuus</strong></span> <span class='ocrx_word' id='word_1_537' title='bbox 1141 4782 1274 4837; x_wconf 81' lang='lat' dir='ltr'><strong>apex</strong></span> <span class='ocrx_word' id='word_1_538' title='bbox 1306 4764 1535 4822; x_wconf 41' lang='lat' dir='ltr'><strong>R’icsnm</strong></span> <span class='ocrx_word' id='word_1_539' title='bbox 1559 4769 1768 4823; x_wconf 89' lang='lat' dir='ltr'><strong>culmen</strong></span> <span class='ocrx_word' id='word_1_540' title='bbox 1793 4768 2034 4832; x_wconf 90' lang='lat' dir='ltr'><strong>honoris,</strong></span> 
     </span>
    </p>
   </div>
   <div class='ocr_carea' id='block_1_97' title="bbox 536 4857 1835 4931">
    <p class='ocr_par' dir='ltr' id='par_1_97' title="bbox 536 4857 1835 4931">
     <span class='ocr_line' id='line_1_97' title="bbox 536 4857 1835 4931; baseline 0.005 -22"><span class='ocrx_word' id='word_1_541' title='bbox 536 4857 725 4929; x_wconf 84' lang='lat' dir='ltr'><strong>Totins</strong></span> <span class='ocrx_word' id='word_1_542' title='bbox 746 4858 902 4931; x_wconf 67' lang='lat' dir='ltr'><strong>regni</strong></span> <span class='ocrx_word' id='word_1_543' title='bbox 929 4858 1117 4924; x_wconf 82' lang='lat' dir='ltr'><strong>virtus,</strong></span> <span class='ocrx_word' id='word_1_544' title='bbox 1144 4860 1305 4913; x_wconf 88' lang='lat' dir='ltr'><strong>decus</strong></span> <span class='ocrx_word' id='word_1_545' title='bbox 1337 4869 1497 4930; x_wconf 87' lang='lat' dir='ltr'><strong>atque</strong></span> <span class='ocrx_word' id='word_1_546' title='bbox 1535 4870 1800 4929; x_wconf 87' lang='lat' dir='ltr'><strong>potestas,</strong></span> <span class='ocrx_word' id='word_1_547' title='bbox 1831 4858 1835 4862; x_wconf 70' lang='grc'><em>’</em></span> 
     </span>
    </p>
   </div>
   <div class='ocr_carea' id='block_1_98' title="bbox 540 4943 1905 4992">
    <p class='ocr_par' dir='ltr' id='par_1_98' title="bbox 540 4943 1905 4992">
     <span class='ocr_line' id='line_1_98' title="bbox 540 4943 1905 4992; baseline 0 0"><span class='ocrx_word' id='word_1_548' title='bbox 540 4943 777 4992; x_wconf 76' lang='lat' dir='ltr'><strong>Moribus</strong></span> <span class='ocrx_word' id='word_1_549' title='bbox 812 4949 866 4992; x_wconf 75' lang='grc' dir='ltr'>ιέι</span> <span class='ocrx_word' id='word_1_550' title='bbox 894 4947 1100 4992; x_wconf 63' lang='lat' dir='ltr'><strong>manli;</strong></span> <span class='ocrx_word' id='word_1_551' title='bbox 1124 4958 1333 4992; x_wconf 72' lang='lat' dir='ltr'><strong>manliis</strong></span> <span class='ocrx_word' id='word_1_552' title='bbox 1360 4947 1529 4992; x_wconf 80' lang='lat' dir='ltr'><strong>Rmml</strong></span> <span class='ocrx_word' id='word_1_553' title='bbox 1550 4965 1610 4992; x_wconf 69' lang='lat' dir='ltr'><strong>rw.</strong></span> <span class='ocrx_word' id='word_1_554' title='bbox 1639 4946 1905 4992; x_wconf 66' lang='lat' dir='ltr'><strong>lmninniu-</strong></span> 
     </span>
    </p>
   </div>
   <div class='ocr_carea' id='block_1_99' title="bbox 2213 4386 3755 4459">
    <p class='ocr_par' dir='ltr' id='par_1_99' title="bbox 2213 4386 3755 4459">
     <span class='ocr_line' id='line_1_99' title="bbox 2213 4386 3755 4459; baseline -0.01 0"><span class='ocrx_word' id='word_1_555' title='bbox 2213 4403 2304 4459; x_wconf 83' lang='lat' dir='ltr'><strong>Sol</strong></span> <span class='ocrx_word' id='word_1_556' title='bbox 2328 4401 2470 4457; x_wconf 76' lang='lat' dir='ltr'><strong>velut</strong></span> <span class='ocrx_word' id='word_1_557' title='bbox 2497 4400 2638 4452; x_wconf 91' lang='lat' dir='ltr'><strong>hunc</strong></span> <span class='ocrx_word' id='word_1_558' title='bbox 2666 4396 2944 4459; x_wconf 85' lang='lat' dir='ltr'><strong>mundum,</strong></span> <span class='ocrx_word' id='word_1_559' title='bbox 2962 4392 3172 4449; x_wconf 76' lang='lat' dir='ltr'><strong>refoves</strong></span> <span class='ocrx_word' id='word_1_560' title='bbox 3195 4393 3273 4447; x_wconf 89' lang='lat' dir='ltr'><strong>sic</strong></span> <span class='ocrx_word' id='word_1_561' title='bbox 3294 4390 3522 4448; x_wconf 86' lang='lat' dir='ltr'><strong>sirmate</strong></span> <span class='ocrx_word' id='word_1_562' title='bbox 3548 4386 3755 4447; x_wconf 70' lang='lat' dir='ltr'><strong>cunctos.</strong></span> 
     </span>
    </p>
   </div>
   <div class='ocr_carea' id='block_1_100' title="bbox 2213 4486 3610 4561">
    <p class='ocr_par' dir='ltr' id='par_1_100' title="bbox 2213 4486 3610 4561">
     <span class='ocr_line' id='line_1_100' title="bbox 2213 4486 3610 4561; baseline -0.008 -13"><span class='ocrx_word' id='word_1_563' title='bbox 2213 4491 2362 4548; x_wconf 80' lang='lat' dir='ltr'><strong>Nilus</strong></span> <span class='ocrx_word' id='word_1_564' title='bbox 2394 4502 2450 4545; x_wconf 91' lang='lat' dir='ltr'><strong>ut</strong></span> <span class='ocrx_word' id='word_1_565' title='bbox 2479 4488 2796 4561; x_wconf 66' lang='lat' dir='ltr'><strong>Egyptum,</strong></span> <span class='ocrx_word' id='word_1_566' title='bbox 2830 4490 3044 4543; x_wconf 84' lang='lat' dir='ltr'><strong>recrcas</strong></span> <span class='ocrx_word' id='word_1_567' title='bbox 3070 4486 3148 4543; x_wconf 89' lang='lat' dir='ltr'><strong>sic</strong></span> <span class='ocrx_word' id='word_1_568' title='bbox 3179 4486 3340 4539; x_wconf 86' lang='lat' dir='ltr'><strong>corda</strong></span> <span class='ocrx_word' id='word_1_569' title='bbox 3374 4494 3610 4539; x_wconf 89' lang='lat' dir='ltr'><strong>tuorum.</strong></span> 
     </span>
    </p>
   </div>
   <div class='ocr_carea' id='block_1_101' title="bbox 2216 4576 3621 4640">
    <p class='ocr_par' dir='ltr' id='par_1_101' title="bbox 2216 4576 3621 4640">
     <span class='ocr_line' id='line_1_101' title="bbox 2216 4576 3621 4640; baseline -0.008 0"><span class='ocrx_word' id='word_1_570' title='bbox 2216 4585 2291 4640; x_wconf 83' lang='lat' dir='ltr'><strong>Te</strong></span> <span class='ocrx_word' id='word_1_571' title='bbox 2319 4584 2478 4639; x_wconf 88' lang='lat' dir='ltr'><strong>tellus</strong></span> <span class='ocrx_word' id='word_1_572' title='bbox 2509 4583 2725 4635; x_wconf 88' lang='lat' dir='ltr'><strong>rutilum</strong></span> <span class='ocrx_word' id='word_1_573' title='bbox 2751 4578 2942 4633; x_wconf 89' lang='lat' dir='ltr'><strong>meruit</strong></span> <span class='ocrx_word' id='word_1_574' title='bbox 2976 4576 3395 4631; x_wconf 77' lang='lat' dir='ltr'><strong>Nortltmannica</strong></span> <span class='ocrx_word' id='word_1_575' title='bbox 3418 4576 3621 4631; x_wconf 83' lang='lat' dir='ltr'><strong>lumen.</strong></span> 
     </span>
    </p>
   </div>
   <div class='ocr_carea' id='block_1_102' title="bbox 2217 4666 3721 4745">
    <p class='ocr_par' dir='ltr' id='par_1_102' title="bbox 2217 4666 3721 4745">
     <span class='ocr_line' id='line_1_102' title="bbox 2217 4666 3721 4745; baseline -0.005 -16"><span class='ocrx_word' id='word_1_576' title='bbox 2217 4674 2481 4745; x_wconf 89' lang='lat' dir='ltr'><strong>Splendor</strong></span> <span class='ocrx_word' id='word_1_577' title='bbox 2505 4672 2702 4742; x_wconf 90' lang='lat' dir='ltr'><strong>ubique</strong></span> <span class='ocrx_word' id='word_1_578' title='bbox 2732 4670 2922 4734; x_wconf 84' lang='lat' dir='ltr'><strong>micas,</strong></span> <span class='ocrx_word' id='word_1_579' title='bbox 2946 4669 3034 4737; x_wconf 91' lang='lat' dir='ltr'><strong>qui</strong></span> <span class='ocrx_word' id='word_1_580' title='bbox 3066 4668 3247 4723; x_wconf 90' lang='lat' dir='ltr'><strong>cordis</strong></span> <span class='ocrx_word' id='word_1_581' title='bbox 3273 4666 3525 4737; x_wconf 86' lang='lat' dir='ltr'><strong>lampade</strong></span> <span class='ocrx_word' id='word_1_582' title='bbox 3553 4668 3721 4739; x_wconf 80' lang='lat' dir='ltr'><strong>fulges.</strong></span> 
     </span>
    </p>
   </div>
   <div class='ocr_carea' id='block_1_103' title="bbox 2212 4758 3660 4832">
    <p class='ocr_par' dir='ltr' id='par_1_103' title="bbox 2212 4758 3660 4832">
     <span class='ocr_line' id='line_1_103' title="bbox 2212 4758 3660 4832; baseline -0.006 -14"><span class='ocrx_word' id='word_1_583' title='bbox 2212 4763 2560 4832; x_wconf 80' lang='lat' dir='ltr'><strong>Alehipatres</strong></span> <span class='ocrx_word' id='word_1_584' title='bbox 2586 4759 2744 4830; x_wconf 86' lang='lat' dir='ltr'><strong>prisci</strong></span> <span class='ocrx_word' id='word_1_585' title='bbox 2770 4760 2992 4828; x_wconf 84' lang='lat' dir='ltr'><strong>pariter,</strong></span> <span class='ocrx_word' id='word_1_586' title='bbox 3017 4773 3375 4827; x_wconf 82' lang='lat' dir='ltr'><strong>proceresque</strong></span> <span class='ocrx_word' id='word_1_587' title='bbox 3397 4758 3660 4821; x_wconf 88' lang='lat' dir='ltr'><strong>moderni,</strong></span> 
     </span>
    </p>
   </div>
   <div class='ocr_carea' id='block_1_104' title="bbox 2216 4834 3743 4929">
    <p class='ocr_par' dir='ltr' id='par_1_104' title="bbox 2216 4834 3743 4929">
     <span class='ocr_line' id='line_1_104' title="bbox 2216 4834 3743 4929; baseline -0.003 -22"><span class='ocrx_word' id='word_1_588' title='bbox 2216 4854 2418 4929; x_wconf 81' lang='lat' dir='ltr'><strong>Scipio,</strong></span> <span class='ocrx_word' id='word_1_589' title='bbox 2442 4850 2852 4926; x_wconf 83' lang='lat' dir='ltr'><strong>Pompeiusque,</strong></span> <span class='ocrx_word' id='word_1_590' title='bbox 2876 4848 3009 4903; x_wconf 83' lang='lat' dir='ltr'><strong>Cato</strong></span> <span class='ocrx_word' id='word_1_591' title='bbox 3033 4848 3154 4918; x_wconf 91' lang='lat' dir='ltr'><strong>quis</strong></span> <span class='ocrx_word' id='word_1_592' title='bbox 3182 4848 3352 4917; x_wconf 84' lang='lat' dir='ltr'><strong>gloria</strong></span> <span class='ocrx_word' id='word_1_593' title='bbox 3383 4834 3613 4925; x_wconf 31' lang='lat' dir='ltr'><strong>Bonum,‘</strong></span> <span class='ocrx_word' id='word_1_594' title='bbox 3659 4853 3664 4858; x_wconf 82' lang='lat'>&#39;</span> <span class='ocrx_word' id='word_1_595' title='bbox 3738 4852 3743 4857; x_wconf 84' lang='grc'><em>’</em></span> 
     </span>
    </p>
   </div>
   <div class='ocr_carea' id='block_1_105' title="bbox 2200 4942 3756 4990">
    <p class='ocr_par' dir='ltr' id='par_1_105' title="bbox 2200 4942 3756 4990">
     <span class='ocr_line' id='line_1_105' title="bbox 2200 4942 3756 4990; baseline -0.001 0"><span class='ocrx_word' id='word_1_596' title='bbox 2200 4948 2553 4990; x_wconf 71' lang='lat' dir='ltr'><strong>‘llnmiilimnn</strong></span> <span class='ocrx_word' id='word_1_597' title='bbox 2572 4948 2757 4990; x_wconf 69' lang='grc' dir='ltr'>ιῗρριις-</span> <span class='ocrx_word' id='word_1_598' title='bbox 2774 4943 3053 4990; x_wconf 74' lang='lat' dir='ltr'><strong>inmeritum</strong></span> <span class='ocrx_word' id='word_1_599' title='bbox 3073 4942 3467 4988; x_wconf 68' lang='lat' dir='ltr'><strong>ilnminansmié</strong></span> <span class='ocrx_word' id='word_1_600' title='bbox 3485 4955 3756 4988; x_wconf 69' lang='lat' dir='ltr'><strong>coruscum.</strong></span> 
     </span>
    </p>
   </div>
  </div>
