3944 6382
143 333 234 414 im

1920 11 2654 18 Ἤν
2700 16 2922 19 *ἠέ

978 363 1068 418 ωε
1105 364 1348 418 GES'ns
1379 366 1806 418 l‘tUllMAiVNlAL
1847 357 2088 416 DUCUM
2123 358 2301 416 LIBRI
2334 353 2552 417 TRES.‘

1036 495 1202 550 ΙῙῈΜ
1253 497 1346 551 AD
1392 494 1773 552 RUBBRTUM
1813 484 2432 550 ARCHIEPISCOPUM.

147 659 156 668 Γ
203 601 400 659 Ρηεευι
421 603 712 674 praecipue,
745 613 907 674 atque
931 609 1259 675 venerande,

200 692 421 748 Culmen
449 695 799 765 magniﬁcum
830 695 1220 765 ecclesiarum,‘

200 783 452 840 Summus
474 795 657 840 noster
681 787 876 852 honor,
907 797 1091 842 noster
1115 797 1172 843 et
1198 789 1361 857 altor,

200 875 441 946 Lnxque,
467 877 682 948 insigne
709 879 903 946 decus,
926 879 1084 950 digna
1109 880 1360 952 salusque

199 968 372 1024 Nostri
395 979 586 1025 sancte
615 969 834 1040 gradus,
865 971 1072 1026 ordinis
1093 981 1282 1026 auctor
1309 989 1325 1028 :

197 1063 323 1131 Quae
359 1062 576 1133 digesta
602 1078 742 1128 tneo,
774 1063 1008 1134 suscipe,
1047 1079 1230 1119 sensu.

200 1155 363 1211 Sacra
398 1163 560 1226 tange
590 1170 749 1208 manu
783 1169 904 1224 qua:
931 1153 1047 1209 fero
1077 1154 1323 1224 supplex,

191 1246 512 1316 lntemptata
536 1245 665 1300 sciis
695 1245 710 1265 ‘
736 1246 1105 1315 grammaticae
1129 1246 1262 1301 artis
1295 1261 1311 1299 ;

197 1337 272 1390 Ac
292 1336 494 1389 rimare
522 1333 706 1405 legens
734 1347 962 1404 quaeque
985 1345 1226 1403 peracta,

197 1428 321 1495 Quae
349 1442 450 1482 nos
477 1428 652 1483 dulcis
675 1442 848 1494 amor,
880 1442 1118 1499 curaque
1142 1441 1354 1484 summa

197 1522 368 1576 Patris
387 1521 672 1590 praecipui,
700 1528 758 1576 et
775 1520 972 1586 dulcis,
994 1520 1144 1588 almi,

195 1613 364 1685 Magni
390 1612 636 1678 Patricii,
664 1620 720 1667 et
744 1612 1029 1668 reverendi

199 1704 413 1760 Ricardi
443 1703 679 1760 celebris
705 1704 822 1758 orbi
850 1702 1055 1758 labanti

195 1797 416 1852 Eterna
453 1796 653 1866 patria,
678 1793 798 1864 jure
822 1794 1083 1866 potentis,

198 1890 511 1958 Quanquam
541 1897 628 1943 sat
651 1887 910 1954 breviter,
941 1886 1178 1942 scribere
1194 1883 1342 1942 fecit.

198 1980 293 2048 Qui
316 1981 562 2037 bonitate
588 1978 774 2034 cluens
794 1987 850 2033 et
872 1977 1071 2049 pietate
1086 2015 1102 2044 ,

198 2069 549 2141 Simplicitate
578 2068 764 2124 valens
784 2077 842 2123 et
859 2066 1130 2138 probitate
1154 2103 1172 2135 ,

197 2160 420 2231 Fulgens
439 2159 648 2231 judicio
668 2157 1010 2228 justitiaque,

198 2251 371 2324 Regno
395 2252 732 2323 splendidior
756 2250 939 2306 ﬂoruit
964 2251 1087 2315 iSto,

201 2342 364 2414 Magni
393 2342 658 2400 Clotbarii
684 2351 926 2411 tempore
955 2341 1098 2411 regis

201 2439 541 2510 Hugonisque
573 2437 746 2502 ducis,
778 2443 965 2506 postea
997 2434 1138 2505 regis
1171 2450 1185 2488 :

199 2527 351 2597 Cujus
377 2528 544 2583 corde
565 2541 756 2598 sagax,
784 2535 1070 2594 menteque
1090 2524 1326 2593 prudens

201 2619 468 2690 Expensas
493 2633 762 2684 memora,
794 2616 1062 2686 factaque,
1093 2617 1256 2672 dicta.

201 2710 357 2766 Recte
375 2725 484 2780 quo
510 2709 691 2765 valeas
719 2707 1046 2778 aequiparari

201 2799 356 2871 Digne
382 2799 654 2856 consimili
674 2799 787 2870 jam
812 2799 1057 2854 bonitate

203 2889 322 2946 Tam
350 2892 511 2963 digno
533 2890 744 2956 comiti,
769 2898 989 2968 tamque
1015 2888 1236 2954 celebri,

203 2981 326 3037 Tam
348 2983 629 3054 justoquc,
657 2984 820 3049 bono,
853 2991 1068 3052 tantque
1094 2983 1356 3049 modesto,

205 3070 328 3131 Tam
349 3085 565 3143 sancto,
593 3076 702 3144 pio,
738 3083 954 3146 tamque
975 3075 1219 3140 colendo,

202 3170 340 3224 Juste
362 3183 467 3240 quo
495 3168 716 3232 fruitur,
747 3177 909 3237 atque
933 3167 1096 3236 potiri

202 3256 253 3313 lu
275 3270 464 3315 emtum
490 3274 748 3329 superum
779 3257 966 3328 ireque
993 3257 1203 3319 dexter,

119 3390 122 3392 ν
202 3349 374 3420 Agnus
396 3350 686 3406 candidulo
714 3348 912 3405 vellere
929 3347 1174 3418 pulcher,

206 3437 416 3496 Iunctus
435 3439 700 3497 coelicolis
722 3452 856 3510 pace
880 3436 1128 3508 perenni.

267 3527 596 3586 Pontiﬁcalis
620 3544 758 3599 apex
792 3536 847 3584 et
869 3527 1064 3594 honor,

205 3616 433 3676 Cultnine
458 3621 734 3693 praecipuo
762 3617 1024 3684 renitens,

1729 597 1785 657 Α
1878 609 2059 667 Gloria
2090 609 2405 680 pontiﬁcum
2438 608 2654 676 merita,

1873 702 2070 758 Pastor
2097 703 2276 773 opime
2297 702 2478 774 gregis
2506 703 2754 770 Domine,

1875 793 2105 848 Paciﬁca
2131 793 2330 864 pietate
2361 793 2567 858 calens,

1875 882 2076 939 Olliciis
2105 897 2363 954 generose
2387 884 2524 954 piis,

1876 973 2131 1029 Ecclesiae
2153 974 2382 1041 ordinis,
2414 983 2577 1045 atque
2601 976 2800 1046 gradus

1875 1055 2082 1142 Palma,
2109 1067 2398 1137 decusque,
2423 1067 2685 1138 ﬁdesque,
2715 1069 2886 1141 salus,

1874 1155 2317 1226 Christicolmqtte
2340 1165 2499 1228 caput
2524 1159 2728 1228 populi,

1877 1248 2163 1318 Egregium
2189 1248 2445 1302 auxilium
2470 1249 2682 1319 patriae,

1877 1339 1972 1396 Vir
1997 1340 2323 1405 venerande,
2356 1355 2513 1395 sacer
2533 1342 2764 1411 meritis,

1877 1429 2123 1500 Belligeri
2157 1430 2357 1501 egregii
2381 1432 2591 1502 proavi,

1877 1518 2134 1597 Martyrio
2165 1521 2416 1576 micantis
2443 1523 2550 1588 avi,

1876 1609 2168 1667 Prin-dulcis
2191 1613 2483 1683 eximiique
2507 1616 2700 1686 patris,

1873 1701 2092 1772 Ingenio
2112 1712 2348 1757 reserata
2380 1718 2501 1759 meo

1877 1789 2156 1847 Thematis
2184 1793 2372 1848 ordine
2399 1787 2634 1863 prosaici

1849 1880 2182 1952 -Stultilogo,
2207 1885 2529 1953 stolidoqne,
2558 1886 2774 1955 hebete,

1727 1951 1776 2012 Β
1871 1973 2065 2042 luscis,
2094 1951 2272 2045 inepta
2300 1951 2547 2048 videque,
2573 1994 2726 2050 cape.

1872 2065 2095 2121 Materie
2119 2064 2376 2121 ﬂuitanda
2408 2082 2531 2133 sua,

1872 2157 2080 2222 Dulcia,
2112 2158 2390 2226 muniﬁca,
2413 2168 2468 2214 et
2493 2160 2731 2230 stupida,

1871 2245 2116 2314 Famine,
2144 2250 2383 2305 veridico
2412 2250 2668 2321 alloquio,

1871 2336 2037 2393 Gesta
2065 2337 2266 2409 legens,
2302 2339 2609 2409 replicando
2633 2342 2749 2408 diu,

1873 2427 2004 2494 Quae
2029 2427 2169 2483 bona
2191 2429 2466 2498 repperies
2491 2445 2751 2486 memora.

1873 2521 2052 2593 Fruge
2079 2521 2356 2576 salutifera
2384 2531 2630 2594 segetum

1871 2612 2041 2669 Pasce
2065 2613 2413 2681 animumque
2445 2622 2615 2681 litum,
2639 2615 2724 2672 bis
2745 2616 2923 2686 epuli!

1875 2705 2094 2760 Talibus
2123 2705 2330 2760 instrue
2350 2721 2549 2776 corque
2578 2718 2749 2776 tuum,

1872 2795 2098 2850 Actibus
2125 2794 2415 2864 atquiparis
2441 2795 2625 2851 valeas

1874 2886 2109 2940 Currere
2137 2899 2260 2940 cum
2297 2885 2511 2941 seniore
2536 2887 2670 2951 viro,

1871 2976 2006 3031 Cum
2031 2985 2203 3046 patre,
2233 2991 2356 3030 cum
2382 2977 2623 3046 genitore
2651 2993 2829 3038 sacro.

1873 3069 2080 3135 Gloria,
2111 3068 2241 3133 vita,
2268 3067 2438 3133 salus,
2470 3069 2732 3140 probitas,

1877 3159 2097 3230 Sospite
2118 3173 2362 3229 corpore,
2393 3161 2521 3230 quin
2551 3163 2734 3220 animo

1878 3253 2061 3323 Longa
2093 3267 2192 3322 per
2218 3253 2559 3309 innumerum
2585 3256 2679 3312 tibi
2707 3258 2800 3314 sit.

1875 3344 2110 3414 Postque
2136 3343 2286 3398 necis
2309 3343 2534 3415 lugubre
2561 3347 2835 3406 excidium

1874 3437 2039 3492 Elisia
2065 3435 2239 3504 patria
2266 3435 2449 3506 vigeas

1875 3527 2220 3600 l'articipans
2245 3535 2492 3589 ΘΗΩΘΗΝ
2515 3539 2898 3594 ΩΥΡΔΝΥΚΔΙ.

146 3729 324 3786 Pratsul
346 3735 596 3806 amande,

149 3825 206 3880 Et
225 3833 508 3886 reverende

149 3915 206 3970 Et
225 3919 516 3988 recolende,

149 4010 300 4079 Atque
321 4013 629 4079 tremende;

150 4098 332 4159 Onoma
355 4107 506 4175 cujus
549 4121 552 4124 '

151 4189 247 4248 Hoc
274 4210 480 4268 quoque
508 4205 744 4253 metrum

150 4280 250 4340 Non
274 4288 410 4358 capit
433 4304 686 4361 usquam,

151 4375 252 4454 Nisi
273 4383 544 4460 redempta

153 4466 334 4528 Littera
362 4476 500 4532 desit

152 4556 474 4623 Sliriﬁcarum

153 4651 523 4730 Prosapiarum.

151 4745 294 4806 Gesta
314 4761 528 4812 tuorum

155 4835 355 4913 Suscipe
380 4857 616 4916 patrum.

153 4922 328 4999 Patris,
356 4937 566 5007 avique,

156 5020 241 5080 Sat
269 5027 517 5090 bonitatis

155 5109 280 5172 Luce
301 5122 569 5193 micantis,

157 5200 290 5262 Nunc
313 5216 622 5287 proavique,

156 5298 255 5358 lam
281 5316 621 5372 memorando

159 5388 270 5456 Quae
292 5397 425 5456 bona
448 5406 675 5476 quisque

159 5477 287 5540 Fecit
305 5489 354 5544 in
377 5495 524 5562 orbe,

160 5569 264 5630 Vita
287 5593 548 5651 superstes

162 5663 276 5724 Dum
296 5683 550 5747 vegetavit

165 5753 344 5852 sumite
369 5785 541 5837 sacro,

445 5885 715 5946 PATnOL.
762 5882 975 5945 CXLI.

1233 3729 1412 3800 Atque
1439 3729 1644 3786 salubri

1233 3817 1472 3874 Somatis
1504 3831 1673 3875 artus.

1233 3909 1475 3980 Namque
1503 3912 1736 3967 verenda

1232 4003 1598 4058 Ecclesiarum

1231 4092 1582 4149 Miriﬁcarnm

1231 4185 1478 4241 Culmina
1505 4187 1712 4258 fulgent
1740 4205 1755 4243 :

1232 4273 1378 4341 Quas
1405 4285 1561 4346 pater
1588 4276 1716 4332 olim

1234 4363 1523 4421 Schemate
1549 4363 1774 4437 pulchro

1235 4457 1564 4514 Aidiﬁcavit.

1235 4546 1367 4614 Quis
1398 4547 1539 4602 valet
1566 4547 1685 4617 ejus

1235 4636 1438 4693 Cuncta
1468 4639 1650 4693 videre

1235 4725 1366 4794 Qua:
1394 4729 1532 4784 bona
1563 4728 1712 4794 fecit,

1231 4820 1408 4877 Corde
1435 4821 1644 4892 sagaci,

1237 4915 1514 4986 Menteque
1543 4913 1719 4985 pura?

1233 5007 1426 5060 Martia
1449 5020 1610 5078 quem
1637 5013 1780 5060 nunc

1232 5097 1461 5155 Francia
1486 5097 1682 5168 plorat,

1235 5191 1300 5243 Et
1329 5189 1494 5261 gemit
1524 5187 1670 5253 Eius,

1233 5280 1408 5352 Ejnlat
1438 5286 1600 5347 atque

1112 5413 1124 5436 .
1234 5367 1406 5430 Morte
1427 5367 1668 5441 lugubri,
1719 5379 1722 5382 ‘

1231 5465 1406 5532 Atque
1427 5458 1704 5524 merenda,

1233 5556 1456 5625 Heuqtle
1476 5552 1723 5610 dolenda.

1233 5649 1453 5705 Munere
1475 5647 1631 5715 Cujus

1230 5742 1360 5808 Quae
1387 5739 1672 5811 locuplela,

2348 3731 2420 3790 Se
2447 3736 2796 3796 exhilaranda

2344 3810 2700 3886 Lastiﬁcabat.

2345 3908 2391 3973 Ᾱ
2417 3927 2549 3976 nece
2574 3911 2728 3994 cujus

2343 4006 2489 4065 Ordo
2509 4025 2786 4068 sacrarum

2343 4089 2581 4156 Ecclesia
2590 4119 2732 4171 rum,

2344 4184 2474 4258 Quae
2501 4193 2799 4262 refovebat,

2344 4282 2782 4344 Multimodarum

2342 4372 2732 4450 Congerierum

2344 4463 2565 4527 Munere
2594 4487 2771 4538 sacro,-

2345 4559 2554 4617 Fomite
2581 4573 2795 4632 sancto,

2343 4644 2752 4724 Colloquioqne.

2343 4735 2538 4800 Tristis
2565 4747 2815 4815 habetur,

2343 4834 2483 4901 Quin
2515 4838 2800 4894 viduarum

2345 4927 2526 4983 Turba
2553 4938 2881 5001 vagantum,-

2344 5009 2503 5086 Exul,
2540 5021 2826 5091 inopsque,

2346 5107 2731 5184 Esuriensque,

2344 5204 2446 5272 Qui
2474 5205 2613 5274 sitis,
2645 5215 2807 5276 atque

2342 5289 2488 5352 Luce
2515 5295 2736 5368 privati,
2893 5286 2895 5288 ’

2341 5387 2710 5457 Consilioque,

2342 5477 2611 5550 Vesteque
2638 5472 2765 5531 nudi
2821 5509 2849 5546 ο

2341 5567 2564 5639 Frigore
2595 5567 2790 5637 pressi,

2340 5659 2408 5714 Et
2436 5660 2522 5715 lue
2549 5659 2714 5732 pleni,

2342 5758 2502 5814 Dives
2530 5758 2582 5812 in
2606 5741 2753 5811 Omni
2794 5761 2814 5804 1

2979 5864 3062 5938 20

3277 365 3380 425 Cl8
