4032 6416
609 353 712 412 ειο

611 470 678 526 Et
705 468 1032 540 locupletum

611 565 791 623 Turba
819 567 1084 619 honorum

609 657 786 728 Atque
813 653 1102 716 malorum,

609 746 949 804 Pontilicalis

609 839 835 897 Culmen
865 835 1087 892 honoris
1101 875 1115 900 ,

610 931 747 997 Rex,
785 941 1170 1000 proceresque,

608 1021 855 1087 Graccus,
889 1028 944 1074 et
971 1017 1154 1081 Indus,

608 1113 820 1180 Frisso,
855 1111 1113 1179 Britoqne

610 1209 808 1271 Dacus,
839 1213 894 1259 et
913 1202 1136 1272 Anglus,

611 1295 824 1360 Scotus,
857 1293 1146 1360 Hibernus,

611 1387 803 1444 Clerus
839 1384 997 1440 herili

608 1477 769 1534 Sorte
802 1477 1035 1538 dicatus.

605 1567 750 1624 Ordo
777 1566 1068 1630 verendus,

606 1660 840 1715 Pulcher
864 1658 1033 1724 Eous,

604 1747 1004 1820 Oeciduusque,

602 1841 780 1910 Atque
811 1839 1094 1896 Sicamber

603 1928 854 2003 Belliger,
882 1945 1032 1997 acer,

1734 465 1909 521 Flevit
1935 479 2142 522 amare.

1731 555 1934 610 Pratsul
1970 555 2168 625 Opime,

1730 738 1909 807 Atque
1937 751 2200 790 cacumen

1729 913 2114 982 Progenierurn

1727 1004 1884 1059 Altus
1913 1017 2174 1074 amorque

1728 1095 2085 1162 Pontiﬁcalis,

1728 1184 1883 1241 Nunc
1910 1185 2127 1240 imitare
2153 1199 2170 1240 :

1727 1276 1793 1331 Et
1819 1292 1976 1348 prece
2002 1291 2196 1348 prona,

1723 1367 1898 1423 Corde
1921 1368 2166 1431 subacto,

1723 1459 2005 1530 Menteque
2028 1474 2185 1530 pura,

1723 1548 1944 1604 Viribus
1970 1548 2150 1613 almis,

1723 1635 1952 1692 Sedulus
1974 1653 2070 1692 ora
2099 1654 2114 1690 :

1718 1820 1861 1876 Pace
1885 1820 2136 1890 fruendo,

1716 1914 1834 1972 Axe
1864 1912 2157 1988 superno,‘

604 2065 649 2122 Ο
680 2067 881 2120 trinum
917 2064 1213 2136 specimen,
1239 2062 1346 2118 tria
1375 2078 1586 2120 summa
1611 2064 1650 2127 ‘,
1681 2063 1834 2134 virgo
1859 2064 2003 2119 Deus
2031 2077 2190 2130 unus,

676 2156 998 2212 Pra'cellcus
1031 2171 1230 2211 numen
1257 2156 1553 2210 aethereum
1581 2154 1854 2210 columen.

603 2248 900 2315 Causarum
931 2248 1117 2311 decus,
1150 2255 1206 2302 et
1233 2246 1420 2310 series,
1457 2247 1752 2301 concordia
1779 2246 1989 2313 mundi,

670 2341 875 2398 Exsors
896 2339 1147 2409 principii
1172 2347 1228 2393 et
1251 2338 1369 2393 sine
1399 2338 1505 2392 line
1535 2353 1782 2392 manens.

597 2443 863 2502 nomine
896 2438 1099 2488 1mm):
1118 2470 1132 2496 ,
1163 2429 1349 2484 mundi
1380 2428 1542 2494 altor,
1577 2437 1634 2484 et
1663 2438 1818 2484 actor
1844 2427 2088 2484 enormis

676 2525 838 2581 Orbis
866 2523 1164 2588 terrestris,
1194 2521 1312 2576 idea
1343 2520 1626 2592 stelligeri.

599 2613 738 2670 Vota
772 2629 995 2685 precum
1023 2613 1275 2681 aspirans
1301 2610 1490 2666 hmnili
1518 2624 1681 2681 prece
1710 2624 1877 2680 posco
1906 2627 2146 2668 mearum
2166 2653 2182 2680 ,

672 2709 792 2776 Quo
819 2706 1004 2762 faveas
1021 2703 1218 2775 coeptis
1238 2703 1452 2758 inscitia
1477 2703 1754 2759 tremulis.

597 2801 768 2857 Actus
794 2805 850 2852 et
877 2811 1037 2853 casus
1061 2809 1266 2859 rerum,
1292 2791 1611 2856 infortunia,
1637 2792 1874 2848 strictim

671 2884 914 2946 Pandam
940 2888 987 2944 si
1014 2894 1204 2958 potero
1229 2884 1467 2940 themate
1489 2884 1759 2955 prosaico,

1536 351 1835 411 DUDONIS
1867 350 2115 410 DECANI
2151 350 2209 408 S.

1731 645 1976 708 Culmen,
2013 654 2283 712 apexque,

1729 824 1844 880 Lux
1871 825 2214 895 generisque,

1720 1729 1838 1796 Quo
1868 1729 2200 1800 requiescat,

2246 348 2552 420 QUINTINI
2583 349 2960 408 VIROMAND.

2845 463 3032 533 Agnus
3058 471 3255 534 eatque

2847 552 3068 616 Dexter,
3099 553 3333 619 ovando,

2848 639 3076 698 Velleris
3098 643 3230 710 albi,

2846 731 2926 786 Tu
2958 746 3177 801 quoque
3199 741 3396 788 cuncto

2846 820 3115 890 Tempore
3137 821 3307 878 salva.

2842 911 3024 982 Longa
3051 928 3148 983 per
3173 927 3368 979 annos,

2841 998 2899 1054 In
2909 1015 3272 1071 numerosque
3390 991 3395 998 ’

2849 1089 2966 1145 Vita
2998 1091 3093 1145 tibi
3117 1092 3210 1146 sit.

2844 1180 3058 1251 Sospite
3089 1197 3250 1238 sacro

2845 1273 3064 1328 Somate
3093 1287 3310 1344 semper
3332 1290 3346 1328 :

2841 1359 3080 1430 Postque
3105 1360 3352 1432 lugubre,

2841 1447 3311 1518 Mortiferumque,

2840 1545 3047 1602 Flebile
3075 1546 3373 1612 damnum;

2839 1635 2980 1693 Pace
3012 1636 3214 1692 fruaris

2836 1732 2979 1788 Sede
3006 1730 3254 1803 perenni.

3745 355 3823 416 620

2222 2049 2269 2111 Α
2298 2061 2582 2130 Quzctulit
2610 2060 2855 2118 Alslemo
2887 2062 3023 2118 duce
3049 2061 3332 2118 barbaries
3361 2058 3594 2128 furiosa,

2364 2155 2430 2212 Et
2454 2171 2574 2225 qua:
2600 2155 2824 2211 Rollone
2851 2155 3086 2227 denique
3113 2153 3461 2210 Christicola.

2291 2245 2539 2314 Qualiter
2575 2255 2629 2300 et
2654 2245 2869 2302 soboles
2896 2244 3015 2320 ejus
3045 2245 3366 2302 Guillelmus
3400 2247 3458 2300 in
3479 2243 3622 2300 omni

2369 2338 2513 2408 Lege
2542 2347 2797 2392 serenato
2824 2336 3030 2407 profuit
3061 2337 3291 2408 imperio

2288 2429 2427 2498 Quin
2460 2439 2516 2485 et
2541 2428 2761 2483 Ricardi
2797 2429 2996 2484 merito
3021 2419 3422 2498 supermthera
3447 2424 3584 2492 noti,

2365 2523 2583 2578 Patricii
2609 2522 2834 2584 summi,
2866 2521 3312 2591 Christicolazque
3338 2521 3438 2592 pii.

2287 2615 2458 2671 Terra
2488 2614 2640 2667 ferax
2673 2612 2855 2682 populi
2887 2611 3211 2669 Nortmanni
3240 2615 3362 2684 jure
3387 2611 3596 2684 quievit

2355 2704 2526 2759 Annis
2556 2702 2874 2770 fruetiferis,
2901 2711 3148 2775 tempore
3169 2704 3431 2775 paelice;

2287 2793 2364 2849 Te
2399 2803 2711 2864 praestante,
2751 2794 2912 2858 Deus,
2942 2799 3035 2864 qui
3056 2810 3292 2850 cernens
3318 2794 3507 2850 omnia
3529 2792 3668 2848 salus

2360 2883 2601 2954 Regnas,
2631 2893 2688 2939 et
2714 2885 2872 2952 vivis,
2901 2877 2957 2940 et
2985 2899 3106 2941 sme
3134 2885 3242 2942 line
3275 2901 3491 2942 manes.

610 3085 3818 3131 ______________________________________.

1709 3251 2128 3366 LIBER
2209 3249 2785 3368 PRIMUS.

586 3417 595 3450 l

673 3774 861 3828 Totius
884 3786 1116 3842 namque
1147 3769 1303 3826 molis
1335 3770 1467 3825 orbe
1516 3766 1814 3838 descripto,
1864 3767 2183 3839 ambituque

599 3876 652 3921 et
675 3863 962 3935 superficie
989 3873 1148 3918 terra:
1169 3861 1435 3932 sagaciter
1460 3873 1748 3929 permenso
1771 3898 1789 3924 ,
1831 3874 2046 3913 omnem
2073 3871 2185 3914 ter-

597 3973 715 4013 ram
741 3968 1001 4028 perpetuo
1023 3955 1220 4010 Oceani
1268 3951 1433 4007 limbo
1465 3951 1703 4021 undique
1747 3965 1906 4004 secus
1957 3950 2186 4003 circum-

597 4057 830 4117 septam,
858 4046 1094 4101 aethereo
1115 4042 1500 4114 quadripartili
1522 4041 1645 4097 caeli
1670 4041 1890 4097 cardine
1911 4041 2184 4097 intellectu

597 4135 978 4208 cosmographi
1032 4134 1286 4199 dimensi,
1341 4133 1396 4188 in
1429 4141 1539 4188 tres
1591 4143 1779 4204 partes
1841 4132 2182 4201 diviserunt,

599 4229 811 4291 Asiam,
856 4227 1151 4297 Europam,
1181 4223 1533 4294 Africamque
1572 4233 1910 4294 reputantes.
1942 4223 2183 4292 Quarum
2223 4215 2227 4218 λ

601 4320 818 4390 Europa
847 4335 1010 4389 quam
1045 4304 1292 4389 plurimis
1313 4317 1595 4373 fluminum
1638 4318 1807 4374 alveis
1845 4320 2185 4385 inlerrivata,

599 4411 874 4482 variisque
913 4410 1208 4482 provinciis
1257 4410 1602 4465 denominata
1632 4451 1648 4478 ,
1701 4413 1934 4467 termino
1981 4413 2186 4469 direm-

597 4502 799 4572 ptionis
825 4501 1090 4556 limitatur
1116 4500 1324 4570 patriis.
1352 4499 1553 4555 Harum
1576 4502 1824 4572 quaedam
1850 4503 2186 4572 spatiosissi-

599 4610 689 4650 ma
726 4593 1008 4665 multiplici
1038 4593 1513 4649 innumerabilium
1558 4595 1840 4650 hominum
1882 4594 2185 4663 frequentia

597 4692 920 4740 exterarum
948 4682 1354 4753 copiosissima,
1400 4694 1746 4755 nuncupatur
1773 4684 2089 4743 Germania.
2125 4687 2183 4742 In

599 4793 706 4848 qna
725 4777 858 4833 Ister
877 4776 1072 4832 fluvius
1093 4777 1159 4832 de
1177 4778 1458 4834 cacumine
1477 4780 1678 4835 montis
1699 4779 1942 4836 Hatnoen
1963 4780 2182 4856 [Atnoe]

597 4879 771 4930 ortus,
807 4869 870 4922 in
893 4868 1173 4938 sexaginta
1205 4869 1457 4924 omnibus
1479 4879 1861 4942 augmentatus
1885 4871 2181 4940 profusius,

598 4971 654 5016 et
682 4975 712 5015 a
747 4959 973 5015 meridie
1023 4960 1090 5013 ad
1127 4960 1392 5016 orientem
1434 4975 1622 5016 means
1659 4962 2022 5034 procellosus,
2052 4963 2189 5020 Ger-

600 5051 841 5105 maniam
864 5058 920 5104 et
943 5047 1221 5121 Scythiam
1266 5065 1436 5119 usque
1476 5066 1562 5118 eo,
1585 5067 1692 5122 quo
1715 5061 1878 5123 ponto
1907 5055 2183 5124 recipitur,

599 5141 1029 5208 discriminatus,
1060 5141 1332 5197 vocitatur
1363 5143 1662 5200 Danubius.
1685 5144 1744 5199 In
1770 5146 1990 5216 copiosa
2020 5147 2186 5219 igitur

600 5231 1008 5302 intercapedine
1041 5246 1072 5285 a
1118 5233 1366 5288 Danubio
1413 5233 1480 5288 ad
1535 5235 1778 5307 Scythici
1823 5253 1995 5309 usque
2037 5241 2185 5310 ponti

600 5322 923 5388 confinium,
950 5321 1155 5378 diffusa:
1185 5333 1594 5379 commorantur
1620 5325 1750 5382 ferae
1773 5337 1964 5399 gentes
1987 5338 2040 5382 et
2063 5329 2185 5384 bar-

601 5414 771 5479 harae,
803 5427 924 5482 qua:
971 5427 1034 5467 ex
1071 5413 1250 5476 Canza
1279 5412 1559 5488 [Scanzia]
1593 5416 1768 5472 insula
1806 5417 2022 5474 Oceano
2059 5420 2185 5476 hinc

600 5502 727 5556 inde
755 5502 1136 5573 circumscpta',
1170 5504 1316 5560 velut
1345 5520 1576 5560 examen
1605 5523 1766 5578 apum
1797 5523 1864 5563 ex
1916 5511 2181 5578 canistro,

601 5605 696 5646 seu
723 5590 932 5659 gladius
951 5607 981 5647 e
1004 5594 1219 5664 vagina,
1248 5595 1563 5652 diversitate
1585 5596 1904 5654 multimoda
1928 5599 2184 5658 dicuntur
2238 5600 2240 5602 ’

604 5682 914 5754 prosiluisse
941 5684 1332 5740 consuetudine
1373 5685 1678 5745 barbarica.
1709 5689 1803 5744 Est
1834 5706 2070 5762 namque
2103 5693 2176 5749 ibi

603 5767 806 5834 trac.us
852 5792 1014 5850 quam
1064 5778 1327 5848 plurimus
1379 5779 1605 5849 Alanice,
1654 5782 1898 5854 situsque
1950 5786 2175 5843 nimium

589 3471 599 3544 ἒ
971 3469 978 3477 ’
2002 3470 2501 3537 HASTINGUS.

2286 3769 2540 3839 copiosus
2597 3769 2810 3838 Daciae,
2854 3779 3015 3843 atque
3069 3780 3282 3830 meatus
3337 3774 3568 3830 multum
3620 3773 3826 3846 profusus

2289 3860 2478 3917 Getim.
2516 3861 2755 3930 Quarum
2789 3864 2954 3919 Dacia
2984 3873 3162 3921 exstat
3197 3867 3549 3931 medioxima,
3577 3868 3625 3922 in
3655 3868 3827 3922 modum

2289 3967 2526 4020 coronae,
2554 3955 2833 4025 inslarque
2853 3955 3109 4021 civitatis,
3132 3959 3462 4028 pnemagnis
3483 3959 3693 4030 Alpibus
3709 3973 3829 4011 emu-

2214 4080 2261 4140 B
2290 4045 2344 4098 ni
2373 4061 2422 4098 a.
2455 4044 2601 4112 Quos
2628 4057 2896 4116 portenta:
2918 4048 3199 4104 anfractus
3230 4050 3604 4118 amplitudinis
3635 4050 3828 4104 furentes

2289 4136 2533 4192 incolunt
2565 4139 2769 4208 populi,
2800 4150 3175 4209 praemonente
3205 4139 3381 4197 Marte
3410 4143 3677 4206 bellicosi,
3712 4137 3828 4195 scili-

2289 4238 2374 4283 cet
2397 4227 2570 4294 Getae,
2595 4230 2685 4300 qui
2716 4229 2977 4297 etGothi,
3013 4231 3279 4286 Sarmatm
3307 4241 3364 4286 et
3407 4228 3828 4296 Amaxobii,'l‘ra-

2289 4320 2484 4390 goditae
2511 4332 2564 4375 et
2605 4320 2792 4387 Alani;
2843 4321 3363 4392 quamplurimteque
3405 4332 3595 4394 gentes
3624 4317 3826 4376 Meotidi-

2289 4409 2390 4465 bus
2423 4411 2706 4480 paludibus
2735 4412 3035 4468 excolendo
3061 4422 3491 4469 commorantes.
3525 4413 3612 4467 lla:
3638 4421 3827 4477 namque

2288 4512 2476 4574 gentes
2505 4502 2765 4574 petulanti
2809 4505 3036 4558 nimium
3085 4504 3212 4559 luxu
3247 4506 3678 4568 exardescentes,
3703 4497 3826 4555 femi-

2289 4609 2497 4664 nasque
2555 4595 2985 4667 quamplurimas
3053 4597 3312 4668 singulari
3373 4597 3694 4668 turpitudine
3739 4599 3828 4644 stu-

2288 4697 2510 4756 prantes
2574 4689 3021 4756 commiscendo,
3085 4689 3234 4744 illinc
3293 4691 3512 4745 solzoles
3569 4691 3826 4744 innumeras

2287 4779 2522 4834 obscena
2564 4779 2737 4834 illiciti
2765 4780 3021 4836 connubii
3054 4781 3436 4837 commistione
3485 4778 3726 4852 patrando
3752 4787 3824 4844 ge-

2288 4880 2500 4926 nerant.
2525 4871 2612 4937 l-li,
2628 4881 2917 4942 postquam
2945 4873 3304 4940 adoleverint,
3335 4889 3519 4929 rerum
3544 4888 3637 4945 pro
3656 4879 3826 4940 posscs-

2287 4961 2531 5020 sionibus
2557 4971 2747 5018 contra
2778 4971 2983 5034 patres,
3007 4979 3266 5036 avosque,
3297 4965 3610 5037 aut-saepius
3634 4964 3756 5018 inter
3780 4969 3823 5010 se

2287 5052 2547 5108 ferociter
2569 5052 2870 5124 objurgati,
2898 5052 3101 5110 fuerint
3129 5058 3499 5113 exuberantes
3522 5097 3536 5123 ,
3567 5063 3712 5124 atque
3742 5059 3823 5104 ter-

2284 5146 2404 5199 ram
2425 5160 2586 5215 quam
2609 5143 2852 5201 incolunt
2871 5147 3120 5203 habitare
3141 5163 3247 5204 non
3271 5148 3622 5213 sufﬁcientes,
3641 5142 3821 5200 collecu

2285 5239 2436 5293 'sorte
2476 5237 2821 5293 tnul;itndine
2847 5240 3281 5309 pubescentium,
3325 5241 3614 5298 veterrimo
3660 5236 3748 5291 ritu
3775 5230 3818 5285 in

2287 5341 2512 5385 externa
2541 5345 2705 5402 regna
2735 5331 3100 5387 extruduntur
3125 5331 3425 5397 nationum,
3477 5340 3538 5387 ut
3583 5326 3821 5399 acquiraut

2289 5422 2390 5478 sibi
2417 5422 2714 5492 praeliando
2763 5437 2955 5496 regna,
2999 5424 3196 5494 quibus
3245 5424 3429 5479 virere
3488 5421 3682 5494 possint
3715 5425 3820 5488 paco

2257 5509 2262 5520 ’
2285 5524 2545 5586 perpetua
2599 5531 2612 5568 :
2655 5515 3115 5585 quemadmodum
3167 5514 3630 5580 fecerunt.Get;e,
3667 5507 3744 5580 qui
3777 5512 3816 5558 et

2285 5603 2470 5670 Gothi,
2501 5613 2667 5659 totam
2699 5620 2836 5676 pene
2867 5604 3139 5677 Europam
3169 5620 3338 5677 usque
3361 5621 3430 5662 eo
3457 5601 3708 5676 quomodo
3727 5607 3817 5650 m0-

2283 5689 2495 5760 rantur,
2529 5696 2863 5766 depopulati.
2895 5695 3166 5752 Caeterum
3206 5698 3262 5753 in
3291 5697 3599 5767 ‘expletione
3631 5697 3814 5748 suarum

2283 5788 2660 5860 'expulsionnm
2690 5797 2853 5860 atque
2877 5789 3143 5859 exituum,
3167 5789 3548 5848 sacrificabant
3585 5785 3700 5843 olim
3738 5789 3811 5832 γε·
