3952 5346
111 354 211 411 621

556 348 646 405 DF.
667 345 912 405 GESTIS
949 343 1383 403 ΝΟΜῘΑΝΝΙᾸΞ
1431 342 1675 402 DUCUM
1710 341 1895 398 LIBRI
1929 341 2131 398 TRES.
2156 340 2377 397 —LlB.
2414 340 2455 398 l.
2495 341 2908 400 llASTINGUS.

3265 344 3373 401 623

111 472 353 524 nerantes
381 462 534 519 Tliur
559 462 727 518 Deum
757 476 935 516 suum.
965 459 1063 516 Cui
1107 475 1215 515 non
1246 458 1460 530 aliquod
1509 473 1679 528 pecu-
1702 463 1751 519 Α
1779 451 2092 524 iugulantur
2117 452 2336 522 cuspide
2361 451 2564 507 tristes.
2590 449 2878 507 Mulctatur
2905 451 3084 508 clerus
3115 494 3130 519 ,
3163 457 3373 516 crudeli

109 560 252 619 dum,
281 569 453 625 neque
478 567 758 626 pecorum,
786 568 888 608 nec
907 551 1090 607 Liberi
1111 551 1312 615 Patris,
1342 565 1442 606 nec
1461 549 1679 604 Cereris

106 653 314 705 .itantes
351 648 584 711 donum,
627 645 723 700 sed
768 645 1087 714 sanguinem
1143 642 1453 698 mactabant
1507 639 1680 696 homi-

109 755 249 804 nam,
272 737 708 792 holocauston
749 735 993 789 omnium
1043 742 1299 803 putantes
1346 730 1678 802 pretiotissi-

108 845 277 895 mum;
303 842 368 883 eo
409 827 577 898 quod,
603 825 888 881 sacerdote
930 823 1190 894 sortilch
1237 821 1678 892 praedestinante,

102 919 226 992 jnga
271 920 431 974 boum
473 932 581 972 una
626 916 746 972 vice
795 914 990 970 diriter
1037 914 1327 968 icebantur
1377 913 1430 966 in
1478 911 1676 981 capite,

105 1012 391 1081 collisoque
422 1007 717 1076 unicuique
746 1004 1009 1073 singulari
1055 1004 1164 1059 ictu
1211 1012 1358 1057 sorte
1388 1001 1562 1056 electo
1591 1016 1681 1057 ce-

107 1103 297 1165 rebro,
349 1099 700 1155 sternebatur
755 1096 810 1150 in
857 1095 1048 1150 tellure
1078 1134 1094 1160 ,
1152 1095 1680 1164 perquircbaturque

107 1194 364 1250 Iesorsum
406 1192 542 1246 fibra
581 1189 781 1256 cordis,
813 1188 1021 1244 scilicet
1051 1203 1204 1252 vena,
1232 1185 1385 1256 cujus
1413 1187 1679 1240 exhausto

105 1282 355 1354 sanguine
368 1297 436 1337 ex
459 1294 611 1336 more
630 1294 748 1342 suo,
770 1293 1101 1348 suorumque
1121 1279 1298 1348 capita
1322 1278 1593 1342 linientes,
1618 1276 1680 1330 li-

104 1375 322 1430 brabant
350 1371 606 1428 celeriter
646 1370 864 1424 navium
905 1370 1134 1425 carbasa
1183 1371 1402 1424 ventis:
1452 1367 1679 1436 illosque

103 1466 194 1520 tali
249 1464 463 1536 negotio
487 1472 741 1533 putantes
773 1461 1022 1530 placare,
1067 1461 1327 1515 velociter
1357 1459 1571 1514 navium
1595 1459 1681 1512 in-

103 1558 388 1630 surgebant
410 1557 596 1612 remis.
615 1553 711 1610 Sin
729 1569 858 1609 vero
874 1553 1062 1624 majori
1080 1561 1224 1608 sorte
1239 1553 1449 1623 equites
1474 1552 1677 1622 egressi

101 1656 306 1714 essent,
338 1645 607 1702 mavortia
657 1644 938 1715 erigebant
983 1643 1178 1699 vexilla
1235 1642 1424 1714 praelii.
1481 1641 1680 1710 Sicque

105 1739 213 1796 suis
259 1754 289 1793 ι
327 1738 529 1794 finibus
576 1736 876 1801 elabentes,
927 1735 1188 1790 tenebant
1232 1733 1590 1788 intentionem
1621 1731 1675 1786 in

1781 552 1956 596 morte
1985 541 2221 612 punitus.
2252 541 2474 596 Casulas
2504 541 2693 596 nefarii
2733 543 2977 607 induunt,
3021 560 3157 614 quas
3188 547 3379 604 altari-

1784 636 1886 690 bus
1915 635 2086 690 sacris
2112 634 2390 704 diripiunt.
2426 633 2670 688 Vestitur
2695 634 2839 700 alba,
2867 635 3042 691 ollicio
3077 637 3254 694 missa:
3280 639 3375 696 de-

1781 725 1980 781 dicata.
2029 725 2288 794 Quisquis
2339 726 2392 780 in
2446 725 2566 781 illos
2605 741 2757 796 arma
2804 727 2989 792 sumit,
3043 729 3376 787 interimitur

1781 816 2093 871 crudeliter.
2134 818 2339 873 Cretera
2392 834 2525 889 gens
2569 820 2738 874 armis
2784 819 2976 892 frigida
3023 822 3242 878 ducitur
3286 839 3379 879 ca-

1781 909 1951 979 ptiva.
1993 908 2197 965 Uxores
2222 926 2252 964 a
2283 911 2522 982 pluribus
2543 921 2800 983 stupratae
2828 915 3098 971 ducuntur
3123 915 3379 973 ﬂebiliter

1782 1001 2020 1054 advenae.
2075 999 2264 1058 Omnis
2317 1002 2617 1072 puellarum
2655 1020 2819 1060 sexus
2863 1005 2932 1060 ab
2975 1007 3108 1077 ipsis
3150 1008 3380 1079 turpiter

1780 1090 2172 1162 devirginatur.
2219 1093 2354 1148 Cum
2392 1091 2686 1161 juvenibus
2728 1111 2886 1152 senes
2948 1096 3106 1168 longe
3162 1096 3379 1170 lateque

1783 1182 2073 1236 trahuntur
2109 1191 2374 1238 extorres.
2424 1182 2696 1253 Quidquid
2737 1195 2822 1240 est
2870 1185 3181 1242 animalium
3232 1189 3379 1244 redi-

1781 1283 1914 1343 gunt
1940 1274 1992 1328 in
2015 1280 2269 1345 pretium.
2295 1277 2503 1331 Crescit
2535 1277 2712 1332 rabies
2758 1277 2980 1345 furiosa,
3007 1280 3186 1336 multis
3221 1281 3379 1338 malis

1781 1376 2150 1434 angmentata.
2207 1367 2452 1436 Quintini
2503 1369 2658 1424 testis
2709 1371 2916 1426 meritis
2967 1387 3131 1442 super
3174 1374 3380 1428 mthera

1782 1463 1894 1516 noti
1927 1463 2232 1516 incenditur
2257 1462 2538 1518 delubrum
2579 1465 2892 1520 monasticis
2939 1468 3099 1521 rebus
3143 1466 3376 1537 praebal-

1784 1562 2007 1608 teatum.
2035 1552 2362 1623 Caeteraaque
2389 1569 2580 1609 omnes
2624 1555 2867 1612 ecclesia:
2917 1557 2968 1612 in
3017 1557 3215 1613 finibus
3239 1557 3377 1613 Ver-

1781 1647 2162 1701 niandensium
2206 1645 2432 1712 locatae,
2485 1648 2824 1718 agonotheta:
2885 1648 3082 1706 Christi
3135 1652 3376 1725 Dionysii

1781 1737 2207 1799 monasterium,
2257 1736 2496 1792 Vulcano
2557 1749 2869 1808 superante,
2918 1750 3002 1796 est
3055 1740 3373 1797 favillatum.

98 1830 325 1902 gentium
352 1827 687 1884 mortiferam
725 1827 1158 1883 concussionem.
1187 1826 1672 1896 Exsulautquippe
1703 1819 1748 1878 Β
1779 1827 1934 1883 Enno
1989 1827 2109 1901 [al.,
2163 1827 2378 1900 Emme]
2424 1828 2864 1888 Noviomaccnsis
2909 1835 3194 1904 episcopus
3247 1850 3374 1890 cum

99 1935 124 1975 a
147 1922 407 1993 patribus,
436 1929 498 1975 ut
521 1920 754 1974 arietent
777 1919 1005 1974 viriliter
1040 1933 1163 1974 cum
1210 1919 1450 1989 regibus.
1483 1918 1675 1973 Dimit-

99 2019 278 2066 tuntur
320 2026 353 2066 a
403 2011 520 2066 suis
547 2010 758 2081 inopes,
815 2017 876 2064 ut
920 2018 1234 2064 mercentur
1287 2024 1356 2064 ex
1396 2008 1672 2064 extraneis

105 2103 281 2174 dapes.
307 2103 603 2159 Privautur
629 2108 852 2158 suorum
894 2101 1096 2169 fundis,
1126 2111 1185 2156 ut
1219 2103 1467 2158 locentur
1492 2102 1673 2172 quiete

99 2193 300 2250 alienis.
326 2193 614 2250 Pelluntur
652 2204 925 2260 extorres,
973 2203 1035 2248 ut
1061 2193 1378 2249 fenerentur
1425 2191 1675 2264 prtelian-

99 2296 194 2344 tes.
234 2287 548 2343 Truduntur
601 2302 633 2341 a
685 2287 800 2343 suis
849 2295 909 2341 ut
950 2285 1281 2357 pat'ticipent
1307 2300 1431 2340 cum
1483 2284 1673 2339 alieni-

98 2379 260 2450 genis.
288 2379 660 2453 Segregantur
684 2395 781 2436 sua
802 2380 1042 2446 natione,
1072 2388 1135 2434 ut
1157 2378 1496 2451 gratulentur
1515 2393 1578 2432 ex
1589 2388 1668 2432 te-

99 2487 268 2527 rorum
294 2473 658 2544 possessione.
691 2472 1035 2542 Linquuntur
1079 2486 1111 2526 a
1155 2471 1430 2542 patribus,
1486 2469 1668 2525 forsan

99 2579 192 2620 non
214 2564 427 2620 videndi
453 2579 486 2619 a
517 2563 803 2619 matribus.
827 2563 1070 2634 Erigitur
1095 2563 1363 2634 asperitas
1381 2561 1666 2632 juvenum,

99 2657 145 2713 in
164 2659 565 2715 demolitionem
597 2658 860 2730 gentium.
886 2657 1176 2714 Liberatur
1204 2657 1380 2728 patria
1429 2657 1542 2711 suis
1587 2655 1670 2710 iii-

96 2748 214 2806 colis
237 2751 515 2806 defaecata.
543 2750 765 2805 Caetera:
783 2749 1074 2806 condolent
1094 2749 1406 2820 provincite,
1426 2747 1661 2819 plurimo

96 2837 238 2894 hoste
263 2840 522 2910 nequiter
574 2840 848 2894 toxicatae.
901 2839 993 2895 Sic
1034 2839 1442 2910 depopulantur
1471 2845 1666 2892 cuncta

95 2943 199 2999 qua
232 2933 330 2988 sibi
358 2940 492 2987 sunt
515 2932 811 2987 obstantia.
844 2932 1110 3003 Navigant
1150 2946 1316 3003 prope
1362 2932 1532 2986 maris
1581 2930 1666 2986 lit-

95 3031 220 3091 tora,
247 3035 304 3080 ut
336 3025 620 3081 vindicent
657 3025 759 3080 sibi
793 3033 1067 3080 terrarum
1110 3024 1304 3094 spolia.
1342 3023 1460 3079 Uno
1501 3038 1666 3094 regno

94 3129 199 3183 quae
247 3117 487 3188 rapiunt,
529 3116 586 3172 in
613 3115 762 3170 aliud
791 3115 1084 3171 deducunt.
1142 3115 1340 3170 Petunt
1383 3122 1664 3184 sequestra

94 3219 212 3275 pace
233 3216 448 3277 portus,
476 3221 643 3262 causa
671 3205 954 3262 mutuandi
987 3215 1200 3276 raptum
1224 3204 1395 3276 fenus.

112 3333 116 3336 -
149 3297 313 3369 Igitur
339 3297 465 3352 Daci
498 3307 880 3368 nuncupantur
911 3312 942 3351 a
973 3297 1085 3352 suis
1122 3296 1314 3361 Danai,
1364 3294 1448 3349 vel
1505 3293 1666 3358 Dani,

93 3387 484 3459 glorianturque
513 3404 573 3444 se
601 3405 669 3444 ex
714 3390 990 3444 Antenore
1033 3389 1383 3460 progenitos;
1427 3387 1516 3454 qui
1549 3400 1670 3453 quae

93 3477 253 3552 Troia:
293 3479 510 3536 fuerunt
557 3479 914 3551 depOpulatis,
958 3479 1150 3534 mediis
1183 3478 1397 3548 elapsus
1424 3475 1668 3538 Achivis,

91 3567 320 3643 Illyricos
347 3572 482 3628 lines
507 3573 814 3643 penetravit
849 3587 972 3627 cum
1015 3572 1147 3628 suis.
1185 3571 1251 3626 lli
1283 3585 1512 3640 namque
1543 3568 1667 3622 Daci

91 3665 245 3721 retato
295 3665 402 3720 ritu
455 3665 586 3722 olim
633 3680 664 3720 a
716 3665 831 3721 suis
882 3664 1118 3736 expulsi,
1155 3679 1260 3736 qua
1293 3678 1421 3718 suos
1467 3671 1670 3716 tractus

90 3751 309 3812 Francia
362 3767 618 3826 protenso
668 3755 953 3827 exp’argit,
1019 3770 1142 3810 cum
1225 3754 1358 3810 duce
1405 3751 1670 3807 Anstinuo

91 3841 196 3914 ιιι..
221 3845 504 3920 Hastingo]
525 3846 782 3902 ferociter
809 3843 1041 3916 appulsi.

92 3933 177 3989 llic
197 3951 358 3991 sacer
380 3946 545 4008 atque
573 3934 729 3991 ferox
759 3935 986 3990 nimium
1009 3933 1241 3989 crudelis
1267 3941 1323 3988 et
1348 3941 1524 3987 atrox.

93 4021 324 4094 Pestifer,
349 4029 604 4092 infestus,
636 4035 844 4094 torvus,
881 4036 1029 4093 trux,
1050 4024 1371 4097 flagitiosus.

91 4114 308 4176 Pestifcr
330 4121 779 4190 inconstansque,
810 4133 1032 4190 procax,
1061 4128 1322 4173 ventosus
1342 4126 1396 4172 et
1418 4116 1596 4173 exlex.
1637 4105 1644 4113 ’

95 4207 327 4280 Letbifer,
358 4213 613 4278 immitis,
644 4221 967 4282 prazcautus,
997 4210 1197 4279 ubique
1221 4209 1456 4265 rebellis.

94 4298 314 4362 Proditor
349 4306 714 4374 incentorque
744 4294 893 4368 mali,
929 4301 1122 4372 duplex
1153 4299 1456 4357 simulator.

93 4391 267 4466 Impius
291 4407 346 4454 et
377 4397 647 4462 tumidus,
673 4395 870 4466 pellax,
898 4394 1157 4464 deceptor
1187 4401 1243 4448 et
1265 4391 1462 4448 audax.

94 4479 341 4554 Furcifer,
368 4487 635 4550 incestus,
666 4483 912 4549 infrenis,
946 4482 1234 4554 litigiosus.

95 4571 429 4651 Pestiferique
457 4578 591 4634 mali
631 4585 998 4648 augmentum,
1036 4575 1142 4630 doli
1176 4575 1588 4630 incrementum.

94 4660 194 4724 Non
217 4678 547 4736 atramento,
580 4684 772 4724 verum
802 4667 1035 4722 carbone
1057 4666 1343 4720 notandus.

94 4753 151 4810 Et
173 4767 318 4815 tanto
346 4761 549 4816 scelere
573 4769 702 4815 ante
730 4759 865 4816 alios
893 4757 1185 4814 immanior
1208 4771 1419 4820 omnes.

95 4846 321 4915 Quantus
349 4853 414 4907 ad
441 4853 767 4924 astrigerum
793 4853 963 4908 tendit
985 4858 1268 4920 suSpectus
1288 4846 1596 4921 Olympum.

153 4943 263 5000 lluc
285 4945 517 5016 illucque
537 4943 794 5017 profugas
807 4942 1198 5001 contaminavit
1221 4951 1423 5014 gentes,
1443 4957 1659 4999 earnm.

99 5048 186 5102 que
208 5037 309 5093 sibi
340 5047 395 5092 et
421 5038 536 5093 suis
563 5036 853 5092 vindicavit
885 5034 1192 5093 facultates.
1221 5033 1408 5089 Gallia:
1426 5039 1660 5103 potesta-

1775 1919 1890 1973 suis
1916 1919 2249 1983 diaconibus,
2295 1935 2348 1974 tv
2382 1919 2499 1974 Kal.
2544 1921 2692 1986 Maii,
2738 1924 2840 1977 heu
2876 1926 3008 1995 proh
3058 1925 3237 1980 dolor!
3290 1933 3378 1980 est

1777 2022 2112 2084 peremptus.
2141 2012 2438 2084 Omnisque
2466 2029 2596 2085 gens
2622 2015 2859 2070 desolata
2891 2015 2957 2071 ad
2999 2033 3163 2072 naves
3210 2017 3373 2072 ducta

1775 2113 1860 2159 est
1885 2106 2119 2175 captiva.
2135 2104 2518 2161 Confessorum
2534 2105 2734 2162 Christi
2753 2107 2988 2165 Medardi
3005 2118 3059 2163 et
3084 2109 3241 2181 Eligii
3269 2111 3372 2166 ba-

1773 2193 1940 2249 silica:
1976 2194 2044 2249 ab
2073 2195 2203 2266 ipsis
2238 2195 2459 2252 nefariis
2505 2206 2630 2251 sunt
2657 2210 2907 2266 perustae.
2941 2199 3156 2254 Sancta:
3197 2199 3377 2254 Gene-

1771 2281 1906 2338 \‘Cfaé
1935 2285 2163 2355 virginis
2209 2301 2380 2342 sacra:
2405 2286 2634 2342 ecclesia
2679 2287 2901 2343 Parisiis
2931 2288 3103 2344 locata
3135 2290 3206 2344 ab
3241 2291 3374 2358 ipsis

1773 2376 2020 2432 nefandis
2065 2386 2150 2432 est
2195 2379 2498 2433 combusta.
2544 2379 2874 2449 Caeterteque
2922 2380 3167 2436 ecclesia:
3212 2391 3372 2436 extra

1771 2469 2129 2524 munitionem
2183 2469 2392 2536 locata},
2431 2486 2530 2541 per
2580 2479 2748 2526 totam
2802 2470 3085 2527 Franciam
3141 2473 3370 2539 diﬂ‘usxe,

1770 2561 2166 2617 comburuntur
2203 2578 2340 2633 pene
2387 2564 2671 2618 universae.
2715 2562 3010 2619 Grassante
3041 2563 3182 2618 malo
3209 2565 3371 2620 deso-

1770 2653 1916 2707 latur
1941 2652 2195 2720 Francia,
2226 2656 2438 2726 penitus
2467 2663 2745 2710 evacuata.
2794 2653 2968 2724 Luget
2997 2655 3175 2710 Liberi
3203 2654 3371 2710 Cere-

1770 2746 1953 2816 risque
2006 2746 2202 2817 inops,
2249 2747 2447 2816 quibus
2498 2746 2678 2802 fuerat
2736 2746 2864 2801 olim
2924 2745 3372 2817 locupletissima.

1769 2835 1959 2891 Μαι-ει
1991 2838 2108 2892 suis
2141 2850 2201 2892 se
2247 2837 2440 2893 incolis
2467 2838 2709 2902 destitui,
2749 2837 3108 2908 agricolisque
3139 2839 3367 2909 privari.

1769 2929 1949 2996 Ejnlat
1974 2945 2195 2986 vomere
2224 2946 2330 2984 non
2367 2939 2614 2995 exarata,
2650 2930 2932 3000 cultroqne
2977 2931 3199 2986 inculta.
3239 2931 3374 2986 'for-

1768 3022 1941 3090 peseit
1981 3023 2310 3091 quiescendo
2352 3032 2519 3087 terra,
2561 3022 2745 3078 labore
2782 3023 2941 3078 boum
2978 3039 3084 3077 non
3109 3024 3370 3078 exercita.

1770 3109 2092 3183 Ignorantur
2144 3115 2352 3184 pervia,
2401 3114 2643 3184 vestigiis
2688 3113 2964 3187 hominum
3009 3129 3113 3169 non
3159 3115 3368 3169 attrita.

1771 3204 2042 3259 Silvarum
2075 3205 2436 3276 fruticumque
2460 3217 2623 3276 atque
2661 3223 2942 3262 nemorum
2983 3223 3184 3278 genere
3235 3209 3370 3263 den-

1771 3307 1961 3350 santur
1992 3299 2167 3367 campi
2200 3298 2446 3353 volvente
2487 3309 2744 3368 tempore.
2787 3299 3135 3356 Conclamata
3164 3310 3248 3356 est
3280 3319 3371 3357 sa-

1771 3387 1873 3452 lus,
1903 3389 2130 3460 vitzeque
2158 3391 2352 3444 fiducia
2391 3391 2617 3445 recessit
2661 3391 2730 3445 ab
2770 3390 3098 3446 hominibus.
3143 3391 3368 3462 Navigio

1773 3480 1916 3548 ipsas
1962 3480 2089 3533 Daci
2141 3481 2396 3549 petebant
2427 3495 2617 3549 aquas,
2664 3481 2893 3550 indeque
2928 3482 3242 3538 exsilientes
3272 3499 3371 3554 po-

1771 3571 2094 3642 pulabantur
2137 3573 2394 3626 finitimas
2452 3581 2646 3628 terras.
2699 3571 2866 3628 Nocte
2913 3573 3236 3630 invadebant
3277 3577 3362 3647 ja-

1771 3663 2008 3718 centium
2033 3678 2283 3732 corpora,
2305 3663 2466 3718 lethei
2491 3663 2701 3733 soporis
2728 3663 2910 3733 quiete
2925 3664 3154 3734 sepulta.
3180 3664 3367 3720 Omni-

1771 3752 1870 3807 bus
1895 3753 2120 3807 vastatis
2158 3767 2278 3823 quae
2315 3751 2530 3806 fuerunt
2567 3752 2668 3806 sibi
2702 3754 2838 3818 visa,
2878 3763 3059 3808 etnon
3092 3756 3368 3825 reperien-

1773 3853 1853 3900 tes
1883 3845 2052 3916 prmlii
2089 3846 2314 3915 usquam
2338 3844 2634 3899 certamina
2658 3843 2712 3898 in
2737 3853 2851 3899 tota
2875 3845 3128 3913 Francia,
3157 3861 3365 3902 remea-

1771 3948 1894 3992 runt
1921 3939 2211 4009 prazdando
2237 3939 2419 3994 omnia
2447 3939 2513 3993 ad
2557 3939 2773 4008 navium
2799 3940 3068 4010 praesidia.

1840 4029 2102 4086 Omnibus
2139 4032 2302 4101 igitur
2331 4031 2611 4086 accersitis
2639 4045 2801 4101 super
2847 4045 2946 4086 suo
2973 4031 3190 4101 negotio
3233 4033 3364 4104 quid

1770 4129 1994 4189 agerent
2015 4122 2366 4185 consulturis,
2393 4121 2636 4176 omnium
2661 4121 2938 4192 Alstignus
2959 4137 3096 4178 unus
3121 4137 3220 4192 pro
3247 4139 3365 4178 om-

1768 4211 1929 4267 nibus
1969 4212 2143 4281 inquit
2193 4211 2598 4282 nequissimus:
2632 4229 2650 4262 σ
2681 4210 2890 4282 Optatae
2941 4213 3096 4268 nobis
3145 4214 3362 4269 crebre-

1767 4314 1928 4360 scunt
1977 4321 2145 4371 aurze,
2200 4305 2497 4376 facilesque
2561 4303 2716 4359 nobis
2768 4304 2909 4359 viam
2955 4305 3164 4375 spiram
3212 4306 3361 4360 venti

1769 4399 2011 4454 secundi.
2083 4398 2142 4453 Si
2205 4399 2359 4454 vobis
2404 4413 2511 4452 non
2563 4397 2832 4466 displicet,
2877 4396 3103 4452 Romam
3149 4411 3358 4462 eamus,

1691 4509 1745 4571 Ῑ)
1769 4503 1998 4561 eamque
2046 4489 2204 4544 sicuti
2251 4487 2532 4542 Franciam
2561 4496 2747 4542 nostro
2772 4487 3068 4541 dominatui
3113 4484 3365 4556 subiuge-

1765 4598 1905 4639 mus.
1948 4601 1967 4634 ι
2028 4583 2143 4637 Hoc
2189 4581 2471 4636 consilium
2521 4579 2846 4647 complacuit
2883 4577 3154 4644 omnibus,
3197 4576 3364 4631 velis-

1763 4686 1868 4742 que
1895 4672 2050 4727 lectis
2087 4687 2117 4726 a
2149 4670 2560 4740 praedatoribus,
2591 4677 2840 4736 torquent
2869 4681 3060 4737 proras
3083 4666 3359 4723 Francicis

1763 4784 1794 4823 a
1841 4766 2130 4822 littoribus.
2178 4763 2319 4817 Altis
2375 4775 2607 4829 namque
2653 4757 2812 4831 longe
2855 4757 3069 4827 lateque
3108 4756 3360 4816 ﬂuctibus

1763 4861 1946 4924 tactis,
1982 4857 2251 4926 terrisque
2280 4855 2361 4911 cis
2407 4853 2652 4920 citraque
2692 4849 2882 4907 littora
2919 4847 3022 4904 sibi
3049 4848 3358 4916 vindicatis,

1760 4951 1989 5008 Romam
2043 4947 2322 5003 dominam
2371 4944 2613 5018 gentium
2661 4943 2908 5000 volentes
2953 4939 3093 4996 clam
3131 4943 3358 5016 adipisci

1759 5041 1949 5100 Lnnxe
1977 5040 2166 5096 urbem
2197 5037 2335 5112 [Lux
2364 5033 2597 5108 urbem],
2627 5051 2749 5106 quae
2772 5037 2923 5092 Luna
2952 5031 3169 5099 dicitur,
3209 5039 3364 5092 navi-

100 5125 158 5180 tis
190 5129 378 5184 invasit
413 5129 735 5192 dominium,
765 5127 1115 5185 Franciscum
1144 5124 1422 5196 usurpavit
1445 5123 1546 5180 sibi
1573 5137 1658 5177 re-
1758 5134 1849 5205 gio
1879 5140 2006 5188 sum
2035 5133 2340 5199 congressi.
2369 5127 2644 5196 Principes
2683 5126 2854 5196 igitur
2891 5123 3128 5182 civitatis
3172 5126 3365 5187 (omni-

291 5222 417 5248 φη...
426 5239 512 5248 ιι..-
523 5223 571 5248 ..ζ
581 5230 594 5248 ι
631 5235 686 5248 ρ..
696 5223 864 5250 ενι-ιι...
873 5225 984 5250 ἔκηα
1050 5231 1151 5250 non
1159 5232 1222 5250 nn
1231 5217 1383 5250 Ιηιιυῖο
1408 5234 1463 5250 on
1472 5226 1556 5250 -υιι
1565 5233 1594 5250 ιι
1602 5232 1656 5250 οι-

1762 5227 1944 5250 ..-ΙΑ-ιι
1975 5231 2250 5252 ιιιηΙΛιυικς
2284 5227 2480 5252 ξηηηοιιι

3175 5237 3208 5252 ιι
3219 5225 3366 5252 ..λιιι-η

2539 5231 2601 5252 αν
2611 5221 2740 5252 που·νῖ
2751 5234 2762 5252 ι
2775 5221 2787 5252 ἶ
2829 5213 3134 5252 ιηιιηῖριιιιηι
