4032 6390
636 412 740 466 (3‘15

1625 396 1919 456 iiUDONIS
1955 390 2199 450 DECANI
2236 390 2293 445 S.
2324 390 2623 458 QUINTINI
2654 374 3034 445 γιῐιοΜΑΝηῑ

3775 383 3852 438 Gil

638 536 820 578 coram
877 513 1115 586 profudit
1159 511 1389 567 dicens:
1423 509 1715 580 Alstigaus,
1764 509 1870 563 dux
1931 505 2214 577 Dacorum,
2248 523 2296 580 Α
2323 500 2486 570 recipi
2523 508 2579 556 et
2631 501 2956 555 monasterio
3000 498 3253 554 decenter
3296 493 3528 550 humari.
3584 495 3853 555 luternuntii

633 613 790 668 vobis
845 609 998 663 ﬁdele
1037 607 1314 661 servitium
1356 610 1409 657 et
1455 616 1644 657 omnes
1683 599 1885 670 pariter
1922 595 2026 660 sui,
2072 602 2219 649 sorte

639 711 799 765 Dacia
830 723 951 763 eum
982 707 1098 774 ipso
1130 703 1309 773 t‘jecti.
1344 699 1457 754 Non
1503 698 1655 753 vobis
1705 694 2035 764 incognitum
2076 685 2220 758 quod

637 814 785 857 sorte
817 799 979 855 Dacia
1008 796 1236 867 expulsi,
1264 808 1361 864 per
1396 791 1735 860 ﬁuctivagnm
1768 786 1987 857 pelagus
2017 783 2219 836 circum

637 893 820 946 omnia
857 889 1051 953 maria,
1094 885 1305 940 turbine
1339 880 1663 937 mirabilium
1716 876 1880 932 maris
1929 872 2220 927 elationum

639 981 899 1043 traducti,
924 976 1273 1048 Francigcnw
1308 971 1484 1043 gentis
1521 982 1741 1039 regnum
1769 978 1955 1019 sumus
1992 958 2220 1014 advecti.

641 1073 755 1128 lloe
784 1084 996 1142 quoque
1025 1065 1246 1137 regnum
1276 1062 1428 1118 nobis
1467 1068 1613 1116 sorte
1643 1058 1862 1111 deorum
1905 1062 2224 1106 concessum

641 1136 960 1226 invasimus,
987 1136 1324 1226 multumque
1346 1151 1544 1224 pra-liis
1569 1157 1759 1205 contra
1789 1153 1976 1216 gentes
2002 1136 2226 1195 Franci-

644 1270 810 1325 genas
839 1252 1036 1309 obnixe
1066 1246 1413 1308 certavimus,
1454 1251 1731 1309 totumque
1777 1232 2010 1305 regionis
2050 1230 2225 1284 locum

644 1320 787 1398 illius
836 1339 1005 1397 nostri
1054 1335 1284 1393 senioris
1332 1331 1557 1402 imperio
1585 1324 1994 1400 prostravimus.
2028 1320 2227 1375 Verum

644 1435 894 1490 omnibus
946 1429 1149 1487 nostris
1185 1425 1480 1481 ditionibus
1530 1418 1846 1491 subiugatis,
1900 1412 2095 1471 reverti
2138 1424 2230 1465 vo-

644 1526 816 1581 lentes
842 1524 908 1579 ad
954 1531 1152 1578 terram
1189 1527 1395 1573 nostrm
1433 1511 1750 1575 nativitatis,
1786 1507 1935 1579 pritts
1965 1500 2232 1573 aquiloni-

644 1620 745 1675 bus
772 1615 1037 1675 adveisis.
1067 1619 1250 1684 postea
1282 1608 1541 1679 Zephyro
1584 1604 1868 1672 Nothoque
1915 1597 2070 1653 nobis
2095 1608 2227 1650 con-

645 1712 829 1767 trariis
854 1708 1064 1771 obtriti,
1096 1705 1293 1760 ﬁnibus
1319 1700 1473 1756 inviti
1501 1699 1592 1753 vis
1617 1693 1991 1751 adnatavimus
2010 1685 2225 1744 vestris.

645 1804 896 1860 Vestram
935 1800 1123 1855 urbem
1165 1810 1267 1851 nec
1313 1792 1458 1848 ferro
1492 1785 1823 1860 depopulari,
1875 1797 1975 1838 nec
2021 1778 2230 1852 przedas

2323 600 2502 647 autem
2572 590 2799 662 regressi
2875 588 3318 643 renuntiaverunt
3363 602 3487 655 quae
3537 583 3856 643 fraudulenter

2322 681 2744 750 impetraverant
2769 680 2986 735 funesti.
3013 678 3164 746 Tunc
3194 687 3480 732 contumax
3512 678 3725 748 pesﬁfcr
3755 696 3853 750 gau-

2320 772 2454 827 dens
2502 787 2664 841 super
2715 771 2987 840 responsis
3029 784 3216 825 eorutu
3268 767 3685 838 uniuscujusque
3725 770 3856 824 tribus

2322 865 2543 925 mandat
2595 862 2846 916 accersiri
2904 861 3253 930 prteeipuutn.
3310 858 3662 930 Congregatis
3722 871 3857 915 autem

2321 954 2597 1019 Otnnibtts,
2626 953 3078 1030 nequissituoruin
3132 952 3354 1021 nequior
3404 952 3544 1005 dixit
3590 952 3858 1023 Alstignus:

2330 1062 2349 1097 ι
2381 1046 2510 1101 Mihi
2561 1047 2718 1100 modo
2768 1044 2929 1101 facite
2976 1044 3234 1100 feretrum
3267 1084 3284 1107 ,
3334 1051 3388 1098 et
3431 1045 3761 1114 superponite
3800 1063 3861 1103 me

2324 1136 2481 1206 quasi
2534 1145 2848 1201 mortuum,
2895 1151 3047 1191 arma
3086 1150 3297 1190 mecum
3349 1136 3400 1189 in
3460 1137 3577 1206 ipso
3619 1137 3859 1203 collocata,

2326 1235 2382 1283 et
2410 1242 2505 1283 vos
2532 1228 2585 1282 in
2625 1242 2816 1298 gyrum
2861 1227 3006 1282 circa
3042 1226 3157 1296 ipsa
3192 1224 3443 1281 ﬂebiliter
3486 1234 3654 1293 state;
3682 1242 3765 1281 vos
3795 1245 3863 1297 per

2326 1317 2538 1389 plateas
2560 1319 2783 1383 ulnlate,
2813 1327 3130 1388 vestrosque
3174 1336 3258 1373 me
3297 1317 3476 1388 cogite
3505 1317 3760 1390 plangere.
3786 1319 3863 1373 Tu-

2326 1410 2556 1467 multuet
2616 1426 2721 1467 vos
2783 1419 2963 1465 vestra
3021 1425 3121 1480 per
3178 1417 3373 1465 cuneta
3420 1417 3609 1465 nostra
3664 1412 3861 1466 tentoria.

2326 1502 2629 1574 Conerepet
2655 1518 2759 1558 vox
2780 1502 2870 1571 qui
2909 1511 3146 1572 praesunt
3173 1502 3400 1577 navibus
3426 1517 3554 1556 eum
3595 1504 3780 1565 caeteris
3800 1520 3864 1558 ro-

2332 1595 2599 1652 bortibus.
2649 1594 2904 1650 Armillas
2950 1602 3006 1650 et
3054 1592 3258 1648 balteos
3310 1592 3442 1648 ferri
3495 1603 3621 1649 ante
3664 1593 3865 1649 feritnnn

2329 1687 2513 1745 facite.
2556 1687 2799 1745 Gemmis
2852 1700 3093 1756 auroque
3142 1685 3341 1756 politos
3394 1700 3619 1741 secures
3659 1701 3865 1755 citaeque

2330 1781 2604 1851 exponite.
2639 1803 2657 1833 ι
2694 1780 2782 1835 Fit
2811 1781 2957 1836 dicto
2979 1779 3140 1835 citius
3172 1777 3319 1848 quod
3347 1779 3634 1834 mandarat
3657 1778 3865 1850 funestis.

643 1897 892 1951 venimus
917 1892 1041 1964 pagi
1074 1888 1238 1945 vestri
1264 1888 1330 1942 ad
1370 1898 1534 1940 naves
1579 1881 1865 1937 deducere.
1912 1872 2028 1928 Non
2078 1867 2233 1924 nobis
2263 1871 2309 1930 Β
2337 1870 2569 1926 Auditur
2596 1870 2801 1927 clamor
2836 1869 3155 1937 ululatuum,
3188 1870 3562 1942 tumultusque
3607 1870 3865 1939 lugentium.

643 2002 707 2043 ea
739 1985 823 2042 vis
855 1961 935 2041 tot
963 1961 1215 2053 periculis
1232 1975 1496 2048 fatigatis.
1544 1971 1893 2041 Sequestram
1943 1961 2098 2017 nobis
2137 1972 2234 2029 pa-

643 2097 784 2146 cem,
837 2091 1150 2152 precamur,
1193 2073 1338 2134 date,
1384 2084 1504 2139 quae
1557 2060 1864 2120 necessaria
1910 2064 2037 2112 sunt
2077 2052 2238 2107 liceat

642 2140 854 2229 emere:
896 2168 1091 2224 Noster
1132 2164 1316 2220 senior
1361 2159 1688 2219 inﬁrmatus,
1722 2150 2010 2218 multisque
2037 2140 2238 2198 dolori—

644 2266 746 2321 bus
791 2263 1003 2334 plenus,
1051 2256 1167 2313 vult
1215 2270 1246 2310 a
1294 2252 1447 2308 vobis
1486 2249 1642 2304 fonte
1693 2242 1972 2301 salutifero
2018 2232 2234 2297 redimi,

643 2329 1121 2422 Christianumqne
1158 2362 1278 2404 sese
1313 2344 1429 2400 ﬁeri
1456 2361 1471 2399 :
1499 2351 1554 2398 et
1578 2342 1625 2396 si
1664 2347 1838 2394 morte
1866 2338 1968 2390 hac
2002 2333 2056 2386 in
2085 2329 2238 2382 i‘hﬁr-

645 2450 837 2501 mitate
862 2420 1269 2515 praeoccupatus
1296 2435 1482 2503 fuerit,
1510 2443 1692 2490 vestra
1733 2420 2102 2484 misericordia
2139 2433 2236 2471 ve-

648 2513 877 2610 straque
898 2536 1099 2607 pietate
1134 2533 1238 2588 hac
1281 2528 1500 2586 civitate
1544 2522 1779 2596 sepeliri.
1809 2518 1922 2574 Hoc
1957 2513 2237 2568 audientes

646 2607 845 2703 prmsnl
872 2639 926 2685 et
948 2640 1134 2683 comes
1160 2621 1559 2694 responderunt
1584 2611 1919 2672 internuntio
1956 2607 2195 2665 dicentes
2220 2616 2234 2653 :

653 2742 673 2777 ι
693 2720 945 2793 Perpetui
968 2717 1187 2775 foederis
1198 2723 1415 2785 pactum
1428 2709 1702 2766 vobiscum
1722 2705 1950 2775 agimus,
1965 2706 2237 2793 vestrum-

647 2829 755 2887 que
778 2784 1044 2869 seniorem
1063 2784 1429 2865 Christianum
1458 2801 1684 2856 fecimus
1716 2797 2061 2865 Quaecunque
2074 2784 2239 2842 vultis

649 2884 850 2969 emere,
873 2909 1054 2957 mutua
1067 2898 1338 2953 voluntate
1362 2884 1667 2950 nostrorum
1682 2895 2091 2951 vestrorumque
2110 2892 2241 2934 eon-

651 2965 941 3049 cedimusa
964 2987 1326 3046 lntcrnuntius
1348 2994 1526 3040 autem
1548 2994 1777 3052 quaeque
1798 2973 2162 3032 fraudulenter
2184 2965 2241 3021 il-

651 3086 720 3140 lis
749 3084 906 3146 dixit,
934 3092 988 3137 et
1011 3092 1344 3152 quaicunque
1366 3076 1533 3131 ab-eis
1563 3073 1780 3129 dolosus
1809 3066 2031 3129 audivit,
2057 3061 2243 3118 nefan-

653 3175 879 3232 dissitno
900 3172 1139 3241 omnium
1154 3167 1354 3224 seniori
1368 3180 1464 3220 suo
1480 3159 1825 3219 renuntiavit.
1846 3157 1975 3210 Data
1991 3156 2245 3223 ig’turseo

2337 1959 2619 2016 Resonant
2666 1973 2879 2017 montes
2935 1978 3034 2034 pro
3082 1961 3304 2018 vocibus
3348 1961 3539 2019 dolose
3590 1965 3866 2019 merentium

2336 2051 2652 2107 tinnientes.
2683 2050 2957 2109 Convocat
2985 2054 3178 2123 prtesul
3218 2055 3503 2124 campanis
3526 2064 3723 2127 gentem
3749 2055 3866 2110 ditiu-

2337 2157 2454 2199 sam
2496 2158 2593 2213 per
2640 2150 2809 2199 totam
2854 2145 3150 2200 civitatem.
3191 2147 3348 2201 Venit
3391 2147 3572 2202 clerus
3615 2148 3866 2205 monasthit

2334 2236 2678 2293 vestimentis
2716 2237 2955 2292 indutus.
2986 2238 3250 2305 Similiter
3294 2238 3573 2309 principes
3603 2240 3732 2296 illius
3761 2239 3867 2294 urbis

2337 2333 2600 2403 martyrio
2625 2335 2946 2389 coronandi.
2976 2333 3160 2389 Aﬁluit
3192 2334 3464 2391 femineus
3499 2351 3656 2391 sexus
3692 2336 3738 2390 in
3767 2338 3866 2389 etsi-

2337 2422 2469 2477 lium
2513 2423 2876 2480 deducendus.
2909 2423 3149 2495 Pergunt
3207 2426 3495 2482 unanimes
3543 2435 3866 2483 contracto».

2337 2522 2509 2570 strum
2537 2514 2741 2572 feretro
2772 2515 3109 2584 impositum.
3142 2515 3386 2584 Bajulant
3438 2516 3699 2573 scolastici
3721 2520 3865 2571 canar-

2340 2605 2488 2661 labra
2514 2615 2571 2662 et
2599 2621 2809 2672 cruces,
2859 2605 3153 2673 majoribus
3202 2608 3591 2675 pra-cedentes.
3635 2607 3865 2663 Advehiuu

2339 2716 2368 2753 a
2400 2700 2624 2772 paganis
2656 2698 2963 2769 Alstignus,
3011 2700 3163 2754 vivus
3208 2715 3369 2771 super
3399 2699 3654 2756 feretrum
3694 2700 3863 2770 positas.

2338 2790 2516 2861 Atque
2540 2789 2593 2844 in
2622 2788 2770 2844 exitu
2795 2788 3031 2854 civitatis
3078 2789 3300 2844 obviant
3345 2789 3638 2846 Christiani
3680 2787 3865 2859 paganis.

2340 2880 2424 2936 Ab
2462 2887 2693 2950 utroque
2727 2878 2923 2949 populo
2980 2886 3353 2949 comportatur
3400 2881 3474 2936 ad
3526 2878 3863 2935 monasterium.

2341 2987 2449 3042 quo
2483 2971 2790 3042 sepulcrum
2818 2970 2935 3041 ejus
2954 2979 3080 3027 erat
3101 2981 3371 3042 paratum.
3404 2971 3676 3043 Praeparat
3716 2985 3763 3026 se
3785 2969 3864 3036 epi-

2342 3076 2562 3132 scopus,
2595 3061 2815 3117 missam
2848 3076 2947 3132 pro
2975 3076 3072 3117 suo
3118 3060 3286 3117 ﬁliolo
3331 3061 3708 3119 celebraturas.
3737 3058 3865 3113 Choro

2343 3162 2461 3209 stat
2503 3162 2558 3209 et
2601 3153 2800 3218 clerus,
2840 3152 3231 3209 officiosissime
3275 3164 3503 3209 cantare
3538 3164 3724 3209 suetus.
3754 3150 3860 3220 Igne

649 3277 868 3338 qnestra
882 3277 1031 3336 pace,
1047 3222 1739 3328 niuitisqueeomprtentiis,
1756 3247 1936 3302 multis
1948 3241 2241 3311 coemptio-

2345 3255 2470 3338 rant
2500 3244 2801 3300 trucidandi
2839 3244 3133 3301 Christiani
3163 3244 3342 3300 dolum
3383 3245 3669 3302 mortifera:
3693 3242 3863 3298 fraudis.

652 3331 812 3418 nibus
838 3331 999 3428 atque
1036 3351 1238 3409 mutuis
1262 3346 1709 3405 couventionibns
1735 3346 2026 3397 coutuntur
2047 3331 2238 3405 perﬁdi

653 3451 846 3531 pagani
881 3425 1120 3504 vicissim
1147 3453 1202 3500 et
1224 3438 1541 3499 Christiani.
1572 3434 1791 3491 Interim
1814 3437 2149 3503 praeparatur
2175 3425 2243 3480 ab

650 3515 904 3620 episcopo
932 3539 1206 3604 balneum,
1239 3533 1443 3604 perﬁdo
1483 3545 1588 3585 non
1636 3524 2000 3597 profuturum.
2032 3515 2246 3574 Sancti-

652 3609 889 3696 Ccsntur
917 3651 1071 3707 aqute
1105 3632 1252 3705 putei
1289 3623 1501 3702 gurgite
1542 3619 1842 3675 exhausta».
1874 3609 2248 3668 “luminantur

651 3731 800 3788 cerei
822 3726 895 3785 ad
923 3704 1145 3785 sacrum
1170 3721 1486 3795 mysterium
1517 3710 1742 3772 lavacri.
1782 3704 2081 3762 Advehitur
2111 3714 2249 3772 pra:-

651 3820 905 3893 stigiator
928 3792 1246 3888 Λιειιιςιιιιθξ
1270 3810 1442 3869 dolosi
1490 3805 1701 3863 consilii
1734 3804 1981 3872 repertor
2013 3792 2251 3849 malevo-

653 3887 757 3969 lus:
789 3913 959 3968 intrat
983 3887 1220 3980 perﬁdus
1241 3904 1444 3969 fontes,
1479 3914 1677 3970 corpus
1705 3904 1915 3952 tantum
1947 3887 2247 3946 delnentes.

656 4004 906 4074 Suscepit
950 3979 1191 4056 nefarius
1215 3993 1562 4067 baptismum,
1602 3989 1671 4044 ad
1716 3987 1909 4043 anima:
1937 3997 2049 4039 sine
2076 3979 2249 4036 inter-

657 4072 1153 4162 itunnSuseipitur
1180 4089 1248 4144 de
1287 4092 1633 4144 sacrosancto
1666 4080 1993 4152 baptismate
2038 4074 2104 4130 ab
2138 4072 2253 4144 epi-

654 4198 826 4253 scopo
860 4189 913 4239 et
962 4180 1177 4236 comite.
1227 4176 1520 4232 Deducitur
1566 4171 1721 4245 quasi
1771 4169 2039 4234 inﬁrmus,
2098 4177 2252 4219 sacro

657 4275 995 4330 charismate
1048 4271 1277 4341 oleoque
1323 4269 1616 4325 delibutus.
1677 4263 1794 4320 Non
1840 4271 2113 4333 argrotus,
2159 4255 2253 4312 sed

659 4387 824 4444 :rger,
854 4369 1071 4442 ne'gotio
1094 4366 1332 4439 perﬁdia:
1354 4364 1536 4418 miser.
1569 4361 1895 4431 Deportatns
1920 4355 2074 4427 quasi
2105 4351 2256 4407 inﬁn-

661 4478 782 4518 ltlllS
802 4462 868 4517 ad
892 4459 1042 4516 navis
1066 4454 1738 4522 contnberuium,corpore
1758 4448 2037 4505 dealbatus
2059 4452 2251 4499 totum.

2344 3332 2676 3389 Decantatur
2706 3335 2868 3389 missa
2905 3334 3220 3390 soleinniter
3256 3335 3554 3391 celebrata.
3601 3333 3865 3402 Participant

2344 3447 2533 3489 omnes
2579 3431 2874 3510 Christiani
2928 3433 3159 3507 mystico
3209 3431 3485 3487 sacriﬁcio
3533 3429 3650 3487 Jesu
3695 3426 3862 3484 Chrisﬁ.

2346 3524 2443 3580 llis
2466 3524 2750 3580 missarum
2775 3524 3053 3581 solemniis
3100 3524 3353 3580 decenter
3379 3522 3623 3593 expletis,
3647 3519 3864 3590 paulatim-

2347 3633 2453 3690 que
2503 3620 2727 3691 paganis
2773 3617 3130 3688 congregatis,
3173 3614 3337 3686 jussit
3386 3614 3587 3686 prtesul
3628 3626 3787 3681 corpus
3820 3606 3864 3660 ad

2348 3709 2682 3780 sepulturam
2715 3707 2935 3763 deferri.
2968 3707 3166 3777 Pagani
3191 3723 3315 3763 eum
3356 3722 3555 3777 magno
3582 3706 3783 3761 clamore
3802 3716 3864 3770 pe

2346 3801 2536 3858 tebaut
2553 3800 2829 3865 feretrum,
2855 3810 2911 3856 et
2931 3799 3180 3855 dicebant
3195 3797 3506 3854 alternatim
3527 3815 3627 3853 non
3644 3812 3745 3852 eum
3758 3806 3865 3861 sepe—

2351 3893 2610 3948 liendum.
2644 3891 2873 3948 Stabant
2925 3892 3088 3962 igitur
3129 3890 3430 3948 Christiani
3475 3907 3629 3962 super
3660 3886 3865 3958 responsis

2351 4000 2537 4041 eorum
2570 3983 2882 4055 stupefacti.
2936 3983 3089 4039 Tunc
3134 3982 3416 4054 Alstignus
3468 3983 3659 4039 feretro
3688 3976 3862 4038 desiluit,

2351 4091 2644 4145 ensemque
2667 4073 2958 4145 fulgentem
2978 4073 3170 4145 vagina
3194 4072 3456 4142 deripuit.
3478 4072 3665 4129 Invasit
3687 4070 3864 4124 funestus

2355 4169 2638 4242 praesulem
2662 4168 2857 4224 librum
2888 4183 3050 4223 manu
3080 4177 3371 4223 tenentem.
3394 4166 3610 4239 Jugulat
3629 4160 3862 4236 prrsuletu.

2354 4268 2628 4331 prostrato
2652 4269 2706 4314 et
2740 4258 2959 4325 comite,
3004 4266 3348 4330 stantemque
3392 4258 3594 4316 clerum
3629 4258 3675 4311 in
3696 4250 3861 4309 ecclesia

2356 4353 2638 4409 inermem.
2665 4350 3061 4407 Obstruxcrunt
3081 4352 3272 4422 pagani
3295 4351 3437 4423 ostia
3476 4349 3674 4420 templi,
3709 4360 3762 4399 ne
3777 4355 3862 4410 pns-

2357 4453 2437 4499 set
2484 4444 2625 4498 ullus
2666 4443 2827 4498 elabi.
2884 4443 3035 4497 Tunc
3091 4458 3427 4513 paganorum
3474 4441 3640 4498 rabies
3692 4431 3861 4493 trucidat

658 4553 937 4609 Convocat
992 4548 1156 4620 igitur
1204 4546 1349 4600 illico
1386 4543 1627 4599 omnium
1672 4537 2056 4610 nequissimos,
2094 4547 2256 4630 super
2283 4571 2332 4630 ο
2357 4535 2695 4592 Christianos
2734 4535 2986 4590 inermes.
3029 4535 3341 4591 Traduntur
3385 4550 3573 4591 omnes
3614 4530 3732 4592 neci,
3768 4537 3862 4595 quos

659 4658 756 4697 sua
806 4639 1143 4695 fraudulenta
1188 4634 1473 4691 dolositate
1510 4630 1875 4688 consulturos.
1909 4626 2104 4681 Pandit
2139 4623 2249 4679 illis

661 4741 927 4788 secretum
951 4728 1283 4786 exsecrabile
1315 4726 1458 4800 quod
1478 4730 1802 4795 conceperat
1822 4720 2026 4776 furioso
2046 4718 2208 4774 corde
2231 4734 2245 4771 :

669 4845 686 4875 ι
729 4824 1046 4879 lmminente
1083 4830 1260 4884 nocte,
1310 4834 1397 4874 me
1444 4826 1716 4874 mortuum
1754 4814 1998 4870 nuntiate
2038 4810 2249 4881 praesuli

668 4934 686 4965 s
726 4924 778 4968 et
806 4914 1014 4976 comiti,
1039 4920 1093 4966 et
1121 4910 1391 4981 deposcite
1428 4909 1654 4964 nimium
1697 4907 1908 4971 ﬁentes,
1950 4915 2004 4958 ut
2052 4904 2253 4960 faciant

668 5027 688 5058 ς
731 5022 813 5061 me
840 5008 1167 5077 neophytum
1199 5019 1294 5059 sua
1331 5002 1466 5057 urbe
1500 5000 1737 5071 sepeliri.
1778 4999 1948 5054 Enses
1977 5006 2030 5050 et
2070 4996 2254 5050 armil-

670 5120 688 5150 ι
730 5099 829 5163 las,
878 5108 933 5153 et
957 5094 1214 5167 quidquid
1262 5103 1346 5149 est
1386 5093 1494 5147 mei
1518 5091 1676 5162 juris,
1704 5089 1868 5145 dicite
1907 5103 2002 5143 vos
2035 5088 2254 5141 dat-.:ros

672 5209 691 5240 ι
729 5190 851 5245 illis.
890 5209 907 5242 ι
939 5188 1015 5242 llli
1060 5196 1257 5250 autem,
1283 5192 1341 5238 ut
1364 5181 1577 5251 iussum
1630 5179 1822 5244 fuerat,
1857 5187 1981 5233 ante
2008 5178 2255 5233 dominos

666 5283 906 5338 civitatis
968 5280 1282 5343 venientes,
1332 5276 1588 5331 dixerunt
1635 5272 1897 5343 ejulantes
1935 5288 1948 5325 :
1998 5288 2016 5322 ι
2064 5269 2256 5325 Noster

677 5396 693 5427 ι
734 5377 916 5431 senior
949 5385 1234 5444 vesterque
1285 5370 1502 5433 ﬁliolus,
1529 5367 1664 5440 proh
1703 5367 1891 5422 dolor!
1946 5373 2027 5419 est
2069 5362 2258 5418 defun-

676 5488 694 5522 ι
734 5477 870 5522 ctus.
911 5466 1202 5521 Precamur
1257 5460 1441 5516 miseri
1487 5468 1546 5515 ut
1597 5459 1648 5512 in
1700 5465 1880 5512 vestro
1929 5448 2257 5509 monasterio

674 5584 694 5615 ι
728 5561 942 5631 sepeliri
973 5575 1095 5613 cum
1135 5557 1379 5619 faciatis,
1418 5562 1473 5609 et
1513 5566 1735 5607 munera
1775 5543 1902 5619 quae
1956 5547 2106 5601 vobis
2146 5562 2258 5603 mo-

670 5672 697 5705 4
734 5650 1060 5719 riensjnssit
1084 5648 1416 5718 permaxima
1455 5644 1594 5709 dari,
1626 5640 1914 5710 recipiatis.
1950 5659 1967 5689 ι
1996 5638 2071 5691 llli
2101 5652 2257 5701 nam-

669 5758 776 5814 que
827 5742 917 5796 tali
957 5740 1291 5808 sophismate
1339 5735 1592 5806 decepti,
1642 5732 1834 5786 dandis
1884 5739 1939 5782 et
1982 5727 2257 5797 accipien-

672 5834 758 5891 dis
782 5831 1099 5888 muneribus
1150 5828 1297 5898 quasi
1329 5825 1581 5881 excaecati
1633 5821 2029 5893 spoponderunt
2064 5834 2260 5889 corpus

2355 4628 2509 4684 furor
2544 4627 2744 4699 reperit
2780 4627 2973 4684 hostis.
3001 4626 3242 4685 Saeviunt
3274 4626 3415 4684 infra
3445 4625 3640 4684 delubri
3664 4629 3802 4691 septa.
3822 4628 3861 4671 ut

2350 4721 2461 4793 lupi
2505 4721 2647 4776 infra
2684 4722 2864 4776 ovium
2912 4720 3118 4784 caulas.
3164 4718 3340 4777 Corde
3381 4727 3626 4793 premunt
3667 4711 3859 4786 gemitum

2352 4810 2646 4874 m:.lieres,
2701 4810 3077 4882 lacryniasqnc
3132 4809 3418 4865 effundunt
3463 4810 3656 4865 inanes.
3691 4802 3859 4859 iuvenes

2352 4919 2476 4959 eum
2520 4903 2818 4972 virginibus
2865 4902 2997 4957 loris
3040 4909 3470 4957 concateuantur
3516 4896 3680 4956 simul.
3720 4889 3859 4948 Ultima

2352 4999 2478 5053 vitm
2504 4998 2618 5053 dies
2663 4997 2856 5052 accidit
2889 4996 3159 5057 omnibus,
3194 4997 3464 5065 breveque
3504 5003 3556 5048 ct
3600 4993 3859 5054 irrerupcra-

2355 5088 2462 5144 hile
2486 5089 2610 5143 vita:
2636 5096 2864 5157 tempus.
2890 5086 3244 5142 Prosternnnt
3284 5100 3381 5156 per
3405 5084 3593 5141 mtenia
3619 5079 3744 5135 urhis
3763 5084 3857 5143 prt-

2358 5177 2571 5245 liantes,
2596 5194 2945 5249 quoscunque
2977 5180 3253 5247 reperiunt
3282 5177 3604 5232 robustiores
3625 5172 3858 5226 atteruntur

2357 5271 2524 5338 cives,
2551 5273 2803 5328 saeviente
2843 5270 3016 5327 Marte
3061 5270 3321 5326 dolentes.
3362 5268 3505 5326 Gens
3544 5280 3652 5336 qua:
3687 5258 3858 5332 tit-tecm

2358 5363 2587 5420 navibus
2623 5364 2796 5428 adest,
2836 5363 3005 5434 portis
3051 5362 3101 5416 vi
3144 5362 3468 5433 patentibus.
3516 5359 3627 5414 Stat
3666 5355 3857 5408 natura“e

2359 5471 2585 5513 corusco
2608 5457 2752 5511 aries
2788 5455 2937 5521 ferri,
2961 5453 3192 5510 strictim
3230 5462 3417 5524 parata
3455 5450 3584 5507 neci.
3612 5443 3857 5513 iungentia

2358 5547 2747 5617 pratliantiiats,
2793 5547 2922 5603 hinc
2968 5545 3091 5601 inde
3118 5552 3411 5603 .certantes
3437 5541 3735 5598 altrinsecus.
3762 5527 3857 5617 Citt-

2361 5637 2550 5692 deliter
2584 5639 2853 5708 perimunt
2890 5651 3080 5693 omnes
3123 5652 3261 5707 quos
3311 5634 3577 5706 reperiunt
3616 5623 3753 5682 armis
3789 5615 3856 5669 οὶ)-

2362 5738 2587 5783 stantes.
2639 5729 2877 5783 Tandem
2926 5728 3112 5782 linitur
3157 5726 3416 5795 duellum,
3453 5720 3606 5779 eheu!
3646 5714 3855 5795 perrtnp't

2361 5828 2503 5876 coetu
2530 5819 2980 5875 Christianorum.
3013 5818 3217 5893 Caetera
3255 5790 3481 5886 namque
3524 5821 3690 5866 manus
3717 5790 3854 5853 flebilis
