4032 6388
124 344 222 403 ϐΞὸ

587 342 675 399 DE
699 343 945 401 GESTlS
971 343 1401 401 ΝΟΒΜΑΝΝΙᾸΞ
1437 345 1671 402 DCCUM
1710 347 1715 402 l

1822 348 1885 402 ιιι
1916 348 2112 404 TRES.
2141 347 2356 407 —LIB.
2400 348 2439 404 1.
2482 347 2874 404 ηλδτιμδυε
2962 414 2965 417 ν

3293 346 3397 403 626

123 454 607 511 dueiturnavibus.
630 456 974 525 Conqztieseit
1005 458 1230 513 furentis
1253 456 1481 528 Alstigni
1507 458 1706 525 rabies,
1738 466 1782 524 Α
1881 459 2091 513 lrrterea
2123 460 2248 515 dum
2298 432 2452 532 quasi
2498 461 2730 515 solitudo
2786 460 3013 515 Francia
3050 461 3257 517 deserta
3304 461 3400 514 Ira-

122 557 417 620 prostratos
440 557 664 620 propter
708 550 860 605 urtris
891 550 1180 620 principes.
1228 549 1576 608 Gloriahatur
1616 551 1707 605 Al-

122 643 321 713 srignus
350 655 478 699 eum
504 640 635 705 suis,
658 648 809 695 ratus
827 642 1036 711 cepi«se
1065 641 1288 696 Romam
1317 650 1477 710 caput
1498 640 1705 715 mundi.

124 733 434 791 Gratulatur
457 742 644 789 tenere
666 748 724 788 se
753 731 1123 799 monarchiam
1156 728 1320 786 totius
1351 731 1579 799 imperii.
1612 745 1709 799 per

94 816 301 881 'urbem
330 840 499 895 quam
523 824 744 897 putabat
772 823 1019 885 Romam,
1060 837 1179 893 quae
1230 830 1312 878 est
1343 821 1579 891 gentium
1607 819 1706 875 do~

110 915 393 974 .minatrix.
430 914 586 971 lianc
617 930 724 971 non
758 929 879 970 esse
910 913 1134 968 Romam
1170 922 1453 983 postquam
1497 910 1707 974 didicit,

124 1016 417 1063 commotus
454 1007 534 1061 ira
573 1006 653 1061 sic
697 1005 908 1076 inquit:
946 1022 964 1055 ι
998 1004 1317 1062 Prxlamiui
1346 1017 1558 1058 omnem
1588 1017 1709 1071 pru-

123 1101 368 1168 vincianr,
395 1111 452 1156 et
480 1100 751 1155 incondite
779 1100 964 1154 urbem
1017 1099 1196 1152 istam.
1229 1097 1482 1165 Captivos
1509 1103 1563 1149 et
1586 1109 1711 1164 spo-

127 1193 192 1249 lia
212 1193 497 1248 conducite
521 1193 588 1248 ad
616 1207 783 1247 naves
810 1207 916 1262 qua
942 1213 953 1242 r
979 1191 1229 1260 plurima.
1259 1189 1505 1244 Sentiant
1533 1187 1707 1242 coloni

128 1287 271 1345 istius
302 1295 466 1341 terrae
496 1302 595 1341 nos
632 1286 685 1340 in
722 1284 919 1340 finibus
950 1284 1164 1338 illorum
1216 1296 1477 1336 versasse.
1511 1299 1528 1333 ι
1557 1279 1710 1346 Quod

130 1382 336 1435 mandat
378 1388 542 1442 teter,
572 1378 768 1449 gaudet
811 1391 1005 1447 parare
1045 1375 1310 1430 nrirrister.
1358 1372 1548 1430 Omnis
1582 1385 1708 1444 pro-

128 1473 289 1527 vincia
340 1473 639 1539 invaditur,
691 1472 955 1541 hosteque
1017 1468 1349 1543 nequissimo
1402 1474 1708 1537 superatur.

130 1564 336 1633 Strages
363 1563 765 1633 quamplurima
797 1561 1047 1627 efficitur,
1078 1560 1275 1632 captivi
1322 1559 1389 1614 ad
1417 1574 1580 1614 naves
1609 1557 1709 1613 du-

131 1661 326 1707 runtur.
385 1651 581 1708 Gladio
625 1661 680 1708 et
730 1652 979 1707 incendio
1024 1651 1309 1705 devastant
1358 1644 1540 1705 omnia
1592 1661 1713 1716 qua:

135 1745 328 1799 fuerant
354 1743 462 1799 illis
490 1744 545 1798 in
574 1743 879 1815 praesentia.
912 1741 1154 1798 Orrerant
1183 1756 1369 1805 naves,
1421 1740 1504 1794 his
1531 1737 1711 1808 exple-

1809 550 2048 616 beretur,
2071 552 2306 622 dmuque
2341 552 2502 607 vclrrti
2539 552 2842 607 lonitrualis
2873 551 3105 622 mugitus
3136 550 3398 621 rugientia

1809 644 2253 714 arcana,'pavidi
2303 642 2796 699 Nortlrrnanuoruru
2840 642 3101 697 adventus
3147 639 3402 695 formida-

1812 744 2021 800 rentur,
2049 750 2252 805 rexque
2300 736 2632 791 Francorum
2683 733 2827 789 unrle
2867 731 3107 787 audaciae
3159 747 3399 803 pagano-

1812 841 1929 881 rum
1959 826 2231 882 hostiliter
2261 827 2538 883 resisteret
2570 844 2676 882 non
2710 826 2962 889 haberet,
2999 826 3199 894 reperit
3227 824 3405 877 censio

1811 916 1938 975 lium
1976 918 2133 975 valde
2173 919 2278 975 sibi
2321 920 2541 991 suisque
2585 919 3023 983 salrrlrerrirnum,
3070 926 3129 972 ut
3154 932 3274 971 cum
3315 914 3407 970 Al-

1811 1011 1988 1082 stigno
2049 1013 2309 1083 nequiore
2356 1013 2689 1085 nequissimo
2734 1012 3135 1076 fmderaretur,
3191 1026 3407 1082 paxque

1815 1104 1979 1157 totius
2007 1103 2179 1174 regni,
2225 1115 2472 1159 serenata
2519 1105 2883 1175 ingruentium
2929 1104 3404 1175 dcp0pirlationntn

1815 1200 2155 1261 tempestate,
2203 1194 2344 1250 inter
2391 1203 2679 1266 utrumque
2709 1196 3021 1251 haberetur.
3071 1194 3410 1265 Quapropter

1813 1282 2038 1338 ducibus
2092 1284 2411 1353 accersitis,
2459 1301 2583 1341 eum
2646 1285 2915 1358 episcopis
2972 1284 3408 1354 comitibusque,

1812 1388 1934 1430 cum
1974 1373 2269 1429 satellitum
2319 1375 2536 1442 turmis,
2573 1376 2713 1446 quod
2746 1376 2907 1431 corde
2957 1374 3289 1446 disponendo
3317 1374 3411 1428 ad-

1814 1463 2045 1530 irrvenit,
2087 1463 2392 1534 eloquendo
2436 1466 2775 1532 memoravit,
2808 1478 2968 1536 atque
3011 1464 3411 1536 pronuntiando

1813 1555 1892 1610 sic
1922 1555 2104 1610 retulit
2129 1572 2143 1610 ε
2181 1574 2199 1607 ‹
2232 1557 2276 1613 O
2301 1558 2543 1613 seniores
2572 1568 2626 1613 et
2655 1559 2879 1625 domini,
2914 1559 3246 1614 imminentis
3275 1573 3410 1627 quc-

1817 1650 2061 1707 rirnonize
2091 1667 2256 1709 causa
2295 1654 2399 1709 huc
2427 1655 2724 1724 provocati,
2762 1655 2989 1710 consilio
3032 1670 3125 1711 vos
3165 1652 3412 1710 rimando

1814 1741 2103 1810 qnzeritate
2137 1743 2308 1813 regni.
2348 1764 2367 1796 ι
2404 1741 2555 1800 Tunc
2595 1761 2722 1801 vero
2762 1744 2989 1813 Franci,
3027 1746 3171 1817 regia
3212 1745 3411 1799 allocu-

136 1834 214 1898 tis,
240 1834 466 1902 captivis
491 1844 547 1889 et
574 1834 781 1905 spoliis.
812 1833 930 1891 Janr
959 1842 1176 1889 vertunt
1201 1846 1393 1903 proras
1429 1830 1496 1885 ad
1542 1830 1709 1884 lr'ran-
1740 1826 1784 1887 Β
1816 1832 1961 1885 tione
2000 1834 2252 1903 permoti,
2303 1833 2558 1893 dixerunt
2608 1837 2891 1892 urrarrirrres
2936 1847 3123 1893 contra
3172 1836 3293 1891 illos
3323 1836 3409 1891 de-

134 1927 319 1998 cigente
363 1928 542 2000 gentis
592 1942 816 1999 regnum
876 1926 1169 1982 drrcerrdas.
1219 1924 1510 1979 Perrncant
1565 1935 1712 1977 mare

136 2020 599 2088 Mediterraneum,
630 2029 963 2078 revertentes
983 2020 1050 2076 ad
1079 2020 1327 2076 Francite
1353 2035 1595 2089 regnum.

138 2113 347 2170 Francia
375 2122 456 2171 tot
487 2124 681 2186 gentes
707 2128 968 2185 superans
985 2112 1097 2184 jam
1137 2122 1311 2169 nrorte
1339 2112 1627 2183 srrpcrbas,

140 2204 321 2263 Ofﬁciis
343 2208 556 2263 intenta
583 2206 687 2278 piis
710 2206 952 2277 profuse,
985 2213 1039 2260 et
1061 2204 1324 2260 irorrestis.

140 2296 201 2352 At
223 2299 392 2356 crines
416 2300 470 2354 in
500 2315 564 2354 se
590 2298 772 2370 populi
796 2298 1075 2354 dominata
1107 2296 1337 2353 volentis

143 2389 387 2462 Spargere
423 2400 500 2457 te,
526 2402 584 2447 et
612 2405 755 2446 vano
777 2390 1065 2447 corranrirre
1093 2391 1481 2457 coatarnirrare,

142 2478 351 2550 imperio
373 2481 644 2552 acquisita
673 2489 766 2536 tuo
792 2481 876 2536 bis
903 2489 987 2535 ter
1016 2480 1158 2535 trina
1183 2496 1345 2553 regna

146 2570 321 2640 Fortis,
354 2573 514 2640 dura,
550 2572 724 2645 ferox,
761 2554 1019 2653 constans
1049 2575 1394 2645 robustaque,
1422 2585 1598 2631 cauta.

149 2662 389 2734 Legifera,
416 2665 672 2736 insignis,
696 2665 861 2727 mitis.
896 2665 1053 2730 lenis,
1080 2665 1373 2733 luculenta,

149 2753 382 2820 Strcnua,
409 2754 545 2823 ﬁda,
575 2755 765 2818 comis,
797 2754 924 2811 belli
950 2755 1109 2811 rebus
1138 2757 1401 2823 studiosa,

148 2843 198 2899 in
220 2847 416 2903 cunctis
441 2847 798 2918 vincerrsqne,
831 2855 1023 2918 potens
1062 2847 1341 2919 solersque
1367 2847 1680 2918 triumphis,

152 2937 371 2994 f‘on.!ere
391 2940 486 2994 sed
516 2936 742 2993 sceleris
772 2938 906 2993 tanti
932 2938 1155 2992 nimium
1187 2924 1501 3005 cumulato,

153 3026 380 3099 licgeque
411 3030 722 3101 posthabita
753 3038 947 3085 cuncta
971 3030 1290 3102 purgamine
1317 3030 1494 3102 plena,

155 3116 393 3177 Ilandatis
419 3122 639 3178 Domini
678 3122 876 3195 spretis
896 3138 1059 3195 super
1085 3132 1235 3179 astra
1263 3123 1517 3180 tonantis.

156 3210 288 3269 Nunc
311 3226 580 3285 prostrata
600 3214 775 3285 jaccs,
808 3194 975 3288 super
1000 3233 1152 3272 arma
1177 3218 1370 3274 sedens
1398 3217 1722 3281 verecunda,
1752 3194 1796 3253 (ί

156 3302 371 3361 Attonita
404 3316 459 3363 et
483 3305 788 3378 stupefacta
820 3309 1001 3372 rrirrris,
1029 3307 1215 3373 hebes,
1239 3307 1422 3373 anxia,
1458 3307 1599 3363 tristi
1619 3339 1652 3360 ι.

159 3393 477 3467 Conculcata,
514 3399 766 3457 lacessita
790 3412 846 3456 et
873 3410 1076 3472 spreta,
1110 3402 1407 3472 increpata,

159 3482 449 3562 lufcstisque
480 3492 617 3559 reis,
647 3493 881 3563 spurcis,
914 3492 1103 3561 torvis,
1125 3491 1424 3559 sceleratis,

161 3576 432 3653 Pcstiferis,
467 3584 710 3649 tumidis,
741 3585 1005 3650 ventosis,
1043 3584 1345 3656 ﬂagitiosis.

161 3667 277 3725 Nam
313 3675 552 3731 recidiva
580 3676 749 3732 armis
776 3676 885 3733 cito
921 3692 1102 3748 surge,
1129 3676 1363 3733 velocius
1391 3676 1549 3741 irrsla,

162 3760 426 3822 Consilium
464 3768 810 3839 tibirnetque,
840 3770 947 3826 tuis
976 3786 1119 3827 nunc
1148 3785 1332 3842 quer
1360 3772 1597 3826 saiulrre.

164 3847 398 3912 llorrendi
427 3858 584 3914 nefas
613 3859 796 3915 multis
832 3861 1108 3916 erroribus
1130 3861 1238 3916 acti

164 3939 422 4013 Pmniteat,
457 3951 662 4022 pudeat
694 3963 766 4021 te,
795 3953 1010 4018 taadeat,
1041 3953 1260 4009 horreat
1288 3963 1468 4023 atque.

166 4031 328 4094 Scribe
352 4040 442 4097 Dei
473 4044 726 4103 mandata
758 4046 856 4109 tui,
892 4046 1170 4102 recitando
1198 4060 1294 4116 per
1319 4061 1504 4111 onrrre,

165 4124 321 4185 Altera
350 4136 632 4207 progenies
661 4136 750 4193 illa
781 4137 940 4192 Dacia
968 4143 985 4162 '
1017 4138 1322 4205 dimittitur,

168 4212 387 4292 Remigio
414 4226 652 4285 tumidas
678 4227 855 4284 valido
881 4228 1095 4301 lapsura
1121 4246 1219 4301 per
1245 4231 1439 4286 undas.

169 4305 366 4370 Bellabit
390 4333 598 4391 pugnas
624 4322 676 4376 in
708 4332 761 4377 te
785 4337 881 4393 per
908 4332 1147 4391 tenrpora
1180 4322 1398 4390 multas,

169 4403 333 4463 Prarlia
360 4415 594 4471 robustis
628 4431 889 4473 exercens
915 4418 1110 4493 martia
1140 4418 1281 4473 telis.

171 4493 321 4555 Eﬂ'era
350 4505 678 4563 Francorum
713 4510 1009 4564 contundet
1037 4509 1202 4564 millia
1235 4510 1459 4575 bellarrs,

173 4585 374 4650 Fmdere
398 4599 719 4669 corrrplacito
748 4599 962 4656 tandem
992 4600 1105 4671 jam
1140 4616 1269 4670 pace
1303 4602 1504 4669 quieta,

173 4676 539 4762 Imperiumque
566 4703 736 4757 tuum,
773 4707 1074 4763 nomenque
1103 4694 1340 4763 aequabit
1375 4692 1623 4765 Olympo,

173 4767 347 4831 Gentes
368 4789 421 4835 et
445 4783 681 4839 tumidas
701 4784 793 4839 tibi
814 4784 1090 4841 deservire
1120 4796 1377 4857 negantes

178 4857 452 4926 Contundet
483 4872 677 4944 gladio,
709 4876 972 4942 mitescet,
999 4879 1381 4948 suppeditabit.

177 4951 211 5003 (ι
240 4952 369 5024 felix,
404 4978 436 5017 ο
473 4973 663 5035 terqrre
686 4975 880 5035 quater
909 4966 963 5023 et
995 4968 1190 5023 nrillies
1218 4970 1379 5032 alma,

181 5036 318 5102 Salve
344 5050 662 5123 tripudians,
702 5067 759 5111 et
789 5068 946 5114 aveto
978 5060 1030 5113 in
1061 5060 1255 5115 sarcula
1286 5077 1539 5133 regnans.

1814 1919 2063 1975 bellando
2093 1922 2349 1993 prieliari.
2385 1925 2454 1979 At
2486 1940 2581 1980 rex
2622 1926 2963 1990 dissrraderrs,
3017 1925 3141 1981 talia
3187 1940 3413 1981 exorsus

1814 2021 1916 2074 est,
1966 2012 2152 2068 dicens
2185 2034 2197 2068 :
2235 2033 2252 2066 ι
2295 2015 2421 2070 Mihi
2478 2032 2583 2072 non
2634 2017 2845 2073 videtur
2894 2016 3179 2073 consilium
3226 2027 3413 2071 contra

1818 2100 1936 2162 illos
1968 2103 2166 2159 initiari
2192 2104 2411 2161 bellum.
2440 2105 2496 2162 Si
2525 2116 2712 2164 contra
2751 2108 2871 2166 illos
2914 2109 3054 2165 forte
3096 2091 3407 2164 dimicaturi

1816 2195 2213 2263 exieritis,'aut
2241 2212 2335 2253 vos
2365 2198 2691 2265 moriemini,
2717 2206 2810 2255 aut
2839 2199 2913 2254 illi
2940 2200 3062 2269 fuga
3090 2199 3222 2269 lapsi
3254 2212 3414 2269 repe-

1820 2297 1944 2368 tent
1974 2302 2140 2343 naves
2171 2288 2459 2344 celerrimi.
2502 2288 2569 2346 Ut
2615 2289 2921 2360 requiescat
2970 2297 3116 2346 terra
3156 2288 3409 2359 tempori-

1820 2380 1919 2436 bus
1947 2379 2172 2445 nostris,
2202 2389 2477 2451 quarratur
2507 2396 2607 2450 pax
2640 2382 2894 2436 diuturna
2925 2380 2992 2436 ab
3015 2379 3214 2450 impiis.
3252 2399 3273 2431 ι
3307 2376 3414 2433 lloc

1821 2486 2055 2541 namque
2101 2471 2385 2527 consilirrrrr
2440 2473 2507 2528 ab
2554 2488 2649 2529 ore
2688 2473 2830 2543 regis
2863 2472 3130 2544 prolattrtn
3168 2471 3415 2526 omnibus

1820 2564 2330 2635 estconrplaciturn.
2360 2565 2676 2635 Diriguntur
2719 2566 2880 2637 legati
2926 2566 2993 2620 ad
3039 2574 3281 2621 atrocenr
3319 2563 3414 2619 Ai—

1821 2652 2057 2724 stignum
2086 2653 2316 2725 pacifici.
2345 2655 2551 2712 Dehinc
2578 2655 2828 2728 vectigali
2865 2670 3159 2727 pensurum
3191 2655 3412 2710 tributo-

1824 2760 1942 2799 rrrrn
1970 2760 2178 2801 summa
2223 2745 2524 2819 mitigatus,
2547 2758 2604 2803 et
2645 2762 2675 2802 a
2702 2746 3058 2816 Francigerris
3087 2746 3260 2802 exacti
3296 2760 3416 2801 mu-

1824 2837 1971 2891 neris
1996 2836 2232 2907 pondere
2260 2838 2463 2894 sensim
2493 2838 2758 2909 placatus,
2789 2854 2979 2911 pacem
3029 2853 3149 2910 qua:
3177 2836 3411 2908 postula-

1823 2928 1982 2983 batur
2026 2942 2139 2984 non
2188 2929 2405 2985 abdicat
2451 2930 2675 2998 diutius,
2728 2946 2914 2989 verum
2968 2932 3057 2985 dat
3119 2930 3398 2985 ultroneus

1824 3021 2140 3076 lncorrvulsa
2173 3021 2339 3093 igitur
2364 3022 2653 3092 pncsulum
2678 3039 2809 3094 pace
2840 3024 3073 3086 firmata,
3112 3020 3327 3076 riucitur
3354 3020 3418 3073 ad

1828 3130 2029 3184 regem,
2071 3117 2381 3186 pepigitque
2435 3116 2798 3173 inextricabili
2853 3116 3058 3171 findere
3099 3112 3417 3185 olynrpiad:l

1830 3223 1952 3263 cum
1980 3225 2045 3261 eo
2075 3224 2297 3263 uurrrera
2337 3210 2505 3278 pacis.
2529 3208 2631 3275 Qui
2662 3209 3029 3279 impcriaiibus
3051 3204 3417 3277 competentiis

1829 3311 2125 3370 nrrrtrraqrre
2178 3300 2456 3356 voluntate
2506 3302 2743 3356 vicissim
2792 3301 3075 3366 ftederati,
3126 3298 3416 3355 concordes

1830 3393 2157 3446 unanimiter
2187 3402 2312 3448 sunt
2360 3393 2556 3448 effecti.
2608 3394 2930 3464 Quicvitqne
2972 3392 3204 3449 Francia
3246 3391 3415 3446 inulti-

1830 3485 1986 3538 Inorla
2012 3486 2241 3540 antehae
2268 3486 2679 3557 depopulatione
2723 3486 2941 3553 alﬂicta,
2973 3502 3242 3556 cursuque
3282 3485 3416 3540 illiu-

1829 3576 2092 3644 tenrporis
2123 3576 2302 3631 hostili
2339 3585 2488 3647 peste
2539 3579 2768 3646 privata,
2818 3577 3236 3631 intttmeseentiu
3261 3593 3290 3628 u
3332 3592 3398 3644 pa

1831 3683 2094 3737 ganorrnn
2131 3669 2432 3724 vastatione
2457 3679 2541 3724 est
2566 3670 2813 3725 liberata.
2852 3668 2931 3724 Ne
2972 3670 3094 3738 quis
3124 3668 3293 3729 lector
3325 3669 3394 3721 a'.r

1832 3764 2053 3820 horreat
2102 3780 2404 3831 monemus,
2450 3765 2516 3820 ad
2547 3767 2898 3822 adversorum
2935 3764 3282 3837 ignominiam
3330 3780 3404 3820 ea.

1831 3871 2011 3919 surrrn,
2041 3856 2131 3925 qui
2164 3872 2267 3910 non
2317 3857 2383 3911 ad
2435 3857 2731 3922 iuteritunr,
2760 3858 2854 3913 sed
2905 3859 2972 3912 ad
3022 3857 3418 3927 correptioneur

1831 3956 2051 4017 propter
2087 3947 2553 4018 exaggerationem
2598 3950 2863 4004 scelerum
2901 3948 3250 4019 Francigenis
3283 3949 3410 4002 acci-

1833 4040 2050 4093 derunt.
2108 4038 2351 4095 Contrita
2389 4048 2473 4096 est
2511 4054 2744 4111 namque
2780 4055 2911 4111 gens
2962 4040 3136 4095 ultore
3182 4038 3418 4108 Alsligm'

1833 4131 2198 4199 Francigena,
2230 4146 2351 4200 qua:
2390 4132 2793 4201 spurcarninum
2834 4144 2953 4187 erat
2996 4132 3157 4187 sorde
3200 4131 3419 4186 nirniurr

1832 4220 2011 4291 plena.
2055 4221 2249 4276 l’crfidi
2290 4221 2598 4294 periurique
2648 4224 2843 4279 merito
2890 4232 3016 4279 sunt
3051 4222 3311 4287 damnati,
3346 4224 3402 4277 in

1833 4313 2039 4369 creduli
2094 4313 2449 4385 infidelesquc
2484 4314 2630 4384 juste
2685 4316 2880 4387 puniti.
2936 4315 3213 4372 Prolixurn
3272 4315 3420 4370 nofis

1834 4404 2121 4459 universos
2141 4402 2286 4459 illirrs
2314 4404 2797 4475 ternporislabores
2821 4405 3132 4460 narratione
3152 4403 3404 4475 perseqrri

1759 4535 1811 4595 Ι)
1837 4493 2040 4549 idcirco
2066 4501 2263 4548 nostra:
2286 4495 2722 4564 prtesumptionis
2737 4495 2897 4549 citius
2925 4505 3198 4549 vcrtarrrus
3227 4492 3420 4564 stylurr

1836 4587 1903 4640 ad
1938 4584 2250 4640 intentionis
2294 4588 2649 4656 prepositum.
2683 4586 2925 4641 Elncidet
2972 4587 3156 4656 itaque
3191 4586 3417 4643 breviter

1838 4677 2100 4740 Calamus,
2141 4677 2391 4747 quamvis
2420 4677 2584 4742 iners,
2611 4692 2733 4747 qum
2773 4686 2905 4732 nutu
2954 4678 3049 4731 Dei
3094 4685 3244 4747 gesta
3293 4686 3417 4729 sunt

1836 4768 2153 4840 digeratque
2192 4767 2573 4837 compendiose
2605 4768 2840 4837 qrraliter
2871 4768 3204 4824 acciderunt.
3234 4764 3401 4835 Expri

1839 4870 2057 4930 nratque
2080 4860 2153 4914 rei
2179 4860 2483 4922 veritatem,
2505 4874 2767 4930 spernens
2793 4859 3142 4930 sophismatis
3160 4873 3425 4914 errorem.

1840 4950 2058 5006 Rcfrrtet
2083 4958 2295 5005 curatus
2337 4950 2693 5006 obscenorum
2735 4966 2978 5017 casuum,
3009 4950 3274 5020 deprimat
3298 4963 3428 5003 ven-

1846 5053 1979 5099 turze
2002 5044 2193 5099 salutis
2224 5042 2524 5115 negotium.

1607 5175 1967 5237 EPILOGUS.

185 5263 353 5360 iudica
384 5287 531 5335 torva
563 5290 770 5346 tenens,
810 5292 864 5339 et
889 5284 1093 5341 lubrica
1125 5285 1277 5341 devia
1310 5301 1559 5360 pergens,

184 5350 417 5456 balrilium
447 5369 721 5427 anfractus
748 5374 1104 5444 nequicquam
1134 5376 1468 5447 audiensqrre
1496 5378 1731 5443 viarum,

185 5443 585 5544 Emittum‘itiner
606 5480 745 5520 nunc
767 5466 924 5533 siste,
948 5443 1132 5536 Liber,
1158 5443 1394 5539 deposco
1419 5486 1731 5544 parumper,

189 5532 391 5638 {interire
419 5551 677 5613 ﬂuitantis
704 5573 840 5629 opus
863 5557 978 5629 jam
1007 5532 1192 5616 desine
1221 5532 1418 5619 fessus.

191 5623 240 5723 ἓξ
277 5634 382 5694 rluci
413 5646 589 5703 valeas
617 5648 755 5703 ultra
780 5649 892 5721 jam
921 5653 1174 5723 conspice
1209 5654 1401 5711 solers.

192 5714 319 5782 Νειῑίρ
351 5733 428 5790 \‘ia
472 5728 813 5813 longanimis,
863 5743 1137 5810 scabrosa.
1171 5757 1387 5815 ιὶυιΐοεῖι
1419 5763 1517 5819 νοτ
1542 5763 1732 5817 omne.

1839 5287 2093 5349 llerbida.
2126 5289 2429 5362 sylvestris,
2455 5306 2761 5355 nemorosa,
2799 5300 2853 5346 et
2891 5290 3123 5356 lrrorrca,
3156 5298 3210 5345 et
3237 5304 3421 5360 aspra.

1839 5380 2113 5450 Farrequc
2142 5398 2309 5452 equos
2354 5383 2586 5453 dcpascc
2626 5382 2883 5452 tuosjarn
2916 5391 3023 5435 tam
3072 5380 3418 5443 ruacilentos.

1840 5470 1989 5528 Velle
2016 5473 2215 5528 bonurn
2248 5474 2782 5544 retirrentquoniam,
2823 5474 2918 5528 sed
2952 5489 3112 5544 posse
3142 5472 3417 5543 pusillum.

1839 5561 2046 5634 SiPpiUS
2068 5572 2123 5618 et
2149 5564 2303 5628 tersi,
2334 5563 2535 5633 lotiqrre
2565 5563 2868 5619 habeantur
2892 5565 2910 5583 '
2943 5579 3040 5634 per
3066 5579 3228 5621 omne

1839 5656 2052 5711 Illorum
2080 5655 2311 5726 pedibus
2342 5654 2546 5711 ferrrrm
2573 5655 2743 5713 clavis
2765 5672 2862 5713 sue
2884 5658 3096 5735 subtus,

1842 5748 2042 5805 Firmis
2070 5757 2124 5804 ct
2155 5746 2337 5805 faleris
2361 5747 2573 5804 illorum
2613 5749 2772 5805 dorsa
2795 5763 3060 5818 perorua;
