4032 6390
619 290 626 297 ’
661 283 762 346 627
1638 289 1935 347 DUDONIS
1971 288 2216 346 onem
2255 288 2293 344 s
2341 271 2643 354 QUINTlNl
2670 282 3042 345 vmouauo.
3765 296 3843 354 σεε

662 399 824 457 Malas
851 411 905 456 et
938 400 1104 458 frenis
1128 403 1372 458 consutis
1402 403 1712 474 stringeque
1745 405 1991 458 habenis.

662 490 752 546 Sic
781 494 986 562 poteris
1008 491 1190 548 forsan
1217 509 1508 565 peragrare
1534 496 1678 549 viam
1705 494 2051 560 luculentam,

662 580 802 649 Quin
834 598 1113 655 erresque,
1144 600 1294 651 ruas,
1319 583 1630 652 oﬂendaris,
1661 600 1980 655 pereasque,

2336 399 2400 455 Ni
2429 400 2724 469 opitulante
2746 401 2876 466 Deo,
2903 400 2994 471 qui
3018 399 3144 468 jure
3171 400 3464 471 triumphat
3488 401 3557 458 ab
3576 401 3696 468 alto,

2335 492 2603 562 Testeque
2636 493 2892 560 Quintino
2922 493 2976 547 ni
3007 493 3375 548 intercedente
3396 494 3580 559 beato,

2335 584 2512 656 Atque
2536 587 2674 656 ipso,
2704 586 2792 641 cui
2824 600 2969 640 nunc
2995 585 3242 640 canimus
3272 598 3390 656 qua:
3408 584 3576 656 gessit
3596 593 3782 642 ovante.

663 782 1336 808 —-————

1664 945 2080 1058 LIBER
2161 943 2947 1062 SECUNDUS.

2069 1159 2366 1224 ROLLO.

1124 1337 1762 1431 PRIEFATIO
1831 1337 2372 1433 HEROICO
2443 1340 2858 1437 METRO
2930 1343 3459 1438 DECURSA

1861 1529 1964 1585 Cui
2002 1529 2296 1600 subjectum
2331 1528 2626 1588 Eleiacum.

661 1833 860 1889 Priscis
884 1832 1058 1889 insula
1087 1841 1290 1900 creata,
1315 1841 1503 1889 vocata
1533 1872 1549 1888 .
1584 1872 1599 1890 .
1631 1873 1646 1890 .
1678 1873 1692 1888 .
1720 1876 1734 1890 .
1763 1875 1778 1890 .
1807 1844 1978 1905 extat,
2260 1845 2314 1907 Α
2411 1839 2557 1908 Quos
2586 1838 2925 1895 diatessaron
2948 1848 3004 1896 et
3033 1841 3288 1912 diapente
3314 1839 3486 1907 favet,

730 1925 968 1996 Pinguis,
1003 1925 1273 1996 agril‘elix,
1299 1927 1451 1982 (lives
1477 1943 1772 1999 opumque,
1805 1929 1950 1984 laum
1976 1947 1991 1984 :
2345 1923 2766 2000 Commistisque
2797 1931 3092 2001 tonisquos
3120 1931 3340 1986 dissona
3365 1931 3551 1986 limate
3571 1929 3779 1986 formant

660 2015 900 2084 Gurgitis
927 2015 1174 2071 immensi
1204 2016 1368 2072 limbo
1404 2019 1688 2088 praecincta
1715 2021 1962 2090 perenni,
2411 2021 2676 2090 Expensis
2712 2021 2848 2076 artis
2870 2021 3175 2090 disparibus
3202 2021 3470 2078 numeris.

734 2105 926 2160 Merc-is
951 2107 1226 2171 munifica,
1257 2107 1462 2163 faenore
1485 2109 1814 2180 multiplicis.
1937 2183 1942 2187 ι
2345 2113 2546 2182 Sexqui
2569 2123 2759 2168 octava
2797 2123 2980 2169 tonum
3007 2115 3260 2184 quoniam
3287 2115 3566 2186 proportio
3593 2111 3783 2176 claudit,

661 2195 848 2251 Plures
870 2206 998 2251 sunt
1031 2208 1218 2266 portus
1247 2199 1372 2253 hinc
1400 2199 1526 2254 inde
1567 2201 1916 2267 altrinsecus,
1945 2210 2111 2273 atque
2415 2203 2480 2258 Et
2503 2203 2843 2259 diatessaron
2873 2220 2977 2275 pax
3005 2205 3225 2276 cpitrita
3253 2205 3407 2277 ligat.

731 2288 971 2344 Muneris
995 2299 1049 2344 ct
1080 2289 1213 2344 varii
1242 2291 1470 2345 navibus
1500 2291 1770 2361 impliciti.
2107 2330 2133 2348 .
2343 2292 2411 2348 Et
2440 2293 2694 2363 diapente
2723 2295 2950 2349 melodia
2981 2296 3086 2350 rite
3109 2295 3328 2350 emiolia
3361 2296 3584 2360 sancit,

663 2376 795 2445 Qum
820 2378 1004 2448 genuit
1030 2377 1290 2432 Dedalum
1324 2376 1522 2432 multas
1552 2378 1620 2432 ad
1641 2378 1799 2432 laude
1827 2379 2080 2448 peritum,
2417 2383 2646 2440 Servata
2675 2385 2792 2456 lege
2821 2386 2957 2441 artis
2983 2387 3366 2442 arithmeticae.

737 2472 910 2542 Supra
931 2472 1075 2543 quod
1110 2471 1244 2527 satis
1274 2481 1359 2527 est
1393 2473 1602 2528 artibus
1627 2482 1788 2542 atque
1814 2473 2005 2527 scium.

664 2561 767 2629 Qui
792 2562 1001 2634 fugiens
1030 2565 1301 2635 quondam
1324 2563 1553 2619 Minoeia
1586 2565 1786 2619 mmnia
1817 2581 1942 2620 cera

736 2657 929 2712 Nexuit
955 2667 1080 2713 actu
1108 2657 1222 2714 alas
1251 2658 1484 2714 mirifico
1513 2659 1732 2713 sibime‘

662 2747 999 2818 Praepetibus
1025 2751 1216 2820 pennis
1243 2767 1470 2806 vacuum
1497 2765 1622 2805 aera
1647 2766 1806 2821 posse
1836 2751 2006 2806 meari

734 2841 852 2909 Ipse
881 2850 1052 2907 ratus,
1091 2851 1206 2897 tuto
1234 2843 1536 2899 consimilis
1561 2843 1795 2898 volucri.

665 2931 913 2987 Adscivit
942 2931 1134 2987 levitas
1161 2934 1416 2990 comitem
1449 2935 1740 2990 temeraria
1785 2943 1994 3001 natum,
2025 2928 2029 2932 ’

736 3025 1124 3096 lncautumque
1155 3026 1286 3082 levis
1306 3026 1527 3082 fmderis
1548 3035 1710 3096 atque
1731 3029 1928 3095 operis.

663 3115 834 3185 Inque
861 3115 1002 3170 latus
1023 3115 1188 3172 subiit
1213 3117 1404 3187 pennis
1433 3116 1615 3172 Icarus
1644 3117 1817 3186 patris
1843 3116 1980 3171 actis

733 3206 1015 3262 Patrizare
1046 3207 1230 3263 volens
1257 3207 1428 3278 aliger
1456 3209 1783 3278 intrepidus.

660 3295 897 3352 Dedalus
926 3298 993 3352 ad
1018 3297 1221 3369 gelidas
1247 3309 1403 3369 pater
1434 3299 1659 3369 impiger
1685 3299 1864 3353 evolat
1885 3295 2114 3364 Arctos,‘

735 3387 1117 3459 Telluremque
1136 3389 1249 3446 suis
1271 3390 1451 3461 attigit
1482 3390 1567 3446 hic
1596 3391 1844 3460 pedibus.

663 3477 952 3535 Calcidicis
979 3481 1192 3537 tandem
1225 3496 1388 3551 super
1413 3481 1621 3536 adstitit
1646 3479 1862 3536 arcibus
1899 3481 2031 3550 ipse,

739 3569 960 3626 Dextris
976 3572 1264 3642 frigoribus
1294 3589 1496 3644 gnarus
1527 3573 1727 3628 habere
1754 3572 1995 3627 modum.

639 3655 858 3716 .h'obile
886 3661 1169 3718 delubrum
1191 3663 1399 3718 Phtnbo
1429 3665 1750 3732 statuitque,
1782 3663 2000 3729 dicavit,

739 3749 900 3807 Exuit
933 3753 1024 3807 hic
1045 3752 1162 3808 alas
1187 3769 1420 3824 moxque
1452 3754 1784 3810 salutiferas.

669 3839 903 3897 Dedalea
930 3841 1146 3898 soboles
1177 3844 1356 3898 minus
1389 3844 1598 3916 integer
1624 3860 1749 3899 arce
1776 3843 1964 3914 pericli

741 3937 966 3994 Venturi
998 3939 1248 3994 incautus
1276 3937 1474 3994 celsior
1499 3949 1662 4008 atque
1687 3954 1898 3994 means.
1923 3962 1935 4010 _a

665 4026 916 4084 Climatis
938 4029 1133 4098 impuri
1165 4031 1332 4086 subiit
1357 4029 1475 4101 plus
1503 4029 1670 4085 ardua
1689 4028 1858 4098 justo,

737 4117 872 4172 Cera
900 4134 1026 4173 mox
1052 4119 1254 4188 liquida
1277 4135 1452 4189 penna
1481 4119 1657 4175 soluta
1690 4129 1896 4173 manet.

668 4207 978 4277 Cognomen
1009 4209 1201 4280 pelago
1229 4210 1376 4265 dedit
1395 4210 1587 4267 obvius
1615 4209 1798 4264 Icarus
1822 4210 1956 4280 ipse,

738 4299 965 4370 Gurgite
991 4299 1228 4356 famosus
1255 4301 1482 4356 obrutus
1507 4301 1798 4356 undisono.

669 4391 799 4449 llaec
833 4402 886 4448 te
913 4404 1150 4448 monstra
1177 4403 1390 4465 petunt.
1413 4403 1468 4450 et
1487 4393 1666 4449 fabula
1695 4393 1923 4466 contigit
1944 4393 2046 4449 ista

741 4483 988 4541 Ludicris
1022 4486 1209 4542 sannis
1237 4485 1588 4558 ridiculisque
1619 4485 1736 4542 tibi.

666 4571 941 4632 Prreducis
971 4576 1208 4646 incmpto
1235 4576 1475 4632 Rollonis
1505 4577 1734 4649 grandia
1763 4576 1906 4632 facta

743 4667 1117 4740 Dacorumque
1139 4669 1299 4724 simul
1329 4671 1628 4739 pubetenus
1645 4668 1928 4740 iuvenum.

573 4793 576 4796 ~
669 4755 858 4812 lutima
888 4766 1154 4813 terrarum
1179 4757 1392 4828 linquit,
1436 4761 1601 4815 nimis
1629 4761 1796 4814 ardua
1831 4766 2078 4830 captans,

744 4847 944 4903 Dedalo
973 4848 1229 4919 quoniam
1257 4849 1431 4915 ocior,
1461 4860 1556 4906 aut
1586 4850 1757 4906 Icaro.

671 4939 811 4998 Dum
837 4940 974 4996 ctelo
1003 4941 1256 4996 stolidum
1287 4950 1453 4996 temet
1480 4942 1806 5012 protendere
1834 4956 2042 5013 pennas

745 5029 984 5101 Contigit
1003 5031 1326 5088 immensum
1351 5033 1516 5088 ardua
1548 5035 1821 5089 materies.

683 5122 901 5179 Viribus
921 5125 1330 5181 incrementatis
1359 5127 1406 5181 si
1429 5141 1588 5196 posse
1615 5126 1827 5192 fuisset,

750 5212 940 5270 Cordis
964 5224 1144 5271 mente
1174 5216 1274 5281 tui,
1299 5224 1361 5270 ut
1389 5218 1484 5272 tibi
1510 5216 1643 5271 velle
1668 5226 1866 5272 manet.

679 5303 730 5360 If
756 5303 1000 5375 :ltiplices
1021 5307 1228 5377 species
1257 5307 1301 5362 si
1340 5307 1535 5362 scisses
1558 5309 1941 5372 armonicales,

755 5394 984 5450 Servant
1016 5396 1304 5452 discrimen
1327 5413 1447 5466 qua:
1471 5397 1641 5452 tribus
1678 5397 1731 5452 in
1755 5399 2013 5465 gradibus

682 5486 975 5545 Dulcicano
1003 5491 1181 5546 sonitu
1208 5492 1475 5562 quivisses
1499 5493 1635 5548 inter
1666 5492 1875 5548 colores

757 5582 989 5640 Psallere
1008 5587 1276 5656 praecipue
1300 5587 1552 5643 cantibus
1577 5586 1888 5641 artnonicis.

681 5671 1007 5732 Octomcdos
1037 5677 1214 5747 quivis
1238 5679 1505 5736 hmrcntes
1535 5680 1588 5735 in
1621 5677 1967 5744 tctracordis,

2346 2474 2412 2528 Et
2435 2474 2795 2541 diatessaron,
2824 2475 3099 2556 diapente,
3138 2476 3298 2531 simul
3326 2476 3590 2546 diapason

2416 2566 2639 2621 Sancito
2667 2567 2832 2639 duplo
2853 2567 3145 2638 perficiunt
3172 2583 3425 2623 numero.

2346 2657 2598 2728 Triplicis
2620 2668 2673 2714 et
2701 2658 2892 2714 formae
2917 2659 3177 2730 diapason
3209 2668 3265 2716 et
3291 2661 3568 2730 diapente,

2416 2749 2612 2820 Bisque
2645 2750 2906 2822 diapason
2937 2750 3236 2822 quadrupla
3267 2750 3589 2806 consolidat.

2346 2842 2467 2897 lcor
2495 2857 2635 2898 nunc
2657 2843 2837 2899 nimiis
2863 2845 3185 2900 rancoribus
3213 2854 3379 2914 atque
3408 2855 3686 2912 repungor.

2417 2933 2486 2988 Et
2537 2933 2789 2988 stimulor
2832 2934 3104 3004 pavitans,
3154 2935 3548 3004 concutiorquc
3599 2939 3809 2985 tremens.

2347 3023 2459 3079 lla!
2489 3039 2556 3079 ne
2583 3033 2635 3080 te
2667 3025 2921 3096 subigant
2949 3026 3236 3080 temeraria
3268 3024 3482 3080 ludicra
3505 3021 3663 3092 vulgi,

2417 3115 2524 3172 Ha!
2557 3131 2625 3171 ne
2645 3117 2977 3188 praecipitem
3008 3116 3234 3172 fulmina
3268 3116 3604 3172 concutiant.

2272 3190 2316 3250 υ
2345 3207 2546 3262 Erutus
2576 3208 2789 3263 insidiis
2818 3223 2926 3278 quo
2951 3208 3127 3277 possis
3148 3208 3272 3277 jure
3305 3207 3473 3273 tueri,

2417 3299 2556 3354 Ecce
2585 3299 2802 3355 salubre
2832 3300 2925 3354 tibi
2951 3300 3138 3370 accipe
3168 3298 3481 3354 consilium.

2344 3392 2685 3462 Propositum
2734 3393 2918 3448 cordis
2958 3393 3186 3448 Domino
3232 3391 3519 3447 committe
3561 3385 3757 3455 tonanti,

2415 3483 2647 3539 Ludicra
2679 3484 2978 3553 disperdat,
3009 3479 3222 3556 fulgura
3249 3483 3531 3538 discutiat.

2345 3573 2607 3628 Munitum
2645 3575 2846 3630 sensim
2877 3584 3099 3644 pontum
3128 3585 3179 3629 te
3207 3574 3478 3644 provehat
3501 3571 3634 3627 ultra

2416 3665 2676 3721 Flaminis
2702 3665 2939 3720 almiﬂun
2967 3666 3093 3720 alite
3121 3663 3380 3735 septiﬂui.

2345 3755 2523 3827 Atque
2553 3757 2668 3812 solo
2696 3765 2860 3813 temet
2891 3757 3046 3812 sistat
3078 3755 3264 3827 pingui
3293 3765 3352 3810 et
3381 3752 3599 3819 cereali,

2418 3847 2611 3901 Evulso
2635 3863 2853 3902 nemore
2879 3846 3094 3902 fruticis
3123 3856 3179 3900 et
3204 3845 3400 3900 silicis.

2349 3937 2748 4007 Rhetoricoque
2777 3947 2926 3992 tuum
2949 3936 3224 3993 fteeundet
3249 3944 3480 3990 nectare
3507 3944 3703 3988 sensum

2415 4027 2700 4082 Armorieo
2731 4028 2935 4096 pariter
2957 4027 3167 4083 debriet
3191 4037 3245 4081 et
3273 4026 3513 4082 modulo.

2354 4118 2636 4188 Acquisita
2668 4119 2789 4173 aliis
2826 4119 3032 4188 plectro
3057 4135 3180 4174 cum
3212 4119 3412 4174 fidibus
3435 4120 3510 4174 ita

2420 4209 2743 4263 Yinrrizante
2771 4209 2941 4280 melos
2979 4209 3216 4278 psallere
3249 4224 3388 4264 voce
3415 4223 3602 4280 queas.

2349 4300 2585 4356 Patricio
2615 4301 2772 4356 e'ecis
2797 4300 2976 4366 oculo,
3005 4300 3234 4367 claudis,
3257 4300 3574 4370 baculoque,

2419 4390 2678 4446 Ecclesia:
2699 4391 2904 4456 decori,
2931 4391 3368 4462 pauperibusque
3389 4392 3534 4448 cibo.

2353 4480 2587 4552 Orphani
2616 4491 2670 4535 et
2696 4481 2896 4547 exulis,
2926 4491 3010 4537 ast
3037 4482 3236 4552 in0pis,
3270 4482 3556 4554 viduaeque
3592 4473 3794 4549 vagantis

2424 4571 2648 4626 Summo
2689 4571 2854 4626 tutori
2887 4571 3098 4627 ordinis
3128 4582 3292 4642 atque
3319 4573 3487 4628 sacri.

2355 4661 2473 4717 lluc
2505 4663 2638 4733 pede
2663 4677 2895 4718 arenoso
2923 4677 3234 4731 quanquam
3265 4662 3578 4719 devenimus
3602 4668 3760 4726 usque.

2421 4757 2592 4812 Coeno
2618 4765 2673 4812 et
2698 4771 2887 4828 gressu
2912 4753 3222 4824 difﬁcilique
3245 4756 3354 4811 via.

2355 4847 2595 4904 Ulterius
2623 4857 2865 4902 nostrum
2891 4861 3156 4901 conamur
3182 4847 3406 4900 tendere
3430 4855 3677 4918 gressum,

2428 4939 2534 4993 Sed
2557 4952 2656 4993 nos
2678 4937 2903 4992 dilaniat
2933 4936 3176 4992 materite
3202 4936 3434 4991 novitas.

2359 5028 2476 5084 Non
2514 5030 2631 5099 opis
2652 5029 2730 5084 ire
2755 5029 2996 5098 quidem,
3028 5036 3327 5098 nostroque
3349 5025 3596 5082 insistere
3613 5026 3774 5087 (τωρωι

2428 5120 2629 5189 Nempe
2654 5118 2894 5188 fatigatis
2917 5120 3154 5189 pondere
3177 5118 3464 5189 praevideo.

2358 5213 2704 5283 Prremaguus
2727 5221 2810 5268 est
2838 5212 2996 5267 nobis
3016 5214 3036 5233 ⁶
3065 5212 3336 5267 dimittere
3373 5211 3585 5274 fascem,

2427 5307 2728 5362 Garrulitas
2749 5305 2873 5372 erit,
2907 5313 2964 5360 et
2994 5305 3281 5360 ridiculum
3309 5305 3546 5359 nimium.

2357 5399 2670 5455 Formicare
2702 5398 2887 5454 valens
2917 5395 3169 5452 informia
3193 5408 3383 5453 cuncta
3411 5403 3657 5468 potenter,

2431 5491 2686 5560 Donaque
2709 5488 3041 5544 distribuens
3078 5491 3313 5546 nectaris
3336 5487 3553 5543 uranici.

2361 5584 2596 5654 Spiritus
2626 5583 2787 5648 alme,
2817 5582 2964 5648 veni,
2995 5583 3144 5637 nasci
3176 5582 3265 5653 qui
3305 5581 3466 5636 verba
3493 5571 3686 5634 dedisti,

2432 5675 2634 5732 Sensus
2664 5674 2898 5730 accende
2923 5673 3202 5730 vivificans
3232 5674 3466 5730 hebetes.

2277 4527 2322 4591 C
