4032 6398
226 354 329 411 629

224 461 340 518 Bue
367 474 560 532 precor
592 458 793 528 aspira,
822 458 970 513 fusas
1000 474 1122 528 spes
1155 467 1317 529 atque
1344 449 1590 525 refunde,

290 549 467 605 Antra
502 549 606 604 mei
633 549 832 604 sensim
859 549 1096 619 pectoris
1126 550 1410 604 irradians.

222 639 472 712 Tangere
497 655 605 710 quo
631 641 834 709 possim
867 649 1033 695 tanta:
1067 650 1194 695 ante
1225 643 1510 698 cacumina
1546 643 1722 708 molis,

291 733 614 803 lntemptata
647 731 788 804 stylo
813 747 1038 810 surgere
1065 731 1326 800 largiflue.

219 823 482 878 Prosaico
506 821 738 878 referam
766 823 1004 879 breviter
1027 839 1363 896 quaecunque
1389 825 1581 894 relatu,

291 915 370 971 Te
397 915 675 984 collatore,
709 924 764 972 te
800 917 958 982 duce,
990 927 1042 973 te
1069 919 1300 976 artifice.

211 1050 218 1082 ι
288 1005 427 1062 Cum
458 1022 689 1076 superna
713 1007 925 1063 Demeae
947 1007 1231 1066 Trinitatis
1253 1013 1613 1082 providentia,
1640 1013 1796 1086 cujus

212 1101 351 1148 nutu
413 1096 620 1152 variata
671 1096 1002 1154 volventium
1071 1107 1368 1170 temporum
1427 1104 1796 1162 vicissitudine

211 1181 559 1240 alternantur
607 1188 812 1252 omnia,
861 1198 1110 1245 cerneret
1157 1191 1450 1248 clementer
1496 1194 1794 1252 Ecclesiam

213 1286 410 1330 sancto
453 1277 716 1347 sanguine
755 1279 1116 1349 redemptam,
1159 1284 1407 1354 sacrique
1453 1284 1796 1354 baptismatis

211 1365 379 1422 latice
409 1367 685 1438 profusius
733 1372 1098 1439 emendatam,
1137 1374 1350 1444 oleique
1392 1385 1447 1432 et
1483 1378 1796 1435 chrismatis

211 1453 428 1524 liquore
469 1457 752 1528 insigniter
783 1460 1100 1529 delibutam,
1125 1467 1510 1536 suprascriptis
1553 1470 1796 1526 breviter

210 1549 435 1605 casibus
475 1549 784 1606 immaniter
812 1552 1067 1610 afﬂictam
1099 1573 1114 1611 :
1155 1559 1427 1615 continuis
1457 1559 1794 1617 Christiano-

209 1656 334 1696 rum
379 1643 633 1712 precibus
673 1645 987 1716 suppliciter
1029 1650 1263 1720 pulsata,
1309 1669 1414 1708 non
1456 1655 1669 1712 desistit
1715 1658 1792 1714 illi

210 1731 496 1787 salutifera
552 1734 794 1802 prmbere
837 1738 1132 1810 suffragia,
1187 1757 1254 1797 ex
1304 1743 1584 1802 ferocitate
1639 1762 1794 1804 sacrm

210 1821 535 1890 gentilitatis
562 1822 828 1895 Dacigena
861 1844 874 1880 :
904 1835 964 1883 ut
992 1829 1134 1885 unde
1154 1829 1328 1887 fuerat
1377 1832 1626 1890 ﬂebiliter
1655 1837 1791 1892 ami-

209 1919 323 1975 cta,
354 1911 480 1967 inde
508 1924 652 1970 esset
677 1916 910 1973 viriliter
937 1928 1214 1990 vegetata;
1251 1931 1306 1977 et
1327 1910 1523 1993 quibus
1552 1927 1608 1981 in
1655 1943 1794 1997 prte-

210 2017 344 2072 ceps
387 2004 538 2076 lapsa
563 2047 578 2070 ,
633 2007 718 2064 his
757 2009 894 2066 caelo
936 2019 1093 2068 tenus
1129 2015 1366 2071 exultata
1409 2035 1794 2092 :quorumque

210 2104 340 2150 actu
375 2095 718 2168 ﬂoccipensa,
771 2101 962 2156 horum
1009 2118 1234 2159 munere
1276 2106 1476 2164 refecta
1512 2128 1525 2164 :
1560 2126 1790 2181 quorum

204 2185 524 2260 Vfrcquentia
567 2191 907 2259 conculcata,
940 2194 1134 2251 horum
1171 2212 1304 2254 auro
1332 2202 1666 2273 gemmisque
1703 2219 1792 2259 or-

209 2287 338 2334 nata
373 2296 644 2351 :quorum
674 2287 913 2353 prtedatu
939 2303 1204 2358 pannosa.
1232 2291 1426 2348 horum
1460 2294 1602 2349 dono
1643 2311 1792 2350 com-

208 2378 303 2440 pte
328 2371 570 2440 palliata.
603 2373 885 2432 Concretis
916 2378 1081 2448 igitur
1120 2380 1355 2438 humana
1384 2387 1638 2441 connubii
1677 2395 1816 2442 stu-‘

208 2463 406 2532 prique
425 2465 614 2534 copula
643 2465 888 2536 plurimis
910 2469 1303 2541 Dacigenarum
1324 2476 1545 2545 pubium
1571 2478 1787 2545 turmis,

209 2554 428 2626 illisque
487 2555 749 2614 bellorum
813 2561 1059 2619 incendia
1117 2564 1260 2621 inter
1310 2582 1407 2634 se,
1470 2577 1526 2625 et
1580 2571 1635 2625 in
1695 2587 1790 2641 pa-

206 2656 346 2716 tres,
385 2659 444 2707 et
473 2653 767 2710 avunculos
802 2655 1117 2727 frequenter
1142 2664 1574 2732 suggerentibus.
1597 2681 1788 2722 omnes

206 2743 498 2816 Dacigena;
517 2744 748 2816 majores
776 2756 904 2804 natu
936 2759 990 2805 et
1009 2759 1275 2821 potestate
1300 2755 1366 2810 ad
1390 2771 1566 2827 regem
1589 2773 1787 2814 couve-

205 2835 446 2902 nientes,
481 2837 732 2894 dixerunt
769 2841 1054 2898 unanimes
1083 2862 1096 2898 :
1134 2845 1453 2916 Respublica
1483 2849 1664 2904 hostili
1706 2851 1789 2906 in-

206 2929 438 2984 vasione
493 2946 632 2988 saave
669 2933 1018 3004 opprimitur,
1064 2935 1405 3008 filiorumque
1434 2949 1489 2996 et
1529 2951 1786 3013 nepotum

206 3029 522 3076 nostrorum
547 3023 872 3078 contritione
895 3027 1226 3083 concutitur.
1247 3029 1613 3087 Constitutum
1636 3049 1788 3087 nam-

756 349 845 408 DE
877 349 1130 408 GESTIS‘
1153 341 1580 408 NORMANNUE
1618 345 1857 406 DUCUM
1905 345 2084 401 LIBRI
2120 344 2404 402 TRES.—
2427 343 2552 398 L18.
2598 343 2658 398 ll.
2700 341 2946 400 ROLLO.

1821 460 1872 521 Α
1902 455 2142 508 omnium
2169 455 2429 508 virtutum
2457 454 2672 509 cumulo
2702 452 3246 524 praacellentissimus.
3269 457 3478 513 ‘Defun.

3376 345 3480 402 630

1898 554 1988 599 cto
2035 560 2161 598 Vero
2202 545 2317 608 illo,
2369 546 2787 613 supcrstiteruut
2830 546 2936 599 duo
2987 547 3078 600 lilii
3119 548 3256 617 ejus,
3308 551 3477 605 armis

1899 635 2127 696 strenui,
2155 634 2312 689 bellis
2340 635 2539 700 edocti,
2571 651 2798 704 corpore
2822 635 3192 706 pulcherrimi,
3216 641 3476 694 animosis

1899 733 2010 780 tate
2039 727 2420 780 robustissimi.
2453 726 2691 794 Quorum
2716 744 2848 783 vero
2892 731 3065 798 major
3101 742 3228 784 natu
3269 731 3471 797 Romo,

1898 813 2040 868 alter
2082 829 2210 871 vero
2247 813 2434 884 junior
2481 817 2660 873 GURIM
2706 829 3064 888 nuncupatur.
3113 819 3259 885 Quos
3309 821 3472 889 regali

1891 901 2134 973 jussioue
2165 904 2422 976 descripti
2448 904 2677 974 juvenes
2722 909 2788 960 ad
2821 909 3335 963 exterminationem
3381 927 3474 980 ag-

1897 995 2225 1066 gredieutes.
2257 1011 2502 1068 gentique
2541 997 2702 1062 tlexo,
2748 998 3008 1068 vultuque
3051 1001 3343 1064 submisso,
3385 1011 3469 1057 at-

1897 1102 2003 1156 que
2034 1087 2224 1144 humili
2275 1105 2411 1146 voce
2451 1091 2651 1147 obnixe
2689 1101 2995 1162 poscentes,
3049 1091 3301 1163 inquiunt
3336 1111 3473 1149 una-

1897 1192 2071 1234 ntmes
2094 1194 2108 1230 2

1973 1287 1992 1320 ι
2022 1268 2181 1324 Ferte
2207 1271 2364 1328 nobis
2408 1273 2693 1340 auxilium,
2721 1274 3005 1330 subvenite
3041 1276 3202 1332 nobis
3235 1277 3288 1331 iu
3317 1276 3474 1346 adju-
3573 1307 3581 1314 -

1898 1359 2095 1414 torium
2127 1378 2141 1415 :
2170 1362 2270 1417 sub
2309 1365 2475 1419 tutela
2508 1375 2702 1422 vestrae
2729 1367 3082 1436 protectionis
3114 1370 3470 1432 morabimur,

1895 1458 2248 1522 vestrumque
2294 1455 2573 1510 servitium
2624 1457 2959 1513 incessanter
3001 1457 3284 1514 faciemus.
3360 1459 3471 1514 Rex

1895 1550 2076 1597 autem
2106 1552 2290 1600 noster
2315 1545 2431 1600 vult
2467 1562 2496 1601 a
2530 1547 2690 1602 Dacia
2721 1563 2818 1603 nos
2839 1550 3228 1614 exterminare,
3271 1549 3474 1603 fundis-

1896 1646 2002 1701 que
2051 1635 2254 1690 nostris
2309 1643 2471 1706 atque
2519 1638 2796 1694 beneficiis
2846 1656 2943 1694 nos
2983 1656 3084 1710 per
3117 1641 3299 1697 omnia
3368 1642 3474 1710 prie

1895 1736 2044 1778 vare.
2072 1723 2419 1792 Miseremini,
2451 1743 2756 1798 precamur,
2791 1730 3300 1806 miseremini‘uobis
3323 1731 3471 1785 omni

1826 1803 1869 1862 B
1897 1826 1990 1880 spe
2012 1822 2067 1866 et
2093 1814 2268 1870 salute
2307 1816 2601 1872 destitutis.
2632 1836 2651 1869 ι
2683 1803 2837 1874 Tunc
2862 1821 2967 1874 duo
3004 1820 3080 1875 illi
3111 1818 3311 1876 fratres
3340 1837 3471 1889 sup-

1896 1902 2106 1971 pliciter
2127 1907 2475 1974 precantibus
2501 1909 2916 1979 responderuut,
2939 1912 3185 1968 dicentes
3214 1929 3230 1966 :
3261 1930 3280 1963 ‹
3311 1913 3472 1966 Auxi-

1839 2018 1846 2026 -
1894 1990 2148 2048 liabimur
2177 1996 2381 2066 optime
2427 2000 2600 2064 vobis,
2641 2015 2843 2070 vosque
2886 2001 3146 2071 regalium
3201 2003 3470 2057 minarum

1893 2098 2114 2141 securos
2142 2089 2342 2143 morari
2375 2089 2428 2144 iu
2461 2090 2648 2155 Dacia,
2683 2101 2846 2161 atque
2884 2108 2972 2146 res
3004 2103 3199 2148 vestrae
3227 2094 3462 2164 pr0prie-

1893 2175 2022 2231 tatis
2060 2177 2322 2234 faciemus
2361 2181 2545 2249 quiete
2588 2190 2794 2238 tenere.
2832 2203 2850 2236 ι
2885 2184 2963 2238 Illi
3001 2193 3178 2240 autem
3221 2186 3335 2240 haec
3371 2201 3471 2240 au-

1893 2267 2146 2334 dientes,
2212 2269 2455 2326 Rollouis
2501 2280 2558 2327 et
2613 2271 2803 2328 Gurim
2854 2274 3040 2329 osculo
3093 2275 3469 2344 expetiverunt

1893 2359 2076 2427 pedes,
2102 2371 2266 2430 atque
2309 2363 2452 2419 illico
2495 2381 2660 2436 super
2703 2367 2863 2422 dictis
2908 2369 3214 2437 principum
3258 2385 3470 2425 remea-

1891 2458 2013 2503 runt
2038 2451 2393 2521 gratulantes.
2425 2453 2634 2510 Interea
2662 2457 2898 2513 veridica
2919 2459 3195 2529 Opinionis
3215 2460 3469 2530 .promul-

1890 2555 2049 2614 gatur
2093 2546 2260 2612 fama,
2304 2548 2448 2620 regis
2497 2550 2671 2605 Dacia:
2713 2565 2874 2607 aures
2908 2552 3152 2622 pulsans.
3177 2555 3319 2624 quod
3357 2553 3467 2608 dux

1889 2640 2446 2708 praepotentissimus,
2492 2651 2648 2712 pater
2703 2642 2914 2699 scilicet
2965 2643 3208 2699 Rollonis
3249 2652 3306 2699 et
3354 2644 3467 2700 Gu-
3511 2669 3520 2673 -

1891 2730 1990 2783 rim
2027 2740 2174 2785 sorte
2220 2730 2492 2787 frueretur
2520 2749 2792 2803 suprema.
2827 2734 2977 2791 Tunc
3004 2751 3098 2790 rex
3135 2745 3262 2791 ante
3295 2736 3469 2790 malo-

1889 2834 2032 2883 rum,
2068 2835 2189 2890 quae
2223 2820 2326 2876 sibi
2359 2821 2447 2875 ille
2469 2821 2578 2877 dux
2618 2823 2821 2888 intulit,
2850 2825 3228 2892 reminiscens,
3257 2827 3468 2882 cunctis

1887 2911 1970 2965 Stti
2015 2912 2226 2982 imperii
2270 2913 2553 2969 accersitis
2599 2914 2974 2986 principibus,
3027 2916 3198 2986 inquit
3249 2935 3266 2972 :
3303 2936 3322 2969 ε
3363 2916 3470 2972 Vos

1894 3020 1914 3053 ι
1949 3020 2052 3058 non
2099 3004 2230 3058 latet
2258 3014 2467 3075 patrem
2513 3005 2757 3062 Rollonis
2789 3015 2844 3064 et
2881 3007 3072 3064 Gurim
3117 3024 3240 3064 esse
3275 3009 3458 3063 defun-

205 3127 314 3179 que
363 3119 567 3167 nostra:
612 3113 955 3183 antiquitatis
993 3116 1154 3171 ritum
1205 3119 1612 3186 abdicavimus,
1666 3124 1786 3180 ideo
1816 3143 1860 3204 ς
2511 3096 2834 3204 θξξοξῖηεε
2865 3096 3104 3204 illorum,
3154 3105 3211 3204 et
3257 3098 3470 3204 capiam

206 3201 450 3258 Daciscte
474 3204 648 3274 gentis
667 3204 897 3274 populus
923 3209 1318 3278 quamplurima
1345 3213 1488 3267 mala
1505 3229 1792 3285 perpessus

203 3293 539 3349 annullatur.
573 3294 806 3353 Consule
848 3298 1045 3368 igitur,
1072 3299 1211 3360 Rex.
1237 3317 1403 3372 regno
1429 3304 1533 3359 ritu
1561 3307 1792 3361 veterri-

205 3403 318 3454 mo,
349 3389 493 3458 quod
541 3405 730 3461 regere
761 3392 990 3460 paciﬁco
1028 3393 1192 3449 debes
1227 3394 1478 3465 imperio.
1524 3397 1789 3455 Pestifera

205 3481 667 3548 nequissimorum
697 3483 934 3538 hostium
975 3484 1064 3539 lue
1100 3495 1433 3555 expurgetur
1478 3489 1673 3554 Dacia,
1730 3499 1790 3546 ut

205 3571 413 3627 residui
461 3572 644 3628 vivere
680 3581 735 3629 et
765 3575 1108 3643 requiescere
1143 3577 1415 3646 possimus
1439 3594 1570 3648 pace
1601 3595 1780 3650 perpe-

206 3667 325 3714 tua.
379 3660 619 3729 Quorum
662 3663 907 3719 consiliis
959 3679 1054 3720 rex
1099 3665 1360 3721 attentius
1405 3668 1784 3737 acquiescens,

206 3767 427 3822 suaeque
457 3754 833 3824 praeceptionis
857 3756 1091 3811 edictum
1128 3771 1226 3826 per
1264 3767 1464 3813 terram
1491 3759 1574 3814 sui
1612 3759 1787 3830 impe-

205 3842 276 3896 rii
308 3842 567 3898 velociter
605 3845 864 3911 dirigens,
908 3852 970 3902 ut
1004 3845 1442 3903 describerentur
1474 3857 1707 3918 nepotes
1730 3857 1787 3905 et

206 3924 302 3982 filii
334 3943 472 3997 quos
521 3944 639 3985 sors
667 3930 932 3998 reperiret
973 3930 1325 4001 cxpulsionis,
1349 3931 1516 4000 jussit
1539 3942 1787 4004 satrapas

206 4017 355 4073 illius
411 4028 571 4074 terrae
615 4021 809 4077 adesse
858 4021 960 4077 sibi
1009 4024 1312 4094 praescripti
1363 4025 1469 4080 diei
1517 4033 1781 4097 tempore.

207 4107 594 4177 Hujusccmodi
638 4111 781 4166 fama
817 4111 1076 4179 regalium
1123 4113 1450 4184 legationum
1485 4131 1608 4171 mox
1662 4132 1786 4186 per-

205 4202 347 4257 cutit
372 4211 583 4259 mentes
620 4203 1047 4274 pubescentium.
1085 4204 1334 4275 Trepidis
1362 4207 1520 4262 anxia
1560 4219 1781 4264 senten-

208 4295 305 4350 tiis
342 4293 557 4349 illorum
586 4296 987 4357 corda-nutant.
1023 4297 1354 4366 incertisque
1385 4299 1581 4355 futuris
1603 4301 1782 4372 ignota

208 4386 493 4442 ﬂuctuant.
545 4387 958 4443 Haeretillorum
1010 4390 1344 4456 stupefactus
1389 4391 1626 4456 animus,
1665 4407 1784 4446 cer-

207 4491 348 4531 nens
391 4477 666 4547 incognita
693 4493 903 4533 sensus.
936 4476 1075 4543 Quin
1107 4478 1226 4533 illos
1277 4479 1456 4550 indiga
1492 4482 1608 4536 veri
1653 4497 1781 4535 cura
1813 4490 1863 4551 ι)

207 4568 426 4640 fatigat,
473 4585 703 4638 spesque
747 4570 955 4625 incerta
993 4570 1187 4626 dubios
1220 4570 1467 4626 dilaniat.
1510 4571 1783 4626 Incertum

205 4667 332 4715 erat
391 4658 499 4714 illis
556 4659 813 4730 praescire
876 4674 998 4730 quae
1039 4659 1310 4716 sententia
1366 4659 1683 4716 volvebalur
1731 4661 1783 4714 in

208 4751 357 4820 regis
383 4751 565 4806 corde.

279 4842 391 4896 Illis
412 4857 540 4898 vero
569 4842 622 4898 in
653 4843 844 4898 diebus
871 4856 1036 4898 senex
1063 4842 1281 4913 quidam
1319 4852 1436 4897 erat
1459 4842 1513 4897 in
1539 4842 1786 4912 partibus

210 4935 421 4998 Dacim,
463 4935 703 4989 omnium
754 4949 936 4989 rerum
986 4929 1257 4989 afﬂuentia
1296 4933 1784 5004 locupletissimus,

210 5022 796 5093 iunumerabiliumque
825 5023 1054 5079 militum
1081 5023 1382 5092 frequentia
1424 5023 1661 5092 undique
1696 5038 1785 5078 se-

209 5131 308 5171 cus
341 5115 570 5184 stipatus
602 5133 616 5169 :
645 5115 734 5184 qui
767 5129 1039 5183 nunquam
1076 5113 1210 5168 colla
1254 5129 1364 5169 sua:
1400 5113 1630 5168 cervicis
1668 5112 1785 5167 cui:

212 5205 354 5275 piam
403 5204 514 5274 regi
574 5203 786 5274 subegit
841 5217 942 5260 nec
993 5201 1279 5269 cujuslibet
1329 5203 1579 5256 manibus
1612 5200 1786 5270 gratia

211 5295 421 5351 servitii
463 5308 656 5351 manus
692 5310 819 5350 suas
859 5294 1288 5350 commendando
1330 5293 1633 5348 commisit.
1683 5292 1784 5359 Qui

213 5385 391 5440 Dacia:
433 5381 659 5455 regnum
713 5399 850 5456 pene
892 5383 1206 5438 universum
1251 5382 1559 5450 possidens,
1603 5380 1787 5435 attines

213 5473 392 5528 Dacia:
418 5481 476 5528 et
525 5472 732 5527 Alanire
766 5482 942 5527 terras
970 5471 1071 5526 sibi
1102 5472 1415 5534 vindicavit,
1458 5470 1788 5540 populosque

213 5563 316 5618 sibi
359 5561 562 5632 prteliis
588 5561 1003 5633 quamplurimis
1033 5561 1085 5616 vi
1131 5571 1184 5616 et
1223 5569 1493 5630 potestate
1530 5558 1786 5630 subjuga-

215 5654 314 5709 vit.
363 5653 496 5709 Erat
540 5653 686 5709 enim
731 5653 972 5710 omnium
1017 5651 1372 5709 Orientalium
1416 5651 1790 5722 praestantiore

216 5743 419 5800 virtute
448 5743 991 5806 ormoolentissimus,
1017 5753 1444 5806 cunctarumque
1466 5748 1788 5810 exaggerato

1898 3201 1917 3235 ε
1958 3184 2120 3238 urbes
2168 3193 2225 3239 et
2276 3194 2494 3251 castra,
2555 3194 2718 3256 atque
2766 3188 3129 3242 munitissima
3183 3188 3335 3252 loca,
3391 3189 3444 3242 ul

1897 3291 1918 3325 ι
1949 3273 2230 3342 ciscarque
2254 3273 2396 3330 facta
2420 3275 2594 3345 patris
2624 3276 2675 3329 in
2710 3275 2870 3340 filios,
2904 3293 3108 3345 eosque
3139 3277 3466 3332 conterenda

1899 3380 1919 3414 ι
1955 3363 2197 3419 satiabor
2222 3379 2384 3434 super
2406 3365 2563 3421 malis
2590 3365 2826 3421 illorum.
2861 3367 2972 3422 Vos
2999 3377 3322 3436 vestrosque
3345 3384 3454 3437 pre-

1896 3471 1916 3506 t
1950 3469 2045 3509 cor
2099 3464 2399 3524 praeparate
2454 3456 2522 3511 ad
2576 3457 2706 3512 talia
2776 3460 2988 3528 negotia
3047 3459 3408 3528 adimplenda.
3441 3476 3461 3510 ι

1893 3547 2251 3602 Denominato
2283 3549 2448 3620 igitur
2488 3550 2720 3604 termino
2760 3549 3128 3619 profectionis,
3187 3551 3464 3606 undecun-

1889 3653 1995 3708 que
2042 3649 2303 3694 venerant
2365 3641 2695 3710 repetlarunt
2743 3656 2866 3696 cum
2924 3643 3059 3698 suis.
3120 3641 3243 3697 Mox
3295 3641 3462 3698 eﬂ'era

1890 3729 2068 3785 Daciae
2090 3730 2367 3800 juventus,
2392 3731 2562 3785 nimio
2597 3746 2849 3786 curarum
2880 3730 3094 3786 inhians
3135 3731 3312 3794 mstui,
3344 3746 3464 3800 qua:

1888 3818 2170 3872 commoda
2219 3827 2342 3874 sunt
2381 3829 2652 3890 prmparat
2693 3820 2843 3874 nullo
2887 3819 3153 3890 profectu.
3208 3819 3273 3874 Hi
3317 3819 3465 3887 leves

1889 3907 2125 3979 clypeos,
2169 3908 2451 3979 lucidaque
2479 3911 2705 3979 spicula,
2733 3910 2912 3966 fabrili
2955 3911 3122 3966 adulti
3165 3919 3282 3965 arte
3314 3925 3463 3966 com-

1887 4011 2115 4071 ponunt.
2143 4001 2206 4056 lli
2237 4001 2364 4068 tela,
2396 4018 2688 4072 ensesque,
2725 4013 2891 4072 atque
2935 4018 3155 4058 secures
3191 4012 3314 4058 cote
3365 4015 3463 4060 ex:

1888 4099 2111 4145 acuunt.
2142 4092 2249 4147 Alii
2295 4102 2410 4148 tuta
2446 4094 2683 4162 capitum
2724 4093 2979 4162 tegmina,
3007 4092 3216 4146 scilicet
3243 4091 3461 4162 galeas;

1887 4183 1978 4238 alii
2008 4185 2152 4239 ferro
2181 4199 2423 4256 auroque
2469 4186 2678 4240 trilices
2724 4184 2940 4248 loricas,
2974 4183 3224 4239 thoracas
3254 4183 3464 4238 scilicet

1889 4273 2116 4330 faciunt.
2153 4275 2294 4343 Quin
2333 4277 2497 4332 etiam
2530 4277 2707 4348 patria
2745 4276 2850 4332 tela
2893 4285 3194 4345 recoquunt
3223 4274 3462 4329 fornaci-

1887 4364 2028 4430 bus,
2083 4376 2456 4436 renovantque
2511 4367 2759 4422 cudibus.
2818 4364 2986 4434 Hujus
3046 4365 3121 4420 rei
3187 4365 3461 4434 inopinata

1889 4451 2029 4507 fama
2077 4453 2319 4509 Rollonis
2347 4465 2402 4510 et
2444 4455 2632 4510 Gurim
2690 4470 2852 4510 aures
2891 4454 3216 4524 perlabitur,
3257 4463 3311 4507 ct
3340 4453 3461 4507 talis

1889 4543 2171 4600 relationis
2225 4559 2476 4600 sermone
2530 4545 2938 4615 perturbantur.
3003 4544 3103 4610 Qui
3163 4553 3461 4597 convocata

1886 4635 2106 4704 copiosa
2146 4651 2310 4688 manu
2341 4635 2775 4705 congruentique
2804 4636 3089 4704 pubertate
3129 4631 3458 4698 florentium,

1886 4731 2322 4794 congregataque
2366 4724 2712 4778 multitudine
2785 4723 2974 4778 mediae
3017 4722 3223 4785 aetatis,
3268 4737 3459 4776 senum

1886 4823 2050 4884 atque
2071 4817 2136 4868 ad
2155 4814 2628 4870 exterminandum
2642 4814 3054 4884 descriptorum,
3077 4811 3233 4868 elatis
3257 4813 3460 4868 dextris

1886 4908 2145 4962 mandant
2169 4908 2463 4962 silentium.

1957 4997 2355 5055 Tumultuantis
2381 5001 2557 5071 populi
2590 5016 2864 5056 murmure
2890 5001 3102 5072 penitus
3137 5001 3343 5064 sedato,
3373 5015 3457 5055 se—

1887 5092 2078 5162 disque
2097 5093 2338 5149 decentis
2367 5102 2616 5164 suggestu
2639 5092 2939 5147 sublimiter
2966 5092 3188 5146 Rullone
3211 5078 3462 5155 suffecto,

1889 5185 2007 5240 iniit
2051 5200 2149 5240 ore
2181 5184 2433 5241 melliﬂuo
2463 5203 2476 5238 :
2515 5204 2534 5237 ι
2569 5184 2693 5252 Vos,
2729 5185 2925 5254 quibus
2947 5182 3456 5250 incalescitjuveni-

1887 5276 1955 5332 lis
1995 5277 2182 5340 ardor,
2216 5277 2418 5346 quique
2452 5275 2584 5332 ﬂore
2622 5274 3016 5344 prmstautioris
3059 5273 3176 5328 istis
3216 5274 3454 5339 virtutis,

1888 5368 2157 5438 alloquor.
2182 5367 2376 5422 Solerti
2402 5366 2680 5438 proposito
2706 5363 3032 5419 reverendos
3063 5365 3266 5433 patres,
3299 5378 3458 5432 avos-

1889 5475 1996 5527 que
2038 5467 2096 5515 et
2135 5474 2363 5529 proavos
2405 5459 2759 5514 imitaminor.
2798 5456 3170 5514 Convalescite
3204 5457 3454 5521 viriliter,

1889 5563 1945 5608 et
1987 5550 2426 5614 confortaminor,
2467 5561 2524 5606 et
2566 5565 2636 5606 ne
2679 5559 2738 5604 ut
2782 5550 3059 5621 equiperis
3106 5551 3314 5606 vicibus
3349 5548 3456 5604 illis

1889 5643 2117 5698 valeatis
2140 5651 2504 5711 congruenter
2531 5641 2824 5698 convenire
2859 5643 3290 5710 dedignaminor.
3338 5642 3448 5697 Rex

1891 5733 2154 5804 siquidem
2188 5729 2354 5807 hujus
2387 5733 2537 5804 regni
2576 5733 2798 5790 molitur
2845 5747 2944 5790 nos
2983 5732 3322 5806 supergredi,
3353 5747 3452 5787 uo-
