3952 5346
503 241 509 246 ’
542 237 640 287 651

1523 233 1820 290 DUDONIS
1857 231 2103 288 DECAN
2131 231 2187 286 S.
2218 229 2522 296 ρυιλτιΝι
2548 226 2921 287 VIROMAND.

3677 221 3768 282 63!

543 360 776 419 stneque
819 347 1190 403 monarcbiam
1241 347 1461 405 ditionis
1505 348 1777 410 invadere.
1825 361 2030 418 nosque
2067 354 2122 403 et
2151 355 2197 415 Α
2225 345 2373 404 Illum
2405 345 2598 403 ditabit
2635 343 2986 418 locupletans,
3012 342 3381 413 mumﬁcabit;

542 457 640 496 vos
679 454 869 495 omnes
903 439 1152 509 perdere,
1181 447 1237 493 et
1265 448 1552 509 antequam
1578 437 1978 493 haereditariam
2025 452 2122 492 no-

542 540 671 587 strae
707 529 1092 585 dominationis
1129 539 1329 584 terram
1375 530 1669 600 mancipet,
1713 529 1794 585 sui
1843 528 2122 600 regiminis

543 631 746 677 terram
774 620 1122 689 anticipando
1139 635 1595 690 praeoccupemus,
1627 620 2007 690 hostiliterque
2032 635 2120 676 re-

543 713 787 768 sistendo
828 713 1078 768 adventui
1132 712 1267 782 ejus.
1306 731 1325 764 »
1390 712 1533 768 Illico
1587 728 1776 770 omnes
1823 713 1906 770 bis
1964 714 2123 770 dictis

543 802 748 860 hilares
778 803 978 872 regiam
1004 810 1207 858 terram
1233 802 1565 873 conglobatis
1595 802 1926 859 exercitibus
1968 804 2120 858 inva~

541 903 750 959 serunt,
805 903 1082 964 totamque
1125 894 1382 950 saeviente
1431 894 1662 948 vulcano
1704 893 2120 965 depopularuut.

544 985 672 1043 Haec
696 996 878 1042 autem
909 1001 1004 1041 rex
1035 986 1280 1053 audiens,
1306 995 1493 1041 contra
1516 985 1796 1041 Rollonem
1819 995 1874 1040 et
1899 987 2121 1039 fratrem

504 1068 516 1154 ρ
543 1075 663 1146 ejus
685 1077 890 1148 peregit
915 1077 980 1131 ad
1003 1076 1267 1147 prmlium,
1293 1077 1490 1148 diuque
1508 1078 1813 1133 dimicando
1833 1087 1980 1147 terga
2002 1094 2123 1132 ver-

545 1172 612 1223 tit
659 1167 872 1239 fugiens
929 1169 997 1224 ad
1037 1169 1288 1238 praesidia
1339 1171 1575 1224 urbium.
1619 1168 1771 1224 Tunc
1824 1169 1981 1223 Bello
2036 1168 2120 1223 sui

543 1257 819 1314 exercitus
848 1267 1090 1312 mortuos
1112 1258 1380 1328 sepelivit,
1421 1259 1562 1328 regis
1592 1267 1773 1312 autem
1813 1257 2122 1312 inhumatos

542 1347 782 1418 reliquit.
817 1345 987 1402 Unius
1013 1361 1144 1403 vero
1166 1346 1319 1402 lustri
1358 1349 1534 1417 spatio
1559 1356 1945 1417 perseverante
1983 1346 2125 1402 inter

543 1451 727 1507 regem
753 1445 811 1493 et
830 1435 1114 1495 Rollonem
1140 1437 1360 1504 duellio,
1391 1438 1540 1494 misit
1564 1453 1657 1492 rex
1683 1438 1924 1508 paciﬁcis
1945 1438 2124 1494 verbis

547 1531 616 1585 ad
655 1544 780 1585 eum
826 1527 1135 1600 huiusmodi
1185 1530 1239 1585 in
1293 1530 1415 1587 dolo
1447 1545 1462 1585 :
1495 1549 1514 1582 ι
1549 1530 1696 1585 Nihil
1740 1530 1870 1585 mibi
1909 1540 1964 1586 et
2005 1531 2121 1597 tibi,

542 1619 648 1674 nisi
679 1619 855 1692 gratia
882 1620 1322 1692 propinquitatis.
1351 1621 1421 1677 Ut
1449 1621 1754 1691 requiescat
1795 1621 2120 1692 respublica,

2222 441 2449 498 Francia
2477 442 2650 511 deque
2671 441 2778 494 tuis
2799 439 2995 510 genitis
3023 437 3246 494 fecunda
3269 437 3465 501 beatis,

2224 533 2508 604 Spermate
2535 531 2797 587 nobilium
2821 529 3094 585 concretis
3113 527 3584 591 Christicolarum,

2222 627 2506 698 Dacigenis
2535 642 2659 682 cum
2689 623 3039 696 Francigenis
3074 632 3181 679 tam
3209 621 3535 693 paciﬁcatis,

2222 722 2416 793 Gignet
2442 721 2766 792 producens,
2805 727 3090 789 expurget,
3118 715 3359 786 proferet
3388 715 3584 789 ingens

2223 813 2418 883 Reges,
2445 810 2856 882 pontiﬁcesque,
2894 809 3078 872 duces,
3107 809 3354 872 comites,
3389 817 3786 889 proceresque:

2225 907 2338 962 Sub
2358 905 2557 976 quibus
2584 902 2736 958 orbis
2758 915 2928 956 ovans
2959 899 3182 970 pollebit
3209 899 3457 967 principe
3487 895 3724 960 Christo,

2223 1001 2291 1056 Et
2318 999 2512 1070 quibus
2540 995 2782 1053 ecclesize
2809 993 3243 1050 fecundabuntur
3265 993 3490 1061 ubique,

2223 1091 2398 1160 Atque
2430 1102 2566 1142 novo
2605 1101 2856 1157 quorum,
2885 1082 3214 1154 gaudebunt,
3242 1092 3465 1152 perpete
3495 1079 3728 1148 Christo,

2224 1179 2351 1245 Ter,
2384 1179 2643 1246 trinmque
2673 1177 2868 1246 quibus
2896 1174 3219 1244 baptismate
3247 1171 3571 1243 puriﬁcatis,

2222 1270 2340 1327 Jam
2365 1284 2618 1340 superum
2653 1278 2845 1322 turmae
2871 1267 3093 1320 decimae
3121 1266 3242 1320 vice
3267 1264 3492 1334 perdita:
3521 1265 3742 1320 adacta

2293 1362 2538 1432 Cumque
2587 1360 2677 1416 diu
2725 1359 2933 1414 Scanza
2981 1356 3152 1412 insula
3191 1351 3434 1412 maestus
3480 1364 3796 1420 moraretur,

2225 1456 2561 1523 sollicitaque
2615 1449 3024 1520 contorquentis
3075 1447 3436 1502 animositatis
3487 1446 3797 1517 cogitatione

2225 1555 2461 1601 aestuans
2507 1542 2790 1597 moliretur
2827 1549 2885 1593 ut
2918 1537 3296 1594 vindiearetse
3318 1537 3383 1592 de
3407 1535 3645 1591 inimicis
3665 1535 3796 1598 suis;

2227 1636 2576 1707 plurimique,
2611 1647 2745 1702 quos
2774 1631 2987 1700 fugarat
3015 1629 3081 1684 de
3121 1628 3281 1684 Dacia
3323 1625 3520 1698 regalis
3559 1624 3800 1680 immani-

541 1724 740 1780 precor
783 1710 1058 1780 permim’
1101 1721 1160 1765 ⁸η
1205 1711 1348 1780 ⁴Ῑ¹¹⁰ί¹
1406 1709 1678 1780 "'eijuris
1719 1720 1821 1777 es"
1864 1725 2124 1780 meusque
2155 1699 2198 1758 Β
2229 1699 2426 1795 tas,.ad
2462 1699 2583 1782 eum
2610 1699 3034 1786 reverterentur,
3070 1723 3244 1777 fessos
3290 1720 3476 1775 labore
3521 1726 3695 1781 artus,
3721 1730 3804 1770 soo

539 1811 718 1873 pater,
765 1804 965 1870 tenuit,
1011 1803 1171 1858 liceat
1215 1804 1484 1874 palienlet'
1529 1819 1615 1860 me
1648 1804 1927 1874 possidere
1973 1822 1987 1857 :
2031 1804 2126 1858 tibi

542 1905 725 1949 autem
748 1895 892 1965 quod
925 1897 998 1950 tui
1023 1896 1180 1967 juris,
1211 1898 1464 1968 quodque
1487 1907 1626 1952 tuus.
1659 1895 1847 1967 Sitque
1876 1896 2019 1952 inter
2045 1911 2130 1952 me

545 1993 604 2038 et
654 1994 706 2039 te
738 2001 840 2056 pax
883 1993 938 2040 et
983 1988 1274 2049 concordia
1328 1987 1689 2044 inextricabili
1735 1987 1942 2043 findere
1982 2001 2132 2042 com-

543 2087 722 2150 pacta.
761 2099 780 2133 ι
831 2079 982 2136 Tunc
1016 2080 1173 2140 Rolfo
1222 2089 1276 2136 et
1307 2079 1522 2147 Gurlm,
1563 2081 1885 2152 iiiorumque
1933 2080 2130 2136 milites

544 2178 711 2242 atque
759 2169 1014 2242 descripti
1065 2172 1132 2227 ad
1169 2171 1659 2236 exterminandum,
1695 2186 1884 2242 pacem
1922 2169 2130 2226 collau‘

549 2261 838 2322 (laverunt.
883 2263 1252 2318 Detertninato
1288 2263 1451 2333 igitur
1484 2261 1832 2332 conjurandte
1879 2261 2132 2317 amicitia:

547 2366 815 2426 tempore,
848 2365 1074 2427 uterque
1098 2357 1246 2411 venit
1272 2357 1337 2410 ad
1365 2356 1618 2426 placitum
1639 2373 1652 2410 :
1672 2355 1870 2410 mutuis
1897 2354 2134 2408 muneri-

549 2449 654 2503 bus
688 2449 842 2514 (litati
871 2447 1121 2508 fwderati
1174 2459 1321 2507 sunt.
1354 2449 1598 2519 Denique
1637 2448 1873 2518 perﬁdus
1906 2462 2000 2500 rex
2041 2445 2134 2500 do-

550 2538 826 2596 lositatom
864 2551 1140 2610 concepta:
1170 2539 1378 2595 fraudis
1408 2541 1606 2595 infesto
1634 2539 1798 2594 corde
1825 2538 2132 2600 ruminans,

549 2639 850 2689 convocato
905 2631 1137 2702 quodam
1201 2631 1444 2686 exercitu
1495 2645 1630 2696 suo,
1689 2639 1851 2684 noctu
1901 2643 2134 2698 pergens

553 2733 744 2779 contra
801 2723 952 2789 illos,
1004 2724 1370 2793 invadensque
1419 2724 1553 2779 ﬁnes
1603 2723 1846 2788 illorum,
1901 2721 2130 2776 abscon-

550 2814 798 2883 densquc
837 2813 1062 2868 insidias
1105 2829 1270 2884 prope
1301 2815 1498 2868 muenia
1531 2813 1789 2878 civitatis,
1818 2823 2136 2883 oppugnare

551 2905 740 2984 carpit.
769 2906 922 2962 Tunc
971 2907 1125 2962 Rollo
1155 2916 1210 2961 et
1238 2905 1446 2970 Gurim,
1478 2916 1532 2962 et
1564 2908 1653 2977 qui
1696 2923 1818 2961 cum
1847 2921 1912 2961 eo
1953 2914 2133 2971 erant,

551 2997 872 3059 exsilientcs
896 2998 962 3054 de
991 2999 1235 3066 civitate,
1279 2999 1744 3070 persequebantur
1770 3013 1951 3065 regem
1987 3005 2135 3068 terga

553 3098 910 3156 vertentem,
979 3087 1272 3162 fugamque
1333 3090 1701 3147 simulantem.
1774 3087 2136 3158 Transgresso

553 3179 723 3248 igitur
745 3179 920 3234 locum
952 3181 1272 3236 insidiarum
1305 3179 1551 3244 Rollone,
1581 3195 1708 3250 pars
1735 3179 1982 3248 quaedam
2015 3177 2136 3242 illa-

555 3285 681 3332 rum
709 3270 775 3325 de
811 3269 1048 3336 latibulis
1073 3285 1314 3340 egressa,
1360 3272 1490 3342 petit
1522 3271 1732 3332 urbem.
1766 3269 1939 3336 Quam
1972 3267 2138 3330 armis

557 3361 705 3432 geris
748 3377 973 3417 vacuam
1017 3361 1316 3427 invenient,
1350 3362 1622 3427 incendit;
1661 3345 2009 3430 onmiumque
2044 3375 2139 3414 su-

557 3452 909 3522 pellectilium
955 3453 1126 3522 spolia
1169 3451 1270 3513 sibi
1324 3452 1535 3510 detulit.
1583 3452 1839 3519 Qumdatn
1880 3465 2010 3504 vero
2050 3463 2138 3504 sev

555 3546 828 3616 quebatnr
892 3546 1217 3611 Rollonem,
1303 3561 1484 3616 regem
1547 3545 1730 3600 hostili
1802 3543 2142 3600 immanitate

554 3639 857 3710 fugantent.
907 3638 1152 3694 Cernens
1207 3646 1388 3692 autem
1443 3652 1533 3691 rex
1587 3637 1864 3690 incensam
1919 3634 2139 3698 urbem,

555 3731 894 3800 insidiasque
956 3729 1289 3800 praevalere,
1364 3736 1736 3795 retrogressus
1798 3725 2144 3797 prmliabatur

557 3833 751 3880 contra
779 3824 948 3878 illum.
973 3824 1140 3879 Czcsis
1163 3839 1294 3893 ergo
1319 3838 1384 3877 ex
1412 3831 1564 3892 parte
1594 3820 1784 3884 Rollqn
1805 3802 2145 3896 sOquamplu-

560 3916 736 3980 ribus,
783 3915 982 3972 cecidit
1015 3915 1203 3977 Gjurim
1244 3913 1415 3978 frater
1439 3911 1557 3981 ejus
1593 3911 1645 3966 in
1689 3909 1894 3980 praelia.
1944 3906 2145 3964 Vidcns

563 4021 746 4064 autem
788 4009 946 4076 Rullo
985 4025 1046 4068 se
1099 4009 1240 4074 inter
1285 4019 1577 4076 utrumque
1606 4003 1930 4067 exercitum,
1975 4016 2143 4054 unum

562 4101 746 4173 fugant
811 4101 1199 4168 simulantem,
1259 4101 1489 4156 alterum
1549 4097 1773 4152 latebris
1823 4110 2142 4166 egressum,

559 4196 901 4276 Iratremque
923 4208 1224 4264 mortuum;
1260 4198 1346 4251 vix
1381 4195 1638 4260 livoribus
1666 4193 1914 4264 plurimis
1940 4191 2148 4245 lacera.

555 4300 678 4356 —Ins,
709 4305 832 4345 cum
864 4291 1052 4360 paucis
1080 4289 1297 4350 divertit
1327 4289 1393 4342 ab
1426 4288 1525 4352 eis,
1567 4285 1717 4342 Tunc
1747 4300 1837 4339 rex
1871 4283 2144 4345 obsidens,

2229 1836 2360 1892 pore
2407 1830 2730 1888 oppressos,
2787 1830 2890 1869 vox
2942 1813 3122 1868 divina
3179 1812 3252 1866 illi
3311 1810 3522 1873 sonuit,
3565 1809 3742 1864 dicens
3786 1824 3798 1860 :

2235 1933 2254 1966 ι
2288 1911 2466 1978 Rollo,
2501 1910 2762 1966 velociter
2807 1921 2986 1977 surge,
3024 1913 3248 1974 pontum
3292 1901 3622 1958 festinanter
3661 1898 3804 1954 navi-

2235 2025 2254 2058 ι
2289 2005 2378 2075 gio
2406 2012 2765 2064 transmeans,
2793 1998 2860 2052 ad
2884 1995 3085 2067 Anglos
3107 2009 3268 2066 perge
3296 2012 3309 2048 :
3336 1992 3426 2047 ubi
3451 1992 3643 2046 audies
3671 1989 3803 2060 quod

2237 2117 2256 2149 ι
2293 2097 2359 2151 ad
2405 2093 2634 2165 patriam
2675 2105 2863 2162 sospes
2908 2087 3231 2151 reverteris,
3274 2092 3646 2155 perpetuaque
3687 2095 3809 2151 pace

2238 2207 2257 2240 ι
2296 2188 2348 2242 in
2377 2203 2439 2242 ea
2462 2187 2580 2241 sine
2605 2185 2931 2241 detrimento
2962 2181 3178 2236 frueris.
3209 2199 3228 2231 ι
3261 2178 3375 2234 Hoc
3404 2177 3674 2232 somnium
3697 2189 3809 2228 cum

2233 2279 2444 2334 cuidam
2490 2275 2720 2346 sapienti
2759 2274 2876 2330 viro
2918 2281 2971 2326 et
3005 2268 3344 2326 Christicolas
3386 2265 3687 2328 retulisset,
3717 2263 3810 2316 hu-

2227 2369 2463 2441 jusmodi
2494 2379 2744 2423 sermone
2791 2361 3177 2435 interpretatus
3214 2367 3342 2415 est:
3379 2375 3399 2409 ι
3439 2355 3519 2410 Tu
3570 2363 3814 2424 vergente

2233 2464 2446 2520 venturi
2491 2461 2749 2532 temporis
2785 2472 2947 2513 cursu
2985 2459 3335 2510 sacrosancto
3367 2449 3694 2520 baptismate
3722 2460 3814 2515 pu-

2236 2554 2573 2618 riﬁcaberis,
2618 2551 3034 2622 przedignusque
3077 2541 3402 2602 Christicola
3443 2537 3701 2596 efﬁcietis
3728 2553 3740 2588 :
3768 2543 3816 2590 et

2237 2651 2305 2705 ab
2332 2664 2519 2705 errore
2548 2644 2857 2702 ﬂuctuantis
2887 2640 3068 2698 smculi
3111 2638 3178 2694 ad
3213 2634 3435 2707 Anglos,
3463 2633 3681 2689 scilicet
3720 2628 3818 2683 An.

2236 2741 2415 2812 gelos,
2461 2753 2632 2808 usque
2680 2736 2808 2791 olim
2863 2731 3178 2805 pervenies,
3225 2739 3526 2798 pacemque
3573 2719 3818 2792 perennis

2237 2831 2420 2902 gloria:
2444 2844 2564 2884 cum
2589 2827 2695 2883 illis
2717 2824 2959 2882 habebis.
2994 2844 3011 2876 ι
3038 2821 3188 2876 illico
3209 2819 3328 2874 vela
3359 2816 3590 2870 navibus
3614 2823 3815 2884 aptans,

2237 2921 2512 2990 remisque
2553 2933 2648 2973 eas
2686 2929 2981 2980 exornans,
3009 2921 3173 2981 atque
3216 2907 3511 2970 frumento,
3540 2903 3694 2963 vino,
3725 2908 3822 2990 ter-

2239 2988 2436 3082 gisque—
2465 3025 2621 3065 suum
2658 3021 2751 3061 eas
2784 3018 3044 3068 onerans,
3070 2998 3358 3056 velivolum
3391 3007 3546 3050 mare
3575 2988 3822 3046 celeriter

2239 3079 2544 3173 permeans,
2574 3097 2778 3168 Anglos
2815 3093 3148 3167 aggreditur,
3182 3088 3362 3158 ibique
3405 3082 3610 3162 morari
3650 3079 3821 3173 quiete

2239 3169 2331 3251 diu
2386 3193 2711 3264 suSpicatur.
2760 3187 3056 3242 Audientes
3113 3190 3292 3238 autem
3359 3176 3505 3234 illius
3566 3169 3821 3264 territorii

2240 3261 2524 3358 pagenses,
2557 3282 2700 3352 quod
2732 3279 2885 3335 Rollo
2909 3277 3084 3332 Dacus
3115 3271 3413 3334 adveniret,
3444 3267 3620 3323 aciem
3658 3261 3823 3358 maxi-

2241 3351 2388 3434 mam
2425 3351 2614 3431 contra
2650 3371 2798 3431 illum
2843 3371 3296 3427 constrinxerunt,
3340 3372 3577 3428 eumque
3623 3353 3694 3409 ab
3727 3351 3824 3408 illis

2243 3468 2440 3522 ﬁnibus
2471 3465 2656 3534 fugare
2689 3459 2866 3515 conati
2908 3465 3052 3513 sunt.
3081 3453 3183 3522 Qui
3213 3464 3365 3506 more
3395 3447 3559 3503 solito
3595 3443 3666 3498 ad
3692 3455 3823 3512 pra-

2243 3559 2373 3614 lium
2397 3555 2770 3612 indubitanter
2796 3550 2904 3605 illis
2931 3546 3193 3609 occurrit,
3217 3541 3590 3612 plurimosque
3613 3534 3820 3588 illorum

2244 3649 2555 3721 prostravit,
2585 3657 2750 3715 atque
2778 3654 3100 3697 czrtcrorum
3137 3637 3261 3704 fuga
3295 3629 3626 3690 vertentium
3672 3624 3821 3721 dorsa

2245 3716 2398 3798 basta
2430 3738 2696 3809 fatigavit.
2740 3735 2984 3802 Denique
3029 3741 3293 3801 pagenses
3336 3721 3614 3794 prioribus
3654 3716 3823 3788 plures

2245 3838 2662 3892 coacervantes,
2713 3833 2904 3880 contra
2957 3819 3241 3878 Rollonem
3288 3815 3485 3870 iterum
3532 3809 3706 3864 aciem
3745 3819 3822 3859 ro-

2245 3925 2617 3982 bnstissimam
2665 3920 2927 3990 dirigunt,
2976 3927 3210 3981 eumque
3255 3906 3527 3972 occidere.
3568 3911 3666 3958 aut
3713 3899 3822 3968 fuga

2247 4017 2354 4070 labi
2403 4021 2690 4068 conantur.
2731 4009 2821 4064 lllc
2865 4022 2992 4061 vero
3043 4003 3237 4059 studiis
3269 3998 3393 4055 belli
3423 3997 3673 4058 edoctus,
3711 4005 3820 4046 cer-

2250 4107 2576 4174 taminisque
2615 4101 2942 4156 necessitate
2981 4093 3334 4165 asperrimus,
3367 4087 3519 4159 galea
3561 4079 3822 4174 aur-omni.

2249 4199 2400 4255 riﬁce
2436 4172 2673 4264 compta,
2710 4189 2979 4258 trilicique
3024 4185 3190 4240 lorica
3237 4181 3477 4243 indutus,
3511 4183 3710 4231 contra
3740 4172 3824 4225 ob-

2244 4291 2579 4364 jurgantium
2613 4295 2668 4340 et
2699 4279 3156 4354 proﬁciscentium
3188 4276 3241 4330 in
3272 4287 3331 4328 se
3361 4284 3571 4326 turmas
3600 4265 3824 4336 armigev

563 4391 620 4436 ei
666 4383 886 4452 εορῑοιιε
919 4381 1098 4445 Ul‘bC-‘i.
1132 4379 1386 4452 ροριιιυηι
1437 4388 1624 4442 (Ζοιὶινίι
1673 4392 1732 4432 SC
1767 4377 2143 4447 obiurgante"!
2177 4385 2222 4443 D
2246 4361 2363 4448 ras,
2397 4382 2479 4435 vel
2517 4383 2654 4434 ciler
2679 4386 2841 4446 atque
2869 4371 3240 4428 indubitanter
3265 4362 3530 4436 perrexit,
3555 4361 3823 4452 milliaque

569 4472 671 4527 sibi
721 4470 1047 4544 subiugavit.
1083 4471 1239 4538 [lolio
1285 4485 1415 4524 vero
1446 4469 1646 4533 morari
1696 4483 1803 4524 non
1852 4467 2038 4525 valens
2091 4465 2142 4519 in

566 4563 753 4628 Dacia,
788 4573 1012 4635 prppter
1045 4577 1228 4638 regem
1266 4559 1515 4616 difﬁdens
1545 4560 1649 4630 sui,
1695 4560 1958 4614 Seansam
1998 4556 2150 4610 insu-

567 4657 675 4712 lam
708 4673 832 4723 cum
877 4673 971 4722 sex
1017 4657 1244 4720 navibus
1301 4671 1591 4732 aggressus
1631 4662 1736 4708 est.
1778 4652 1929 4707 Tunc
1983 4650 2147 4706 Dacia

567 4752 660 4822 pio
699 4751 861 4816 duce,
902 4748 1228 4819 patritioque
1267 4757 1431 4817 atque
1472 4746 1852 4800 robustissimo
1889 4745 2150 4802 advocato

563 4840 816 4914 privata,
880 4857 1076 4923 magno
1130 4840 1334 4919 eiulatu
1387 4853 1650 4901 concussa
1700 4835 1866 4916 erepit
1921 4834 2148 4898 nimium

562 4932 715 4989 flere.

1178 5037 1545 5086 arosrnorna.

567 5114 755 5182 Dacia,
786 5124 934 5172 sorte
963 5125 1103 5181 tuos,
1130 5129 1250 5188 quae
1274 5113 1441 5171 Gallis
1469 5113 1638 5177 mittis
1665 5111 1938 5179 alumnos,

572 5209 756 5277 Indiga
782 5208 1034 5278 promissi
1065 5208 1201 5273 veri,
1229 5207 1449 5268 dabitur
1478 5207 1621 5276 quod
1656 5205 1724 5260 ab
1751 5204 1935 5266 astris,

575 5296 830 5346 l’rmsanii
857 5306 912 5346 et
941 5299 1140 5346 meriti-
1172 5298 1370 5346 mercis
1403 5314 1506 5346 non
1533 5311 1700 5346 gnara
1734 5293 1952 5346 futurae.

2250 4479 2464 4534 illorum
2495 4471 2807 4528 immaniter
2829 4463 3143 4538 prostravit,
3166 4461 3392 4516 victrice
3417 4471 3607 4520 manu,
3642 4449 3821 4508 celeri-

2250 4586 2357 4642 que
2400 4582 2563 4624 cursu
2605 4562 2866 4634 profugos
2906 4568 3260 4630 persequens,
3291 4550 3600 4618 multosque
3637 4543 3821 4642 princi-

2250 4639 2376 4736 pum
2426 4661 2678 4730 capiens,
2727 4655 2904 4710 locum
2956 4648 3126 4720 przelii
3179 4655 3486 4707 revertens,
3532 4639 3817 4695 occisorum

2251 4729 2671 4824 corporaiterra
2722 4745 2937 4809 condit,
2994 4749 3330 4808 ceterosque
3379 4734 3554 4806 plagis
3610 4729 3817 4824 infectos

2251 4819 2586 4916 deportavit,
2655 4847 2949 4908 captosque
3011 4832 3265 4888 navibus
3309 4825 3628 4885 connexuit.
3685 4819 3813 4874 'l‘unc

2255 4939 2492 4995 trimodo
2536 4948 2722 4990 errore
2765 4941 3030 4990 :estuans,
3082 4927 3126 4981 si
3169 4925 3387 4980 Daciam
3434 4925 3721 4991 repeteret,
3758 4926 3812 4965 an

2253 5029 2539 5088 Franciam
2583 5031 2862 5095 pergeret.
2912 5029 3004 5074 aut
3055 5017 3340 5087 Anglieam
3391 5023 3597 5068 terram
3638 5006 3814 5082 prteliis

2257 5122 2536 5192 afﬂigeret,
2566 5127 2622 5174 et
2650 5117 2751 5172 sibi
2778 5115 3101 5178 vindicaret,
3126 5109 3293 5181 cmpit
3318 5105 3532 5163 anxiari
3584 5101 3812 5159 nimium-

2254 5230 2360 5296 que
2391 5211 2616 5269 tristari.

3083 5339 3095 5346 .
3111 5334 3139 5346 ο.
3176 5329 3394 5346 uiuunt.“

2807 5336 3005 5346 -_-A—n
3019 5337 3029 5346 ι
