4032 6402
249 333 354 391 633

765 329 856 391 es
893 333 1139 394 casus
1183 334 1614 396 mamma:
1657 337 1892 395 oucun
1938 307 2351 392 tituannEs.
2397 368 2447 378 —
2477 337 2607 391 Lm.
2645 336 2708 391 ιι.
2753 335 3000 393 nOLLo.

3426 337 3529 394 εει

250 451 390 519 Quid
427 450 642 504 hiscens
667 447 872 514 animo,
903 449 1033 519 quid
1062 449 1233 506 volvis
1262 467 1405 507 nunc
1434 451 1774 507 meditando?
1863 457 1914 515 Α
1939 453 2184 517 edentes,
2205 449 2461 520 populum
2480 449 2716 519 antiqua:
2741 448 2945 503 fraudis
2969 447 3218 520 contagio
3240 448 3528 519 pollutum,

248 543 362 597 Cur
391 542 568 597 haeres
593 550 750 613 pater
776 541 964 596 obtutu
993 541 1202 597 deﬁxus
1229 544 1281 598 in
1310 544 1453 598 uno?

248 633 525 708 Ambigua
575 640 630 689 et
681 646 968 703 creperum
1025 646 1335 690 memorans
1363 635 1489 706 quid
1522 642 1702 689 mente
1756 650 1840 690 re—

1506 723 1772 795 [tractas?

251 815 506 885 Quidque
535 821 720 885 stupes
749 827 934 869 casum
961 814 1216 884 praesenti
1245 823 1392 868 sorte
1425 814 1755 884 malignum?

249 907 458 963 Ordine
489 903 637 959 fatali
665 913 788 974 post
819 904 988 958 multa
1019 904 1258 973 pericula
1290 904 1434 968 belli,

249 995 542 1051 Ferventis
572 993 743 1064 pelagi
773 1003 896 1064 post
923 1007 1311 1064 mquoreosque
1341 1004 1604 1061 tumores,

249 1087 458 1157 Perpes
485 1085 809 1142 Christicola
841 1084 1133 1140 Francisca
1164 1085 1364 1141 celsior
1391 1085 1534 1150 auia,

249 1176 515 1232 Patritius
543 1176 753 1234 meritis
782 1175 1075 1232 florescens
1095 1174 1220 1245 jure
1253 1175 1478 1241 valebis,

250 1266 556 1323 Emeritum
590 1276 644 1321 ct
668 1267 854 1336 capies
881 1267 1144 1336 condigna
1176 1280 1355 1320 merce
1383 1280 1664 1333 coronam,

250 1358 312 1414 lu
344 1373 668 1427 summoque
695 1357 840 1430 bono
863 1357 1065 1412 deitate
1091 1356 1392 1412 mereberis
1417 1358 1515 1410 uti.

326 1450 464 1506 Cum
503 1459 682 1504 autem
713 1448 1016 1518 imjusmodi
1046 1447 1548 1518 perturbationibus
1578 1445 1848 1502 sollicitus

250 1541 510 1605 lncrcret,
540 1539 893 1610 hominesque
920 1537 1157 1608 regionis
1187 1537 1329 1592 illius
1357 1537 1546 1592 ditioni
1575 1553 1685 1591 sua:
1715 1537 1848 1591 ﬁde-

252 1631 433 1686 litatis
473 1631 647 1702 gratia
685 1629 1012 1699 vinculoque
1051 1644 1172 1685 sese
1208 1628 1581 1699 subjugarent,
1613 1629 1846 1699 quadam

254 1731 421 1778 nocte
465 1719 765 1792 soporifera
811 1720 973 1775 lethci
1021 1719 1178 1774 malis
1227 1721 1408 1790 quiete
1457 1735 1554 1789 per
1607 1718 1847 1772 membra

253 1814 458 1870 leniter
498 1821 770 1884 serpente,
798 1812 984 1866 videre
1015 1811 1304 1868 videbatur
1333 1811 1850 1881 prmcellentissimis
1881 1797 1926 1858 Β

251 1903 532 1976 quondam
575 1905 917 1976 przecelsiore
951 1903 1257 1960 Francisczc
1287 1903 1638 1958 habitationis
1670 1913 1851 1958 monte

253 1995 560 2066 sepositum
611 1994 887 2065 :ejusqne
943 1994 1144 2051 montis
1197 1994 1250 2048 in
1309 1996 1593 2049 cacumine
1649 1994 1849 2049 fontem

250 2087 524 2157 liquidum
563 2095 618 2143 et
641 2087 999 2151 odoriferum,
1025 2100 1191 2156 seque
1223 2086 1274 2139 in
1305 2100 1372 2139 eo
1412 2084 1581 2148 ablui,
1607 2094 1661 2140 et
1693 2085 1762 2138 ab
1788 2099 1854 2138 eo

253 2181 471 2250 expiari
496 2180 816 2250 contagione
840 2179 1000 2249 lepra:
1021 2188 1078 2233 et
1096 2177 1372 2248 prurigine
1395 2179 1850 2232 contaminatum.

251 2274 508 2343 Denique
562 2271 703 2328 illius
760 2272 960 2327 montis
1012 2272 1295 2326 cacumine
1347 2269 1524 2324 adhuc
1577 2279 1854 2340 superstes

253 2369 406 2422 circa
453 2364 624 2420 basim
675 2363 820 2419 illius
866 2363 993 2418 hinc
1037 2362 1184 2428 inde,
1213 2370 1268 2418 et
1309 2360 1653 2424 altrinsecus,
1688 2361 1856 2414 multa

253 2457 430 2516 millia
477 2457 658 2511 avium
698 2456 1036 2511 diversorum
1086 2468 1379 2525 generum,
1434 2451 1568 2505 varii
1624 2451 1853 2512 coloris,

254 2550 513 2605 sinistras
554 2545 668 2603 alas
703 2547 833 2616 quin
890 2546 1055 2602 etiam
1120 2543 1453 2600 rubicundas
1514 2539 1854 2596 habentium;

257 2642 504 2708 Quarum
534 2638 744 2693 diiiusaz
773 2637 928 2708 longe
963 2637 1176 2707 lateque
1204 2633 1568 2688 multitudinis
1596 2632 1860 2687 inexhau-

256 2743 402 2788 stam
449 2731 852 2787 extremitatem
897 2727 1198 2800 perspicaci
1243 2735 1299 2781 et
1344 2733 1631 2796 angustato
1667 2724 1858 2778 obtutu

259 2843 372 2883 non
433 2835 642 2895 poterat
694 2823 1174 2893 comprehendere.
1222 2823 1488 2878 Cmterum
1539 2820 1858 2891 congruenti

259 2917 483 2974 incessu
523 2928 686 2988 atque
731 2917 910 2971 volatu
955 2931 1050 2972 eas
1088 2915 1191 2969 sibi
1227 2914 1454 2970 alternis
1490 2913 1693 2970 vicibus
1724 2912 1863 2965 invio-

260 3025 385 3068 ccm
439 3009 730 3073 cedentes,
784 3005 987 3060 fontem
1041 3004 1242 3059 montis
1295 3014 1512 3074 petere,
1553 3015 1756 3071 easque
1802 3014 1862 3056 se

261 3099 608 3155 convenienti
647 3096 925 3152 natatione
957 3095 1118 3151 sicuti
1164 3094 1338 3150 solent
1383 3103 1629 3165 tempore
1665 3093 1860 3148 futura:

261 3189 467 3260 pluviae
497 3188 736 3244 abluere.
766 3187 1140 3256 Omnibusque
1173 3186 1311 3240 mira
1350 3185 1622 3240 infusione
1653 3184 1864 3240 delibu-

264 3287 361 3347 tis.
390 3299 628 3354 congrua
668 3298 762 3338 eas
795 3282 1029 3338 statione
1071 3280 1188 3335 sine
1235 3279 1560 3334 discretione
1603 3292 1862 3347 generum

267 3389 326 3435 et
369 3376 696 3446 specierum,
730 3373 848 3428 sine
888 3370 998 3425 ullo
1035 3369 1400 3426 contentionis
1437 3369 1637 3440 jurgio,
1677 3377 1864 3422 mutuo

267 3469 514 3527 vicissim
544 3475 699 3538 pastu
729 3465 884 3535 quasi
918 3461 1280 3517 amicabiiiter
1307 3461 1627 3519 comedere;
1661 3472 1864 3528 easque

273 3559 579 3631 deportatis
615 3555 937 3612 ramusculis
983 3552 1263 3609 festinanti
1304 3551 1489 3606 labore
1536 3550 1863 3604 nidificare:

273 3655 408 3726 quin
440 3654 604 3708 etiam
635 3667 744 3705 suae
773 3649 998 3704 visionis
1029 3645 1258 3716 imperio
1288 3644 1594 3700 voluntarie
1622 3657 1870 3698 succum-

275 3747 430 3803 bere.
473 3742 592 3800 Mox
629 3739 1063 3810 expergefactus,
1097 3743 1153 3791 et
1185 3735 1410 3792 visionis
1452 3749 1616 3802 quam
1660 3731 1873 3786 viderat

276 3835 659 3896 reminiscens,
685 3830 965 3887 accersitis
995 3829 1294 3900 majoribus
1322 3826 1647 3896 principum,
1675 3824 1872 3895 captis-

277 3945 388 4001 quc
417 3927 603 3999 pradio
641 3925 978 3996 principibus
1018 3921 1176 3977 simul
1221 3920 1432 3983 ascitis,
1460 3933 1676 3975 onmem
1714 3918 1873 3985 hujus

277 4022 512 4080 visionis
538 4017 733 4076 seriem
763 4017 1138 4071 inconstanter
1163 4013 1444 4075 disseruit,
1471 4021 1526 4065 ct
1554 4010 1684 4080 quid
1716 4009 1874 4076 hujus

279 4116 512 4174 visionis
558 4111 842 4183 mysticum
883 4109 1147 4163 sentirent
1193 4105 1260 4162 ab
1307 4106 1389 4161 eis
1437 4103 1683 4174 inquirit.
1721 4102 1875 4157 Tunc

281 4207 500 4263 cunctis
551 4203 978 4266 eonticentibus,
1030 4207 1312 4270 captorum
1367 4212 1507 4251 unus
1553 4196 1878 4250 Christianae

279 4297 565 4369 religionis
595 4295 988 4356 ilde'imhutus,
1019 4290 1390 4362 praesagioque
1421 4288 1618 4346 divina:
1651 4286 1878 4355 inspira-

284 4390 453 4451 tionis
482 4401 755 4457 aspersus,
788 4384 1075 4456 mysticum
1107 4381 1251 4436 illius
1285 4379 1510 4435 visionis
1541 4377 1877 4432 intellectum

1886 3139 1935 3205 C

1942 545 2121 615 typico
2161 543 2483 612 baptismate
2520 541 2874 604 abluendum,
2905 540 3240 595 sacrosancti
3288 542 3532 611 corporis

1941 642 1996 688 et
2019 633 2300 701 sanguinis
2320 632 2523 688 Christi
2548 631 2803 685 alimonia
2828 629 3206 699 saginandum.
3224 630 3331 685 Per
3352 632 3530 695 nidos,

1943 738 2078 793 quos
2116 724 2320 778 circum
2349 732 2560 777 montes
2611 721 2908 785 faciebant,
2935 728 3270 774 vastatarum
3316 721 3529 775 urhinm

1945 817 2141 872 tnmnia
2173 815 2547 870 reabdiiicanda
2581 814 2870 882 intelligas.
2890 811 3009 867 Tibi
3039 827 3169 868 aves
3194 813 3528 866 diversarum

1947 911 2250 980 specierum
2284 907 2756 978 obtemperabant,
2790 906 2882 959 tibi
2916 905 3162 959 homines
3192 903 3530 957 diversorum

1947 1017 2236 1072 regnorum
2269 1000 2557 1056 serviendo
2585 997 2876 1053 accnbitati
2904 997 3177 1052 obedient.
3217 1015 3234 1047 ι

2017 1093 2112 1147 llis
2140 1093 2304 1164 igitur
2343 1092 2670 1146 mirabilinm
2712 1091 3212 1160 interpretationem
3264 1087 3532 1145 sermoni-

1945 1183 2046 1238 bus
2099 1183 2250 1238 Rollo
2305 1181 2667 1246 exhilaratus,
2717 1181 2943 1237 visionis
2993 1197 3104 1235 sua:
3156 1181 3531 1250 interpretem,

1948 1285 2278 1341 ueteresque
2306 1288 2442 1342 quos
2471 1272 2610 1326 bello
2649 1280 2866 1343 ceperat
2905 1270 3096 1325 vinclis
3126 1270 3304 1330 solvit,
3336 1270 3532 1324 variis-

1947 1376 2054 1430 que
2101 1361 2416 1414 muneribus
2464 1369 2519 1413 et
2571 1360 2725 1414 donis
2784 1359 3016 1415 diversis
3067 1359 3283 1416 ditatos.
3327 1358 3390 1411 ad
3437 1371 3534 1411 sua

1949 1452 2099 1504 laetos
2145 1449 2377 1504 remisit.
2425 1448 2501 1503 Eo
2546 1463 2778 1518 namque
2821 1457 3064 1519 tempore
3107 1462 3196 1500 rex
3240 1445 3534 1518 Anglorum

1949 1542 2466 1603 Christianissimus,
2501 1541 2718 1594 nomine
2744 1541 3034 1601 Alstemns,
3083 1539 3324 1592 omnium
3371 1537 3539 1593 bono-

1953 1651 2071 1689 rum
2112 1633 2281 1687 tilulis
2309 1643 2627 1697 exornatus,
2660 1641 3022 1686 sacrosancta).
3046 1630 3302 1684 Ecclesia:
3345 1631 3540 1699 pracdi-

1951 1744 2090 1798 gnus
2124 1727 2440 1790 advocatus,
2472 1727 2712 1780 habenas
2764 1725 2912 1794 regni
2951 1725 3246 1796 Anglorum
3287 1724 3538 1779 modera-

1954 1822 2043 1874 bat
2069 1819 2368 1889 piissimus.
2398 1817 2494 1871 Cui
2523 1817 2778 1871 continuo
2808 1815 2960 1869 Roiio
2988 1815 3194 1887 legatos
3218 1829 3344 1868 suos
3372 1812 3538 1876 misit,

1953 1922 2008 1966 et
2045 1911 2173 1980 quid
2217 1909 2462 1964 dicerent
2512 1909 2737 1962 auribus
2783 1907 2996 1961 illorum
3048 1907 3199 1976 prius
3248 1905 3539 1960 intimavit.

1954 2001 2054 2071 Qui
2098 2000 2375 2055 venientes
2405 2000 2472 2053 ad
2501 2013 2623 2054 eum
2655 2013 2753 2067 pro
2795 1997 2943 2052 vocis
2975 1995 3194 2062 affectu,
3239 1995 3544 2050 summissis

1953 2094 2192 2147 vultibus
2221 2092 2476 2146 dixerunt
2508 2109 2522 2146 :
2561 2109 2580 2143 ι
2609 2091 2863 2145 Animum
2901 2089 3420 2160 prchotentissimus
3450 2104 3544 2158 pa-

1956 2184 2169 2245 tricius,
2213 2182 2427 2250 duxque
2473 2181 2738 2235 Dacorum
2784 2180 3343 2250 prmeellentissimus,
3387 2178 3546 2234 [lolio

1957 2284 2142 2330 noster
2187 2273 2370 2328 senior
2426 2281 2480 2325 et
2529 2272 2822 2326 advocatus
2879 2272 2972 2326 tibi
3032 2272 3190 2327 fidele
3237 2273 3542 2336 servitium,

1960 2367 2174 2436 tuisque
2243 2364 2495 2418 amicitiae
2552 2378 2744 2416 munus
2812 2363 3204 2418 inconvulsnm.
3260 2361 3543 2431 Magnum,

1959 2460 2174 2515 domine
2204 2457 2339 2519 Rex,
2373 2456 2548 2510 Dacize
2579 2471 2742 2526 regno
2775 2455 3124 2510 infortunium
3154 2469 3458 2524 perpessos,
3490 2461 3548 2507 et

1958 2557 2156 2615 habeo.
2181 2555 2283 2608 heu
2321 2551 2499 2606 dolor!
2529 2550 2900 2604 fraudulenter
2928 2549 3343 2607 exterminatos.
3371 2547 3548 2601 Eurus

1959 2647 2226 2702 obnoxius
2265 2643 2419 2698 nobis
2459 2641 2695 2710 penitus,
2731 2639 3315 2708 intumescentinmque
3341 2635 3550 2706 procel-

1961 2741 2134 2794 larum
2179 2735 2504 2792 elationilms
2545 2731 2792 2797 amictus,
2834 2732 3029 2786 vestris
3077 2730 3273 2784 finibus
3319 2728 3550 2799 appulit,

1961 2831 2107 2886 omni
2136 2828 2249 2899 spei
2293 2835 2349 2881 et
2387 2824 2578 2878 salutis
2622 2823 2874 2893 prresidio
2909 2821 3167 2891 privatos.
3198 2817 3332 2873 Cum
3371 2825 3549 2870 autem

1963 2934 2290 2977 conaremur
2314 2915 2528 2970 Daciam
2563 2921 2826 2981 repetere,
2854 2920 2907 2964 et
2943 2926 3041 2963 nos
3079 2911 3142 2962 de
3183 2906 3416 2961 inimicis
3456 2921 3553 2958 no-

1963 3013 2096 3068 stris
2132 3007 2431 3068 vindicare,
2475 3005 2687 3059 obstitit
2732 3011 2784 3056 et
2833 3000 3137 3056 interclusit
3177 3013 3275 3052 nos
3312 2995 3555 3067 glacialis

1964 3102 2158 3160 hiems.
2185 3097 2413 3170 geluque
2453 3101 2728 3150 crustante
2766 3101 2985 3153 terram,
3018 3098 3071 3143 et
3103 3087 3370 3158 aﬂligcnte
3397 3085 3552 3140 ﬂebi-

1965 3194 2043 3249 les
2074 3193 2364 3247 herbarum
2412 3196 2468 3241 et
2509 3187 2762 3239 arborum
2803 3197 3010 3243 comas,
3042 3181 3205 3235 densa
3245 3177 3553 3249 glacialinm

1965 3286 2106 3342 mole
2137 3283 2407 3340 refrenata
2434 3288 2740 3334 crustarum
2787 3281 3102 3328 struxerunt
3144 3270 3298 3324 nobis
3340 3281 3553 3322 murum

1967 3378 2213 3433 ﬂumina.
2243 3374 2351 3428 Nec
2396 3369 2626 3442 prwbnit
2674 3367 2829 3421 nobis
2880 3367 3194 3434 prespernm
3246 3361 3346 3414 iter
3388 3358 3552 3411 unda.

1968 3469 2264 3526 Audientes
2295 3464 2513 3535 quidam
2547 3459 2747 3513 milites
2779 3458 2830 3510 in
2861 3453 3096 3509 conﬁnio
3139 3449 3309 3505 nostri
3355 3449 3558 3502 adven-

1971 3573 2058 3616 tus
2111 3562 2532 3615 commorantes,
2575 3547 2978 3619 prtcmaximam
3016 3543 3185 3596 aciem
3227 3547 3419 3594 contra
3457 3550 3557 3589 nos

1962 3652 2308 3710 'struxerunt,
2339 3656 2546 3712 nosque
2575 3640 2905 3693 lacescentes
2933 3634 3267 3686 invaserunt.
3298 3627 3406 3681 Nos
3428 3639 3560 3678 vero

1971 3760 2074 3800 nec
2104 3741 2206 3796 sub
2234 3737 2487 3810 glaciem.
2516 3747 2614 3787 nec
2656 3744 2817 3799 supra
2859 3725 3112 3792 navigare
3141 3721 3403 3780 valentes.
3434 3715 3556 3770 illo-

1975 3849 2093 3889 rum
2136 3805 2376 3885 audaeitc
2418 3823 2738 3882 restitimus,
2769 3817 3076 3884 multosque
3118 3811 3330 3866 illorum
3371 3805 3558 3878 pnrho

1974 3931 2284 3981 exarmatos
2322 3917 2582 3986 cepimus.
2613 3911 2726 3966 Non
2777 3918 2957 3962 autem
3000 3917 3224 3975 regnum
3273 3909 3420 3952 tuutn
3466 3896 3560 3948 de-

1977 4014 2375 4088 populabimns,
2418 4023 2517 4060 nec
2565 4003 2776 4074 pranlas
2813 4011 3040 4067 usquam
3081 4001 3266 4064 raptas
3295 3989 3363 4043 ad
3395 3999 3562 4040 naves

1975 4120 2269 4166 vertemns.
2304 4101 2579 4158 Vendendi
2629 4109 2788 4168 atque
2825 4091 3036 4149 emendi
3082 4094 3421 4160 sequestram
3467 4097 3562 4152 pa-

1979 4220 2096 4260 cem
2145 4204 2398 4271 petimus,
2443 4194 2567 4265 quia
2624 4187 2958 4246 imminentis
3006 4183 3148 4238 veris
3203 4191 3444 4249 tempore
3495 4174 3563 4228 ari

1979 4263 2268 4352 Franciam
2313 4263 2741 4356 proﬁciscemur.
2781 4299 2797 4330 ι
2841 4279 2953 4332 Rex
2986 4287 3166 4329 autem
3193 4269 3420 4326 hilarem
3453 4263 3567 4317 vul-

1983 4395 2098 4440 tum
2129 4353 2453 4440 submissus,
2485 4375 2569 4430 his
2599 4372 2796 4427 auditis
2839 4367 3122 4437 profatur:
3155 4379 3173 4414 ‹
3203 4357 3358 4415 Nulla
3408 4353 3565 4409 tellus

284 4483 622 4556 explanm'i'.
652 4480 837 4536 dicens
868 4495 884 4532 ι
912 4495 931 4530 ί
963 4476 1114 4532 Mons
1137 4473 1385 4530 FrallCia‘
1413 4488 1521 4543 ίιιιο
1548 4481 1697 4527 Stare
1724 4470 1879 4524 νῖιιε-
1909 4483 1960 4544 D
1985 4475 2140 4531 cﬂ‘ert
2171 4473 2318 4527 viros
2358 4467 2527 4537 magis
2553 4480 2716 4534 quam
2745 4461 2907 4516 Dacia
2938 4455 3260 4528 przecipuos,
3293 4448 3568 4515 armisque

287 4576 466 4637 baris,
496 4571 737 4628 Ecclesia
773 4569 913 4624 illius
955 4568 1288 4635 designatur.
1325 4565 1487 4626 Fons,
1519 4563 1608 4632 qui
1641 4563 1694 4616 in
1733 4577 1881 4616 smn-

290 4667 484 4723 mitatc
515 4662 716 4717 montis
745 4668 884 4724 erat,
918 4659 1218 4728 baptismus
1254 4653 1684 4725 regenerationis
1717 4653 1884 4706 inter—

288 4767 561 4831 pretatur.
607 4755 708 4809 Per
745 4753 948 4823 lepratn
989 4758 1045 4806 et
1090 4748 1456 4820 pruriginem,
1505 4760 1608 4814 qua
1653 4743 1884 4799 infectus

293 4865 444 4910 eras,
475 4843 878 4902 commissionis
905 4850 1009 4895 tua:
1038 4839 1244 4896 scelera
1288 4847 1343 4892 et
1375 4846 1598 4906 peccata
1632 4833 1883 4888 animad-

294 4952 503 4997 vertas.
535 4938 610 4993 Te
642 4939 696 4993 in
727 4953 792 4992 eo
821 4936 963 4991 ablui
997 4944 1052 4990 et
1092 4935 1160 4988 ab
1189 4937 1264 4987 eo'
1286 4932 1451 5002 lepra:
1482 4928 1888 5001 pruriginisque

296 5033 494 5091 morbo
518 5028 832 5100 expurgari,
866 5037 919 5081 te
947 5027 1164 5080 lavacro
1193 5024 1332 5080 sacri
1360 5021 1700 5093 baptismatis
1729 5035 1886 5091 rege-

297 5124 508 5187 nerari,
534 5132 588 5178 et
613 5122 681 5176 ab
711 5120 963 5176 onmibus
992 5116 1232 5187 peccatis
1269 5115 1574 5171 cmundari.
1603 5113 1709 5168 Per
1732 5113 1888 5170 volu-

300 5233 424 5274 cres
454 5216 792 5271 diversorum
826 5226 1084 5282 generum
1115 5209 1276 5265 laevas
1305 5207 1417 5262 alas
1443 5207 1706 5262 habentes
1731 5205 1890 5274 puni-

303 5322 453 5371 ccas,
477 5318 706 5375 quarum
734 5301 1154 5357 inﬁnitissimam
1179 5297 1575 5353 extremitatem
1602 5295 1894 5352 exhaurire

305 5403 423 5458 visu
454 5415 558 5454 non
588 5407 832 5469 poteras,
854 5395 1104 5453 homines
1129 5394 1464 5448 diversarum
1495 5390 1892 5460 provinciarum

307 5491 574 5559 scutulata
621 5487 868 5545 blacchia
914 5488 1202 5549 habentes,
1234 5483 1417 5552 tuique
1463 5481 1639 5538 eil'ecti
1687 5481 1895 5546 fideles,

309 5599 540 5653 quorum
591 5581 932 5636 innumeram
979 5576 1378 5633 multitudinem
1419 5574 1780 5630 coadunatam
1811 5573 1893 5627 vi-

311 5675 485 5742 dehis,
513 5673 694 5727 animo
735 5670 1129 5743 deprehendas.
1161 5668 1264 5724 Per
1293 5667 1449 5722 alites
1479 5665 1626 5722 fonte
1669 5665 1896 5731 infusas,

311 5776 373 5836 et
399 5767 450 5832 in
477 5782 542 5824 eo
572 5765 881 5828 alternatim
910 5763 1140 5832 ablutas,
1166 5760 1546 5832 communique
1569 5759 1899 5816 comestionc

1982 4578 2203 4624 strenue
2242 4563 2483 4631 eductos.
2534 4555 2875 4614 Parentelam
2924 4549 3131 4604 ditTusm
3189 4539 3570 4614 generositatis

1983 4658 2152 4714 vestri
2199 4655 2452 4715 senioris,
2495 4665 2758 4716 casusque
2805 4653 2860 4699 ct
2908 4643 3120 4696 labores
3163 4645 3394 4697 vestros,
3438 4629 3568 4699 quin

1985 4750 2151 4807 etiam
2209 4743 2604 4801 fratnlnlentam
2661 4735 2943 4807 perfidiam
2987 4729 3162 4782 Dacia}
3210 4723 3353 4793 regis
3414 4718 3573 4774 nobis

1988 4841 2290 4897 retulerunt
2319 4832 2556 4906 plurimi.
2589 4829 2755 4882 Nemo
2793 4823 3005 4878 seniore
3045 4827 3225 4871 vestro
3272 4811 3471 4880 jnstior
3519 4807 3572 4860 in

1991 4931 2166 4990 factis,
2198 4900 2357 4981 nemo
2402 4922 2575 4991 major
2623 4919 2674 4971 in
2723 4914 2911 4969 armis.
2966 4908 3137 4977 Hujus
3178 4900 3376 4972 negotii
3415 4911 3577 4952 curas

1989 5020 2249 5078 seducite.
2298 4990 2572 5070 armorum
2623 5005 2822 5067 securi,
2855 5000 3160 5072 praeliorum
3206 4990 3575 5061 impatientes.

1992 5123 2156 5182 atque
2199 5106 2440 5164 omnium
2502 5100 2764 5157 malorum
2824 5095 3089 5149 immunes
3134 5092 3329 5140 estote.
3390 5079 3580 5182 Liceat

1993 5170 2148 5261 vobis
2193 5201 2501 5266 ubicunque
2539 5203 2804 5248 terrarmn
2840 5193 3037 5238 nostr-.e
3080 5174 3302 5231 ditionis
3345 5170 3578 5224 vendere

1995 5306 2050 5353 et
2078 5307 2283 5350 emere.
2319 5261 2569 5344 Vestrum
2604 5281 2897 5338 seniorem,
2936 5282 3245 5341 precamur,
3279 5261 3474 5334 cogite,
3522 5265 3580 5311 ut

1997 5397 2196 5444 nostra:
2247 5382 2368 5438 fidei
2422 5376 2736 5446 integritate
2784 5370 3034 5437 dignetur
3089 5362 3155 5416 ad
3208 5374 3308 5413 nos
3363 5354 3579 5414 venire,

1997 5481 2123 5551 quia
2180 5490 2304 5532 eum
2355 5471 2604 5526 desidero
2658 5462 2890 5522 intueri,
2946 5469 3216 5526 superque
3267 5447 3424 5504 malis
3468 5446 3582 5498 suis

1999 5540 2194 5629 solari.
2223 5589 2241 5622 ι
2287 5567 2565 5621 Abeuntes
2613 5567 2793 5613 autem
2827 5553 3002 5615 missi,
3028 5557 3361 5619 qumeunque
3401 5540 3584 5593 audie-

2001 5674 2124 5721 rant
2181 5659 2630 5716 renuntiaverunt
2675 5648 2907 5705 ilolloni.
2963 5640 3244 5710 Extemplo
3289 5634 3446 5691 Rollo
3493 5646 3587 5685 au-

2001 5759 2190 5814 dacter
2230 5762 2284 5812 et
2326 5753 2701 5808 incunctanter
2743 5740 2984 5816 perrexit
3047 5737 3112 5790 ad
3171 5746 3348 5804 regem
3393 5736 3592 5793 contra
