4032 6390
599 253 703 310 635

595 459 912 515 cedentibus
977 462 1260 532 utriusque
1326 471 1599 525 exercitus
1669 478 1861 532 turmis
1924 482 2182 538 sederunt

597 549 843 616 sepositi.

600 637 752 693 Tum:
792 657 886 695 rex
916 643 1185 700 Alstemus
1214 649 1362 717 prior
1390 660 1472 705 cst
1501 652 1765 711 allocutus
1804 675 1816 711 :

593 727 853 802 Prosapia
892 735 1118 804 pollens,
1150 751 1423 809 gestorum
1457 742 1656 800 lmuine
1689 746 1915 819 fulgens.

595 820 831 879 Moribus
858 836 911 880 et
943 829 1149 884 meritis
1181 835 1489 910 prmeelsior
1517 839 1787 900 omnibus,
1813 857 1842 895 a
1871 859 1974 912 que

588 914 818 970 Ftedere
847 920 1169 988 complacito
1198 923 1317 977 ﬁdei
1349 935 1632 982 nectamur
1659 929 1711 984 in
1744 947 1870 985 uno.

591 1005 678 1060 Sis
711 1018 832 1077 peto
860 1026 986 1078 pars
1012 1014 1204 1068 animm
1235 1032 1558 1088 semperque
1590 1038 1719 1076 mea'
1746 1041 1948 1093 comes,
1979 1038 2142 1100 atque

587 1097 812 1155 Finibus
841 1103 890 1155 in
918 1105 1118 1160 nostris
1147 1118 1308 1160 temet
1339 1110 1568 1179 deposco
1601 1119 1821 1171 morari.

588 1189 789 1262 SiCque
819 1195 1101 1252 salutifero
1133 1199 1453 1262 baptismate
1483 1206 1642 1260 sorde
1672 1207 1829 1275 piari.

583 1280 662 1334 En
688 1284 816 1352 quid
841 1287 1008 1353 gestis
1040 1289 1177 1342 habe
1206 1301 1405 1346 nostra:
1431 1294 1654 1352 ditionis
1681 1299 1729 1352 in
1754 1301 1906 1357 orbe.

583 1371 673 1426 Sis
701 1389 907 1429 tueutor
931 1378 1044 1447 ipse
1073 1383 1173 1434 mei
1204 1379 1358 1437 fuero
1382 1400 1479 1439 ceu
1503 1403 1717 1451 semper
1744 1391 1796 1443 in
1821 1394 1992 1461 omni,

581 1462 648 1515 Et
675 1464 717 1517 si
747 1466 880 1521 velle
911 1469 1046 1523 alias
1071 1481 1154 1526 est
1183 1489 1323 1529 nunc
1351 1477 1600 1545 prolicier
1628 1481 1806 1536 horas.

582 1551 638 1607 Si
670 1570 802 1623 gens
833 1566 1003 1622 torva,
1035 1560 1188 1618 ferox
1210 1564 1434 1636 jamjam
1468 1568 1769 1626 feritavetit
1793 1575 1844 1628 in
1879 1591 1988 1642 me,

580 1643 850 1716 lmproba,
881 1666 990 1722 non
1023 1669 1248 1711 servans
1280 1658 1400 1712 ﬁdei
1432 1663 1779 1734 retinensque
1807 1675 2070 1736 tenorem,

580 1734 650 1790 Ut
677 1741 817 1807 potis
846 1757 903 1795 es
938 1742 1020 1797 fer
1048 1761 1204 1814 opem
1238 1751 1418 1804 stabili
1447 1757 1731 1809 conamine
1757 1757 1992 1816 salvaus.

575 1827 644 1881 Et
676 1831 768 1884 tibi
801 1838 1081 1890 sucur’ram
1113 1839 1274 1893 simili
1311 1842 1521 1898 ratione
1544 1843 1804 1913 juvando,

576 1920 652 1976 Te
681 1931 824 1992 teget
853 1936 1015 1995 atque
1045 1945 1221 1984 meum
1251 1943 1439 1988 mutuo
1467 1940 1764 1994 certamine
1798 1950 2032 1998 scutum.

645 2012 797 2069 Tune
833 2017 987 2072 Rollo
1030 2037 1192 2090 super
1238 2027 1380 2095 regis
1421 2027 1580 2082 dictis
1615 2029 1768 2085 lartus
1809 2032 2009 2088 dixisse
2049 2034 2162 2090 fer-

573 2114 662 2158 tur
694 2124 706 2159 :
743 2126 760 2157 ‹
793 2107 988 2164 Grates
1022 2113 1140 2175 tibi,
1177 2118 1416 2191 omnium
1469 2135 1652 2192 regum
1690 2127 2157 2194 prmstmntbsime,

572 2213 734 2266 super
789 2201 1110 2258 voluntariis
1152 2207 1427 2264 beneﬁciis
1482 2214 1750 2280 rependo,
1802 2225 1856 2269 et
1899 2218 2158 2288 quidquid

569 2287 712 2342 inter
740 2306 825 2346 me
859 2301 911 2347 et
939 2309 993 2348 ne
1025 2299 1230 2366 agenda
1263 2302 1514 2366 retulisti,
1542 2305 1626 2360 fac
1656 2316 1715 2360 ut
1759 2320 1906 2378 opto.
1953 2312 2156 2367 Diutis-

569 2381 704 2434 sime
743 2383 794 2436 in
828 2399 994 2455 regio
1027 2397 1118 2442 tuo
1149 2405 1251 2444 non
1285 2395 1560 2459 morabor,
1589 2398 1682 2450 sed
1721 2399 1952 2455 celerius
1996 2417 2156 2472 quam

567 2481 758 2542 potero
798 2475 1080 2531 Frauciam
1127 2481 1645 2554 adibo.Uhieuuque
1677 2497 1945 2543 terrarum
1979 2490 2155 2558 fuero,

566 2571 692 2619 tuus
722 2567 930 2626 amicus
960 2569 1230 2628 insolubili
1265 2575 1569 2631 dilectionis
1597 2579 1920 2649 coniunctus
1953 2581 2157 2640 findere

565 2661 917 2725 permanebo.
956 2681 975 2714 ι
1029 2662 1124 2718 His
1163 2665 1326 2721 dictis
1366 2668 1654 2723 admodum
1705 2672 2156 2731 inextricabiliter

562 2746 839 2815 fmderati,
868 2751 1198 2809 alternarum
1247 2772 1426 2812 rerum
1469 2765 1850 2831 competentiis
1893 2769 2156 2824 mirabili-

562 2844 649 2890 ter
695 2840 875 2906 dilati,
915 2845 1074 2898 rediit
1107 2847 1337 2917 quisque
1378 2849 1444 2903 ad
1488 2866 1640 2904 suam
1683 2869 1806 2908 eum
1838 2857 1970 2911 suis.
2017 2858 2155 2913 Toto

559 2942 798 2998 namque
822 2931 1126 3002 hyemantis
1149 2937 1274 2990 anni
1305 2947 1564 3008 tempore,
1588 2957 1754 2997 naves
1774 2956 2147 3016 sumptusque,

559 3018 653 3087 qui
703 3025 995 3078 necessarii
1034 3036 1191 3082 erant
1235 3030 1450 3097 itineri,
1491 3048 1800 3104 prwparare
1849 3036 2000 3092 Rollo
2043 3040 2149 3095 dux

558 3107 778 3165 solertis
825 3129 971 3169 curae
1016 3116 1166 3184 fecit,
1217 3121 1525 3192 Anglosque
1567 3124 1810 3182 ﬂorentis
1846 3127 2148 3196 juventutis

557 3200 780 3266 milites,
809 3206 901 3273 qui
931 3218 1090 3261 erant
1122 3211 1202 3264 sui
1252 3211 1450 3278 eﬂecti,
1484 3225 1540 3270 et
1589 3233 1773 3272 secum
1823 3219 1950 3273 ituri
2007 3221 2147 3275 asci-

555 3290 656 3345 vit.
683 3291 816 3345 Cum
849 3304 1027 3349 autent
1057 3299 1247 3368 primae
1271 3304 1477 3358 :estatis
1503 3314 1765 3376 tempore,
1807 3308 2144 3365 rutilantium

559 3387 794 3442 molliter
822 3387 1015 3444 ﬂorum
1044 3394 1313 3451 arrideret
1340 3400 1515 3469 copia,
1540 3405 1932 3474 purpureisque
1963 3406 2145 3461 blattis

553 3475 729 3534 lactea
781 3491 835 3536 et
880 3483 1155 3542 odorifera
1201 3488 1449 3546 alberent
1495 3492 1640 3561 lilia,
1679 3511 1888 3550 memor
1930 3511 2146 3567 semper

552 3568 781 3626 visionis
817 3576 1087 3632 monentis
1127 3579 1193 3631 ad
1229 3578 1518 3636 Franciam
1554 3583 1847 3654 proﬁcisci,
1879 3585 2143 3642 classibus

552 3660 690 3716 velis
743 3664 883 3720 datis
931 3684 1122 3723 navem
1177 3674 1512 3727 conscendit.
1563 3675 1697 3730 (ltum
1747 3691 1876 3731 vero
1931 3676 2142 3733 leuibus

550 3756 728 3811 ventis
781 3774 1105 3830 congressus
1154 3765 1353 3835 navigii
1407 3765 1584 3821 factus
1629 3777 1801 3832 esset,
1851 3785 2022 3840 usque
2071 3770 2140 3826 ad

548 3846 787 3901 medium
846 3851 1106 3919 :equoris,
1166 3853 1407 3924 nihilque
1462 3856 1713 3912 viderent
1773 3858 1876 3912 nisi
1941 3859 2137 3915 cmlum

547 3937 887 4008 complexum
943 3957 1109 4012 super
1173 3942 1364 3999 faciem
1424 3947 1620 4013 maris,
1680 3949 1847 4002 invidi
1912 3950 2137 4018 spiritus

545 4027 784 4084 scientes
825 4030 946 4085 illos
977 4033 1300 4102 baptismate
1327 4035 1528 4091 Christi
1561 4038 1779 4094 nomine
1811 4040 2133 4108 abluendos,

546 4113 884 4186 gloriamque
934 4135 1096 4190 quam
1149 4124 1496 4192 perdiderant
1555 4127 1846 4196 adepturos
1910 4129 2134 4201 ingemi-

546 4217 782 4272 scentes,
815 4220 1170 4265 occurrerunt
1211 4215 1511 4269 excitantes
1540 4217 1778 4286 pericula
1816 4217 1922 4273 illis
1962 4221 2129 4288 venti,

543 4299 674 4366 quin
703 4299 868 4353 etiam
905 4315 934 4355 a
966 4303 1185 4359 sedibus
1226 4306 1340 4361 suis
1389 4317 1576 4372 ruunt,
1607 4319 1660 4363 et
1696 4309 1750 4364 hi
1798 4321 1922 4366 ante
1964 4325 2132 4384 ponto

540 4403 574 4441 a
603 4389 822 4446 sedibus
854 4393 977 4449 imis
1022 4395 1075 4448 in
1128 4397 1481 4469 prmeipitimu
1523 4399 1716 4456 ﬂuetus
1757 4403 1949 4458 nimios
1979 4415 2034 4460 et
2060 4405 2126 4459 ad
2159 4423 2205 4482 ο

539 4478 722 4534 sidera
773 4482 986 4538 tollunt.
1037 4487 1243 4543 leutn
1299 4491 1772 4550 crebrescentibus
1827 4496 2128 4567 fulguribus

536 4568 804 4638 intonuit,
860 4575 942 4632 de.
977 4593 1259 4650 .arumque
1305 4583 1652 4640 tenebrarum
1701 4602 1802 4642 nox
1855 4599 1971 4643 atra
2023 4589 2127 4646 illis

536 4663 806 4721 incubuit.
853 4669 1038 4727 Remis
1088 4676 1406 4741 confractis,
1438 4688 1724 4733 ventorum
1765 4681 1969 4735 rabiem
2007 4685 2123 4738 vela

533 4751 680 4810 ferre
726 4772 834 4812 non
880 4772 1122 4830 possunt.
1155 4765 1340 4836 Itaque
1384 4766 1591 4823 viribus
1635 4770 1909 4836 exhausti,
1941 4774 2122 4828 omnia

533 4847 713 4901 ventis
763 4851 1104 4918 permittunt.
1163 4856 1277 4912 Huc
1323 4858 1559 4929 illucque
1605 4877 1770 4917 naves
1823 4864 1977 4932 quasi
2026 4880 2124 4935 per

531 4948 747 4993 montes
786 4950 840 4994 et
879 4943 1048 4999 valles
1090 4944 1371 5015 ﬂuctuant,
1405 4961 1742 5024 mortemque
1781 4958 2120 5026 repentinam

531 5028 784 5084 omnibus
814 5032 1105 5090 intentant.
1155 5037 1305 5094 Tunc
1349 5041 1504 5097 [lollo
1549 5048 1824 5114 protensis
1870 5050 2120 5106 manibus

530 5129 839 5185 prostratus
864 5122 1110 5182 incubuit
1153 5131 1300 5200 navi,
1331 5133 1628 5207 humilique
1670 5153 1802 5195 voce
1835 5140 1960 5197 talia
1994 5157 2119 5212 pro-

529 5205 670 5262 fudit
698 5223 715 5264 :

1064 5325 1265 5368 ORATIO
1301 5331 1577 5374 BOLLONIS.

527 5387 574 5445 0
605 5389 744 5447 Deus
773 5395 1134 5468 omnipotens,
1169 5404 1412 5461 cmlestia
1438 5407 1639 5465 lumine
1670 5413 1971 5485 complens,

518 5476 630 5545 Qui
659 5485 855 5542 coelum
887 5499 1196 5565 terramque
1221 5504 1372 5557 tenes
1392 5515 1492 5572 per
1517 5504 1721 5574 secula,
1750 5506 1906 5578 cujus

594 5684 708 5758 (l7)
745 5687 801 5746 Id
827 5699 930 5762 est,
959 5709 1148 5765 parvas
1175 5713 1351 5755 moras
1376 5700 1594 5773 faciem.

1567 268 1866 330 DUDONIS
1914 276 2160 336 DECANI
2188 281 2247 340 S.

598 382 657 421 se
686 367 1014 425 venientem.
1050 369 1150 437 Qui
1178 381 1362 428 mutuo
1398 378 1686 448 amplexati
1715 393 1768 438 et
1795 389 1975 443 oscula
2007 391 2180 458 libati,
2213 398 2260 458 Α
2290 400 2368 457 Nu

2276 285 2580 355 QUINTlNl
2603 299 2981 368 VlROMAND.
3736 345 3816 405 636

2376 421 2498 463 men
2526 421 2580 466 et
2613 424 2820 476 aeterno
2846 425 3208 495 complectens
3237 437 3411 495 omnia
3443 444 3579 516 εει-ο,

2283 499 2546 558 Infectum
2575 508 2724 565 vitiis
2754 520 2963 582 peccati
2993 530 3047 576 et
3072 523 3204 581 faece
3232 499 3518 601 repletum,

2283 590 2382 657 Qui
2413 609 2497 646 me
2519 595 2896 659 Christicolam
2927 606 3042 663 ﬁeri
3071 615 3153 669 vis
3180 632 3399 678 munere
3423 626 3527 683 visi

2282 683 2563 754 Temporis
2595 692 2790 759 exiguo
2815 713 2975 754 cursu
3005 705 3256 764 volvente
3284 712 3449 770 futuri
3477 733 3494 772 :

2281 771 2506 887 Ettscipe
2534 790 2653 834 vota
2694 783 2888 849 libens,
2914 794 3271 868 precibusque
3301 771 3487 861 faveto
3505 809 3762 887 benignus,

2278 862 2504 920 Fluctus
2534 872 2844 944 sedatisque
2875 880 3020 938 feros
3047 901 3336 959 compesce
3365 899 3555 968 ruinis,

2278 953 2506 1013 Casibus
2536 962 2771 1029 eripiens
2804 970 2921 1026 istis
2949 989 3049 1030 nos
3074 987 3237 1048 atque
3268 985 3472 1054 labore,

2275 1044 2584 1118 Comprime
2614 1055 2947 1130 demulcens,
2977 1066 3286 1137 mitescens,
3316 1088 3480 1148 atque
3503 1097 3684 1143 serena

2283 1137 2579 1201 undantem
2609 1149 2833 1204 nimium
2865 1154 3103 1212 violento
3135 1164 3347 1220 turbine
3378 1137 3620 1237 pontum.

2348 1231 2549 1294 llarum
2575 1253 2704 1293 vero
2725 1244 3033 1302 orationum
3065 1255 3317 1320 precibus
3347 1259 3533 1327 ﬂnilis,
3559 1281 3672 1324 mox
3697 1288 3814 1334 mare

2271 1325 2524 1391 quiescit,
2553 1335 2818 1388 serenatis
2861 1341 3134 1408 procellis,
3179 1345 3582 1426 immensosque
3616 1367 3811 1432 :cquoris

2274 1421 2480 1470 tractus
2512 1430 2696 1489 optato
2718 1422 2936 1482 ﬂamine
2975 1431 3213 1489 breviter
3233 1421 3632 1512 explicuerunt;
3658 1421 3812 1512 naves-

2272 1520 2377 1573 que
2425 1516 2744 1578 tempestate
2788 1517 3034 1590 diruptas
3081 1524 3353 1588 littoribus
3396 1534 3710 1607 Uvalgorum
3743 1549 3811 1603 vix

2271 1597 2663 1666 applicuerunt.
2711 1605 3006 1667 Audientes
3053 1627 3234 1674 autem
3306 1597 3656 1696 Uvalgrelises

2269 1703 2404 1756 gens
2439 1692 2665 1750 barbara
2707 1708 3026 1768 tempestate
3067 1711 3236 1766 maris
3272 1692 3531 1776 ferociter
3573 1692 3808 1798 quassata,

2266 1781 2377 1834 suis
2427 1781 2696 1843 littoribus
2744 1801 2890 1846 esset
2939 1798 3186 1869 advecta,
3234 1821 3563 1881 congregata
3588 1781 3810 1878 .multitn:

2264 1872 2387 1927 dine
2418 1880 2753 1947 pagensium,
2784 1884 3062 1945 Rollonem
3095 1895 3283 1952 ducem
3317 1911 3675 1973 tempestuoso
3701 1915 3807 1969 mari

2263 1965 2352 2018 vix
2387 1977 2628 2039 ereptum
2663 1973 2935 2046 insperate
2987 1986 3336 2048 assalierunt.
3370 1995 3474 2062 Qui
3521 2001 3668 2058 solito
3693 2021 3809 2062 more

2259 2060 2509 2116 concitus
2555 2074 2741 2121 contra
2796 2070 2916 2127 illos
2973 2075 3298 2139 debellanda
3363 2060 3634 2156 perrexit,
3680 2060 3808 2166 atque

2261 2147 2442 2216 plures
2509 2151 2722 2210 illorum
2780 2174 2914 2216 nece
2974 2177 3276 2235 prostratos
3324 2190 3457 2232 orco
3521 2147 3806 2251 transmisit,

2262 2238 2616 2311 residuosque
2653 2245 2865 2306 illorum
2896 2264 2989 2308 aut
3027 2256 3232 2329 fugavit
3268 2275 3361 2320 aut
3396 2270 3556 2340 cepit.
3601 2238 3806 2343 Cumque

2260 2329 2564 2434 diutissime
2616 2341 2893 2399 morulans
2943 2348 3076 2419 (l7),
3137 2352 3400 2428 Uvalgras
3463 2329 3804 2434 depopularet,

2260 2423 2620 2482 reminiscens
2663 2430 2938 2492 Alstemus
2979 2454 3072 2495 rex
3119 2423 3420 2516 Anglorum
3456 2423 3806 2513 Christianissi-

2257 2521 2406 2582 tnus,
2455 2520 2696 2577 omnium
2745 2540 2932 2597 regum
2976 2534 3246 2598 probitate
3294 2543 3801 2616 prmeellentissimns,

2257 2607 2512 2663 amicitia:
2560 2626 2664 2682 qua
2705 2631 2764 2670 se
2803 2628 2860 2672 et
2903 2621 3182 2681 Rollonem
3231 2607 3514 2704 colligarat
3543 2636 3593 2692 in
3635 2638 3801 2696 [φάρη

2257 2707 2606 2775 sempiterna,
2645 2711 2926 2771 duodecim
2979 2734 3144 2778 naves
3187 2723 3484 2795 frumento,
3517 2732 3636 2789 vino
3671 2745 3802 2804 atque

2255 2795 2410 2853 lardo
2455 2811 2729 2870 oneratas,
2763 2808 2894 2876 quin
2939 2813 3104 2868 etiam
3151 2817 3378 2875 totidem
3422 2834 3628 2880 armato
3663 2795 3800 2882 milite

2254 2891 2506 2960 repletas,
2540 2895 2661 2952 duci
2697 2900 2954 2965 prmeelso
2986 2908 3288 2964 transmisit
3325 2911 3380 2966 in
3411 2913 3682 2987 Uvalgras.
3725 2917 3799 2972 llis

2254 2981 2409 3038 Rollo
2452 2986 2608 3043 donis
2661 2989 2844 3058 laetus,
2889 2993 3098 3064 legatos
3131 3002 3451 3060 muneribus
3478 3008 3798 3077 prtemaximis

2176 3081 2222 3144 ο
2254 3075 2450 3131 ditatos
2498 3093 2618 3133 cum
2667 3084 2963 3150 gratiarum
3011 3092 3226 3148 actione
3269 3096 3338 3151 ad
3380 3075 3559 3173 regem
3602 3102 3795 3168 remisit,

2251 3179 2416 3235 seque
2435 3183 2532 3237 per
2552 3185 2646 3225 eos
2667 3171 3054 3235 famulaturum
3080 3185 3189 3252 regi
3222 3171 3517 3244 mandavit.
3540 3191 3796 3248 xEstiman-

2238 3267 2332 3319 Jes
2361 3271 2538 3315 autem
2572 3262 2958 3337 Uvalgrenses,
2997 3285 3224 3345 propter
3265 3279 3534 3352 deportati
3578 3284 3794 3339 frumenti

2248 3353 2459 3420 cepiam
2501 3357 2648 3410 omni
2697 3365 2937 3431 tempore
2976 3363 3256 3423 Rollonem
3297 3371 3546 3444 Uvalgris
3588 3384 3791 3429 morata.

2247 3459 2387 3510 rum,
2421 3462 2856 3508 convocaverunt
2884 3455 3214 3529 Raginerum
3247 3462 3417 3536 Longi
3468 3468 3586 3523 colli
3616 3468 3790 3523 Hasba-

2245 3551 2460 3592 censcm
2503 3548 2560 3593 et
2610 3541 3040 3603 llainaueensem
3096 3551 3322 3620 ducem,
3380 3566 3437 3612 et
3484 3559 3788 3615 Radebodum

2243 3627 2432 3685 Frisia:
2484 3633 2718 3702 regionis
2761 3637 3087 3710 principem,
3127 3652 3181 3698 et
3225 3647 3547 3718 conglobato
3584 3651 3788 3705 exercitu

2242 3719 2470 3776 aliorum
2518 3739 2776 3793 pagorum
2829 3729 3146 3788 invaserunt
3175 3735 3479 3794 Rollouem.
3531 3739 3644 3808 Qui,
3674 3741 3789 3794 sicut

2241 3814 2458 3882 smpius,
2505 3816 2572 3869 ad
2612 3816 2811 3873 bellum
2855 3820 3223 3881 indubitanter
3261 3830 3526 3898 perrexit,
3562 3841 3613 3886 et
3649 3831 3785 3886 multa

2241 3904 2407 3958 millia
2441 3904 2652 3962 illorum
2683 3910 2904 3977 occidit,
2937 3922 3100 3985 atque
3131 3915 3460 3988 Raginerum
3488 3922 3644 3994 Longi
3684 3921 3783 3976 colli

2237 4002 2295 4048 et
2342 3993 2693 4054 Radebodum
2747 4001 3028 4060 Frisonem
3091 4008 3161 4063 ad
3214 4025 3308 4064 sua
3363 4023 3541 4069 castra
3591 3993 3787 4086 fugavit,

2238 4083 2441 4144 Deinde
2484 4098 2652 4146 totam
2695 4103 2894 4151 terram
2939 4097 3294 4170 Uvalgrorum
3325 4105 3621 4162 devastavit
3647 4083 3781 4177 atque

2236 4177 2486 4236 incendio
2533 4189 2920 4244 concremavit.
2973 4189 3104 4247 Post
3150 4193 3277 4250 hinc
3321 4196 3481 4267 hujus
3531 4199 3602 4255 rei
3645 4211 3777 4254 causa

2235 4269 2564 4342 indignatus,
2597 4275 2853 4335 Frisones
2894 4282 3147 4340 celeriter
3185 4289 3467 4356 expetivit,
3509 4300 3776 4358 terramque

2234 4359 2445 4415 illorum
2481 4365 2767 4423 devastare
2806 4373 2990 4442 carpit.
3036 4374 3188 4431 Tunc
3231 4377 3492 4436 Frisones
3524 4380 3772 4436 multorum

2230 4453 2538 4522 congeriem
2577 4459 2895 4527 populorum
2925 4464 3140 4520 concite
3169 4480 3572 4533 coaeervantes,
3600 4470 3774 4533 sibique

2227 4542 2627 4602 multitudinem
2681 4549 2918 4619 plebium
2983 4554 3038 4609 in
3109 4557 3346 4614 conﬁnio
3403 4561 3587 4617 Frisite
3647 4575 3769 4615 com-

2227 4646 2554 4701 morantium
2600 4651 3026 4719 accumulantes,
3057 4653 3220 4712 ﬂuvio
3272 4659 3504 4715 Alnterte
3567 4671 3769 4714 commo-

2227 4748 2434 4793 rantem
2493 4742 2800 4812 agminibus
2855 4747 3041 4803 multis
3101 4753 3449 4820 pra'paratis,
3507 4752 3765 4808 accelerat:

2223 4828 2534 4886 incursione
2561 4844 2830 4890 conantur
2855 4835 3112 4893 invadere
3152 4839 3452 4897 Rollonem.
3483 4843 3627 4897 Rollo
3662 4852 3765 4893 vero

2223 4930 2278 4978 et
2311 4924 2404 4994 qui
2445 4940 2567 4979 cum
2597 4941 2662 4982 eo
2705 4937 2864 4983 erant
2891 4945 3031 5002 genu
3072 4930 3246 5000 ﬂexo,
3294 4949 3659 5006 armorumque
3700 4933 3763 4985 in-

2221 5027 2448 5085 gruente
2471 5019 2718 5085 horrore,
2741 5031 3018 5078 scutorum
3043 5026 3279 5097 tegmine
3298 5029 3554 5098 cooperti,
3576 5027 3763 5081 stricta:-

2220 5125 2325 5180 que
2354 5109 2499 5170 aciei.
2521 5113 2872 5168 mucronibus
2902 5117 3144 5172 coruscis
3173 5119 3495 5189 complicati,
3518 5123 3759 5187 exspecta-

2218 5203 2349 5256 bant
2378 5203 2590 5258 iuitium
2622 5207 2958 5263 certaminis.
2987 5207 3244 5267 Frisones
3270 5227 3397 5283 ergo
3421 5210 3758 5282 parvissintam

2217 5310 2336 5350 esse
2364 5307 2616 5366 putantes
2641 5299 3039 5356 multitudinem
3065 5302 3301 5370 Illorum,
3333 5305 3562 5359 iniemnt
3589 5301 3753 5356 bellum

2215 5384 2318 5440 sibi
2360 5401 2465 5442 non
2499 5387 2859 5459 profuturum.
2908 5392 3037 5446 Daci
3060 5407 3191 5448 vero
3222 5395 3528 5450 exsilientes
3567 5393 3614 5447 in
3654 5390 3752 5443 illos

2215 5476 2488 5550 intuentes
2535 5494 2708 5553 usque
2760 5483 2828 5538 ad
2886 5483 3308 5542 internecionem
3355 5485 3748 5557 prostraverunt,
