3952 5346
244 241 346 300 637

772 241 860 296 DE
890 241 1134 298 GESTIS
1159 243 1588 302 sesumam
1623 247 1860 304 nucum
1902 218 2327 306 iienﬁntas.
2359 225 2434 292 Ξ
2469 249 2596 306 LIB.
2629 250 2688 305 ll.
2713 227 2970 308 'noLLo

3384 244 3488 312 65's

239 354 524 426 pluresque
587 351 857 423 principes
928 362 1190 422 ceperunt
1251 355 1815 426 innumerabilemque
1842 375 1888 432 Α
1917 376 2019 429 que
2053 361 2206 417 Rollo
2246 362 2563 418 fmderatum
2611 367 3026 435 muneribusque
3069 379 3122 422 et
3151 368 3305 425 donis
3346 388 3485 440 pne-

235 459 454 500 mat-um
486 443 550 495 ad
591 456 753 494 naves
790 441 1075 494 duxerunt.
1104 441 1358 498 Frisoues
1392 445 1556 514 igitur
1587 446 1808 512 residui,

234 532 536 589 diﬂ‘tientes
577 531 683 595 sui,
716 530 914 584 exhinc
957 531 1225 586 tributarii
1256 531 1430 588 eﬂ'ecti
1461 545 1606 597 sunt,
1633 534 1815 588 Rollo-

234 624 317 678 nis
362 621 649 692 praeceptis
695 636 790 690 per
836 621 1016 675 omnia
1064 623 1398 678 obedientes.
1443 627 1711 693 Congesto
1758 635 1814 681 et

231 716 578 783 exaggerato,
619 722 782 780 atque
828 712 954 766 dato
990 712 1178 766 Frisite
1225 715 1442 780 tributo,
1475 715 1616 770 illico
1651 715 1813 770 librat

233 804 284 857 in
315 803 486 858 altum
516 804 744 858 carbasa
777 805 1001 859 navibus
1031 805 1176 871 data,
1208 808 1478 878 vertitque
1519 825 1710 879 proras
1744 811 1811 865 ad

229 892 448 948 Raiaeri
483 893 677 963 prolixi
701 894 872 964 juguli
923 903 1118 960 terras,
1149 895 1338 952 ulcisci
1378 912 1438 954 se
1481 899 1705 968 cupiens
1744 899 1812 954 de

227 982 370 1052 ipsa,
392 983 489 1053 qui
533 981 686 1037 aﬂ’uit
733 983 978 1054 Uvalgris
1017 999 1138 1038 cum
1183 985 1512 1042 Fresouibus
1548 987 1658 1057 jam
1688 1004 1812 1058 pro-

225 1075 414 1130 stratis
462 1074 516 1128 in
562 1073 767 1144 praelia.
817 1074 1104 1131 Pererrato
1171 1087 1368 1147 ponto,
1413 1079 1581 1133 intrat
1629 1079 1809 1134 Scaldi

225 1167 441 1224 alveum
475 1167 553 1222 eis
578 1169 822 1237 citraque
853 1177 1054 1222 terram
1087 1170 1420 1238 depopulans
1451 1185 1612 1240 super
1640 1171 1811 1242 Longi

223 1260 348 1317 colli
376 1259 693 1324 Rainerum,
718 1259 866 1314 venit
896 1259 962 1312 ad
989 1261 1278 1329 quamdam
1305 1262 1578 1316 abhatiam
1608 1261 1807 1316 dictam

223 1349 445 1404 nomine
501 1346 822 1404 Condatum.
887 1347 1154 1402 Rainerus
1207 1364 1336 1403 vero
1403 1349 1568 1403 multa
1625 1350 1808 1431 prtelia

221 1450 416 1496 contra
476 1454 600 1494 eum
655 1439 815 1502 fecit,
865 1436 960 1493 sed
1014 1453 1081 1492 ex
1133 1440 1384 1494 omnibus
1430 1440 1586 1495 Rollo
1634 1441 1812 1496 victor

221 1544 421 1606 potens
448 1534 676 1589 exstitit.
708 1534 1102 1589 Devastabatur
1142 1544 1284 1590 terra
1327 1536 1609 1607 utriusque
1647 1552 1807 1592 exer-

221 1627 364 1681 citus
419 1625 564 1680 mala
630 1640 907 1695 perpessa.
965 1624 1258 1680 Przevalida
1317 1627 1488 1683 fames
1539 1629 1805 1692 exoritur,

221 1719 345 1790 quia
405 1729 548 1772 terra
606 1727 790 1772 aratro
845 1733 948 1772 non
1002 1718 1286 1774 scinditur.
1336 1719 1539 1788 Vulgus
1583 1721 1805 1791 penuria
1839 1725 1883 1784 Β

221 1812 497 1882 aﬂligitur,
547 1810 690 1866 fame
735 1810 995 1881 bellisque
1017 1811 1288 1866 atteritur.
1325 1811 1576 1866 Dillidunt
1626 1813 1806 1867 vivere

222 1903 435 1968 cuncti,
491 1902 663 1956 salute
708 1903 880 1955 victus
941 1903 1156 1972 privati.
1210 1902 1451 1969 Quadam
1508 1903 1670 1972 igitur
1723 1905 1808 1958 die

221 1992 462 2046 Rainero
504 1992 620 2046 loco
661 1993 977 2046 insidiarum
1019 1993 1158 2047 clam
1206 2005 1600 2060 con-morante,
1647 2012 1810 2066 super

222 2082 398 2137 Dacos
451 2082 701 2152 cupiente
749 2084 975 2148 irruere,
1009 2083 1262 2138 Dacicum
1302 2085 1426 2141 hinc
1491 2086 1616 2140 inde
1680 2102 1808 2141 con-

221 2173 392 2242 gressi
449 2173 822 2237 vallaverunt,
878 2190 1107 2244 eumque
1158 2176 1384 2229 nimium
1449 2177 1807 2232 debellantem

224 2266 638 2334 manciparuut,
679 2267 1028 2335 vinctumque
1073 2268 1138 2320 ad
1189 2269 1469 2324 Rollourm
1515 2273 1805 2326 duxerunt.

220 2355 338 2425 Ipsa
386 2371 623 2425 namque
661 2357 746 2410 die
779 2358 1137 2429 Ragineridte,
1168 2361 1524 2418 Dacorum’ut
1552 2371 1808 2434 caperent

221 2446 433 2515 aliquos
465 2448 688 2502 latebris
719 2459 1137 2514 commorautes,
1171 2451 1489 2507 invaserunt
1525 2455 1807 2510 duodecim

221 2539 422 2594 milites
473 2541 775 2610 pracipuos
827 2540 1098 2607 Rollonis,
1163 2555 1217 2597 et
1276 2545 1546 2599 constanti
1608 2547 1807 2600 virtute

219 2641 506 2702 ceperunt.
558 2631 711 2686 Tunc
767 2649 905 2687 uxor
955 2633 1207 2704 Ragineri
1269 2635 1432 2700 ﬂens,
1489 2645 1545 2690 et
1601 2637 1808 2706 ejulans

219 2737 386 2791 super
433 2737 532 2788 eo,
582 2725 897 2778 convocatis
946 2725 1280 2793 principibus
1339 2727 1480 2787 suis,
1537 2728 1684 2781 misit
1739 2728 1806 2782 ad

220 2812 528 2874 Rollonem.
557 2821 617 2867 ut
646 2828 745 2883 pro
773 2815 1052 2869 duodecim
1090 2817 1377 2871 comitibus
1413 2819 1586 2886 captis
1622 2819 1807 2874 redde-

220 2915 301 2959 ret
325 2905 426 2958 sibi
472 2921 627 2959 suum
663 2907 953 2962 seniorem.
982 2908 1126 2962 Illico
1153 2909 1327 2967 Rullo.
1362 2921 1611 2979 suscepta
1656 2911 1802 2980 lega-

221 2995 390 3061 tione,
438 2997 649 3050 remisit
701 2999 766 3051 ad
820 3014 938 3051 eam
991 3000 1214 3054 dicens:
1248 3000 1364 3054 Non
1409 3002 1500 3053 red
1520 3003 1665 3055 .‘etur
1709 3001 1804 3056 tibi

220 3085 546 3154 Rugini-rus,
589 3087 683 3142 sed
736 3089 1108 3155 decollabitur,
1143 3091 1245 3144 nisi
1297 3091 1597 3145 reddideris
1654 3093 1802 3160 prius
1831 3093 1874 3154 C

221 3193 374 3232 meos
407 3180 634 3233 comites
675 3183 829 3245 mihi,
868 3183 1090 3250 insuper
1137 3183 1349 3237 dederis
1390 3183 1648 3254 quidquid
1689 3185 1804 3238 auri

218 3278 302 3323 est
336 3277 392 3324 et
419 3271 627 3338 argenti
658 3271 737 3325 sui
784 3273 1112 3336 ducamiuis,
1139 3289 1260 3328 cum
1299 3274 1610 3341 jurameuto
1647 3275 1810 3328 (Zhri-

221 3363 410 3415 stiana:
455 3364 751 3431 religionis.
777 3364 905 3432 quin
943 3365 1105 3419 etiam
1146 3366 1403 3419 tribututn
1442 3366 1599 3420 istius
1637 3367 1806 3431 regio-

223 3453 325 3508 nis.
360 3454 482 3508 Mox
514 3455 708 3524 conjux
768 3454 1022 3524 Ragineri
1051 3457 1262 3528 lugubri
1305 3459 1574 3527 legatione
1613 3457 1806 3513 aﬂlicta

219 3545 450 3598 comites
499 3556 688 3616 captos
740 3545 950 3600 Rolloni
1005 3548 1244 3609 remisit,
1282 3564 1584 3618 aurumque
1619 3557 1672 3603 et
1719 3565 1807 3602 ar-

222 3646 443 3706 gentum
483 3638 625 3706 quod
658 3654 887 3708 usquam
931 3639 1176 3693 invenire.
1223 3641 1418 3701 potuit.
1457 3641 1598 3708 Quin
1635 3641 1804 3693 etiam

222 3727 349 3780 illml
382 3729 523 3797 quod
559 3739 673 3782 erat
712 3730 882 3785 sacris
911 3729 1173 3784 altaribus
1207 3747 1545 3793 concessum,
1579 3732 1807 3800 pariter-

220 3835 327 3888 que
351 3821 579 3891 vectigal
617 3821 760 3875 iIlius
788 3821 1090 3876 tlucaminis
1119 3838 1239 3875 cmn
1263 3821 1636 3893 jurejurando,
1664 3820 1804 3890 quod

220 3911 344 3982 plus
394 3912 594 3965 metalli
633 3927 737 3966 non
779 3913 1028 3977 haberet,
1067 3929 1165 3968 nec
1197 3914 1418 3983 exigere
1455 3923 1654 3982 posset,
1687 3927 1808 3981 sup-

220 4002 456 4073 plicibus
484 4002 666 4056 verbis
699 4011 754 4057 et
794 4003 1157 4072 deprecativis
1196 4004 1347 4058 misnt
1391 4004 1457 4057 ad
1498 4003 1804 4068 Rollonem,

221 4105 282 4150 ut
325 4096 578 4150 redderet
627 4095 729 4150 sibi
780 4112 934 4150 suum
985 4097 1184 4150 virum.
1235 4097 1356 4167 Ipse
1405 4105 1584 4151 autem
1628 4105 1806 4151 motus

219 4186 426 4256 pietate
473 4187 803 4255 vocibusque
849 4187 1165 4255 suppliciter
1211 4187 1582 4255 precantium,
1631 4187 1696 4240 ad
1748 4200 1806 4240 se

222 4277 348 4336 fecit
380 4277 564 4331 venire
596 4277 764 4347 Longi
800 4278 920 4332 colli
956 4277 1308 4347 Raginerum,
1337 4278 1625 4347 verbisque
1660 4277 1808 4346 paci-

222 4368 338 4424 ﬁcis
370 4368 566 4422 aﬂ‘atur
592 4384 713 4423 eum
753 4387 768 4423 :
802 4389 820 4422 ε
858 4369 1125 4436 Raginere
1165 4370 1293 4433 dux,
1333 4369 1591 4437 milesque
1625 4384 1806 4436 asper-

223 4462 379 4526 rime,
410 4476 706 4531 regumque
741 4471 796 4516 et
837 4463 1031 4516 ducum
1078 4471 1240 4528 atque
1282 4461 1534 4514 comitum
1570 4461 1803 4528 superbo
1836 4443 1880 4499 D

221 4559 370 4605 satus
417 4551 706 4620 sanguine.
757 4551 884 4619 quid
952 4551 1044 4604 tibi
1099 4550 1329 4604 feceram
1387 4551 1512 4603 olim
1567 4550 1806 4617 injurize?

225 4642 450 4705 Propter
485 4643 612 4709 quid
659 4642 928 4710 pra-liatus
960 4658 1020 4696 es
1047 4659 1170 4698 cum
1216 4642 1464 4712 Uvalgris
1488 4653 1542 4696 et
1569 4641 1804 4696 Frisoni-

223 4733 322 4787 bus
371 4744 559 4786 contra
611 4734 734 4786 me?
785 4733 839 4786 Si
884 4736 1072 4787 smvire
1119 4734 1277 4786 modo
1322 4734 1487 4795 vales.
1529 4749 1802 4788 armorum

222 4822 424 4889 spicula
464 4823 656 4874 desunt
708 4831 760 4875 et
807 4825 1088 4878 satellites.
1125 4823 1180 4875 Si
1230 4824 1361 4878 velis
1405 4840 1432 4876 a
1488 4823 1641 4877 nobis
1679 4822 1802 4893 fuga

224 4913 362 4972 Ιςιιιὶ,
417 4914 771 4980 compedibus
830 4915 1114 4968 iutricatus
1176 4931 1281 4968 non
1344 4924 1496 4983 potes
1554 4916 1802 4973 evadere.

222 5003 498 5054 Taliourm
550 5004 692 5056 sicut
733 5002 1040 5058 Frisouibus
1093 5003 1182 5057 tibi
1233 5007 1436 5060 reddidi
1485 5021 1583 5076 pro
1628 5008 1805 5075 malis,

223 5107 343 5159 qua:
384 5092 513 5146 mihi
543 5093 662 5146 sine
696 5107 752 5146 re
783 5093 1026 5149 intulisti.
1059 5094 1206 5147 Uxor
1238 5105 1326 5150 tua
1351 5106 1405 5151 et
1433 5099 1703 5167 principes
1729 5104 1803 5160 tui

219 5183 441 5214 ηιιίιιιιιιῖ
469 5185 479 5214 Ι
513 5184 628 5214 ηιαυῖ
675 5193 722 5214 ο.
773 5190 971 5214 ιιιιηινυιῖ
1017 5200 1339 5214 -ΛΛαανιΑσι..-Α
1373 5198 1654 5214 ..Α’.-Αιιιαο-.
1707 5208 1764 5214 ..ν

513 5190 628 5214 ull-Di
675 5193 722 5214 ο.
773 5190 971 5214 lxlnN.\..l:

1916 467 2035 504 max
2066 454 2166 506 tuis
2217 453 2475 517 ditatum,
2525 454 2654 522 quin
2709 455 2869 508 etiam
2924 457 3128 511 reddita
3201 462 3487 516 medietate

1913 540 2206 607 legatorum
2233 558 2534 608 munerum,
2560 545 2624 597 ad
2654 561 2872 599 uxorein
2900 561 3051 599 suam
3081 547 3254 602 laetum
3281 551 3487 606 remisit

1912 631 2257 703 Raginerum.
2292 633 2386 688 His
2427 636 2603 690 taliter
2647 651 2777 705 pace
2816 637 3042 702 sedatis,
3083 639 3237 693 llollo
3282 657 3488 696 memor

1911 721 2159 787 visionis,
2211 739 2532 796 semperque
2581 742 2806 796 sperans
2858 727 3145 782 aﬂ'uturum
3193 731 3295 784 sibi
3343 733 3487 799 quod

1911 815 2120 870 viderat
2144 815 2198 870 in
2223 817 2446 883 somnis,
2478 818 2606 887 quid
2636 817 2825 873 debeat
2854 835 3014 890 agere
3042 819 3212 875 solers
3241 820 3482 891 inquirit.

2508 939 2848 980 APOSTROPHA
2867 964 2883 980 .

1911 1033 2091 1101 Rollo,
2118 1033 2247 1104 quid
2276 1035 2329 1090 in
2374 1036 2532 1091 terris
2556 1037 2833 1092 morulans
2856 1039 3092 1095 versaris
3121 1039 3172 1094 in
3204 1040 3347 1107 istis,

1909 1127 2042 1182 Cum
2071 1142 2232 1196 supra
2259 1127 2393 1182 satis
2417 1127 2560 1183 ultus
2586 1129 2717 1183 ades
2736 1139 2959 1183 cunctos
2987 1131 3274 1184 inimicos?

1910 1216 2128 1280 Desine,
2154 1232 2316 1285 parce
2345 1218 2461 1283 tibi,
2490 1218 2663 1286 magis
2687 1219 2800 1272 lucc
2829 1219 3097 1273 sententia
3132 1229 3374 1288 praestat,

1911 1308 2154 1362 Venturo
2185 1309 2440 1372 quoniam
2477 1309 2698 1378 proclivi
2736 1310 2994 1378 temporis
3018 1325 3133 1364 (evo

1909 1398 2097 1453 Prwlia
2128 1398 2429 1454 Fraucisca:
2460 1401 2636 1465 gentis
2656 1400 2771 1455 dire
2799 1402 3041 1472 patieris,

1907 1488 2085 1558 Atque
2115 1485 2358 1559 fatigeris
2387 1489 2610 1544 nimium
2638 1489 2791 1544 bellis
2811 1490 3121 1560 Aquitanis.

1910 1579 2047 1635 llinc
2072 1579 2238 1634 l'outis
2268 1579 2477 1650 liquidi,
2515 1591 2571 1636 et
2602 1582 2742 1636 sacri
2782 1598 2958 1637 rorem
2998 1583 3306 1650 subiturus,

1910 1672 2213 1726 Chrisuiate
2244 1671 2516 1740 perfusus,
2545 1672 2759 1744 oleique
2783 1674 2992 1744 liquore
3020 1678 3274 1741 novatus,

1910 1761 2135 1816 Praemia
2163 1769 2436 1831 perpetua:
2458 1764 2644 1833 capies
2672 1779 2795 1818 cum
2827 1779 3052 1819 munere
3077 1766 3221 1818 vitm.

1978 1853 2132 1906 Auno
2163 1853 2324 1923 igitur
2352 1854 3212 1924 octingentesimoseptuagesimo
3239 1864 3391 1910 sexto
3417 1855 3485 1910 ab

1910 1945 2280 2004 incarnatione
2308 1948 2539 2013 Domini,
2575 1949 2768 2004 nobilis
2788 1949 2942 2004 Rollo
2967 1951 3216 2005 consultu
3249 1950 3483 2006 fidelium

1908 2056 2128 2096 suorum
2155 2041 2370 2097 libravit
2402 2043 2515 2097 vela
2538 2043 2712 2096 ventis
2741 2043 3030 2112 navigeris,
3051 2041 3284 2097 ﬂuminis
3307 2041 3485 2098 Scaldi

1907 2131 2118 2187 alveum
2139 2133 2417 2200 deserens,
2437 2143 2596 2202 atque
2621 2148 2906 2203 permenso
2927 2143 3090 2202 ponto
3111 2149 3212 2202 qua
3236 2132 3274 2186 S
3293 2147 3484 2200 -quana

1909 2224 2141 2279 cmruleo
2205 2226 2454 2294 gurgite,
2518 2225 2928 2296 perspicuisque
2987 2226 3237 2279 cursibus
3284 2222 3480 2286 ﬂuens,

1907 2313 2314 2384 odoriferasque
2326 2314 2702 2368 excellentium
2731 2315 2969 2383 riparum
2994 2313 3190 2368 herbas
3216 2312 3479 2373 lambens,

1907 2405 2179 2476 ﬂuctuque
2205 2405 2471 2459 inﬂatiore
2513 2405 2678 2460 maris
2726 2419 2866 2473 saepe
2913 2405 3255 2457 reverberato
3289 2416 3484 2456 secun-

1908 2497 2034 2551 dum
2084 2495 2398 2549 discrimina
2433 2495 2619 2557 Lunae,
2672 2493 2984 2548 inundantis
3015 2492 3180 2546 maris
3209 2491 3397 2561 pelago
3427 2503 3486 2544 se

1909 2586 2170 2642 immittit.
2188 2586 2510 2657 aggrediens
2527 2584 2753 2638 navibus
2767 2582 3486 2648 Gimeiasvenit,videusque

1911 2675 1964 2730 S.
1992 2676 2136 2730 Petri
2170 2677 2557 2731 monasterium
2587 2675 2906 2730 monacliilis
2930 2674 3280 2730 habitationis
3312 2672 3487 2727 domi-

1907 2764 2008 2818 bus
2057 2766 2398 2831 adornatum,
2438 2775 2794 2836 sanctumque
2835 2774 3089 2834 reputans
3135 2778 3256 2818 esse
3284 2761 3484 2826 locum,

1909 2856 2108 2910 morari
2160 2856 2271 2912 illic
2321 2857 2557 2923 distulit;
2593 2858 2686 2913 sed
2719 2857 2861 2912 ultra
2905 2855 3104 2910 ﬂumen
3130 2857 3196 2910 ad
3222 2854 3484 2924 capellam

1910 2947 1966 3002 S.
2031 2947 2248 3002 V'edasti
2292 2965 2459 3004 naves
2509 2950 2797 3020 applicuit;
2845 2964 3148 3020 corpusque
3202 2947 3485 3018 cujusdam

1909 3042 2134 3112 virginis
2161 3043 2380 3098 nomine
2416 3042 2800 3108 llameltrudis,
2837 3044 2979 3114 quod
3028 3057 3210 3096 secum
3233 3041 3486 3110 adporta-

1909 3145 2077 3196 verat,
2136 3147 2300 3203 super
2349 3133 2520 3187 altare
2582 3133 2642 3189 S.
2701 3133 2922 3188 Vedasti
2972 3135 3186 3203 posuit,
3254 3131 3485 3200 buicque

1907 3226 2127 3296 capella:
2168 3243 2238 3280 ex
2285 3228 2504 3281 nomine
2564 3225 2796 3296 virginis
2845 3240 3042 3280 nomen
3092 3222 3484 3291 sempiternam

1905 3315 2141 3369 ittluesit.
2168 3315 2480 3385 Diciturque
2503 3314 2592 3369 ille
2617 3315 2768 3392 locus
2795 3314 2860 3367 ad
2890 3321 3136 3367 sanctum
3169 3309 3478 3364 Hameltrtt-

1904 3408 2026 3462 dem
2059 3409 2127 3463 ab
2149 3408 2360 3463 incolis.
2397 3407 2694 3462 Audientes
2717 3408 2880 3475 igitur
2905 3419 3168 3476 pauperes
3207 3401 3478 3464 homines,

1906 3502 2199 3572 inopesque
2232 3511 2565 3556 mercatores
2596 3499 2828 3554 Rotomo
2861 3504 3284 3561 commorantes,
3315 3492 3486 3547 illius-

1904 3609 2010 3663 que
2053 3593 2287 3663 regionis
2334 3592 2692 3656 habitatores,
2745 3592 3020 3660 copiosam
3081 3586 3481 3643 multitudinem

1905 3683 2339 3738 Norniannorum
2372 3683 2562 3737 adesse
2584 3680 2878 3750 Gimegias,
2905 3687 3172 3733 venerunt
3198 3676 3484 3732 unanimes

1905 3777 1971 3831 ad
2003 3776 2337 3831 Franconem
2366 3776 2677 3844 episcopum
2722 3773 3237 3841 Rothomageusem,
3260 3768 3480 3824 consul-

1907 3869 2011 3923 turi
2064 3868 2193 3938 quid
2245 3876 2488 3936 agerent.
2549 3866 2760 3921 Franco
2802 3881 2934 3919 vero
2979 3863 3164 3918 statim
3222 3861 3369 3914 misit
3411 3859 3481 3913 ad

1906 3960 2212 4023 llollonem,
2242 3967 2299 4012 ut
2325 3959 2479 4012 daret
2511 3957 2610 4012 sibi
2643 3971 2886 4028 pagoque
2919 3953 3258 4009 manentibus
3281 3949 3488 4006 securi-

1909 4059 2096 4104 tatem.
2155 4047 2311 4103 Rollo
2360 4063 2490 4102 vero
2519 4048 2855 4117 comperiens
2882 4045 3024 4115 quod
3050 4044 3101 4097 in
3147 4041 3280 4096 urbe
3305 4038 3483 4094 necin

1908 4139 2106 4193 ﬁnibus
2155 4136 2275 4206 ejus
2318 4146 2627 4191 moraretur
2669 4135 2771 4189 nisi
2815 4135 3021 4188 inerme
3066 4129 3284 4200 vulgus,
3335 4127 3485 4183 dedit

1906 4235 2163 4303 episcopo
2221 4245 2334 4286 sua:
2389 4229 2513 4284 ﬁdei
2567 4237 2753 4283 tenore
2806 4227 3178 4282 securitatem.
3238 4218 3486 4288 Hincque

1908 4339 2152 4394 gressum
2168 4319 2579 4391 profuturaesibi
2597 4317 2960 4390 navigationis
2988 4317 3222 4387 agitans,
3252 4309 3485 4368 Rotomo

1907 4419 2072 4480 venit,
2106 4426 2402 4486 portaeque,
2432 4416 2518 4470 cui
2545 4415 2737 4469 innexa
2790 4422 2872 4468 est
2895 4411 3118 4467 ecclesia
3151 4408 3209 4463 S.
3243 4405 3482 4472 Martini,

1907 4523 2074 4563 naves
2097 4505 2329 4576 plurimo
2352 4504 2522 4558 milite
2543 4503 2800 4558 fecundas
2830 4500 3077 4556 adhtesit.
3101 4497 3282 4553 Classe
3302 4504 3482 4550 autem

1908 4599 2264 4660 descendens,
2314 4597 2586 4666 celerique
2619 4609 2802 4666 gressu
2848 4593 3087 4648 lustrans
3111 4589 3319 4653 urbem,
3351 4586 3484 4639 vidit

1907 4688 2158 4756 disjectas
2205 4687 2374 4742 moles
2421 4687 2559 4756 ejus,
2622 4682 2914 4752 avulsaque
2971 4679 3295 4750 templorum
3331 4689 3488 4735 saxa,

1906 4780 2167 4837 ecclesias
2227 4778 2578 4832 fundamento
2622 4760 2865 4838 emotas,
2886 4784 3173 4838 murosque
3206 4768 3340 4822 hinc
3367 4762 3494 4817 inde

1907 4879 2198 4946 disruptos,
2227 4887 2557 4944 parvamque
2588 4887 2808 4928 manum
2836 4880 2888 4926 et
2919 4871 3205 4927 inermem,
3223 4860 3504 4933 ρωρῑιίιιιθ

1905 4971 2090 5029 animo
2125 4969 2347 5031 literere,
2381 4967 2542 5036 inque
2568 4965 2768 5020 unione
2825 4961 3020 5019 intuitu
3042 4958 3220 5010 visum
3249 4953 3516 5021 deﬁge”.

1905 5060 2263 5123 reminiscens
2284 5058 2508 5116 visionis
2534 5073 2697 5127 quam
2724 5056 2939 5112 viderat
2967 5048 3110 5104 ultra
3144 5061 3353 5108 mare.

2519 5181 2549 5214 Δ
2556 5183 2686 5214 βοςτ
2693 5176 2828 5214 παρη
2837 5183 2862 5214 Δ
2871 5204 2884 5214 .
