3952 5346
455 265 565 329 65)

459 389 537 442 En
565 386 765 441 lavacri
796 401 903 455 quo
942 394 994 440 te
1050 399 1179 454 epra
1203 386 1505 456 purgarier,
1536 387 1623 442 hic
1653 387 1795 454 fons,

457 477 798 534 Edificanda
829 478 936 531 luis
963 477 1077 530 hate
1106 477 1280 546 patria
1305 478 1452 554 fonte
1479 479 1710 534 novatis.

465 571 605 625 Urbe
633 569 789 623 dabis
819 569 1030 639 p0pulis
1057 567 1200 638 leges
1227 577 1282 624 et
1318 568 1521 624 foedera
1551 572 1602 624 in
1632 570 1758 636 ista,

457 657 695 728 Juraque
718 657 975 712 districta:
999 656 1204 726 pariter
1232 656 1518 712 formidine
1540 673 1732 728 paenae.

460 751 727 820 Tempore
760 747 1046 803 mirificum
1084 745 1546 817 venturojamque
1569 757 1844 818 nepotum,

456 842 662 910 Aspera
690 840 941 908 sepositis
962 839 1227 893 nitescent
1255 838 1448 893 saecula
1481 839 1653 904 b’ellis,

457 933 527 986 Et
549 944 710 1000 super
732 947 882 985 arma
907 930 1100 984 sedens
1127 927 1278 983 furor
1297 929 1513 999 impius,
1537 930 1830 1000 impietatis

460 1021 678 1076 Viribus
702 1020 992 1090 explicitis,
1020 1033 1122 1072 non
1139 1033 1463 1090 quemquam
1492 1033 1621 1073 voce
1647 1018 1894 1085 lacesset,

459 1112 602 1178 Quin
630 1110 786 1180 lupus
821 1125 996 1179 asper,
1021 1109 1158 1175 ovis,
1185 1108 1344 1163 simul
1369 1111 1728 1178 pascenturin
1762 1126 1910 1182 agro.

530 1199 660 1256 inde
702 1204 768 1254 ad
806 1215 968 1254 naves
1020 1213 1286 1263 reversus,
1345 1201 1656 1257 convocatis
1703 1203 2040 1272 principibus

460 1291 656 1362 quierit
692 1292 873 1360 sagaci
902 1299 1080 1344 mente
1131 1290 1356 1344 consilio
1410 1305 1630 1345 suorum
1686 1293 1813 1362 quid
1847 1293 1945 1346 sibi
1969 1292 2042 1347 sit

459 1381 789 1438 faciendum.
818 1383 965 1436 'l’unc
987 1382 1068 1438 sui
1112 1383 1266 1452 quasi
1305 1382 1606 1441 futurorum
1635 1385 1867 1454 praescii,
1898 1386 2036 1440 divi-

460 1489 650 1542 meque
679 1473 1045 1542 inspirationis
1098 1473 1360 1546 praesagio
1401 1473 1611 1540 imbuti,
1639 1475 1889 1530 dixerunt
1918 1476 2037 1531 viva

459 1581 592 1621 voce
646 1565 857 1622 Rolloni
912 1585 924 1621 :
969 1584 986 1618 ί
1028 1567 1153 1622 [late
1197 1575 1341 1623 terra
1373 1568 1526 1637 copia
1553 1568 1765 1637 frugum
1796 1571 2036 1624 omnium

464 1676 481 1708 ι
530 1657 790 1719 fecunda.
843 1659 1129 1715 arboribus
1175 1675 1484 1727 nemorosa,
1531 1660 1842 1717 fluminibus
1889 1663 2037 1734 pisce

1413 272 1714 329 DUDONIS
1742 273 1988 329 DECANI
2017 275 2073 330 S.
2099 275 2404 344 QUINTINI
2440 277 2815 337 VIROMAND.

2057 394 2110 453 Λ
2137 391 2329 446 derunt
2383 410 2396 447 :

3618 287 3734 345 640

2453 412 2471 446 ι
2529 394 2816 466 Nunquam
2869 395 3089 450 cuilibet
3141 398 3567 471 subjugabimus,
3625 414 3734 458 nec

2141 481 2439 552 cujuspiam
2495 485 2742 540 servituti
2793 503 3030 556 unquam
3082 490 3496 559 adhaerebimus,
3547 509 3734 565 neque

2140 570 2404 626 beneficia
2432 588 2461 626 a
2493 588 2764 643 quoquam
2817 575 3171 646 cxcipiemus.
3218 579 3352 635 illud
3390 583 3731 639 beneficium

2139 662 2343 731 Optime
2399 663 2790 743 complacuerit
2839 666 3016 731 nobis,
3061 669 3204 737 quod
3247 671 3414 727 armis
3453 682 3508 727 et
3539 673 3736 728 labere

2139 750 2445 821 [meliorum
2474 752 2863 808 viudieabinius
2886 755 3059 810 nobis.
3094 775 3112 808 ι
3144 756 3297 813 Tunc
3324 759 3682 830 Francigena:
3712 773 3730 813 :

2145 859 2164 892 ι
2195 839 2332 907 Quid
2370 841 2544 896 acturi
2594 842 2761 897 estis?
2809 862 2828 896 ι
2884 842 3021 900 Hinc
3060 846 3340 916 Dacigenre
3371 867 3384 903 :
3418 868 3437 902 ι
3476 850 3732 918 Quanto-

2139 931 2259 985 eius
2306 932 2582 986 abscedite
2613 941 2668 986 et
2694 932 2926 1003 amplius
2975 934 3142 992 nolite
3173 946 3340 1003 stare,
3373 939 3501 1008 quia
3528 940 3734 994 vestris

2141 1022 2459 1091 ambagibus
2516 1038 2622 1076 nou
2669 1037 2946 1090 curamus,
2998 1040 3097 1080 nec
3144 1028 3272 1096 quid
3321 1029 3495 1084 acturi
3540 1045 3735 1084 sumus

2140 1110 2295 1165 vobis
2327 1110 2704 1165 indicabimus.
2744 1131 2762 1163 ι
2790 1111 2866 1165 illi
2891 1127 3021 1167 vero
3050 1115 3333 1182 abeuntes,
3364 1117 3510 1186 quod
3537 1119 3731 1172 audie-

2141 1209 2266 1254 runt
2328 1201 2583 1271 expedite
2641 1201 2908 1256 exercitui
2963 1204 3360 1259 renuntiarunt.
3411 1205 3734 1276 Ragnoldus

2139 1303 2268 1344 vero
2314 1300 2530 1345 vertens
2557 1291 2624 1344 ad
2692 1289 2997 1360 Alstiguum
3049 1291 3220 1346 dixit:
3253 1313 3270 1344 ι
3299 1293 3437 1360 Quid
3469 1294 3627 1348 vobis
3651 1294 3734 1348 vi-

2139 1377 2335 1432 detur:
2365 1377 2642 1432 Bellumne
2692 1377 3043 1434 initiabitur?
3079 1379 3183 1436 Vos
3223 1397 3290 1436 ex
3314 1382 3533 1437 illorum
3565 1393 3733 1454 gente

2139 1457 2295 1534 estis,
2325 1484 2424 1525 vos
2455 1479 2626 1524 artem
2652 1469 2932 1539 praeliaudi
2963 1487 3113 1528 more
3136 1472 3402 1528 Dacorum
3433 1489 3542 1529 non
3575 1475 3732 1544 igno-

2141 1560 2295 1615 ratis.
2328 1560 2499 1616 Dicite
2538 1561 2666 1630 quid
2695 1576 2883 1618 sumus
2913 1561 3151 1618 facturi?
3187 1582 3206 1616 ι
3259 1564 3411 1619 Tunc
3441 1564 3726 1636 Alstigntts

2139 1650 2332 1706 veneni
2383 1650 2523 1718 fera,
2549 1650 2767 1722 vulpina
2798 1663 2916 1708 arte
2953 1653 3224 1722 suffultus,
3260 1657 3564 1712 exercitum
3588 1657 3726 1712 alfa-

464 1767 482 1802 ι
531 1751 747 1821 repletis
776 1753 1168 1819 discriminata,
1198 1763 1389 1808 venatu
1435 1754 1768 1810 diversarum
1797 1755 2034 1811 ferarqu
2066 1763 2110 1823 Β
2141 1751 2264 1796 ul":
2295 1759 2315 1794 ‘
2352 1741 2478 1798 "33¢
2501 1758 2633 1822 80,05
2670 1743 2924 1812 iWeniliS
2945 1747 3119 1802 ωιθιίε
3160 1745 3292 1803 “ore
3327 1749 3725 1815 I‘ObUSliSSima.

461 1860 483 1895 ι
528 1842 857 1899 sutiicienter
878 1846 1119 1915 copiosa,
1149 1845 1241 1900 sed
1257 1847 1536 1917 armigeris
1565 1848 1824 1903 militibus
1847 1865 2032 1906 vacua.

461 1953 483 1989 ί
531 1935 638 1991 Nos
691 1937 831 1992 hanc
873 1937 1124 2006 p0testati
1159 1947 1356 1992 nostra:
1390 1936 1759 2006 subjicicmus,
1792 1931 2037 2009 hancque

462 2047 482 2080 ‹
530 2029 664 2083 sorti
708 2039 908 2085 nostra:
939 2030 1350 2085 vindicabimus.
1399 2029 1773 2087 Finitimarum
1799 2033 2036 2103 gentium

462 2135 482 2170 ι
529 2121 747 2190 oppida,
783 2122 949 2186 vicos,
978 2132 1032 2176 et
1059 2131 1234 2176 castra
1264 2132 1424 2192 atque
1451 2124 1610 2178 urbes
1631 2123 1826 2194 praeliis
1852 2124 2037 2193 adqui-

465 2229 482 2260 ι
531 2228 733 2278 remus,
781 2223 836 2267 ut
887 2215 1227 2284 requiescere
1260 2215 1468 2285 possint
1508 2223 1698 2270 turma:
1733 2224 1853 2285 post
1886 2225 2034 2286 terga

463 2319 481 2353 ι
531 2314 714 2357 nostra
746 2305 1015 2374 seposit:e.
1041 2305 1246 2360 Forsan
1272 2306 1646 2378 interpretatio
1678 2315 1781 2361 tua:
1809 2307 2036 2362 visionis

466 2412 483 2446 ι
531 2405 772 2450 vertetur
809 2397 860 2451 in
909 2397 1105 2452 finibus
1148 2398 1284 2453 istis.
1336 2418 1356 2451 ι
1390 2398 1543 2454 Bello
1586 2399 1746 2468 igitur
1766 2414 1928 2469 super
1953 2413 2036 2453 re-

457 2489 671 2556 sponsis
719 2505 939 2544 suorum
972 2489 1152 2556 laetus,
1194 2506 1223 2544 a
1267 2491 1499 2546 Rotomo
1533 2490 1759 2546 divulsis
1809 2489 2036 2546 navibus

456 2577 776 2633 subvehitur
804 2580 869 2633 ad
928 2580 1140 2635 Arehas
1186 2596 1381 2650 usque,
1413 2596 1534 2650 qua:
1570 2581 1781 2635 Asdans
1814 2578 2034 2634 dicitur.

452 2666 604 2724 Illico
631 2668 772 2724 fama
796 2671 925 2742 quid
955 2687 1132 2725 rerum
1160 2688 1383 2741 usquam
1413 2672 1590 2741 agitur
1616 2671 1856 2736 conscia,
1890 2686 2038 2725 com-

457 2762 570 2831 pita
595 2761 838 2818 Francia:
872 2779 1147 2835 aggressa,
1193 2765 1401 2818 intimat
1435 2765 1622 2819 adesse
1671 2763 2034 2830 Normannos,

457 2853 722 2923 Sequana:
736 2854 886 2909 alveo
909 2856 1288 2910 innumerabili
1312 2855 1656 2910 multitudine
1680 2857 2032 2912 coadunatos.

457 2943 498 2998 F
507 2945 652 2999 rauci
692 2960 822 3001 vero
852 2945 1060 3000 illorum
1098 2946 1354 3010 adventu,
1395 2947 1558 3001 veluti
1590 2948 1870 3019 repentino
1900 2949 2037 3002 toni-

457 3046 542 3090 tru
603 3052 737 3091 sono
779 3037 1100 3108 stupefacti,
1134 3048 1430 3094 convocato
1472 3038 1716 3106 Alstigno
1747 3055 2037 3108 pervasere

2143 1834 2312 1890 armis
2344 1833 2556 1901 edocta,
2596 1835 2890 1906 przeliaque
2927 1852 3089 1907 quam
3137 1837 3370 1908 plurima
3421 1849 3652 1909 experta
3681 1839 3728 1893 si

2145 1924 2448 1994 invadetur,
2479 1943 2733 2000 maguum
2774 1927 3076 1998 periculum
3095 1929 3251 1984 nobis
3287 1931 3659 2000 generabitur.
3703 1950 3725 1983 ι

2145 2019 2297 2075 Tune
2346 2020 2571 2091 quidam
2623 2020 2901 2078 Francisei
2949 2022 3182 2092 agminis
3231 2021 3457 2092 signifer
3508 2025 3729 2077 nomine

2144 2111 2444 2169 Rotlandus
2498 2112 2700 2169 dixisse
2736 2111 2910 2169 fertur
2945 2131 2960 2168 :
2997 2131 3017 2166 ι
3053 2113 3194 2180 Quid
3235 2115 3361 2169 huic
3403 2115 3729 2170 consulitis?

2141 2203 2424 2274 Nunquam
2486 2205 2612 2276 lupo
2650 2206 2810 2276 lupus
2865 2220 2964 2261 nec
3011 2206 3189 2276 vulpis
3217 2206 3373 2276 vulpe
3395 2207 3662 2276 capietur.
3703 2226 3722 2258 ι

2145 2293 2239 2350 llis
2278 2296 2456 2351 verbis
2477 2297 2736 2352 incitatus
2769 2297 2907 2352 dixit
2933 2296 3210 2368 Alstignus
3249 2315 3262 2352 :
3297 2317 3315 2350 ι
3349 2298 3562 2353 Amodo
3587 2315 3616 2352 a
3644 2314 3728 2353 me

2140 2387 2338 2444 bellum
2418 2404 2524 2444 non
2570 2389 3055 2459 blasphemabitur.
3126 2408 3145 2442 ι
3199 2389 3420 2444 Interim
3465 2389 3729 2462 Βοιιειηοι

2142 2482 2230 2550 qui
2263 2497 2384 2536 eum
2413 2496 2477 2538 eo
2502 2492 2675 2548 erant,
2711 2482 2951 2538 fecerunt
3001 2481 3104 2537 sibi
3131 2484 3426 2547 munimen,
3467 2494 3523 2537 et
3543 2482 3726 2538 obsta-

2143 2573 2321 2629 eulu‘m
2363 2575 2416 2630 in
2462 2574 2677 2631 modum
2726 2575 2914 2641 castri,
2953 2577 3260 2631 munientes
3312 2591 3371 2630 se
3405 2589 3504 2646 per
3530 2590 3724 2647 gyrum

2142 2666 2342 2722 avulsae
2395 2676 2553 2723 terra:
2598 2684 2816 2740 aggere,
2864 2669 3092 2739 locoque
3151 2679 3319 2740 portae
3354 2670 3727 2739 relinquentes

2142 2760 2376 2829 spatium
2404 2759 2627 2829 prolixa:
2651 2760 3041 2830 amplitudinis,
3070 2761 3214 2832 quod
3240 2770 3466 2831 apparet
3489 2761 3558 2815 ad
3590 2771 3726 2814 tem-

2142 2865 2242 2919 pus
2271 2865 2440 2919 usque
2479 2851 2636 2906 istius
2661 2850 2786 2905 diei.
2820 2851 3011 2906 Franci
3040 2865 3170 2906 vero
3193 2850 3429 2906 diluculo
3457 2857 3727 2904 venerunt

2143 2941 2210 2996 ad
2236 2941 2525 2997 ecclesiam
2574 2941 2632 2996 S.
2661 2941 2914 2998 Germani
2963 2943 3144 3014 ibique
3195 2943 3414 2998 missam
3442 2942 3726 2996 audientes

2144 3033 2537 3102 participantur
2579 3048 2805 3104 corpore
2839 3043 2895 3088 et
2940 3034 3201 3102 sanguine
3237 3033 3462 3088 Christi.
3508 3033 3725 3087 Abhinc

457 3126 588 3181 olim
637 3127 912 3193 Francite,
977 3139 1304 3199 congregato
1359 3130 1635 3186 immensa:
1678 3122 2474 3195 multitudinisCequitantes,
2531 3125 2585 3179 in
2641 3124 2759 3194 ripa
2817 3123 3057 3180 fluminis
3113 3139 3298 3188 naveS.
3350 3125 3634 3194 Dacosqnc
3673 3123 3724 3176 ίιι

457 3221 726 3286 exercitu,
758 3229 1020 3274 venerunt
1047 3235 1209 3291 super
1234 3221 1452 3277 Othurte
1473 3220 1705 3275 fluminis
1727 3221 2035 3276 decursum.

457 3308 608 3364 Tunc
638 3311 940 3382 ltagnoldus
963 3312 1216 3382 princeps
1243 3313 1410 3367 totius
1435 3311 1682 3366 Francia:
1707 3311 1843 3366 dixit
1867 3311 2038 3366 Alsti-

461 3417 568 3470 gno
596 3402 858 3456 incentori
895 3403 1063 3457 totius
1104 3405 1358 3474 nequitia:
1388 3422 1400 3458 :
1434 3424 1451 3456 ι
1486 3403 1566 3458 Tu
1604 3404 1704 3458 ista
1732 3413 1889 3471 gente
1920 3417 2044 3473 pro-

455 3493 923 3548 ereatusdanobis
958 3493 1240 3548 consilium
1265 3510 1425 3565 super
1449 3495 1534 3550 his
1563 3495 1723 3549 rebus
1753 3512 1765 3547 :
1805 3513 1823 3546 ι
1879 3493 2044 3547 Alsti-

457 3597 599 3655 guns
623 3584 951 3653 respondens
989 3584 1264 3654 Raguoldo
1296 3586 1479 3640 comiti
1531 3601 1652 3640 mox
1675 3585 1788 3642 inec
1817 3585 2036 3639 intulit:

462 3691 482 3724 ς
517 3671 574 3727 Si
601 3683 725 3728 ante
755 3673 989 3729 triduum
1021 3677 1345 3746 requisisses
1385 3693 1414 3730 a
1443 3693 1528 3732 me
1561 3676 1864 3742 consilium,
1895 3677 2044 3745 cogi-

459 3764 663 3820 tatione
693 3766 1089 3834 deprehensum
1146 3770 1331 3824 darem
1370 3769 1486 3824 tibi.
1518 3769 1748 3825 Tantum
1782 3770 1934 3824 mitte
1963 3769 2044 3823 le-

460 3865 616 3923 gatos
645 3856 870 3922 adillos,
895 3859 1023 3928 quid
1049 3859 1233 3914 dicant
1279 3861 1671 3916 sciscitaturos.
1707 3881 1726 3914 ι
1761 3860 1911 3916 Tunc
1934 3861 2044 3915 Ra-

457 3947 686 4017 gnoldus
715 3966 728 4002 :
765 3967 783 4000 ‹
814 3949 983 4020 Perge
1010 3951 1258 4007 celeriter
1286 3968 1590 4022 precamur,
1615 3952 1768 4022 cujus
1798 3953 2045 4008 volunta-

459 4038 528 4092 tis
567 4039 677 4092 sint
735 4040 1109 4108 inquisiturus.
1166 4063 1182 4096 ι
1213 4043 1488 4115 Alstignus
1520 4045 1789 4114 respondit
1819 4064 1830 4099 :
1871 4063 1890 4096 ‹
1926 4045 2042 4099 Νοη

458 4125 548 4180 ibo
601 4128 767 4182 solus.
810 4148 827 4181 ι
865 4129 1126 4186 Miserunt
1168 4143 1346 4186 autem
1403 4135 1508 4187 duo
1561 4135 1757 4189 milites
1804 4150 1927 4189 cum
1955 4150 2041 4201 eo,

458 4216 696 4272 Dacisca:
750 4219 945 4286 lingua:
970 4221 1192 4289 peritos.
1223 4223 1324 4289 Qui
1362 4223 1634 4279 venientes
1671 4241 1835 4294 super
1872 4225 2043 4294 ripam

456 4308 712 4375 ﬂuminis,
762 4322 1024 4368 steterunt
1075 4315 1314 4371 dicentes
1345 4335 1357 4371 :
1397 4336 1414 4368 ‹
1436 4316 1614 4387 Regia:
1643 4318 1921 4387 potestatis
1947 4334 2043 4374 eo-

458 4400 619 4455 mites
675 4402 928 4458 mandant
980 4405 1152 4473 vobis,
1201 4417 1258 4461 ut
1284 4407 1476 4463 dicatis
1521 4408 1612 4478 qui
1639 4408 1790 4474 estis,
1822 4418 1876 4463 et
1904 4409 2045 4464 unde

457 4492 611 4556 estis,
648 4500 700 4547 et
733 4494 858 4562 quid
908 4497 1166 4567 quaeritis.
1206 4518 1224 4552 ι
1266 4499 1366 4571 Ipsi
1415 4514 1545 4556 vero
1597 4501 1987 4571 responderunt
2017 4515 2033 4555 :
2063 4484 2112 4543 Ῑ)

465 4599 486 4636 r
525 4581 656 4638 Dani
696 4599 906 4656 sumus,
957 4589 1118 4644 Dacia
1167 4590 1380 4647 advecti
1404 4591 1526 4648 huc.
1559 4592 2040 4663 Franciamexpu-

458 4690 626 4746 gnare
673 4679 938 4735 venimus.
977 4700 995 4733 ι
1027 4679 1104 4735 illi
1154 4691 1332 4748 autem
1363 4700 1375 4736 :
1414 4701 1431 4734 ‹
1462 4682 1578 4752 Quo
1612 4685 1830 4741 nomine
1860 4695 2040 4741 vester

458 4768 644 4824 senior
699 4770 1031 4840 fungitur?»
1087 4773 1499 4844 Responderunt
1546 4791 1562 4830 :
1622 4797 1640 4828 ι
1693 4776 1872 4845 Nullo,
1911 4779 2038 4848 quia

458 4860 683 4928 aequalis
732 4863 1011 4929 potestatis
1063 4879 1270 4922 sumus.
1332 4886 1352 4920 ι
1402 4865 1554 4923 Tunc
1588 4867 1863 4940 Alstignus
1897 4872 2040 4926 seire

464 4952 646 5006 vi~lens
681 4953 807 5020 quid
840 4954 904 5008 de
929 4969 987 5008 se
1015 4954 1280 5022 dicerent,
1303 4958 1475 5014 dixit:
1513 4977 1532 5010 ‹
1565 4959 1729 5029 Cujus
1757 4959 1897 5014 fama
1930 4961 2035 5015 huc

462 5040 669 5093 advecti
698 5042 1034 5099 advenistis?
1060 5047 1114 5100 Si
1169 5065 1404 5119 unquam
1432 5052 1499 5104 de
1528 5053 1760 5119 quodam
1789 5051 2037 5122 Alstigno

461 5139 660 5185 vestrae
714 5135 903 5201 patrize
954 5145 1102 5201 nato,
1143 5139 1247 5194 huc
1270 5154 1391 5192 cum
1416 5140 1644 5210 plurimo
1677 5141 1846 5196 milite
1871 5143 2038 5197 adna-

461 5221 646 5288 vigato
665 5223 865 5292 aliquid
899 5229 1126 5285 audistis
1171 5232 1236 5284 ἳ»
1270 5231 1684 5294 Responderunt
1716 5253 1728 5288 :
1767 5255 1783 5286 ι
1814 5234 2038 5291 Audivi-

2143 3220 2445 3276 munimine
2494 3220 2694 3277 avuls:e
2753 3230 2913 3275 terrae
2962 3219 3224 3286 videntes,
3274 3217 3511 3289 amplum
3555 3227 3726 3288 porta:

2141 3311 2346 3366 aditum
2368 3312 2542 3367 solum
2571 3313 2905 3368 invaserunt.
2931 3311 3058 3366 Daci
3087 3311 3568 3368 veroiutrinsecus
3593 3309 3720 3364 hinc

2140 3413 2195 3458 et
2240 3403 2367 3458 inde
2416 3418 2514 3475 per
2563 3403 2840 3475 planitiem
2891 3403 3053 3458 castri
3087 3402 3488 3466 accubitarunt,
3563 3411 3724 3469 atque

2141 3494 2308 3549 scutis
2329 3507 2387 3548 se
2416 3501 2832 3564 cooperuerunt.
2859 3491 3158 3548 Rotlandus
3187 3490 3413 3562 signifer
3432 3490 3722 3560 Ragnoldi,

2142 3602 2263 3642 eum
2309 3587 2424 3642 acie
2471 3602 2631 3656 quam
2665 3585 2890 3656 prmibat
2929 3585 3288 3651 exercituum,
3326 3583 3598 3638 violenter
3628 3595 3722 3651 per

2143 3679 2347 3734 aditum
2388 3679 2541 3733 mira:
2590 3676 2922 3748 prolixitatis
2949 3673 3185 3744 amplum
3220 3687 3386 3743 super
3421 3687 3516 3726 eos
3542 3671 3720 3734 irruit,

2143 3781 2198 3824 et
2225 3769 2492 3824 debellare
2518 3783 2612 3824 eos
2648 3767 2834 3837 erepit.
2861 3765 2987 3821 Daci
3025 3779 3152 3819 vero
3201 3772 3560 3831 exsurgentes
3597 3761 3724 3815 Rot-

2144 3861 2359 3917 landmu
2388 3861 2439 3915 in
2467 3870 2738 3914 momento
2760 3859 3169 3922 interemerunt,
3213 3865 3266 3912 et
3288 3855 3406 3926 ejus
3435 3868 3720 3924 sequaces.

2145 3953 2450 4022 Raguolilus
2473 3961 2526 4008 et
2547 3952 2846 4023 Alstiguus,
2877 3950 3168 4021 caeterique
3195 3949 3423 4004 comites
3449 3947 3561 4002 illic
3591 3962 3723 4002 cun-

2145 4051 2261 4097 ctos
2283 4050 2521 4096 mortuos
2555 4042 2984 4106 considerantes,
3024 4049 3174 4110 terga
3214 4046 3509 4102 vertentes,
3541 4035 3721 4109 fugam

2145 4137 2523 4207 expetiverunt
2551 4135 2773 4191 hilares.
2806 4134 3089 4206 Extemplo
3116 4133 3290 4201 Rollo,
3316 4133 3632 4188 convocatis
3661 4131 3723 4187 de

2148 4228 2322 4282 hostili
2349 4227 2627 4298 fugatione
2656 4227 2906 4293 reversis,
2935 4226 3108 4281 dixit:
3133 4243 3151 4277 ι
3188 4224 3327 4292 Quid
3357 4222 3483 4277 mali
3513 4223 3723 4292 egimus

2147 4329 2335 4375 contra
2366 4320 2601 4376 Francos
2619 4321 2642 4374 ?
2663 4319 2772 4375 Cur
2794 4335 2890 4374 nos
2917 4319 3269 4374 adssllierunt
3293 4317 3317 4370 ?
3357 4317 3720 4384 Quamobrem

2149 4427 2246 4466 nos
2291 4413 2539 4467 occidere
2581 4411 2934 4466 maluerunt?
2971 4411 3186 4465 Illorum
3217 4419 3301 4464 est
3329 4408 3544 4462 initium
3575 4407 3722 4470 mali,

2139 4502 2294 4572 culpa
2345 4501 2667 4567 invadentis,
2721 4516 2826 4555 non
2851 4501 3116 4556 obstantis
3149 4518 3162 4554 :
3193 4498 3544 4568 praesumptio
3574 4498 3721 4553 occi-

2140 4591 2269 4646 dere
2291 4591 2537 4656 volentis,
2572 4606 2676 4645 non
2705 4589 3056 4645 defendentis.
3081 4587 3352 4658 Quidquid
3380 4586 3505 4640 mali
3531 4595 3720 4640 contra

2140 4683 2261 4738 illos
2283 4683 2408 4738 hinc
2431 4683 2724 4753 egerimus,
2749 4681 3042 4737 offensione
3058 4681 3318 4736 factorum
3351 4693 3576 4733 suorum
3600 4692 3722 4748 per-

2139 4773 2488 4845 petrabimus.
2540 4773 2656 4837 Eia,
2709 4787 3032 4842 occupemus
3053 4779 3250 4835 castra,
3283 4781 3337 4824 et
3371 4768 3570 4839 oppida
3599 4768 3718 4822 illo-

2142 4879 2282 4919 rum.
2313 4863 2620 4919 Reddamus
2675 4862 2927 4916 talionem
2955 4860 3240 4915 cumulatis
3289 4859 3522 4912 nimium
3570 4857 3720 4911 malis

2139 4971 2236 5026 pro
2264 4954 2487 5011 offensis
2516 4953 2751 5008 illorum.
2793 4972 2812 5006 ι
2840 4951 2964 5008 llzec
2982 4951 3304 5006 exhortante
3319 4951 3458 5005 duce
3474 4949 3715 5008 Bellone,

2139 5050 2362 5105 dimisso
2399 5047 2695 5104 munimine
2747 5045 2947 5100 avulsae
2977 5053 3154 5109 terrae,
3185 5043 3349 5098 celeri
3381 5057 3544 5098 cursu
3573 5040 3718 5094 nati-

2139 5151 2374 5212 gantes,
2437 5147 2952 5209 praeoccupaverunt
3017 5133 3303 5190 Mellendis
3371 5133 3696 5188 habitatores

2141 5233 2332 5296 Quam,
2380 5228 2682 5285 interfectis
2715 5228 3064 5296 principibus,
3123 5225 3237 5280 cito
3274 5225 3615 5286 subvertunt,
3643 5232 3713 5274 to-
