4032 6406
289 353 388 410 σιι

841 353 929 408 DE
964 352 1207 410 GESTIS
1245 341 1670 410 NORMANNIE
1706 353 1940 412 DUCUM
1972 352 2148 408 LIBRI
2186 334 2384 408 TRES.
2425 384 2491 393 -
2529 353 2654 408 [ΑΒ.
2697 354 2757 408 ll.
2797 353 3044 410 ROLLO.

3438 357 3545 414 θη

289 466 394 521 init
422 459 638 525 bellum,
677 477 788 518 sum
831 464 965 518 sorti
1003 480 1106 519 non
1155 464 1518 534 profuturum.
1567 466 1693 522 Daci
1741 481 1870 522 vero
1899 479 1944 538 Α
1973 465 2270 536 Anglorum
2302 466 2576 528 Alstemus
2626 484 2809 522 earum
2861 468 3248 524 inextricabilis
3290 469 3543 526 amicitia:

287 571 389 626 per
419 554 591 609 aciem
627 552 887 623 Ragnoldi
934 554 1247 610 inconvulse
1277 563 1578 624 pergentes,
1629 564 1868 624 proster-

288 647 494 700 nehant
519 643 670 698 duris
722 643 1034 700 verberibus
1079 643 1282 714 plures.
1309 645 1510 701 Videtis
1543 656 1721 700 autem
1761 645 1869 699 Ra-

287 736 520 806 guoldus
568 749 696 789 suos
741 733 990 798 deﬁcere,
1034 735 1197 804 coepit
1249 735 1411 789 celeri
1453 750 1610 789 cursu
1663 735 1865 801 fugere.

285 826 387 881 Cui
438 826 652 893 quidam
703 825 940 892 piscator
986 824 1250 895 Sequana:
1301 827 1601 881 attributus
1633 826 1867 891 Rolloni,

287 916 530 972 obviavit
581 913 653 977 ei,
702 915 912 985 teloque
954 918 1452 972 transverberatum
1503 917 1718 991 occidit.
1759 918 1868 971 Ra-

287 1007 557 1078 gooldida:
589 1022 746 1062 suum
777 1007 1042 1062 seniorem
1084 1008 1327 1063 videntes
1362 1017 1656 1073 mortuum,
1685 1009 1866 1080 fugam

291 1104 606 1166 torquentes
646 1096 892 1160 nimium,
916 1113 1083 1166 equos
1115 1099 1506 1168 expetiverunt.
1536 1099 1685 1156 Tunc
1716 1101 1869 1155 llollo

285 1203 617 1258 persequens
658 1204 770 1251 eos,
827 1189 1024 1245 multos
1071 1191 1305 1254 occidit,
1356 1193 1643 1263 pluresque
1685 1204 1872 1261 captos

284 1284 356 1337 al
407 1297 572 1337 naves
617 1283 864 1338 deduxit.
903 1284 1329 1355 Convocatisque
1365 1287 1397 1340 li
1424 1287 1612 1341 Ielibus
1655 1289 1766 1342 suis
1791 1289 1872 1341 di-

284 1377 407 1429 xit:
450 1375 581 1444 Age,
616 1392 759 1430 nunc
807 1377 1121 1445 navigemns
1163 1379 1434 1441 Parisins,
1486 1380 1740 1450 civesque
1777 1383 1870 1451 qui

282 1465 478 1535 praelia
505 1465 758 1536 fugerunt
783 1468 1140 1534 requiramus.
1190 1468 1358 1539 lgitttr
1404 1468 1717 1524 Norttnanni
1756 1472 1869 1540 ripa

283 1555 567 1611 Mellendis
621 1573 784 1613 naves
825 1557 1172 1626 divellerunt,
1223 1560 1577 1630 Parisiosque
1634 1562 1869 1617 cireum-

282 1648 485 1714 dantes.
511 1649 878 1714 obsederunt,
911 1659 966 1706 et
993 1652 1229 1720 praalam
1283 1653 1424 1708 illius
1469 1655 1756 1724 provincia:
1803 1657 1870 1712 ad

283 1738 623 1792 obsidionem
657 1747 955 1796 verterunt.
1005 1741 1245 1798 Morante
1288 1744 1377 1798 diu
1423 1744 1652 1801 Rollone
1687 1747 1739 1800 itt
1770 1747 1872 1802 Pa-

1969 556 2062 610 tibi
2097 573 2306 610 munus.
2347 559 2647 624 Quondam,
2699 558 2914 614 domine
2960 561 3066 626 mi,
3100 570 3154 614 tu
3183 571 3236 615 et
3274 561 3546 619 Alstemus

1967 661 2061 699 rex
2105 645 2399 714 Anglorum
2447 647 2724 715 paciﬁcus,
2774 649 3020 717 pepigisti
3073 650 3240 704 mutui
3289 651 3542 719 adjutorii

1968 733 2165 794 ltedus,
2193 745 2250 788 ttt
2278 736 2370 806 qui
2399 746 2633 790 vestrum
2690 737 2956 807 indigeret
2996 739 3288 808 adjutorio,
3318 741 3546 796 alterius

1968 824 2271 878 muniretur
2300 821 2583 895 suﬂ‘ragio;
2625 834 2676 878 et
2720 841 2880 894 quem
2911 835 3146 882 vestrmn
3175 829 3398 885 adversa
3430 831 3544 884 lor-

1970 923 2093 966 tuna
2121 923 2440 982 protereret,
2474 915 2611 969 alter
2652 915 2724 968 illi
2756 917 2807 970 in
2838 915 3163 984 adjutoriqu
3210 921 3542 977 subveniret.

1969 1002 2306 1073 Quapropter
2357 1004 2630 1072 inopinato
2676 1003 2808 1074 jugo
2860 1007 3187 1075 perﬁdorum
3251 1010 3544 1081 Anglorum

1969 1109 2208 1162 pressus,
2243 1094 2590 1149 excellentem
2629 1111 2791 1164 super
2829 1097 3006 1151 omnia
3058 1101 3354 1168 potentiam
3397 1111 3545 1158 tuam

1969 1196 2242 1256 precatur,
2275 1198 2334 1243 ut
2382 1205 2667 1243 succurras
2717 1189 2766 1244 ei
2809 1191 3064 1256 velocius,
3115 1194 3239 1262 quia
3290 1194 3445 1266 Angli
3496 1207 3547 1250 te

1971 1288 2404 1347 praeoccupatum
2431 1281 2667 1335 seientes
2692 1283 2905 1351 negotio
2934 1283 3210 1340 Francisci
3261 1287 3404 1351 belli,
3437 1305 3544 1343 non

1972 1379 2161 1439 putant
2187 1379 2240 1423 te
2283 1370 2668 1424 subventurtttn
2701 1373 2950 1440 prepritts
2979 1389 3101 1430 meo
3137 1377 3358 1432 seniori.
3391 1378 3545 1435 [lolio

1971 1474 2097 1514 vero
2121 1461 2298 1530 legato
2328 1460 2469 1529 regis
2514 1462 2654 1530 quod
2705 1475 2929 1519 necesse
2974 1474 3092 1518 erat
3142 1466 3352 1532 tribuit,
3391 1469 3549 1538 eique

1973 1551 2204 1604 triduum
2230 1549 2388 1618 jussit
2420 1561 2753 1622 exspectare.
2774 1552 3220 1624 Principibusque
3247 1558 3547 1624 advocatis,

1972 1642 2099 1711 quid
2125 1653 2346 1698 acturus
2371 1643 2440 1696 sit
2465 1659 2626 1714 super
2654 1644 2755 1698 hoc
2785 1647 3018 1715 negotio,
3053 1648 3218 1716 carpit
3249 1647 3544 1719 inquirere.

1975 1732 2282 1801 Statimque
2310 1735 2456 1788 misit
2485 1736 2550 1788 ad
2581 1737 2851 1804 principes
2896 1737 3158 1802 civitatis,
3209 1747 3268 1793 ut
3306 1748 3398 1794 aut
3427 1757 3544 1796 eun

287 1827 456 1881 risius
511 1827 790 1884 obsidione
813 1869 829 1894 ,
866 1830 1152 1888 deﬁciebat
1203 1835 1381 1902 ριοωιια
1433 1835 1736 1906 longinquis
1786 1853 1868 1893 re.
1903 1822 1946 1885 Β
1977 1825 2047 1878 illi
2079 1825 2497 1890 redderent,aut
2525 1828 2742 1884 obsides
2770 1831 3088 1896 darent,aut
3113 1846 3170 1885 se
3187 1832 3252 1886 ad
3275 1832 3548 1889 defensio-

286 1918 537 1988 gionibus
600 1929 772 1988 rapta.
856 1922 1000 1977 Illico
1064 1923 1383 1980 Norlmanni
1447 1925 1869 1997 Baiogacensem

283 2026 484 2080 pagum
513 2019 795 2080 expetunt,
838 2020 1112 2083 totamque
1154 2017 1388 2085 prtedam
1422 2020 1709 2088 rapientes,
1743 2022 1876 2076 civi-

295 2111 462 2156 tatem
492 2117 800 2172 oppugnare
837 2114 1137 2174 cmperttnt.
1181 2105 1338 2161 Cives
1383 2117 1561 2163 autem
1599 2127 1664 2164 ne
1693 2127 1872 2166 more-

291 2203 489 2246 rentur
525 2193 796 2248 hostiliter
838 2195 917 2250 eis
961 2196 1297 2260 restiterunt,
1347 2196 1645 2254 Bothonem
1679 2201 1870 2268 prtecio

288 2301 456 2355 puum
509 2283 1003 2341 Nortltmannorum
1053 2289 1306 2343 comitem
1350 2299 1630 2360 eeperttnt.
1678 2291 1874 2348 North-

290 2376 477 2432 manni
506 2376 574 2432 de
617 2377 856 2436 Bothone
903 2378 1162 2442 dolentes,
1194 2379 1458 2436 miserunt
1505 2383 1596 2451 qui
1634 2384 1876 2438 dicereut

289 2470 360 2528 ad
405 2469 794 2527 Baiocaeenscs
826 2489 839 2526 :
869 2469 927 2527 Si
977 2473 1316 2529 reddideritis
1348 2476 1503 2530 nobis
1555 2477 1872 2546 Dothonen',

295 2565 550 2618 dabimus
577 2565 732 2620 vobis
760 2564 918 2619 unitts
940 2564 1064 2619 anni
1092 2565 1458 2620 securitatem.
1487 2566 1876 2624 Baioeacenses

289 2658 521 2712 consilio
548 2659 693 2714 ducti
739 2659 992 2716 dixerunt
1038 2659 1101 2714 ad
1148 2660 1418 2716 invicem:
1487 2677 1506 2711 ι
1562 2659 1750 2715 Melius
1793 2671 1876 2717 est

292 2751 454 2803 nobis
481 2750 654 2818 spatio
689 2751 846 2805 unius
871 2750 996 2804 anni
1051 2750 1414 2820 requiescere,
1444 2765 1602 2820 quam
1642 2765 1740 2821 pro
1771 2765 1876 2805 uno

289 2842 491 2895 comite
528 2850 696 2896 totum
740 2843 942 2912 praeliis
974 2842 1223 2898 ducere.»
1277 2842 1411 2899 Data
1467 2843 1630 2914 igitur
1670 2841 1876 2898 securi-

292 2941 427 2996 tate,
455 2934 802 2988 reddiderunt
833 2919 1147 2988 ABOthonem
1210 2935 1566 3032 asperrimutp
1624 2935 1873 2991 militem.

293 3019 596 3076 Transacto
646 3037 774 3076 vero
819 3037 1003 3088 anno,
1049 3023 1440 3079 circumstante
1483 3019 1723 3080 Parisios
1779 3027 1875 3080 ob-

292 3112 545 3176 sidione,
605 3112 758 3167 Rollo
808 3112 1034 3168 Baiocas
1085 3114 1259 3182 petit,
1309 3131 1543 3185 eamque
1611 3115 1874 3171 violenter

1975 1932 2094 1968 nent
2122 1926 2504 1986 prmp-trareut.
2539 1917 2698 1973 Cives
2739 1929 2917 1974 autem
2952 1920 3236 1976 noluerunt
3276 1924 3461 1978 urbem
3496 1925 3543 1978 ei

1975 2011 2218 2072 reddere,
2259 2026 2359 2066 nec
2381 2011 2596 2067 obsides
2619 2012 2776 2077 dare;
2829 2014 2922 2067 sed
2976 2013 3232 2068 festinant
3259 2030 3316 2070 se
3357 2027 3542 2072 contra

1974 2100 2080 2155 diei
2117 2102 2328 2155 venturi
2354 2102 2534 2170 praelia
2570 2119 2893 2172 pt'a'parat‘c.
2951 2105 3191 2159 Diluculo
3237 2121 3363 2160 vero
3396 2107 3548 2160 [lolio

1973 2191 2213 2247 continui
2266 2191 2499 2246 conllicti
2553 2203 2791 2264 tempore
2840 2211 3208 2266 consurgens.
3271 2206 3544 2252 certamen

1975 2282 2226 2336 diurnum
2276 2283 2392 2336 iniit
2425 2324 2439 2348 ,
2488 2283 2739 2352 civesque
2795 2292 2902 2338 tota
2948 2286 3033 2339 die
3083 2286 3280 2354 prtuliis
3337 2285 3544 2340 afﬂixit.

1976 2375 2175 2431 Videns
2205 2385 2382 2430 autetn
2409 2377 2549 2443 quod
2581 2377 2764 2430 urbem
2807 2393 2909 2431 non
2943 2388 3180 2447 caperet,
3228 2381 3547 2448 crepusculo

1979 2466 2154 2520 noctis
2179 2481 2342 2520 naves
2376 2465 2508 2520 velis
2556 2467 2789 2533 ornavit,
2840 2465 3188 2537 Parisiosque
3237 2468 3545 2538 dereliquit,

1975 2567 2138 2626 atque
2182 2557 2477 2628 Anglorum
2529 2567 2726 2612 terram
2768 2557 2928 2611 citius
2969 2573 3129 2626 quam
3180 2559 3375 2628 potuit,
3421 2573 3546 2612 cum

1976 2651 2150 2720 legato
2183 2650 2323 2715 regis
2373 2650 2594 2705 Alstcmi
2643 2650 2907 2720 pervenit.
2955 2651 3105 2706 'l‘unc
3136 2667 3230 2705 rex
3277 2651 3548 2705 Alstemus

1976 2745 2132 2798 dicti;
2167 2743 2324 2814 legati
2375 2743 2548 2797 hetior
2594 2743 2847 2808 effectus,
2899 2745 3130 2813 eopiosa:
3179 2744 3548 2798 multitudinis

1975 2835 2270 2889 CXCI'Cilttttt
2312 2835 2542 2898 vocavit,
2592 2843 2752 2903 atque
2796 2843 2985 2888 contra
3034 2833 3314 2890 Rollonem
3357 2834 3548 2888 ducent

1974 2925 2295 2980 festinanter
2325 2927 2582 2995 perrexit.
2617 2925 2717 2992 Qui
2768 2924 2928 2980 simul
2958 2925 3255 2996 congressi,
3288 2924 3546 2978 nimium-

1975 3035 2079 3087 que
2128 3019 2440 3088 atnplexati,
2498 3029 2660 3089 atque
2713 3019 3072 3074 amicabilitcr
3126 3027 3251 3074 sunt
3296 3019 3544 3073 osculati.

1975 3110 2120 3164 Illico
2149 3110 2305 3164 Rullo
2331 3110 2566 3180 gratuita
2601 3125 2732 3164 voce
2772 3111 3092 3181 compellere
3132 3111 3295 3180 coepit
3325 3125 3501 3181 regem
3529 3125 3543 3163 :

289 3203 455 3271 cepit,
488 3212 656 3258 totum
687 3204 926 3260 nundinis
956 3178 1620 3277 subvertit,captivosque
1654 3216 1707 3262 et
1737 3223 1872 3278 prae-
1901 3178 1944 3238 C
1982 3199 2233 3266 «Grates,
2263 3178 2477 3256 doininc
2505 3201 2638 3265 Rex.
2672 3201 2764 3256 tibi
2793 3202 3087 3273 condignas
3118 3201 3384 3272 persolvo.
3421 3202 3546 3272 Quia

290 3294 418 3347 dam
473 3295 636 3349 totius
687 3296 923 3367 regionis
993 3297 1092 3352 sibi
1146 3297 1460 3353 vindicavit.
1518 3299 1656 3367 Quin
1708 3301 1874 3355 etiam

288 3388 580 3455 quamdam
636 3387 872 3458 Poppam
919 3389 1208 3458 virginem,
1245 3391 1427 3460 specie
1467 3391 1739 3454 decoram,
1781 3408 1873 3448 su-

289 3475 463 3544 perbo
507 3477 771 3546 sanguine
809 3488 1122 3533 concretam
1151 3519 1165 3543 ,
1222 3479 1568 3547 praevalentis
1615 3480 1875 3550 principis

287 3568 602 3636 Berengarii
638 3569 800 3624 filiam
851 3584 1032 3625 secum
1060 3571 1212 3625 laetus
1238 3572 1482 3637 adduxit,
1514 3588 1744 3640 eamque
1773 3573 1876 3629 sibi

289 3661 562 3714 connubio
612 3660 840 3725 ascivit,
872 3670 927 3715 et
953 3676 1017 3716 ex
1071 3677 1135 3716 ea
1182 3660 1352 3716 lilium
1395 3655 1611 3719 nomine
1658 3664 1876 3720 Cuillel-

289 3766 439 3804 munt
480 3751 684 3819 genuit.
714 3751 959 3820 Denique
1001 3752 1240 3806 residens
1276 3753 1482 3808 circum
1510 3753 1753 3809 Parisios
1779 3755 1878 3809 mi-

289 3841 362 3894 sit
390 3841 648 3895 Ebroicas
675 3843 996 3907 exercitum,
1028 3851 1080 3896 ut
1111 3854 1400 3913 caperetur
1428 3845 1618 3900 civitas
1659 3855 1713 3899 et
1755 3847 1871 3915 epi-

289 3943 510 3996 smptts.
539 3929 639 3996 Qui
684 3932 905 3987 veniens
931 3933 1208 3988 civitatem
1251 3935 1470 3997 invasit,
1522 3936 1875 4006 populorum-

289 4035 399 4088 quc
434 4019 614 4089 plures
640 4030 693 4074 et
737 4023 972 4091 prtedam
1002 4023 1186 4093 cmpit.
1232 4023 1336 4079 Sed
1366 4027 1673 4096 episcopus.
1703 4028 1878 4083 Sebur

291 4112 535 4174 nomine,
571 4113 679 4165 Deo
705 4121 995 4177 annuente,
1028 4113 1221 4169 evasit.
1252 4113 1556 4184 Statimque
1581 4117 1722 4172 illius
1755 4119 1877 4190 pagi

289 4199 530 4269 praedam
583 4203 901 4273 capientes,
955 4212 1120 4260 totam
1176 4213 1377 4260 terram
1437 4209 1876 4276 devastaverunt,

291 4289 643 4360 Paris-iusque
687 4301 1036 4348 revenerunt.
1105 4293 1327 4349 Talibus
1381 4295 1559 4366 itaque
1603 4300 1880 4353 exterrita:

290 4379 543 4449 plurimm
570 4391 757 4441 gentes
789 4383 1050 4447 Francize,
1080 4385 1281 4440 tributa
1313 4387 1593 4444 solvebant
1642 4391 1882 4456 Rolloni,

288 4469 540 4541 plurimae
569 4485 697 4526 vero
722 4472 1050 4527 resistebant
1084 4473 1155 4527 ei.

363 4561 522 4631 Angli
589 4579 718 4619 vero
783 4564 1064 4621 audientes
1137 4567 1279 4636 quod
1347 4567 1499 4624 [tollo
1550 4569 1876 4626 Parisiacam
1909 4538 1955 4598 θ

288 4653 493 4707 urbem
520 4653 844 4719 obsedisset,
874 4655 1141 4726 rebusque
1165 4657 1470 4713 Franciscis
1502 4659 1878 4727 impediretur,

295 4756 465 4814 atque
491 4747 824 4802 aestimantes
853 4750 995 4818 quod
1043 4750 1220 4804 amico
1252 4765 1349 4804 suo
1399 4753 1512 4821 regi
1551 4751 1791 4805 Alstemo
1825 4753 1878 4806 in

294 4834 629 4902 adjutorium
662 4852 767 4892 non
799 4840 1137 4907 subveniret,
1190 4850 1430 4895 tenorem
1460 4841 1582 4896 lidei
1625 4857 1883 4912 respuen-

299 4938 422 4992 tes,
471 4938 752 4998 coeperunt
801 4941 1122 5003 arroganter
1166 4932 1538 4998 insolescere,
1586 4942 1884 5003 contraque

296 5033 486 5086 regem
524 5019 846 5089 importunis
885 5022 1039 5078 bellis
1073 5020 1356 5078 feritantes
1401 5023 1678 5078 dimicare.
1714 5022 1883 5077 Terra

296 5109 553 5178 Anglisca
589 5113 830 5166 exercitu
865 5114 1006 5184 regis
1044 5122 1098 5167 et
1145 5113 1474 5169 obstantium
1497 5115 1599 5169 sibi
1645 5115 1883 5168 devasta-

300 5201 481 5261 hatnr,
509 5203 722 5270 publica
754 5219 842 5258 res
874 5205 1029 5260 malis
1056 5205 1250 5261 amicta
1291 5208 1690 5263 aunnllabatur.
1740 5207 1878 5263 Mili-

303 5300 492 5359 tcsque
543 5293 708 5360 regis,
758 5303 814 5347 et
857 5293 1185 5348 obstantium
1237 5296 1368 5350 varii
1417 5297 1664 5351 interitus
1711 5306 1884 5352 morte

296 5381 836 5449 praeoccupabantur.
887 5381 1053 5452 igitur
1079 5383 1350 5439 Alstemus
1396 5401 1488 5439 rex
1526 5386 1881 5442 Christianis-

298 5471 494 5535 simus,
518 5489 640 5527 cum
672 5489 776 5528 non
811 5474 1035 5530 haberet
1067 5477 1207 5530 unde
1235 5477 1557 5547 arrogantiae
1588 5478 1879 5548 Anglorum

301 5563 608 5631 resisteret,
639 5565 781 5619 misit
836 5567 1124 5634 quemdam
1171 5567 1425 5622 comitem
1485 5568 1552 5621 ad
1601 5567 1880 5624 Rollonem

301 5657 450 5709 circa
489 5672 672 5711 muros
703 5657 992 5713 Parisiacae
1039 5657 1186 5713 urbis
1238 5658 1615 5714 debellantem.
1667 5660 1766 5727 Qui
1814 5663 1880 5716 ad

301 5761 425 5800 eum
457 5747 708 5816 veniens,
760 5748 1026 5804 submisso
1075 5749 1221 5804 vultu
1266 5749 1444 5804 intulit
1489 5751 1711 5807 dicens:
1772 5753 1881 5807 Rex

1976 3291 2256 3347 duodecim
2297 3308 2463 3348 naves
2488 3292 2732 3347 honestis
2753 3293 3024 3348 militibus
3051 3293 3256 3364 plenas,
3292 3294 3547 3349 totidem-

1977 3400 2079 3455 que
2108 3383 2402 3449 l'rtttnento,
2433 3386 2557 3439 vino
2580 3395 2744 3455 atque
2771 3385 2921 3440 lardo
2947 3395 3170 3440 onustas
3191 3385 3387 3441 misisti
3415 3386 3547 3440 mihi

1977 3478 2031 3532 in
2064 3476 2340 3547 Uvalgras.
2383 3497 2401 3530 ι
2438 3478 2588 3532 Tune
2616 3494 2706 3532 rex
2737 3492 2976 3549 prxsaga
3004 3492 3134 3533 voce
3160 3477 3298 3532 dixit
3326 3495 3339 3531 :
3371 3496 3391 3530 ι
3429 3475 3548 3530 Tibi

1975 3568 2349 3638 pramaaxitnas
2380 3567 2548 3623 debeo
2583 3569 2807 3641 gratias,
2841 3569 2965 3639 quia
2999 3570 3094 3625 tibi
3148 3585 3178 3624 a
3223 3570 3332 3625 Deo
3361 3569 3549 3623 datum

1981 3673 2199 3728 regnum
2224 3666 2442 3728 propter
2465 3673 2550 3712 me
2578 3658 2851 3726 dimisisti,
2877 3660 3116 3729 mihique
3146 3659 3198 3714 in
3222 3658 3548 3727 adjutorium

1979 3749 2308 3804 l‘rs'inanter.
2337 3750 2656 3804 subvenisti.
2687 3748 2801 3804 Non
2843 3751 3064 3820 ignoras
3095 3750 3249 3821 cujus
3279 3750 3356 3804 rei
3387 3764 3552 3804 causa

1981 3841 2109 3895 ntihi
2141 3856 2464 3895 succurrere
2493 3840 2589 3894 tibi
2622 3841 2891 3894 mandavi.
2921 3840 3165 3912 Regnum
3193 3841 3279 3896 cui
3322 3855 3554 3911 pmesse

1979 3939 2032 3984 et
2059 3933 2314 4001 prodesse
2341 3933 2534 3997 debeo,
2584 3932 2913 3997 devastatur,
2957 3933 3225 4002 decusque
3272 3932 3553 4002 regiminis

1981 4023 2086 4078 mei
2114 4023 2478 4088 adnihilatur,
2523 4024 2650 4092 quia
2693 4023 2849 4095 Angli
2907 4022 3186 4078 insolentia
3235 4021 3556 4077 temerita:is

1983 4115 2171 4170 tumidi
2197 4125 2254 4170 et
2279 4115 2518 4186 perversi
2551 4115 2687 4170 meis
2733 4115 2918 4169 nolunt
2969 4114 3190 4169 obedire
3245 4114 3551 4183 prteceptis.

1984 4207 2317 4262 Recedentes
2367 4223 2396 4260 a
2451 4221 2540 4261 me
2568 4248 2582 4274 ,
2630 4207 2730 4260 sibi
2790 4207 3019 4261 invicem
3066 4205 3554 4274 conspiravcrunt,

1982 4313 2176 4369 meque
2232 4313 2519 4368 meumque
2565 4298 2844 4354 servitium
2914 4296 3226 4351 abdicantes
3274 4295 3558 4365 ﬂoccipen-

1983 4392 2141 4456 dunt,
2168 4391 2298 4461 quin
2339 4390 2503 4446 etiam
2550 4388 2890 4446 ususfructtts
2944 4403 3188 4444 meorum
3235 4387 3554 4457 oppidorum

1984 4483 2084 4539 sibi
2111 4482 2388 4554 diripiunt.
2420 4482 2618 4538 Precor
2648 4483 2810 4553 igitur
2849 4491 2906 4536 ttt
2947 4481 3166 4551 adjuves
3210 4493 3297 4534 me
3334 4495 3428 4534 eos
3467 4480 3561 4534 eli-

1983 4575 2134 4639 dere,
2162 4583 2217 4628 et
2261 4574 2590 4642 dispergere,
2637 4587 2825 4627 eorum
2873 4569 3556 4640 contttmacem_virtutem

1983 4676 2269 4721 conterere
2315 4675 2372 4719 et
2414 4664 2768 4726 conculcare;
2834 4673 3105 4732 quatenus
3156 4661 3224 4714 ad
3275 4660 3555 4714 servitium

1984 4758 2112 4812 licet
2151 4757 2307 4812 inviti
2354 4757 2687 4827 redigantur,
2740 4749 2795 4810 et
2847 4759 2990 4824 quod
3046 4763 3325 4810 merentur
3381 4754 3558 4824 pteni;

1986 4847 2189 4901 acriter
2223 4845 2393 4899 luant.
2427 4845 2765 4899 Medietatem
2791 4860 2921 4915 ergo
2950 4844 3101 4914 regni
3139 4843 3242 4898 mei
3270 4843 3362 4897 tibi
3397 4842 3556 4900 dabo.

1987 4935 2374 5004 dimidiamquc
2405 4935 2713 4990 facultatem
2744 4933 3153 5006 supellectilium
3187 4947 3428 4988 meorum
3463 4931 3558 4984 til.i

1986 5034 2177 5094 sponte
2236 5026 2552 5080 concedam.
2611 5022 2812 5095 Sicque
2861 5023 3214 5079 indissolubili
3262 5021 3561 5092 conjuncta:

1985 5116 2238 5171 amicitia:
2270 5116 2472 5171 foedere
2505 5116 2774 5186 colligati,
2806 5125 3086 5171 teneamus
3125 5129 3350 5185 regnum
3375 5111 3557 5174 simul,

1987 5207 2259 5274 totiusque
2302 5206 2521 5262 honoris
2558 5204 2675 5274 ejus
2711 5205 2998 5276 fungamur
3021 5203 3196 5259 bonis.
3229 5222 3246 5256 ι
3284 5201 3439 5256 Dedit
3461 5201 3562 5255 ita-

1986 5314 2092 5366 que
2128 5313 2219 5352 rex
2257 5297 2531 5352 Alstemus
2580 5296 2787 5351 Rolloni
2829 5296 2982 5366 regni
3037 5293 3359 5357 dimidium,
3399 5299 3562 5360 atque

1989 5389 2332 5444 medietatem
2378 5387 2640 5443 bonorum
2701 5402 2940 5443 suorum.
2995 5385 3116 5440 Dux
3161 5382 3315 5437 Rollo
3376 5383 3559 5436 statim

1989 5481 2101 5550 regi
2153 5479 2428 5551 respondit
2461 5493 2476 5533 :
2507 5499 2524 5531 ι
2561 5477 2714 5546 Tibi,
2747 5477 2963 5533 domine
2989 5491 3106 5540 rex,
3133 5481 3218 5531 est
3260 5473 3560 5542 imperare,

1991 5574 2122 5629 mihi
2172 5573 2413 5628 obedire.
2447 5571 2594 5639 Quos
2648 5571 2728 5626 vis
2776 5580 3083 5634 conteram;
3144 5581 3283 5638 quos
3334 5563 3566 5619 voluerit

1981 5661 2316 5734 'disperdam.
2371 5665 2691 5720 Subvertam
2735 5663 2898 5720 urbes
2944 5677 3157 5725 eorum,
3212 5658 3474 5727 villasque
3511 5665 3566 5710 et

1988 5758 2179 5828 Oppida
2215 5757 2370 5812 inccn
2395 5756 2499 5810 ἀξη
2541 5756 2777 5827 ipsorum
2813 5772 2826 5810 :
2857 5764 3129 5827 proteram
3157 5764 3252 5806 cos
3277 5759 3328 5806 et
3357 5747 3567 5816 divae:-
