4032 6396
550 333 671 406 eis
1499 347 1797 406 DUDONlS
1825 346 2075 405 DECANl
2104 347 2165 404 s.
2196 342 2505 412 OUlNTlNl
2540 326 2920 400 vmouann.‘
3186 312 3197 317 ’
3670 342 3758 398 ait

546 477 692 533 gam,
723 459 1006 533 subjiciam
1036 473 1130 515 eos
1167 460 1263 514 tibi
1306 467 1363 514 ct
1412 461 1675 516 occidam.
1706 460 1917 517 Uxores
1944 472 1999 516 et
2027 476 2116 515 se-
2147 464 2189 523 Α
2220 457 2374 513 bellis
2421 457 2666 511 attritum
2709 454 3049 524 subjugasset
3088 464 3202 521 regi
3235 458 3291 506 et
3340 451 3439 507 sibi
3474 443 3760 512 transmitti-1

544 568 671 608 men
699 567 886 608 eorum
914 551 1218 620 captivabo,
1242 561 1295 604 ct
1317 560 1558 605 armenta
1582 567 1768 606 eorum
1791 552 2112 606 devorabo.»

548 644 742 699 His'ab
789 644 1016 697 invicem
1047 642 1292 711 expletis,
1332 652 1563 712 pergunt
1608 644 1889 698 unanimes
1926 653 2116 698 contra

544 735 747 807 Anglos
797 733 907 804 regi
940 734 1238 787 obstantes.
1300 731 1453 785 Rullo
1500 746 1631 786 vero
1677 739 1864 785 contra
1915 730 2116 799 Anglos

490 868 497 873 .
546 824 715 879 multa
767 822 951 893 praelia
993 821 1267 886 exercuit,
1322 822 1591 891 urbesque
1648 836 1833 876 eorum
1883 823 2114 878 obsedit.

546 913 785 981 Quarum
811 913 974 967 multa
1007 914 1128 983 igne
1165 920 1402 969 cremata
1444 912 1807 981 depopulavit.
1861 913 2115 968 Videntes

546 1016 726 1060 autem
775 1004 929 1073 Angli
977 1004 1118 1075 quod
1148 1020 1250 1058 non
1278 1003 1632 1073 prtevalereut
1676 1010 1862 1057 ccnzra
1906 1020 2112 1075 rege-ii,

543 1093 637 1149 sed
683 1093 999 1149 deﬁcientes
1051 1090 1458 1164 amigebantur,
1501 1102 1768 1146 venerunt
1817 1093 1883 1147 ad
1933 1092 2117 1147 Rollo-

542 1199 687 1247 nem,
718 1182 979 1253 ﬂexisque
1006 1183 1233 1253 genibus
1254 1183 1508 1237 dixerunt
1542 1200 1556 1236 :
1591 1202 1609 1234 ς
1634 1183 1900 1238 Dacorum
1927 1193 2118 1254 poten-

544 1273 786 1336 tissime,
820 1288 917 1327 nos
960 1273 1070 1343 regi
1103 1272 1344 1327 Alstemo
1394 1273 1614 1342 paciﬁca
1647 1282 1703 1329 et
1749 1276 2109 1335 concordare,

541 1362 664 1431 quia
711 1361 999 1417 inconsulti
1030 1371 1239 1429 contra
1281 1377 1465 1432 regem
1514 1364 1851 1433 pneviiricati
1903 1380 2112 1430 sumus,

543 1450 817 1506 ﬁdelitatis
848 1450 1057 1505 vincula
1112 1460 1425 1521 rumpentes
1455 1468 1614 1522 quam
1665 1453 1713 1507 ei
1746 1455 2108 1523 promisimus.

540 1544 649 1599 l\os
671 1545 720 1598 ei
747 1544 963 1599 obsides
997 1543 1386 1598 conservandae
1417 1543 1538 1598 ﬁdei
1570 1544 1838 1609 dabimus,
1880 1546 2113 1614 hincque

538 1634 587 1688 ei
630 1643 819 1703 sponte
859 1632 1229 1687 incumbentes
1266 1631 1497 1686 ﬁdeliter
1533 1634 1853 1688 serviemus.
1879 1652 1898 1686 ι
1958 1633 2111 1689 Rollo

537 1740 667 1779 vero
696 1725 780 1779 bis
813 1724 1011 1781 auditis
1054 1723 1120 1777 ad
1152 1738 1331 1792 regem
1381 1723 1681 1777 Alstenium
1727 1724 1842 1789 ivit,
1869 1734 1924 1780 et
1967 1725 2110 1799 quod

2222 543 2408 599 timum
2441 561 2687 616 regnum,
2717 544 2944 599 consilio
2964 542 3295 597 Francorum
3324 552 3477 613 rogat
3507 546 3572 598 ad
3598 560 3653 601 se
3676 563 3757 603 ve-

2220 637 2339 691 nire
2368 636 2705 692 Franconem
2734 635 3183 704 Rotomagensem
3229 635 3536 705 episcopum
3572 635 3758 694 Βοηοηί

2212 726 2322 797 jam
2346 728 2682 782 attributum.
2722 726 2877 780 thu
2908 725 3071 796 igitur
3095 723 3422 779 Francorum
3462 738 3760 797 congregato

2214 835 2375 888 super
2404 819 2570 873 tantis
2600 816 3093 887 importunitatibus
3106 830 3434 886 paganorum
3455 817 3757 882 consultum,

2208 910 2428 981 jamque
2448 908 2617 977 ascito
2645 907 2923 963 Francone
2949 909 3223 976 episcopo,
3248 906 3538 960 condolens
3565 907 3627 961 de
3658 922 3762 977 ege~

2213 1012 2353 1058 state
2378 1000 2525 1070 regni
2554 1001 2659 1065 sui,
2688 999 2825 1053 dixit
2849 1017 2862 1052 :
2891 1017 2909 1049 ι
2932 999 3197 1069 Regnum,
3222 997 3309 1052 cui
3337 1011 3567 1067 praeesse
3593 996 3759 1063 debeo,

2213 1094 2502 1149 desolatur.
2528 1091 2691 1147 Terra
2721 1099 2905 1145 aratro
2932 1104 3038 1144 non
3063 1088 3348 1144 scinditur.
3387 1088 3689 1156 Respublica
3715 1098 3760 1144 et

2209 1188 2516 1265 captivaitur
2541 1196 2596 1239 et
2621 1185 2906 1240 occiditur.
2935 1182 3137 1238 Obesse
3159 1180 3369 1235 Rolluni
3391 1195 3623 1250 nequeo,
3653 1184 3759 1250 quia

2209 1276 2358 1347 qunti
2383 1274 2450 1329 .ie
2491 1273 2625 1327 meis
2669 1272 2868 1343 privor.
2901 1270 3237 1341 Quapropter
3257 1270 3630 1340 paternitatem
3651 1286 3760 1325 san-

2209 1366 2412 1422 ctitatis
2436 1375 2539 1419 tua:
2569 1378 2715 1431 rogo,
2729 1372 2781 1417 et
2806 1364 3085 1432 deprecor,
3112 1369 3171 1414 ut
3195 1360 3448 1430 acquiras
3470 1361 3621 1415 nobis
3639 1363 3758 1430 apud

2211 1452 2493 1508 Rolionem
2523 1461 2857 1522 sequestram
2883 1465 3069 1521 pacein
3103 1451 3265 1506 trium
3296 1451 3562 1505 mensium
3594 1467 3608 1502 :
3647 1460 3697 1505 et
3722 1451 3759 1505 si

2210 1543 2352 1599 [οι-ιε
2378 1544 2461 1598 his
2477 1544 2664 1599 diebus
2684 1543 3046 1599 Christianum
3072 1541 3190 1597 ﬁeri
3209 1556 3267 1598 se
3286 1540 3538 1608 voluerit,
3557 1546 3759 1599 maxima

2211 1637 2474 1693 beneﬁcia
2520 1637 2570 1692 ei
2619 1635 2886 1701 dabimus,
2932 1636 3248 1707 magnisque
3274 1635 3431 1689 donis
3456 1649 3577 1689 eum
3605 1651 3757 1689 remu-

2211 1734 2543 1788 nerabimus.
2581 1750 2603 1786 ι
2642 1731 2855 1786 Franco
2896 1746 3047 1796 vero,
3077 1731 3160 1785 his
3186 1730 3411 1799 auditis,
3434 1729 3655 1785 Rotomo
3689 1748 3759 1785 re-

537 1815 692 1887 Atigli
741 1815 1044 1872 retulerunt
1097 1815 1209 1882 regi
1267 1815 1733 1870 inlimavit.Tunc
1782 1832 1875 1869 rex
1930 1826 2105 1874 motus

2211 1840 2400 1881 versus
2429 1867 2445 1886 ,
2492 1824 2706 1881 Rolloni
2762 1823 2885 1879 duci
2948 1821 3264 1878 humillimis
3306 1823 3557 1892 precibus
3595 1824 3755 1877 dixit:

538 1908 740 1977 pietate
753 1908 1023 1977 quondam
1037 1923 1253 1961 suorum
1270 1907 1405 1961 dixit
1426 1925 1439 1961 :
1464 1924 1482 1958 ι
1502 1906 1578 1962 Ne
1600 1906 1898 1979 ﬁagelletur
1919 1926 2106 1978 respu-

537 1997 681 2052 blica
712 1998 937 2061 diutius,
971 1997 1015 2053 si
1059 1996 1325 2063 consulis,
1362 2014 1396 2052 ο
1427 1999 1628 2065 amice,
1667 2000 1735 2054 ad
1764 2001 2108 2055 serviendum

538 2089 692 2143 nobis
720 2104 814 2144 eos
847 2089 1123 2144 obsidibus
1151 2091 1293 2145 datis
1334 2090 1615 2160 recipiam.
1657 2111 1674 2143 ι
1723 2092 1873 2146 Tunc
1912 2092 2105 2149 Rodo:

543 2195 562 2230 ι
583 2178 681 2238 Τυ.
697 2178 932 2242 domine,
949 2179 1164 2235 obsides
1183 2190 1611 2251 perseveratum:
1633 2180 1728 2235 tibi
1760 2183 1882 2238 ﬁdei
1906 2186 2104 2254 recipe.

537 2268 648 2337 Ego
681 2284 809 2323 vero
840 2272 1067 2339 advena,
1098 2285 1204 2325 non
1235 2286 1569 2342 cognoscens
1590 2288 1768 2328 mores
1787 2272 2104 2342 Anglorum,

536 2374 901 2429 permansura:
929 2360 1201 2415 ﬁdelitatis
1221 2361 1355 2414 milii
1373 2361 1588 2416 obsides
1616 2364 1894 2432 recipiam.
1919 2382 1940 2417 ι
1961 2364 2108 2421 Illico

534 2448 828 2518 Anglorum
855 2450 1082 2518 quisque
1104 2448 1340 2505 oﬂ‘ensus
1364 2467 1571 2517 comes,
1602 2468 1771 2507 onera
1793 2452 2108 2511 olfensionis

534 2548 590 2593 et
619 2539 948 2608 pernitentia:
976 2542 1300 2609 deportans,
1344 2544 1454 2612 regi
1484 2559 1673 2609 unum,
1705 2552 1758 2599 et
1796 2545 2005 2601 Rolloni
2031 2547 2107 2601 al-

537 2640 710 2685 terum
738 2634 980 2685 obsidem
998 2634 1285 2688 dederunt.
1310 2633 1508 2703 Sicque
1535 2634 1786 2707 ﬁagellati
1813 2638 2033 2705 dudum,
2052 2647 2109 2694 et

533 2723 798 2793 paeiﬁcuti
823 2741 916 2792 per
945 2724 1220 2779 Bollonem
1246 2726 1588 2795 quieverunt.
1613 2725 1731 2782 Lex
1754 2738 1937 2784 autem
1965 2730 2108 2785 testi-

536 2832 690 2869 lﬂallS
734 2816 1013 2869 Βοιιοιιυῐη
1058 2831 1180 2872 CSSC
1206 2828 1541 2873 moraturum
1573 2820 1723 2875 cmui
1772 2836 1936 2877 cursu
1968 2832 2105 2878 tem-

534 2907 681 2973 poris
721 2906 772 2959 in
802 2907 1022 2976 Anglica
1055 2917 1217 2972 terra,
1251 2909 1563 2965 denominat
1602 2910 1721 2980 ejus
1762 2913 2104 2970 medietatem

538 3001 707 3066 regni,
733 3001 941 3054 scilicet
967 3002 1131 3055 urbes
1151 3010 1208 3056 et
1231 3011 1432 3068 castra,
1453 3004 1606 3059 villas
1625 3015 1678 3061 et
1709 3007 1926 3076 oppida,
1953 3009 2106 3064 aulas

534 3101 583 3143 ιι
615 3092 843 3158 μηιιιιὶα.
872 3101 927 3145 et
972 3108 1092 3161 quae
1123 3095 1384 3148 bonorum
1431 3110 1652 3150 suorum
1713 3082 2099 3166 supellectilis;

2215 1933 2237 1969 ι
2278 1915 2392 1970 Rex
2424 1914 2757 1969 Franciirum
2786 1915 3007 1968 mandat
3058 1921 3117 1965 ut
3143 1912 3239 1966 des
3264 1911 3370 1966 illis
3413 1927 3593 1982 pacem
3623 1915 3756 1968 triuri

2209 2005 2497 2069 mensium,
2521 2003 2743 2059 forsitan
2777 2003 2996 2057 dabitur
3024 2001 3239 2057 salubre
3265 2001 3550 2057 consilium
3577 2004 3749 2057 interii

2208 2108 2266 2155 et
2296 2098 2465 2153 illum.
2494 2117 2512 2149 ι
2543 2096 2697 2152 Rollo
2725 2104 2928 2161 autem,
2957 2095 3042 2149 his
3069 2094 3286 2154 auditis.
3319 2095 3546 2150 consilio
3567 2111 3737 2149 suorun

2206 2189 2352 2244 dedit
2382 2188 2491 2258 regi
2512 2196 2731 2258 pactum
2758 2186 2916 2240 trium
2948 2186 3231 2240 mensium.
3263 2184 3452 2255 Spatio
3475 2201 3597 2239 vir.»
3625 2187 3755 2255 'lltjlls

2206 2278 2511 2335 brevissimi
2542 2280 2801 2348 temporis
2824 2276 3026 2347 quievit
3053 2285 3195 2331 terra
3217 2291 3251 2331 a
3273 2277 3520 2347 paganis.
3550 2277 3730 2331 Audies

2206 2382 2290 2427 tes
2341 2381 2521 2425 autem
2575 2368 3002 2439 Burgundiones,
3058 2367 3364 2422 Riihardus
3411 2369 3645 2430 scilicet,
3689 2382 3752 2419 rei

2204 2462 2401 2519 Ebalus
2456 2460 2789 2516 Pictavensis
2840 2474 3061 2521 comes,
3106 2462 3248 2529 quod
3295 2458 3494 2513 Franci
3527 2459 3751 2515 imbelles.
3840 2484 3847 2492 ι

2204 2555 2481 2621 armisque
2519 2552 2719 2622 frigidi,
2751 2552 2906 2621 quasi
2955 2549 3243 2605 eﬂ’eminati
3294 2552 3553 2620 petissent
3584 2566 3667 2605 si-c
3700 2555 3752 2604 ri.

2202 2655 2369 2702 tatem
2398 2644 2661 2705 Rollonis,
2684 2644 2951 2700 miserunt
2979 2646 3046 2698 ad
3074 2659 3277 2715 regem,
3325 2655 3382 2697 et
3428 2646 3494 2697 ad
3538 2645 3687 2698 «omit
3716 2660 3750 2705 ς,

2204 2737 2448 2813 dicentes
2477 2748 2501 2789 :
2534 2755 2553 2786 ι
2587 2733 2811 2819 ξΐειτίιηι
2833 2750 2996 2806 quam
3029 2735 3223 2790 tenetis
3250 2751 3349 2787 cur
3379 2736 3556 2789 sinitis
3579 2735 3750 2786 vastari

2203 2846 2233 2885 a
2264 2829 2529 2901 paganis?
2566 2822 2668 2885 cur
2714 2844 2820 2884 non
2866 2827 3196 2882 auxiliamini
3247 2830 3448 2897 quibus
3477 2842 3685 2897 praei-sse
3710 2835 3754 2877 ct

2202 2900 2473 2993 prodesse‘
2506 2906 2736 2999 debetis,
2779 2919 2997 2987 suisque
3027 2917 3227 2973 ﬁnibus
3262 2927 3631 2972 exterminata:
3675 2931 3753 2968 (υτ

2203 3025 2311 3066 non
2336 2996 2627 3065 resistiiis"
2622 2998 2802 3079 genti?
2827 3007 2936 3063 Nos
2961 3008 3114 3063 vanis
3161 3009 3206 3063 si
3232 3006 3513 3061 Vulneritis
3554 3007 3749 3060 auxilia.

2204 3106 2408 3172 bimur,
2430 3115 2482 3162 et
2513 3109 2557 3159 si
2589 3104 2729 3160 forte
2755 3102 3017 3174 ingruerit
3045 3112 3232 3157 contra
3255 3117 3356 3156 nos
3376 3101 3569 3155 bellum
3596 3101 3753 3153 volun-

533 3199 659 3249 quin
700 3184 863 3236 etiam
900 3186 1222 3254 deprecatur
1253 3196 1310 3239 ut
1341 3186 1486 3240 sinat
1515 3202 1573 3241 se
1605 3202 1762 3243 sacro
1784 3188 1933 3244 fonte
1957 3190 2101 3245 redi-
2130 3176 2173 3238 (ἶ
2206 3198 2342 3253 tarie
2378 3195 2672 3253 aderimus.
2705 3214 2724 3247 ι
2761 3193 2952 3249 Franci
2981 3209 3110 3249 vero
3146 3194 3230 3248 his
3260 3191 3640 3247 contumeliose
3659 3204 3750 3242 ser-

535 3277 626 3337 ..ii,
652 3289 816 3343 seque
850 3289 880 3328 a
926 3274 1231 3330 commissis
1252 3276 1410 3346 piari.
1456 3277 1611 3331 Rollo
1650 3288 1830 3335 autem
1886 3294 2103 3351 semper

534 3380 739 3419 memor
762 3366 1015 3430 visionis,
1048 3367 1301 3436 precibus
1345 3369 1488 3440 regis
1515 3385 1621 3423 non
1669 3372 1964 3441 acquievit,
2011 3388 2103 3428 ve-

534 3471 650 3509 rum
691 3471 811 3525 qua:
837 3472 948 3512 suae
995 3459 1159 3513 sortis
1214 3467 1405 3524 erant,
1455 3460 1733 3516 obsidibus
1764 3473 1889 3519 ante
1920 3479 2101 3536 regem

531 3549 1105 3620 conductis,vultuque
1130 3565 1324 3606 sereno
1339 3549 1475 3606 dixit
1511 3569 1525 3606 :
1558 3570 1577 3604 ι
1607 3552 1886 3609 Talionem
1917 3557 2099 3622 modo,

531 3640 747 3696 domine
770 3656 885 3706 rex,
905 3657 1002 3711 pro
1027 3642 1183 3697 bonis
1202 3658 1324 3713 qua:
1351 3644 1484 3699 mibi
1503 3643 1739 3716 Walgris
1767 3647 2099 3717 impendisti,

534 3735 757 3790 reddidi.
790 3720 1033 3805 Regnum
1056 3735 1198 3803 quod
1242 3735 1373 3790 milii
1409 3736 1552 3791 ultro
1580 3738 1798 3805 dedisti,
1838 3755 1935 3809 per
1959 3740 2103 3796 hunc

557 3842 850 3881 uucronein
878 3828 1160 3882 duodecim
1210 3827 1380 3882 libras
1411 3829 1529 3882 auri
1570 3830 1761 3898 capulo
1788 3831 2099 3898 habentem,

534 3922 698 3975 reddo
730 3920 846 3974 tibi.
889 3921 1029 3986 Quin
1068 3922 1230 3974 etiam
1270 3920 1508 3988 obsides,
1536 3924 1626 3992 qui
1660 3922 1763 3976 mei
1787 3922 1927 3991 juris
1953 3933 2100 3989 sunt,

534 4025 585 4066 et
628 4012 721 4081 qui
775 4023 976 4075 astant,
1019 4012 1148 4081 jube
1198 4013 1401 4082 recipi;
1431 4029 1741 4084 praicavens
1773 4029 1839 4070 ne
1888 4023 2103 4086 patrum

542 4120 749 4157 urorum
793 4112 846 4156 et
888 4119 1112 4157 avorum
1182 4105 1403 4175 perﬁdia
1457 4114 1509 4159 te
1559 4106 1753 4161 iterum
1803 4108 2103 4178 respuendo

529 4195 778 4262 decipiat.
817 4193 927 4258 Ego
957 4193 1237 4249 Franciam
1262 4196 1515 4251 celeriter
1550 4207 1814 4267 repetam,
1847 4214 2104 4270 meosque

556 4288 778 4338 .i‘uuicos
820 4284 1052 4353 allligam
1103 4295 1159 4340 et
1203 4295 1507 4353 conteram,
1544 4288 1846 4358 disperdam
1886 4299 1938 4345 et
1977 4306 2106 4345 cun-

570 4393 764 4431 incam.
794 4379 1022 4432 'l‘antuni
1077 4386 1129 4432 te
1176 4378 1439 4449 deprecor
1474 4389 1532 4434 ut
1571 4381 1662 4450 qui
1698 4395 1783 4435 me
1811 4384 1963 4451 sequi
1992 4400 2102 4435 nia-

552 4469 750 4533 derint,
788 4485 893 4525 non
926 4469 1216 4539 prohibeas
1244 4468 1345 4525 eis.
1378 4489 1398 4522 ι
1434 4470 1551 4527 Rex
1596 4478 1774 4527 autem
1801 4472 2094 4535 admirans,

528 4572 579 4615 et
609 4563 812 4631 gr..tias
840 4576 1005 4631 super
1039 4561 1124 4615 his
1146 4560 1307 4615 dictis
1339 4576 1529 4631 agens,
1551 4562 1725 4616 dixit:
1772 4582 1790 4614 ι
1825 4561 1939 4616 Dux
1965 4578 2100 4632 prae-

529 4651 918 4721 potentissinie,
946 4666 1072 4721 pars
1102 4650 1297 4706 anima:
1336 4667 1490 4717 mem,
1528 4668 1629 4719 ego
1657 4663 1830 4707 tecum
1862 4654 1968 4707 ibo.
1996 4654 2101 4709 Re-

502 4728 665 4815 :gem,
699 4746 885 4805 duces,
913 4754 968 4798 et
1004 4744 1233 4799 comites
1261 4738 1357 4800 tibi
1401 4746 1718 4801 humiliabo.
1755 4767 1773 4797 ι
1805 4745 2102 4815 Respondit

2201 3289 2450 3345 monibus
2465 3287 2792 3359 exasperati.
2833 3285 2983 3340 ﬁnito
3010 3286 3242 3339 termino
3271 3282 3576 3339 securitatis
3593 3295 3747 3347 empe-

2200 3391 2327 3437 runt
2356 3381 2618 3435 rebellare
2642 3381 2887 3453 paganis.
2912 3378 3057 3435 Illico
3078 3379 3233 3435 Rollo
3260 3389 3459 3448 putans
3478 3393 3535 3433 se
3561 3385 3749 3447 propter

2201 3470 2546 3527 securitatem
2570 3486 2731 3539 quam
2754 3469 2920 3536 dedit,
2946 3486 2975 3524 a
2996 3469 3222 3525 Francis
3244 3469 3408 3525 vilem
3438 3469 3747 3527 :estimatuiu,

2202 3560 2463 3615 ferociter
2505 3569 2561 3614 et
2603 3559 2894 3614 crudeliter
2920 3559 3247 3615 devastando
3272 3573 3395 3629 pro:
3411 3559 3591 3614 incias.
3613 3556 3745 3623 co-pit

2200 3650 2429 3715 laniare,
2460 3659 2516 3706 et
2557 3649 2808 3722 aﬂiigere,
2838 3657 3000 3720 atque
3022 3649 3205 3706 delere
3232 3651 3509 3721 populum.
3555 3648 3639 3702 Sui
3670 3661 3747 3699 au-

2201 3748 2309 3797 tem
2357 3740 2412 3795 in
2463 3740 2826 3807 Bnrgundiam
2874 3750 3185 3812 pergentes,
3235 3754 3442 3810 perque
3490 3739 3663 3795 Jonam
3702 3736 3745 3790 iii

2201 3831 2458 3902 Sigonam
2512 3832 2829 3904 navigantes
2858 3871 2874 3897 ,
2940 3842 3219 3903 terrasque
3272 3832 3525 3887 amnibus
3593 3830 3747 3884 aliine:

2200 3940 2371 3993 usque
2423 3924 2639 3978 Clarum
2696 3935 2931 3979 montem
2990 3925 3227 3994 undique
3286 3938 3445 3980 secus
3501 3924 3748 3978 devastan-

2205 4027 2310 4078 tes.
2363 4016 2600 4071 Senonis
2642 4016 2973 4086 provinciam
3017 4016 3352 4079 invaserunt,
3399 4024 3556 4083 atque
3582 4019 3744 4067 cuncta

2200 4107 2587 4177 depopulantes
2609 4110 2676 4163 ad
2705 4106 3343 4162 Sanctum-Benedictum
3376 4115 3559 4161 contra
3598 4101 3748 4156 lluilir-

2200 4214 2325 4255 nem
2360 4208 2708 4255 revenerant.
2743 4198 2946 4255 Videris
2975 4212 3154 4255 autem
3185 4198 3341 4254 Bollo
3388 4196 3736 4253 monasterium

2202 4291 2715 4359 Sancti-Benedicti,
2748 4291 2878 4347 illud
2902 4291 3274 4347 contaminare
3300 4290 3489 4350 noluit,
3516 4303 3608 4342 nec
3632 4298 3743 4355 prie-

2202 4384 2321 4439 dari
2351 4384 2491 4438 illam
2516 4384 2846 4455 provinciam
2879 4391 3099 4454 propter
3131 4392 3379 4438 sanctum
3430 4378 3741 4435 Benedictum

2202 4473 2464 4542 permisit.
2514 4473 2767 4544 Stampas
2814 4474 3062 4543 equidem
3110 4472 3299 4526 adiens
3362 4479 3527 4525 totam
3571 4476 3739 4521 terram
3778 4492 3781 4493 ν

2202 4559 2539 4635 adjacentein
2564 4560 2814 4637 perdidit,
2844 4564 3273 4635 quamplurimas
3297 4560 3601 4633 captivavit.
3637 4553 3741 4610 Inde

2202 4659 2271 4713 ad
2297 4657 2553 4714 Villemez
2582 4654 2803 4710 veniens
2827 4653 3083 4709 ﬁnitimas
3113 4661 3287 4707 terras
3309 4650 3581 4722 priedavit,
3614 4646 3738 4701 hinc-

2201 4762 2307 4817 que
2340 4745 2861 4799 Parisius-remeare
2909 4741 3256 4797 acceleravit.
3311 4740 3513 4796 Rustici
3534 4750 3648 4792 vero
3671 4732 3737 4787 vi-

496 4810 510 4923 ξ
528 4810 682 4891 llullo
712 4856 726 4891 :
758 4856 776 4888 ι
811 4836 1188 4906 Nequaquam,
1211 4837 1445 4899 domine,
1473 4853 1695 4907 regnum
1728 4810 1988 4902 dimittas,
2013 4838 2099 4892 etii
2201 4810 2392 4893 dentes
2427 4835 2667 4890 Francos
2695 4832 3099 4888 robustissimos
3129 4831 3418 4889 bellatores
3450 4838 3505 4885 et
3532 4826 3729 4893 Burgun'

496 4918 503 4989 ξ
527 4942 758 4996 praeesse
782 4937 836 4980 et
862 4924 1247 4995 pi-udessejugi
1274 4924 1549 4994 ju‘i'amine
1568 4926 1754 4980 debes.
1781 4946 1797 4977 ι
1817 4926 2099 4995 Extemplo
2200 4929 2388 4984 diones
2420 4923 2749 4995 asperrimos
2786 4932 3112 4993 pugnatores
3156 4924 3375 4993 penitus
3426 4918 3733 4979 adniliilatos.

481 4998 499 5104 ’5
530 5019 703 5082 Rullo,
726 5017 1085 5071 amicabiliter
1125 5030 1252 5086 rege
1291 5015 1497 5083 relicto,
1532 5027 1855 5086 congregata
1887 5017 2103 5073 ineuar-
2206 5022 2598 5086 congregantes
2627 5013 3222 5083 incomprehensibiieiu
3258 5025 3481 5091 numero
3528 5006 3737 5064 multitu-

529 5110 680 5165 rabili
717 5110 1060 5164 multitudine
1077 5109 1359 5181 juvenuin,
1385 5111 1734 5167 trausfretato
1753 5123 1910 5183 portu
1931 5113 2103 5168 Fran-

526 5202 729 5256 ciscum
754 5202 1038 5257 advehitur
1079 5218 1323 5274 regnum.
1354 5203 1552 5260 Statim
1580 5207 1805 5260 comites
1828 5193 2101 5262 exercitus

526 5289 929 5355 sui‘divideus,
979 5290 1115 5346 alios
1164 5292 1318 5347 alveo
1368 5291 1660 5362 Sequanae,
1712 5294 1848 5348 alios
1892 5295 2100 5363 Ligeris

525 5382 761 5447 ﬂuento,
791 5376 935 5437 alios
971 5398 1131 5440 amne
1159 5383 1424 5440 Gerunda:
1468 5384 1852 5454 interjacentes
1885 5388 2102 5457 provin-

526 5474 642 5531 cias
668 5473 1026 5545 praedatums,
1080 5476 1243 5532 celeri
1273 5477 1613 5547 navigatione
1642 5479 1806 5536 misit.
1844 5479 1961 5550 Ipse
2006 5495 2101 5533 au-

528 5579 637 5626 tem
686 5566 928 5625 Parisius
978 5569 1175 5626 iterum
1211 5572 1466 5638 veniens,
1497 5572 1660 5642 carpit
1716 5573 1902 5627 urbem
1933 5588 2100 5643 oppu-

526 5678 715 5737 gnare,
740 5671 796 5719 et
824 5671 1024 5717 terram
1046 5676 1206 5733 super
1235 5663 1486 5719 inimicos
1512 5678 1638 5718 suos
1662 5663 1970 5719 devastarc.

547 5774 555 5781 ·
597 5752 823 5810 Carolus
833 5761 1014 5808 autem
1036 5766 1130 5815 rex
1146 5751 1369 5814 audiens
1388 5751 1703 5824 quodltollo
1728 5752 2098 5823 innpportunis

1628 5902 1655 5934 J

2204 5112 2406 5173 dinem,
2429 5108 2647 5160 desueta
2663 5121 2811 5159 arma
2837 5106 3195 5175 nequicquam
3218 5112 3485 5177 gerentem
3507 5100 3738 5157 conantur

2203 5199 2460 5254 invadere
2515 5196 2815 5252 Rollonem.
2872 5196 3024 5252 Rullo
3075 5208 3255 5253 autem
3302 5193 3585 5266 respiciens
3622 5184 3731 5240 vidit

2202 5305 2380 5345 aerem
2433 5289 2885 5360 pulverulentum,
2917 5288 3351 5358 creberrimoque
3377 5295 3625 5341 concursu
3656 5289 3732 5346 pe-

2208 5381 2379 5437 ditum
2407 5380 2628 5437 densius
2661 5380 3071 5444 obnubilatum;
3101 5378 3409 5435 convocatis
3436 5369 3728 5447 principibus

2206 5475 2318 5531 suis
2347 5472 2523 5528 dixit:
2571 5488 2590 5524 ι
2642 5471 2878 5543 Populus
2916 5467 3161 5542 peditum
3212 5467 3391 5524 nescio
3421 5479 3485 5519 an
3521 5460 3726 5531 equitum

2206 5583 2304 5624 nos
2331 5566 2597 5638 sequitur.
2630 5563 2848 5621 Pedites
2888 5563 3061 5620 nostri
3091 5560 3340 5618 celeriter
3374 5559 3511 5613 viam
3554 5555 3725 5625 petant.

2202 5660 2414 5729 equites
2466 5657 2745 5712 nobiscum
2801 5663 3148 5721 remaneant;
3201 5663 3262 5708 ut
3299 5651 3563 5706 videamus
3600 5638 3725 5708 cuius

2202 5749 2537 5807 fortitudinis
2559 5749 2666 5805 sint
2685 5749 2776 5820 qui
2795 5764 2892 5805 nos
2909 5749 3134 5819 perdere
3154 5737 3357 5802 volunt.
3378 5762 3396 5797 ι
3412 5738 3725 5811 Exspectanto
