3952 5346
197 278 310 337 643

684 281 774 340 nr:
811 283 1055 344 GESTIS
1103 254 1531 347 κοκδίΑΝΝιλΕ
1572 294 1752 354 nuce

1847 299 2029 358 LIBRI
2063 303 2264 362 TRES.
2297 338 2366 352 -
2396 309 2524 366 LIB.
2563 311 2626 368 ll.
2670 314 2916 373 ROLLO.

3347 322 3454 380 646

190 397 376 442 autem
417 384 638 442 Bollone
681 378 804 444 cum
853 393 1149 461 equilibus,
1203 398 1771 469 appropinquaverunt
1799 417 1846 474 Α
1874 409 2002 466 lnde
2035 414 2128 469 tibi
2164 416 2386 473 meliora
2412 417 2564 475 dabit
2590 422 2702 492 jam
2731 424 2885 497 fruge
2909 431 3156 498 perenni.

192 478 403 543 rustici,
452 479 666 548 equites
709 495 830 535 cum
884 484 1174 552 peditibus.
1224 487 1370 544 lllico
1410 490 1566 547 Rollo
1610 493 1769 550 irruit

187 577 359 637 super
395 569 642 632 villanos,
675 572 988 642 crudelique
1013 591 1145 632 nece
1167 577 1284 633 illos
1309 596 1478 650 usque
1505 584 1573 638 ad
1603 585 1767 640 intcr~

189 662 466 714 necionem
494 664 806 732 prostravit,
846 675 902 720 et
940 668 1197 728 contrivit
1241 687 1354 736 eos,
1380 677 1766 746 caelequema.

188 751 337 804 rima
367 762 599 822 peracta,
635 755 911 823 repedavit
943 759 1007 812 ad
1052 776 1199 815 suos.
1233 763 1424 820 Postea
1455 781 1584 823 vero
1617 770 1766 826 Rollo

185 838 358 894 nimio
385 840 580 897 furoris
616 853 752 898 aestu
793 845 1030 913 inhians,
1075 860 1129 903 et
1165 849 1399 923 ﬂagrans
1445 871 1607 926 super
1636 874 1765 920 suos

185 931 435 988 inimicos
464 934 739 990 civitatem
767 937 1015 995 Carnotis
1045 941 1316 998 hostiliter
1334 949 1577 1016 expetiit,
1603 960 1765 1020 atque

182 1018 490 1075 Dunensem
519 1025 836 1080 comitatum
867 1038 923 1082 et
950 1029 1337 1088 Carnotensem
1364 1046 1607 1102 vastans,
1638 1056 1761 1095 cum

182 1122 382 1177 magno
423 1113 666 1167 exercitu
718 1115 948 1171 obsedit.
1007 1118 1236 1186 Quidam
1288 1139 1420 1180 vero
1480 1128 1763 1198 episcopus

178 1194 550 1256 Guvaltelmus
574 1205 690 1258 urbi
714 1216 944 1275 praeerat
973 1209 1428 1279 religiosissimus.
1451 1215 1500 1269 ls
1525 1233 1761 1274 mter-ens

179 1297 234 1340 et
261 1290 490 1358 ejulaus,
539 1297 918 1368 continuisque
946 1303 1284 1360 oratimiibus
1333 1308 1562 1372 instans,
1614 1311 1760 1366 misit

177 1381 250 1434 ad
289 1381 724 1452 Burgundionum
765 1389 953 1444 ducem
999 1390 1350 1459 Richardum,
1382 1407 1436 1452 et
1467 1401 1532 1453 ad
1576 1399 1757 1457 P.cta-

180 1482 398 1523 vensem
462 1463 716 1530 comitem
783 1477 1044 1545 Ebalum,
1110 1491 1169 1536 ut
1226 1485 1576 1542 subvenirent
1635 1493 1756 1547 urbi

176 1569 354 1614 morte
372 1573 766 1634 praeoccupans!
793 1581 892 1636 pro
918 1583 1106 1624 amore
1130 1570 1222 1625 Dei
1253 1573 1307 1626 in
1336 1575 1619 1632 auxilium.

575 1687 643 1728 DE
675 1690 736 1730 CA
745 1691 935 1732 RNOTIS
971 1694 1347 1739 LIBEBATIONE.

1868 500 2073 570 Aspera
2105 513 2182 559 tot
2211 506 2438 563 tolerata
2461 511 2549 565 diu
2579 517 2736 569 modo
2765 515 2883 571 laeta
2914 534 3233 590 sequentur.

1868 592 2074 648 Gaudia
2099 596 2253 669 longa
2286 612 2456 656 metes
2488 604 2612 658 hinc
2637 606 2762 660 hinc
2789 624 3024 668 maerore
3047 617 3298 675 subacto.

1869 683 1944 737 Te
1975 684 2122 740 labor
2149 690 2415 745 artificem
2447 693 2571 748 belli
2598 696 2876 769 hucusque
2907 706 3153 776 peregit:

1865 773 1990 828 Post
2015 777 2112 832 bos
2141 793 2404 836 maerores
2431 793 2516 839 sat
2545 785 2684 842 dona
2714 790 2914 858 quietis
2937 773 3181 854 habebis.

1867 863 2106 936 Namque
2126 869 2310 928 labore
2335 876 2482 945 gravi
2514 891 2868 937 concrescunt
2898 889 3120 954 praamia
3158 892 3346 952 multa.
3396 883 3399 886 ’

1864 1022 2114 1090 Quzealam
2145 1031 2289 1086 acies
2321 1048 2647 1105 paganorum
2676 1041 2913 1098 evadens
2964 1043 3104 1102 forte
3142 1050 3311 1120 praelii
3343 1069 3442 1126 pe-

1862 1115 2087 1171 riculum
2111 1121 2176 1172 ad
2202 1120 2411 1194 Leugas
2440 1131 2707 1196 pervenit,
2739 1142 2796 1186 et
2826 1138 3024 1192 montis
3060 1141 3272 1199 excelsa
3315 1115 3442 1202 sub-

1861 1206 1946 1264 iit.
1976 1207 2151 1264 Finito
2186 1213 2349 1282 igitur
2389 1218 2483 1271 tali
2511 1231 2567 1274 et
2609 1229 2718 1276 tam
2743 1240 2936 1297 magno
2966 1235 3263 1292 certamine
3289 1238 3438 1308 be'13i,

1861 1298 2057 1356 Elialus
2106 1319 2328 1374 vespere
2374 1309 2589 1366 advenit
2637 1329 2758 1370 cum
2808 1321 2942 1387 suis,
2987 1321 3324 1397 Francosq'"
3389 1344 3442 1388 με

1857 1386 2265 1461 Burgundiones
2323 1399 2651 1469 imprecatur
2699 1407 2901 1466 nimis:
2931 1386 2966 1464 ν(
3012 1413 3097 1470 Me
3131 1391 3380 1488 pronam
3433 1447 3437 1468 ι

1857 1481 2111 1550 duxistis,
2141 1491 2359 1556 quando
2386 1494 2629 1560 prarlium
2674 1497 2790 1554 sine
2831 1515 2916 1556 me
2945 1481 3262 1564 inchoastis.
3287 1510 3401 1566 Bla~
3421 1543 3434 1553 -

1856 1575 2154 1645 phemabor
2186 1597 2216 1636 a
2271 1587 2480 1640 cunctis
2529 1589 2802 1658 gentibus,
2848 1609 2968 1663 quae
3001 1598 3265 1656 auditura:
3311 1619 3435 1662 sun.

1854 1665 1955 1723 bos
1985 1679 2229 1729 eventus.
2253 1672 2395 1730 Proh
2423 1677 2610 1734 dolor!
2641 1682 2854 1737 mallem
2885 1688 3021 1743 mori
3051 1704 3172 1746 cum
3213 1693 3320 1751 isto
3341 1711 3435 1766 po-

246 1759 389 1816 Misit
412 1772 592 1820 autem
623 1775 677 1821 et
711 1771 775 1821 ad
798 1768 1036 1826 Francos
1069 1771 1227 1840 hujus
1253 1775 1566 1833 mtestifera:
1608 1777 1751 1851 lega-
1781 1767 1827 1828 Β
1853 1759 1980 1828 pm"
2009 1777 2172 1830 ‘l‘mm
2211 1765 2400 1822 abesse
2447 1769 2652 1840 Ρνίεηοο
2695 1792 2714 1825 ³
2777 1771 2927 1830 Tunc
2965 1777 3162 1836 “and
3209 1795 3261 1836 εί
3298 1785 3434 1840 Bu"

176 1852 338 1906 tionis
363 1856 598 1910 nuntios.
636 1858 736 1924 Qui
770 1859 1022 1915 celeriter
1060 1861 1333 1920 Riehardo
1365 1870 1550 1924 comiti
1581 1873 1758 1928 adlue-

174 1955 355 2000 rentes
393 1949 706 2008 im'aserunt
758 1954 1036 2012 Rollonem
1081 1959 1231 2016 circa
1276 1949 1460 2020 muros
1503 1965 1755 2022 Carnotis

173 2041 388 2106 praelian
399 2052 523 2096 tem.
549 2045 705 2100 [tollo
725 2062 876 2114 vero,
899 2065 1048 2104 more
1062 2050 1235 2115 solito,
1261 2063 1574 2112 constanter
1597 2059 1756 2114 irruit

170 2141 336 2196 super
363 2131 496 2188 illos.
531 2135 726 2192 Franci
771 2153 899 2193 vero
937 2151 991 2194 et
1016 2140 1426 2212 Burgundiones
1473 2149 1615 2202 vires
1662 2165 1752 2205 re-

170 2235 463 2289 sumentes,
524 2245 824 2300 ausumque
875 2233 1070 2288 iterum
1119 2237 1439 2306 capientes,
1490 2238 1753 2296 invadunt

173 2311 448 2371 Rollonem
482 2319 692 2375 duriter
722 2322 830 2377 illis
857 2326 1182 2380 obstantem.
1231 2326 1398 2383 Caesis
1426 2344 1556 2398 ergo
1594 2328 1752 2384 Chri-

171 2405 464 2463 szianorum
499 2425 562 2465 ac
619 2429 951 2485 paganorum
1002 2416 1246 2486 pluribus
1301 2417 1480 2474 stabat
1523 2430 1748 2490 uterque

171 2492 222 2547 in
246 2497 431 2564 pra:lio
453 2503 747 2566 exercitus,
781 2513 1031 2559 mutuans
1059 2506 1222 2560 vitam
1253 2507 1476 2563 alternis
1513 2509 1743 2576 ictibus;

173 2601 287 2639 cum
337 2589 518 2644 subito
559 2591 926 2648 Guvaltelmus
977 2597 1263 2666 episcopus
1317 2599 1473 2669 quasi
1523 2601 1741 2656 missam

171 2677 560 2747 celebraturus,
614 2684 868 2741 infulatus
921 2687 1275 2759 bajulausque
1314 2707 1530 2748 crucem
1581 2704 1743 2763 atque

173 2770 403 2826 tunicam
450 2787 812 2831 sacrosancta:
867 2778 1050 2833 Maria:
1091 2782 1314 2852 virginis
1365 2783 1421 2838 in
1468 2785 1741 2851 manibus,

170 2872 528 2930 prosequente
551 2865 698 2921 clero
726 2882 848 2922 cum
882 2871 1111 2935 civibus,
1147 2871 1477 2943 ferratisque
1523 2875 1743 2930 aciebus

175 2961 530 3022 coustrpatus,
559 2957 815 3013 exsiliens
837 2959 902 3014 de
929 2960 1170 3027 civitate,
1206 2978 1537 3032 paganorum
1591 2975 1741 3036 terga

171 3040 283 3096 telis
324 3045 584 3100 verberat
629 3057 686 3102 et
731 3051 1101 3106 mucronibus.
1155 3051 1394 3108 Cernens
1447 3064 1630 3111 autem
1681 3072 1742 3112 se

1861 1851 2160 1920 gundiones
2201 1857 2458 1915 dixerunt
2505 1863 2572 1916 ad
2604 1863 2827 1920 Ehalum
2860 1867 2976 1923 sine
3023 1885 3082 1925 re
3127 1875 3434 1943 querulum.

1861 1954 1885 1993 ι
1917 1941 2105 1996 Adhuc
2136 1957 2416 2015 exspectat
2441 1959 2493 2006 te
2537 1952 2740 2022 aliquid
2779 1957 3112 2026 certaminis,
3144 1941 3250 2032 quo
3279 1975 3433 2034 potes

1855 2037 1908 2084 te
1937 2040 2163 2104 tuosque
2188 2041 2442 2108 eXperiri.
2483 2041 2775 2100 Considera
2804 2043 3206 2108 Northmannos
3248 2057 3432 2124 praelia

1852 2117 2088 2190 fugatos,
2123 2140 2382 2181 cacumen
2411 2132 2608 2188 montis
2639 2149 2801 2190 causa
2844 2139 3078 2206 praesidii
3124 2155 3430 2212 aggressos.

1852 2211 2134 2284 Praei-ipim
2183 2233 2312 2287 ergo
2339 2233 2432 2274 eos
2477 2237 2507 2274 a
2537 2233 2738 2288 monte,
2784 2241 3082 2296 eorumque
3119 2211 3429 2300 superbiam

1851 2303 2011 2359 elide.
2053 2306 2278 2363 \‘iudica
2328 2311 2643 2382 sanguinem
2697 2315 3034 2373 Francorum
3076 2329 3131 2374 et
3178 2321 3428 2395 Burgun-

1848 2395 2089 2463 dionum,
2125 2401 2226 2455 hoc
2249 2416 2460 2472 campo,
2486 2405 2588 2459 heu
2613 2402 2792 2463 dolor!
2828 2408 3148 2478 jacentium.
3177 2412 3427 2471 Sentiant

1837 2494 1899 2539 ~te
1936 2489 2094 2543 modo
2136 2492 2415 2547 advenisse
2443 2534 2458 2558 ,
2520 2497 2610 2564 qui
2667 2499 2969 2568 gloriantur
3012 2517 3071 2556 se
3125 2504 3425 2573 perieulum

1845 2581 2038 2636 mortis
2065 2584 2324 2639 evasisse.
2373 2604 2392 2637 ι
2444 2585 2540 2641 llis
2568 2588 2732 2657 igitur
2775 2591 2955 2658 dictis,
2980 2592 3179 2649 Ebalus
3222 2595 3342 2649 iuva
3368 2596 3427 2651 fit

1842 2671 2247 2731 Northmannos
2278 2677 2329 2732 in
2372 2689 2556 2734 monte
2606 2682 2831 2738 nimium
2872 2687 3187 2743 exterritos.
3220 2689 3425 2746 Ebalus

1842 2773 2024 2820 autem
2063 2769 2388 2824 ascendebat
2438 2781 2674 2828 montem
2733 2790 2856 2829 cum
2902 2779 3048 2844 suis,
3109 2778 3240 2832 Daci
3293 2793 3426 2837 vero

1841 2855 2168 2912 resistebant
2193 2859 2242 2912 ei
2285 2859 2502 2929 jaculis.
2545 2861 2746 2918 Ebalus
2778 2863 3016 2933 jaciebat
3065 2884 3131 2926 eo
3174 2870 3419 2936 missilia,

1841 2945 1966 3001 Daci
2001 2964 2130 3005 vero
2158 2949 2428 3007 violabant
2467 2969 2561 3008 eos
2605 2953 2818 3023 jaculis.
2853 2957 3090 3015 Ebalidze
3141 2961 3427 3017 tentabant

1843 3041 2135 3096 ascendere
2191 3057 2448 3099 cacumen
2497 3047 2720 3114 montis,
2767 3047 3068 3105 Rollonialte
3115 3054 3425 3123 prtecipita-

169 3131 313 3190 Rom,
365 3137 511 3193 inter
541 3149 830 3212 mw,an
861 3147 1160 3200 exercitum
1200 3157 1345 3202 ειητο
1369 3187 1386 3214 ν
1431 3164 1597 3220 δεηυο
1631 3130 1737 3206 ηοη
1767 3126 1810 3188 C
1840 3130 1971 3186 bant
2019 3147 2112 3188 eos
2146 3149 2319 3205 usque
2357 3137 2423 3190 ad
2465 3137 2636 3193 basim
2667 3141 2886 3194 montis.
2919 3141 3153 3197 Ebalida:
3183 3159 3338 3214 Srpes
3368 3149 3424 3198 et

167 3227 476 3295 pueralere,
517 3247 750 3303 suosque
783 3233 1119 3303 decrescere,
1166 3239 1434 3296 transiens
1480 3259 1577 3312 per
1627 3259 1738 3299 me-

167 3317 301 3373 dium
338 3321 579 3391 illorum,
622 3327 788 3398 erepit
814 3328 882 3384 ab
921 3329 1001 3388 eis
1039 3332 1333 3403 declinare,
1369 3350 1436 3390 ne
1459 3349 1735 3406 praeoccu-

165 3421 378 3479 paretur
401 3425 599 3473 morte.

771 3526 1130 3570 APOSTBOPBA.

165 3593 309 3653 [tollo
339 3610 641 3671 potensque
668 3615 963 3674 valcnsque
1000 3607 1333 3674 asperrimus
1355 3607 1542 3673 armis,

163 3685 233 3743 Ne
253 3695 631 3750 verecunderis
652 3695 828 3766 sijam
851 3697 1108 3769 fugitivus
1139 3701 1377 3767 habet-is,

161 3779 266 3836 Non
288 3793 342 3840 te
358 3784 575 3842 France
602 3788 768 3860 fugat,
802 3799 852 3845 te
883 3805 981 3846 nec
1012 3791 1320 3862 Burgunlio
1343 3792 1524 3860 cazdit,

163 3871 356 3932 Coneio
383 3878 714 3934 multimoda:
742 3883 1025 3951 gentisque
1050 3884 1330 3952 utriusque
1357 3882 1637 3953 phalangis
1667 3900 1682 3938 :
1754 3930 1762 3936 .

161 3962 257 4019 Sed
284 3969 470 4023 tunica
499 3969 636 4023 alma
671 3971 762 4025 Dei
791 3974 1072 4041 genitricis
1109 3974 1362 4043 Virginis,
1399 3984 1561 4042 atque

161 4054 522 4131 Reliquiatque
551 4063 735 4129 simul,
761 4065 1072 4136 philateria,
1102 4082 1342 4137 cruxque
1370 4069 1624 4121 Vereada.

160 4146 318 4215 Quam
361 4152 503 4206 velut
534 4155 588 4207 in
627 4157 874 4210 manibus
919 4157 1126 4211 meritis
1154 4159 1346 4228 praesul
1385 4159 1730 4224 reverendus,

162 4240 292 4299 Velle
321 4256 475 4299 tuum
501 4261 717 4318 semper
741 4249 832 4303 tibi
868 4265 1048 4320 posse,
1084 4253 1226 4306 velut
1259 4253 1356 4306 fuit
1383 4253 1510 4308 olim
1537 4272 1551 4308 :

160 4331 217 4386 Et
245 4337 406 4391 modo
431 4338 670 4409 velleque
698 4355 855 4409 posse
880 4350 1027 4394 tuum
1056 4341 1300 4411 Iegaliter
1325 4344 1494 4408 ibunt,

159 4423 426 4499 Posseque
469 4431 606 4486 velle
666 4442 814 4486 tuum
866 4432 1160 4488 humanum
1203 4435 1534 4506 jamjamque
1575 4451 1731 4492 reno-

1454 4526 1650 4600 lacent.

164 4609 293 4670 Velle
324 4625 476 4670 tuum
501 4618 658 4672 modo
684 4633 841 4688 posse
863 4635 1019 4673 suum
1046 4620 1066 4639 ‘
1093 4619 1362 4688 spectabit
1388 4621 1643 4688 amicum,

163 4703 425 4779 Posseque
452 4710 588 4764 velle
610 4726 764 4765 suum
794 4712 873 4766 sic
899 4713 1245 4782 prmstabitur
1276 4712 1473 4780 ipsum.

162 4793 462 4866 Coajunctis
489 4802 692 4869 pariter
714 4802 798 4856 his
827 4803 1216 4872 disjunctisque
1244 4803 1476 4867 duobus,

162 4887 256 4944 Aut
279 4891 470 4958 facies,
496 4903 590 4946 aut
614 4909 738 4954 non,
773 4908 1106 4963 qumcunque
1148 4894 1361 4963 negotia
1388 4893 1487 4960 rei,

164 4975 278 5041 Quis
297 4982 415 5034 sine
444 4982 692 5052 perficies
718 4983 914 5038 nullius
949 4997 1161 5037 summa
1193 4983 1412 5053 negotii.

167 5065 300 5140 Smpe
327 5074 562 5150 adqpirit
595 5083 823 5145 uterque
859 5092 1014 5142 suum
1050 5074 1314 5132 violenter
1341 5078 1598 5134 amicum.

167 5156 299 5190 Cum...
327 5167 524 5190 ..ηαξ-..ἔρ
557 5175 778 5190 ..ιη--..Α
816 5183 838 5190 -

970 5181 1124 5190 -..-.-A
1159 5181 1306 5190 -n.......
1334 5183 1497 5190 --....-,,-

1839 3227 2098 3298 parietes,
2129 3243 2266 3300 quas
2313 3229 2442 3285 Daci
2474 3231 2541 3286 ad
2590 3231 2906 3300 capiendam
2963 3235 3240 3289 civitatem
3281 3235 3424 3291 fece-

1838 3329 1989 3382 runt,
2029 3320 2094 3372 ad
2126 3328 2367 3374 montem
2406 3324 2845 3390 deportaverunt.
2877 3321 3007 3378 Daci
3037 3337 3168 3378 vero
3195 3323 3418 3380 eosdem

1837 3409 2074 3479 parietes
2103 3419 2157 3463 et
2192 3425 2347 3479 sepes
2381 3408 2485 3464 illis
2519 3410 2860 3466 abstulerunt
2888 3420 2944 3466 et
2975 3427 3032 3467 se
3061 3428 3126 3467 ex
3157 3413 3262 3468 illis
3312 3413 3420 3468 cir-

1836 3501 2140 3554 cumtlando
2200 3500 2531 3554 munierunt.
2593 3501 2824 3570 Populus
2882 3517 3010 3558 vero
3079 3503 3419 3560 Francorum

1836 3591 2189 3659 exspectabat
2211 3591 2371 3646 finem
2395 3591 2716 3664 iurgiorum.
2763 3592 2964 3648 Ebalus
3023 3593 3187 3662 igitur
3227 3595 3418 3652 videns

1835 3683 1979 3753 quod
2029 3699 2134 3737 non
2183 3684 2471 3754 proliceret
2515 3686 2562 3740 ei
2600 3685 2793 3740 initum
2828 3698 3124 3753 certamen,
3175 3691 3322 3743 venit
3352 3689 3420 3744 ad

1836 3774 2167 3829 Richardum
2213 3775 2402 3830 ducem
2437 3777 2487 3830 in
2520 3790 2714 3845 campo
2755 3776 2925 3847 praelii
2974 3784 3154 3832 castra
3209 3788 3421 3832 metan-

1837 3877 1964 3922 tem.
2027 3868 2177 3922 Tunc
2225 3868 2501 3922 exercitus
2555 3875 2796 3922 montem
2853 3867 3234 3939 circumsepsit
3267 3908 3284 3934 ,
3351 3884 3420 3925 ne

1833 3965 2016 4025 posset
2039 3956 2176 4011 ullus
2201 3955 2360 4011 elabi.
2395 3955 2651 4013 Videntes
2692 3967 2872 4013 autem
2914 3958 3042 4013 Daci
3094 3974 3153 4013 se
3185 3960 3420 4014 circum-

1835 4057 2019 4111 sentos
2051 4047 2225 4117 plebe,
2254 4048 2510 4102 dixerunt
2541 4048 2607 4100 ad
2659 4047 2889 4102 invicem
2919 4063 2933 4102 :
2973 4048 3029 4102 Si
3071 4057 3419 4117 exspectetur

1835 4134 1974 4190 forte
2004 4137 2119 4190 dies
2154 4137 2393 4202 futurus,
2429 4151 2618 4192 omnes
2655 4137 2833 4208 gladio
2867 4137 3262 4192 interimemur.
3291 4137 3414 4192 Fri-

1835 4245 2028 4284 sonum
2054 4231 2274 4300 quidam
2299 4233 2364 4285 de
2392 4241 2550 4300 gente
2579 4242 2760 4296 natus,
2811 4231 2901 4301 qui
2947 4240 3066 4286 erat
3094 4231 3198 4285 illis
3230 4246 3417 4286 accre-

1835 4321 2000 4386 ditus,
2033 4322 2168 4375 dixit
2201 4333 2430 4376 mortem
2460 4321 2776 4378 timentibus
2805 4337 2818 4374 :
2858 4341 2875 4373 ‹
2925 4321 3074 4376 Dabo
3122 4321 3415 4377 consilium

1832 4413 1990 4467 vobis
2019 4413 2385 4482 profuturum.
2431 4415 2770 4486 Intempesta:
2814 4417 2989 4472 noctis
3032 4417 3247 4472 silentio
3295 4418 3416 4487 qui-

1830 4504 1951 4558 dam
1983 4514 2286 4559 nostrorum
2334 4507 2399 4559 de
2442 4507 2724 4560 cacumine
2762 4508 2964 4562 montis
2999 4507 3140 4560 clam
3178 4509 3414 4564 descen-

1833 4595 1982 4657 dant,
2010 4602 2066 4649 et
2094 4593 2394 4649 forinsecus
2423 4596 2562 4650 circa
2608 4596 2850 4650 tentoria:
2883 4597 3108 4651 buccina
3135 4597 3409 4666 clangant.

1831 4685 1908 4740 Illi
1937 4700 2171 4754 namque
2205 4686 2390 4740 audito
2439 4685 2691 4754 clangore
2736 4687 3013 4748 tubarum,
3061 4697 3413 4743 autumautes

1832 4781 2024 4832 adesse
2051 4776 2333 4832 Rollonem
2366 4784 2609 4832 nostrum
2637 4777 2851 4844 ducem,
2905 4777 3243 4833 formidolosi
3299 4791 3414 4836 stu-

1832 4867 2071 4937 pidique,
2096 4877 2256 4936 atque
2281 4867 2460 4936 pavidi
2478 4866 2801 4938 fugitabunt,
2828 4870 2931 4923 huc
2965 4864 3198 4935 illucque
3229 4870 3410 4925 divisi.

1829 4958 1938 5014 Nos
1967 4974 2095 5013 vero
2147 4959 2215 5012 de
2253 4968 2436 5014 monte
2484 4959 2876 5017 descendentes
2927 4959 3200 5015 irruamus
3249 4977 3416 5031 super

1827 5061 2006 5106 castra
2049 5051 2378 5122 principum,
2401 5051 2716 5121 duriterque
2743 5049 3065 5109 debellando
3087 5065 3204 5117 eos,
3232 5063 3418 5110 trans-

1829 5156 2017 5190 enmtts
2067 5158 2164 5190 nar
2205 5144 2442 5190 mmlinm
2494 5141 2731 5190 illorum-
2758 5155 2810 5190 (ιι
2847 5140 3164 5190 festinemus
3200 5148 3418 5190 nam-mli
