4032 6386
553 347 658 405 ϐιἹ

1525 339 1824 400 DUDONIS
1860 337 2106 395 DECANI
2139 337 2195 393 S.
2233 333 2537 404 QUINTINI
2573 331 2953 394 VIROMAND.

3713 341 3804 400 648

557 460 956 518 descenderunt
977 456 1198 527 quidam
1219 456 1284 510 de
1318 463 1520 521 monte,
1546 464 1600 510 et
1625 471 1723 526 per
1750 453 1979 509 tentoria
2001 453 2142 508 clam
2170 464 2220 521 Α
2249 450 2419 507 armis
2454 449 2716 515 fervidus.
2759 451 2984 508 consilio
3010 447 3286 522 providus,
3317 463 3543 524 aspectu
3570 453 3803 526 decorus,

557 558 902 608 transeuntes
925 547 1172 616 ultraque
1203 550 1502 610 venientes,
1529 553 1813 614 emperth
1841 543 2144 598 forinseeus

558 643 702 698 tubis
745 641 1022 708 clangere,
1069 647 1442 707 terroremque
1495 637 1835 708 repentinum
1872 637 1951 692 eis
1994 636 2147 691 incu-

561 743 693 787 tere.
728 731 919 786 Cmteri
972 744 1100 784 vero
1130 743 1252 783 cum
1295 743 1490 799 magno
1534 728 1790 793 tumultu,
1842 738 2147 799 magnoque

560 834 838 878 scutorum
876 819 1091 891 fragore
1124 819 1401 875 elabentes
1428 818 1688 875 velociter
1715 819 1781 873 de
1813 827 2014 884 monte,
2066 819 2146 874 in-

558 920 818 968 vaserunt
865 912 1197 967 Richardum
1259 910 1510 965 tentoriis
1559 919 1891 980 mperatum.
1948 909 2149 980 Sicque

564 1004 816 1058 ferociter
839 1002 1162 1072 pra-limites,
1185 1010 1238 1056 et
1263 1016 1360 1070 per
1382 1000 1618 1055 medium
1640 1001 1941 1055 exercitum
1967 1009 2147 1056 trans-

563 1104 831 1157 tneantes,
863 1094 1003 1146 viam
1035 1107 1197 1161 quant
1242 1091 1399 1145 Rullo
1450 1091 1625 1145 tenuit
1654 1091 1838 1146 citatis
1873 1091 2150 1160 gressibus

565 1187 779 1242 liberati
823 1196 1083 1258 pergunt;
1119 1197 1282 1253 atque
1332 1200 1497 1254 super
1551 1184 1815 1239 Othuram
1846 1183 2147 1249 venientes,

565 1279 682 1334 loca
713 1280 821 1333 alto
852 1279 1044 1349 palude
1067 1276 1402 1332 circumdato
1428 1291 1674 1346 gressum
1716 1274 1928 1344 fatigati
1958 1275 2148 1344 ﬁgunt.

565 1370 848 1426 Exercitus
869 1385 996 1423 vero
1026 1366 1252 1422 nimium
1281 1368 1577 1422 exterritus
1601 1367 1768 1437 Cthll
1797 1368 1899 1422 hac
1922 1362 2154 1436 illacque

565 1459 853 1522 ﬂuctuare,
910 1468 1106 1529 putans
1152 1456 1435 1513 Rollonem
1492 1457 1702 1512 adesse.
1773 1456 1974 1512 Ebalus
2023 1470 2154 1511 vero

565 1549 724 1620 hujus
749 1550 822 1604 rei
857 1560 1064 1604 terrore
1096 1547 1314 1603 domum
1343 1546 1622 1618 cujusdam
1661 1546 1876 1602 fullonis
1906 1544 2151 1617 expetiit,

567 1649 729 1709 atque
760 1641 850 1692 diu
875 1639 926 1693 in
961 1652 1023 1692 ea
1048 1638 1282 1693 delituit.
1309 1638 1593 1692 Exercitus
1613 1633 1814 1703 autem,
1846 1637 2156 1692 lucescente

568 1747 790 1796 aurora,
818 1740 1056 1784 montem
1079 1730 1270 1784 videns
1295 1729 1543 1784 hostibus
1571 1745 1822 1794 vacuum,
1854 1744 1947 1783 eos
1968 1744 2158 1799 prose-

2246 550 2429 595 contra
2479 551 2605 596 suas
2645 550 2968 608 Mansuetus,
3005 541 3089 597 cui
3128 545 3399 614 promittit
3429 547 3567 603 ﬁdus
3595 551 3804 618 amicus,

2245 631 2333 686 cul
2373 631 2698 688 adversatur
2740 642 2896 689 atrox
2941 633 3233 702 inimicus;
3277 648 3456 707 sagaci
3490 650 3667 696 mente
3711 643 3807 695 Va-

2247 722 2437 788 sallus,
2475 732 2734 778 constans
2769 732 2827 778 et
2851 723 2991 779 lenis
3019 733 3078 780 ut
3119 741 3206 780 res
3238 727 3544 796 expostulat
3569 729 3620 782 in
3650 732 3811 786 omni-

2247 812 2369 878 bus,
2419 827 2675 867 sermone
2722 813 3041 879 instructus,
3090 813 3358 869 doeilisin
3393 817 3580 881 rebus,
3619 818 3814 875 actibus

2248 901 2569 967 benevolus,
2611 901 2827 972 eloquio
2849 902 3133 971 honestus,
3164 904 3366 960 virtute
3399 905 3545 960 virili
3574 909 3812 978 repletus,

2251 989 2475 1059 humilis
2515 991 3042 1056 conversationibus,
3075 992 3346 1064 rebusque
3371 994 3675 1051 forensibus
3700 1014 3815 1066 pru-

2251 1081 2632 1149 dentissimus,
2679 1083 2734 1137 in
2766 1082 2972 1154 judicio
2999 1081 3206 1153 justus,
3239 1084 3293 1139 in
3326 1088 3553 1142 secretis
3580 1089 3812 1142 cautissi-

2251 1175 2445 1240 cimus,
2474 1189 2608 1230 auro
2635 1185 2974 1246 argentoque
2997 1173 3318 1245 ditissimus,
3346 1178 3674 1233 creberrima
3699 1181 3816 1234 mili-

2254 1275 2375 1344 tum
2391 1265 2695 1336 frequentia
2720 1265 2939 1322 assidue
2967 1267 3322 1337 constipatus,
3346 1268 3477 1338 quin
3499 1269 3664 1322 etiam
3689 1270 3815 1323 omni

2253 1359 2496 1413 bonitate
2536 1366 2620 1413 est
2665 1367 3042 1430 exaggeratus.
3078 1377 3098 1411 ›
3147 1358 3444 1415 Confestim
3489 1360 3710 1415 Carolus
3745 1361 3816 1416 his

2255 1451 2538 1507 consultus
2584 1452 2733 1506 misit
2762 1451 3099 1507 Franconem
3135 1452 3600 1523 archiepiscopum
3630 1451 3814 1508 Botbo-

2260 1557 2576 1612 magensem
2643 1542 2712 1597 ad
2760 1540 3042 1598 Bollonem
3089 1557 3424 1613 paganorum
3469 1544 3679 1598 ducem.
3731 1542 3816 1610 Qui

2257 1631 2484 1686 veniens
2527 1630 2596 1686 ad
2629 1645 2751 1684 eum
2782 1630 2996 1686 blandis
3025 1631 3366 1686 sermonibus
3403 1631 3570 1701 capit
3597 1630 3812 1700 alloqui:

2235 1736 2282 1774 ⁸(
2315 1721 2572 1778 Omnium
2623 1721 2821 1776 ducum
2878 1721 3363 1792 prmstantissime,
3413 1731 3818 1791 cunctorumquc

570 1823 755 1891 qui;ur
782 1835 1068 1891 quousque
1091 1819 1459 1874 morabantur.
1493 1817 1810 1874 Nortmanni
1836 1835 1963 1874 vero
2000 1819 2157 1872 inun-

2260 1810 2785 1882 prmcellentissime,
2830 1811 3067 1882 litigabis
3090 1812 3197 1866 vita
3229 1811 3428 1867 comite
3468 1826 3684 1880 semper
3705 1826 3815 1866 cou-

569 1913 850 1965 nterabilia
883 1911 1161 1976 animalia,
1198 1926 1321 1981 qua:
1359 1926 1542 1965 secum
1571 1910 1933 1974 adduxerant,
1974 1909 2158 1964 statim

569 2003 918 2067 ceciderunt;
952 2010 1114 2071 atque
1155 2008 1372 2072 tergora
1420 2002 1638 2056 dimidia
1674 2002 1990 2056 animalium
2033 2001 2164 2055 diri-

571 2093 783 2164 pientes
811 2103 868 2170 et?
891 2093 1256 2160 excoriantes,
1290 2109 1357 2148 ex
1381 2093 1736 2148 cadaveribus
1764 2092 1892 2162 ipsis
1921 2101 2161 2147 castrum

575 2187 719 2242 circa
751 2204 811 2243 se
857 2187 1130 2255 fecerunt;
1167 2197 1540 2258 ponentesque
1582 2204 1749 2242 ttnum
1779 2202 1942 2257 super
1975 2187 2161 2254 alium,

572 2282 722 2335 coria
761 2279 1174 2352 sanguinolenta
1219 2279 1523 2337 forinsecus
1550 2281 1870 2346 avellerunt,
1916 2295 1984 2333 ne
2037 2279 2164 2348 equi

575 2375 772 2445 stupidi
803 2375 1123 2445 equitesque
1141 2375 1403 2431 mirantes
1429 2374 1941 2445 appropinquarent.
1971 2372 2164 2428 Franci

577 2483 705 2523 vero
742 2478 797 2522 et
837 2468 1248 2537 Burgundiones
1279 2468 1550 2538 prosecuti
1591 2483 1684 2522 eos
1728 2482 1852 2521 cum
1891 2467 2164 2533 adessent,

575 2557 965 2627 castellumque
989 2572 1055 2611 ex
1087 2557 1408 2627 corporibus
1444 2571 1729 2626 equorum,
1771 2557 1956 2620 boum,
1990 2555 2168 2610 asina-

577 2665 720 2714 rum,
753 2663 1150 2719 caprarumque
1183 2658 1240 2704 et
1273 2649 1573 2703 bidentium
1618 2656 1959 2718 conseptum,
1994 2655 2170 2717 tergo-

577 2758 746 2813 raque
776 2743 1085 2798 forinsecus
1119 2744 1414 2814 pendentia
1460 2744 1750 2808 vidissent,
1797 2744 2051 2797 dixerunt
2102 2743 2170 2798 ad

579 2830 811 2890 invicem
845 2853 857 2888 :
909 2853 926 2886 ι
982 2835 1116 2903 Quis
1163 2835 1380 2890 invadet
1408 2836 1572 2890 istos?
1595 2836 1685 2906 qui
1715 2836 1830 2890 vult
1855 2836 2022 2891 vitam
2051 2851 2174 2904 per-

581 2922 726 2987 dere,
759 2924 983 2980 accedat
1028 2925 1095 2980 ad
1139 2941 1400 2981 carneum
1446 2935 1688 2982 castrum
1738 2935 1793 2982 ct
1838 2928 2106 2982 mirabile.
2147 2945 2166 2979 ι

581 3018 677 3075 llis
700 3022 884 3104 dictis,
909 3026 1114 3093 quique
1143 3025 1474 3094 repedarunt
1493 3041 1611 3091 sua,
1637 3026 1768 3082 Daci
1791 3042 1923 3081 vero
1953 3028 2170 3082 navium

580 3115 958 3170 contubernia.
991 3116 1146 3171 liollo
1179 3125 1361 3172 autem
1387 3119 1577 3173 videns
1616 3118 1820 3174 milites
1861 3134 2012 3186 suos,
2049 3135 2173 3191 gra-

2264 1912 2348 1958 tra
2373 1903 2635 1969 Francos,
2674 1903 3012 1973 pncliaheris
3037 1918 3253 1974 semper
3289 1911 3480 1958 contra
3516 1902 3670 1957 illos?
3700 1901 3816 1968 Quid

2261 1993 2330 2050 de
2361 2003 2413 2049 te
2439 1994 2487 2049 si
2516 2005 2693 2050 morte
2725 2003 3136 2064 praeoccupatus
3171 1993 3373 2048 fueris?
3400 1991 3572 2062 Cujus
3602 1992 3816 2063 ﬁgmenti

2264 2087 2357 2142 es?
2389 2086 2556 2141 Deum
2605 2098 2656 2141 te
2689 2101 2808 2141 esse
2844 2085 3119 2140 restituas?
3143 2085 3297 2138 bimo
3324 2084 3642 2154 plasmatus,
3666 2099 3821 2138 nonne

2267 2179 2432 2234 homo
2476 2177 2581 2233 es?
2624 2177 2812 2232 Nonne
2856 2191 2917 2232 es
2969 2191 3096 2231 esca
3149 2175 3448 2241 vermium,
3495 2174 3734 2243 cinisque
3774 2182 3820 2229 et

2267 2272 2488 2344 pulvis?
2535 2271 2807 2326 Memento
2847 2269 3023 2341 qualis
3058 2283 3117 2324 es
3145 2279 3199 2324 et
3223 2269 3356 2334 eris,
3407 2275 3462 2322 et
3511 2267 3663 2339 cujus
3695 2264 3824 2335 judi-

2269 2367 2352 2420 cio
2402 2366 2769 2421 danmaberis.
2820 2364 3094 2429 Herebro,
3147 2371 3206 2418 ut
3258 2378 3414 2430 reor,
3472 2360 3698 2424 frueris,
3739 2373 3825 2414 nec

2268 2473 2595 2528 quemquam
2627 2457 2859 2512 lacesses
2889 2456 3028 2510 ultra
3054 2455 3274 2526 praeliis.
3311 2454 3368 2510 Si
3401 2454 3482 2508 vis
3507 2453 3827 2509 Christianus

2270 2549 2409 2614 fieri,
2457 2549 2711 2619 praesenti
2749 2549 3040 2617 futuraque
3077 2561 3211 2618 pace
3257 2545 3460 2617 poteris
3488 2544 3616 2610 frui,
3643 2543 3826 2598 ditissi-

2272 2659 2500 2713 tnusque
2529 2643 2631 2698 hac
2655 2651 2800 2697 terra
2833 2641 3060 2705 morari,
3101 2640 3329 2695 Carolus
3377 2654 3472 2694 rex
3513 2634 3829 2709 patientissi-

2271 2751 2413 2802 mus,
2441 2734 2668 2789 consilio
2706 2749 2930 2790 suorum
2964 2735 3178 2798 ductus,
3224 2733 3362 2786 hanc
3394 2740 3597 2786 terram
3641 2726 3832 2784 mariti-

2272 2841 2414 2880 mam
2459 2827 2527 2880 ab
2567 2827 2831 2898 Anstigno
2861 2835 2916 2880 ct-
2946 2835 3061 2880 a'te
3088 2824 3313 2878 nimium
3357 2823 3695 2878 devastatam
3737 2818 3833 2874 vult

2274 2918 2370 2972 tibi
2412 2918 2561 2971 dare.
2611 2917 2751 2983 Quin
2793 2916 2957 2970 etiam
3007 2924 3066 2969 ut
3094 2929 3196 2984 pax
3236 2922 3293 2969 et
3333 2913 3652 2978 concordia,
3690 2921 3835 2980 atque

2273 3009 2513 3062 amicitia
2568 3008 2766 3074 firma,
2827 3018 2883 3063 et
2928 3006 3140 3062 stabilis
3191 3015 3355 3075 atque
3398 3004 3678 3070 continua,
3708 3001 3836 3057 omni

2276 3106 2517 3168 tempore
2556 3098 2699 3152 inter
2747 3109 2797 3152 te
2831 3107 2886 3152 et
2925 3096 3072 3151 illum
3100 3103 3438 3167 permaneat,
3472 3094 3638 3149 filiam
3678 3107 3837 3155 suam,

586 3205 823 3260 tulanter
849 3207 981 3262 dixit
1015 3207 1082 3262 ad
1130 3208 1254 3264 illos
1284 3226 1297 3262 :
1350 3228 1369 3261 ‹
1405 3207 1450 3265 Ο
1474 3208 1860 3276 robustissimi,
1902 3183 2158 3279 arttiisqut

2277 3187 2482 3244 Gislam
2511 3188 2752 3254 nomine,
2785 3201 3008 3242 uxorem
3038 3187 3091 3240 in
3117 3185 3366 3256 conjugio
3395 3185 3548 3240 dabit
3592 3183 3717 3246 tibi;
3749 3195 3838 3251 qua

582 3298 899 3367 asperrimi!
944 3299 1222 3366 Quomodo
1270 3299 1452 3370 praelia
1505 3301 1788 3356 evasistis?
1846 3319 1864 3353 ι
1918 3301 2071 3356 Tunc
2102 3302 2156 3355 ill

2279 3280 2469 3352 cupida
2528 3279 2678 3350 prole
2726 3279 3014 3344 laetaberis,
3069 3291 3404 3350 regnumque
3441 3276 3496 3330 in
3532 3283 3839 3345 perpetuum

583 3401 778 3444 cuneta
838 3406 958 3460 qute
1009 3367 1322 3447 acciderant
1368 3393 1674 3448 retulerunt
1719 3393 1954 3449 Rolloni.
2020 3393 2180 3449 [tollo
2281 3371 2507 3427 δειιθῧίεο
2539 3391 2558 3424 ι
2602 3372 2720 3438 QIIO
2741 3370 3274 3465 auditoaconvocat
3306 3367 3547 3465 majores
3567 3367 3839 3465 Dacorum,

582 3497 713 3536 vero
743 3483 815 3537 ita
840 3485 1164 3554 exagitatus,
1193 3484 1348 3539 furiis
1375 3485 1658 3541 acerrimis
1681 3485 2181 3555 bacchatus,empit
2281 3472 2336 3518 ει
2383 3478 2503 3533 (ιιιω
2552 3463 2842 3533 episcopus
2886 3461 2990 3516 Sibi
3039 3461 3228 3516 ΐθῑιιιίι
3293 3458 3591 3555 “afraid”
3635 3457 3843 3511 auribus

587 3579 755 3626 totam
784 3581 980 3628 terram
1008 3585 1224 3630 vastare
1250 3586 1305 3629 et
1335 3575 1534 3641 delere,
1567 3587 1730 3646 atque
1756 3577 2009 3632 incendio
2048 3552 2153 3649 con

2281 3571 2492 3612 eorum.
2531 3556 2656 3610 Daci
2683 3570 2836 3622 vero,
2877 3555 3292 3610 reminiscentes
3320 3552 3514 3610 somnii
3543 3552 3843 3620 interpreta-

590 3677 854 3717 cremarc.
884 3662 1031 3718 Illico
1055 3665 1236 3721 omnis
1275 3665 1423 3721 salus
1463 3641 1836 3723 conclamatur
1879 3641 2184 3738 ﬁduciaque
2284 3649 2513 3712 ιίοηυωι
2547 3647 2805 3701 dixem“
2833 3645 3051 3702 “ouum
3082 3665 3095 3700 ³
3123 3645 3290 3702 Τεΐη
3314 3647 3429 3701 hac
3457 3644 3674 3738 ρεηῖιυε

587 3753 804 3808 vivendi
835 3769 938 3808 non
990 3757 1279 3824 reperitur,
1308 3757 1523 3825 publica
1569 3773 1660 3812 res
1689 3757 2044 3825 adnihilatur,
2088 3774 2158 3814 ecl

2283 3741 2390 3795 lata
2414 3740 2678 3795 militibus
2727 3739 2957 3809 privata,
3001 3748 3187 3795 aratro
3219 3754 3324 3793 non
3359 3737 3624 3801 exercita,
3653 3731 3846 3788 arbori-

590 3842 879 3913 clesimque
902 3845 1130 3900 deserta:
1151 3846 1442 3901 habentur.

2284 3836 2385 3889 bus
2435 3834 2591 3888 bonis
2638 3833 2863 3899 referta,
2909 3827 3086 3889 lluviis
3141 3848 3340 3905 genere
3387 3833 3725 3886 diversorum
3772 3826 3844 3896 pi-

662 3935 859 3990 Franci
883 3951 1009 3992 vero
1032 3953 1138 3991 non
1165 3937 1409 3994 valentes
1437 3941 1662 4010 paganis
1688 3939 1959 4006 resistere,
1977 3949 2158 3997 totam‘

2285 3928 2458 3981 scium
2487 3925 2663 3996 plenis
2711 3927 2906 3992 divisa,
2955 3936 3155 3981 venatu
3198 3927 3477 3997 opulenta,
3528 3922 3704 3977 vineis
3751 3935 3841 3974 non

592 4039 700 4093 qne
745 4024 1036 4081 Franciam
1082 4028 1330 4084 videntes
1365 4030 1434 4084 ad
1479 4030 1708 4084 nihilum
1756 4032 1962 4094 venire,
1999 4033 2158 4088 unani

2288 4019 2500 4089 ignara,
2542 4018 2715 4090 glebis
2754 4019 2930 4074 cultro
2969 4019 3261 4075 elaboratis
3311 4016 3566 4081 fecunda,
3607 4013 3743 4069 mari
3781 4010 3846 4065 al-

593 4115 758 4168 luitcr
808 4114 874 4168 ad
914 4131 1094 4186 regem
1129 4127 1414 4183 venerunt,
1465 4126 1629 4190 atque
1676 4120 1977 4175 dixerunt:
2023 4141 2040 4174 ι
2077 4121 2187 4177 cur
2287 4113 2566 4167 ﬂuentiam
2595 4113 2938 4166 diversarum
2985 4127 3165 4167 rerum
3215 4113 3409 4166 daturo
3451 4123 3519 4164 ex
3564 4121 3667 4162 una
3711 4114 3847 4176 parte

597 4217 705 4257 non
735 4204 1013 4260 auxiliaris
1052 4221 1237 4275 regno,
1264 4208 1350 4263 cui
1390 4223 1624 4278 praeesse
1654 4219 1708 4263 et
1741 4211 2000 4279 prodesse
2025 4212 2187 4268 debes
2289 4204 2658 4268 Circumdata.
2710 4203 2880 4257 altera
2918 4202 3237 4258 decursibus
3270 4216 3536 4271 aquarum
3580 4197 3848 4268 deportan-

599 4293 852 4363 seeptro?
893 4295 1129 4351 (Jurnon
1153 4312 1258 4373 pax
1281 4300 1512 4356 consilio
1539 4302 1864 4371 acquiritur,
1895 4320 2059 4373 quam
2085 4320 2186 4360 nec
2287 4283 2425 4350 lium
2475 4295 2692 4363 navigio
2741 4302 2938 4348 cuncta
2984 4295 3150 4360 bona,
3204 4293 3359 4363 quasi
3409 4290 3657 4347 Francia:
3703 4301 3848 4357 regno

599 4382 755 4437 bellis
777 4398 876 4438 nec
918 4385 1026 4442 ullo
1049 4386 1384 4446 defensionis
1412 4392 1692 4448 obstaculo
1742 4394 1972 4464 adipisci
1999 4411 2188 4466 possu.
2289 4387 2684 4451 discriminata,
2717 4386 2762 4441 si
2802 4385 2965 4441 fuerit
2991 4384 3294 4456 frequentia
3319 4383 3598 4438 hominum
3629 4381 3846 4443 visitata,

600 4477 762 4531 ωυεῖ
790 4475 974 4532 “onor
996 4489 1048 4534 et
1073 4491 1319 4551 potestas
1349 4485 1551 4556 regalis
1587 4485 1898 4556 subjicitur,
1949 4503 2188 4559 pagano-
2215 4551 2255 4559 _
2291 4479 2447 4532 valde
2485 4478 2593 4532 erit
2633 4475 2828 4531 fertilis
2863 4486 2917 4532 et
2957 4477 3230 4531 uberrima
3259 4489 3272 4528 :
3305 4475 3568 4542 nobisque
3610 4470 3677 4526 ad
3721 4471 3849 4527 habio

598 4583 718 4624 rum
771 4568 1056 4625 insolentia
1104 4572 1353 4642 erigitur.
1389 4551 1701 4632 F'rancisca;
1751 4551 1989 4648 regionis
2022 4551 2185 4634 terra
2215 4551 2265 4612 Ῑ)
2294 4572 2514 4624 tandum
2553 4568 2824 4624 sufﬁciens
2850 4579 2904 4624 et
2927 4585 3188 4641 congrua.
3230 4569 3365 4625 Filia
3397 4583 3559 4637 quam
3593 4566 3687 4622 tibi
3714 4579 3848 4635 spon-

598 4658 755 4727 quasi
784 4657 1016 4714 SOliludo
1042 4661 1308 4730 habetur,
1349 4664 1474 4734 quia
1511 4665 1629 4736 ejus
1661 4667 1889 4737 populus
1915 4677 2011 4722 aut
2043 4665 2187 4723 fame
2295 4662 2406 4727 det,
2431 4661 2716 4730 utriusque
2745 4661 3022 4732 progeniei
3057 4661 3262 4716 semine
3302 4659 3623 4731 regulariter
3657 4665 3844 4718 exorta,

600 4750 890 4820 autgladio
919 4753 1148 4808 moritur
1173 4765 1267 4810 aut
1310 4753 1451 4811 forte
1502 4758 1832 4828 captivatur.
1875 4758 2050 4812 'l‘uerc
2104 4774 2190 4814 re-
2296 4763 2518 4809 slatura:
2561 4754 2888 4824 proceritate
2921 4769 3180 4825 congrua,
3207 4753 3404 4815 forma,
3449 4761 3510 4806 ut
3549 4751 3846 4808 audivimus.

603 4856 765 4910 gnum
790 4843 834 4897 si
865 4859 970 4898 non
995 4845 1185 4909 armis,
1219 4846 1304 4902 vel
1337 4847 1587 4904 consilio.
1625 4867 1644 4901 ι
1679 4848 1829 4904 Tunc
1873 4865 1966 4904 rex
2016 4850 2188 4905 Caro-
2294 4845 2717 4916 elegantissima,
2763 4847 2915 4916 virgo
2952 4846 3320 4914 integerrima,
3359 4845 3588 4900 consilio
3627 4841 3845 4913 provida,

603 4931 688 4987 lus
733 4933 817 4989 his
855 4935 992 4990 dixit
1042 4935 1411 4993 furibundus:
1449 4956 1467 4990 ι
1505 4940 1640 4996 Date
1687 4940 1817 4994 mihi
1870 4941 2184 5007 censilium,
2295 4936 2590 4992 forensium
2657 4952 2840 4992 rerum
2904 4937 3122 5007 negotio
3194 4945 3354 4991 cauta
3387 4977 3402 5002 ,
3462 4927 3848 4992 conversatione

606 5026 751 5094 quod
802 5042 968 5096 regno
998 5036 1054 5082 et
1103 5029 1258 5083 nobis
1306 5030 1379 5084 sit
1422 5031 1642 5086 salubre
1691 5041 1748 5086 et
1795 5048 2118 5103 congruum.
2164 5052 2184 5086 ι
2297 5027 2558 5081 facillima
2587 5068 2604 5093 ,
2665 5027 2934 5097 colloquio
3003 5027 3409 5091 ali'abilissima,
3475 5044 3735 5084 manuum
3780 5024 3846 5078 la-

609 5115 760 5172 Tune
783 5117 976 5173 Franci
1003 5137 1015 5172 :
1049 5137 1066 5171 t
1088 5119 1370 5187 Dabimus,
1393 5121 1439 5178 si
1461 5122 1618 5177 nobis
1648 5124 1968 5190 credideris,
1999 5126 2188 5182 consi-
2297 5123 2428 5179 bore
2453 5123 2797 5193 peritissima,
2823 5123 2952 5192 quin
2993 5123 3155 5177 etiam
3187 5122 3482 5193 virginibus
3512 5122 3724 5177 cunctis
3742 5132 3846 5191 pra:-

609 5207 739 5261 liutn
778 5209 870 5263 tibi
896 5220 951 5265 et
981 5226 1148 5281 regno
1181 5212 1508 5283 condignum
1541 5223 1594 5268 ct
1624 5214 1991 5282 salutiferum;
2031 5226 2088 5270 ut
2114 5232 2193 5272 re.
2296 5217 2704 5281 cellcntissima,
2731 5216 2883 5271 decet
2903 5227 2962 5271 ut
2983 5215 3263 5286 copuletur
3289 5216 3383 5270 t?bi
3413 5209 3845 5270 conuubialiatri-

610 5299 855 5370 quiescat
912 5303 1142 5373 populus
1210 5305 1372 5360 nimis
1433 5306 1659 5376 penuria
1719 5305 1967 5363 alIlictus.
2026 5308 2193 5364 Detur
2298 5311 2461 5366 citize.
2504 5309 2570 5363 Et
2594 5324 2661 5364 ex
2693 5310 2792 5363 hoc
2823 5309 3036 5362 videtur
3063 5307 3336 5363 salubrius
3382 5309 3538 5362 nobis
3573 5305 3840 5363 consilium

613 5401 758 5447 terra
788 5408 818 5447 a
848 5392 1012 5450 ﬂuvio
1059 5397 1297 5453 Andellac
1349 5415 1518 5470 usque
1545 5401 1613 5458 ad
1661 5417 1810 5458 mare
1856 5418 2184 5473 paganorum
2299 5400 2354 5456 in
2404 5399 2596 5455 melius
2638 5397 3002 5470 profuturum,
3049 5406 3106 5454 et
3144 5399 3211 5453 ab
3248 5397 3472 5466 alicujus
3521 5399 3651 5454 rixa:
3690 5408 3844 5453 errore

612 5487 906 5558 gentibus;
960 5488 1126 5545 ﬁliam
1183 5508 1398 5564 quoque
1457 5503 1603 5550 tuam
1666 5495 1880 5550 Rolloni
1935 5494 2190 5567 eonjugio
2302 5490 2696 5558 ineonvulsutn,
2743 5490 2885 5560 quod
2937 5490 3100 5545 ﬁliam
3132 5489 3276 5561 regis
3299 5489 3524 5546 habebis
3548 5491 3600 5544 in
3633 5485 3843 5557 coniugio

607 5579 794 5650 junge.
828 5581 892 5634 Et
931 5595 996 5636 ex
1039 5581 1141 5638 boc
1187 5593 1340 5654 potes
1385 5585 1610 5640 multum
1658 5595 1846 5641 contra
1882 5595 2070 5654 gentes
2101 5587 2196 5642 tibi
2301 5581 2590 5636 foederum.
2660 5581 3037 5637 Reminiscere
3099 5581 3293 5636 somnii
3355 5581 3840 5652 interpretationmn.

614 5669 896 5725 obstantes
917 5673 1340 5741 praevalescere;
1375 5675 1500 5745 quia
1543 5675 1697 5730 Rullo
1735 5676 1968 5744 superbo
2009 5691 2196 5748 regum
2306 5675 2775 5746 mysticorumque
2819 5674 2936 5743 ejus
2984 5673 3373 5728 intellectuum.
3440 5671 3509 5728 Ut
3558 5686 3757 5728 remur.
3798 5666 3841 5718 in

618 5762 926 5835 ducummte
971 5766 1236 5839 sanguine
1285 5777 1462 5837 natus,
1511 5782 1735 5838 corpore
1774 5767 2198 5840 pulcherrimus,
2306 5769 2425 5826 istis
2456 5768 2654 5824 liuibus
2681 5776 2924 5823 vertetur
2955 5766 3185 5824 nobisin
3211 5782 3547 5838 prosperum.
3577 5765 3712 5823 Satis
3727 5776 3831 5832 pitv-
