3952 5346
145 119 252 176 διο

657 114 746 172 DE
773 116 1016 173 GES’l‘lS
1043 113 1473 172 NORMANNIJE
1511 108 1751 169 DUCUM
1787 109 1970 168 LIBRI
1993 112 2193 170 TRES.
2232 142 2298 155 σο-
2339 111 2466 170 LlB.
2511 113 2572 169 ll.
2617 112 2862 174 ROLLO.

3309 116 3414 175 650

156 232 260 288 liati
289 245 492 293 sumus,
519 227 872 299 l-‘raueosque
903 229 1332 294 debellavimus;
1383 241 1720 296 consequens
1749 232 1797 292 Α
1825 225 1969 293 filio;
2003 241 2105 298 ego
2129 227 2227 294 illi,
2256 237 2316 284 ut
2345 229 2496 336 filius,
2520 231 2686 300 patri.
2712 231 2961 336 Gaudeat
2991 249 3110 291 mea
3136 241 3433 336 prosperi-ti

159 324 359 378 videtur
401 323 559 377 nobis
600 332 658 377 ut
695 323 1118 391 requiescatnus,
1150 321 1524 390 fructibusque
1558 329 1716 375 terra:

149 416 404 486 patienter
447 415 712 468 fruamur.
765 413 1000 469 Remitte
1053 415 1168 485 regi
1223 414 1557 483 episcopum,
1589 420 1648 467 ut
1677 412 1724 468 si

151 507 350 561 dederit
398 506 493 560 tibi
535 507 676 575 quod
726 507 1034 577 spopondit,
1087 515 1139 562 te
1187 507 1332 562 dicat
1364 522 1465 561 suo
1495 506 1720 562 servitio

155 612 268 652 esse
318 607 648 667 promptmu.
717 597 998 653 Remanda
1061 598 1112 654 ei
1171 599 1516 654 securitatem
1571 599 1726 668 pacis

154 689 304 743 trium
359 691 650 755 mensium,
699 699 839 744 etut
888 700 1184 760 sequestra:
1232 692 1382 757 pacis
1422 690 1596 760 spatio
1624 705 1718 745 ve-

151 781 285 843 niat,
322 779 368 832 si
434 781 569 844 vult,
635 791 823 836 contra
867 789 918 836 te
981 782 1048 834 ad
1109 781 1389 849 placitum,
1455 779 1727 851 faciatque

149 875 432 927 verborum
492 888 720 948 suorum
773 882 830 940 et
881 873 1299 942 promissionum
1359 880 1410 927 te
1457 887 1555 942 per
1607 888 1730 928 om-

149 965 234 1018 nia
302 978 577 1020 securum.
614 985 633 1018 ι
695 964 889 1020 Statim
969 965 1123 1019 Rullo
1175 980 1338 1035 supra
1400 965 1546 1020 dicto
1606 965 1724 1035 epi-

149 1071 304 1126 scopo
342 1057 635 1122 intimavit,
674 1058 895 1128 regique
950 1069 1006 1112 ut
1057 1059 1172 1111 lucc
1232 1057 1436 1112 diceret
1489 1057 1555 1111 ad
1601 1072 1727 1113 eum

148 1149 367 1203 remisit.
396 1148 498 1215 Qui
532 1152 756 1205 veniens
781 1152 847 1204 ad
873 1165 1054 1219 regem
1076 1191 1090 1215 ,
1120 1159 1422 1205 convocato
1450 1152 1728 1220 episcopo-

148 1255 287 1304 rum,
308 1241 588 1303 comitum,
619 1251 785 1309 atque
821 1241 1074 1296 abbatum
1105 1251 1272 1306 emtu,
1311 1243 1484 1296 dixit:
1521 1261 1540 1293 ι
1573 1241 1728 1298 Bello

145 1330 248 1383 dux
280 1330 770 1386 Northmanuorum
812 1332 908 1387 tibi
953 1332 1157 1386 amoris
1204 1341 1261 1386 et
1290 1332 1543 1387 amicitia:
1575 1332 1728 1387 inex-

148 1422 426 1482 tricabilis,
477 1425 607 1492 quin
648 1425 812 1479 etiam
855 1426 1064 1480 servitii
1109 1436 1362 1496 pactum,
1413 1426 1458 1480 si
1514 1426 1729 1480 dederis

81 1569 83 1571 1
147 1509 307 1566 filiam
355 1521 528 1578 tuam,
578 1525 636 1568 ut
680 1517 728 1571 ei
777 1516 983 1583 dixisti,
1038 1516 1359 1586 coniugem,
1416 1525 1727 1586 terramque

1829 325 1960 384 tate,
1991 318 2242 373 tristetur
2271 336 2392 376 mea
2431 321 2781 379 adversitate.
2823 322 2953 392 Qua:
2997 318 3412 399 meatipotesta-

1825 407 1898 462 tis
1942 417 2086 474 sunt,
2121 409 2202 464 sui
2237 408 2378 479 juris
2407 411 2517 467 siut
2545 453 2560 479 ,
2605 423 2661 468 et.
2693 429 2815 485 qua:
2851 415 2956 471 mei
2983 417 3146 488 juris,
3179 435 3292 475 suae
3317 436 3415 492 po.

1827 499 2040 554 testatis
2091 500 2224 556 sint.
2256 520 2276 554 ι
2326 502 2698 561 lnternuntius
2761 506 2930 578 igitur
2990 525 3112 580 quae
3173 511 3412 582 audivit,

1824 589 2090 649 Rotberto
2121 594 2245 649 duci
2274 595 2625 652 renuntiavit.
2661 598 2878 655 Statuto
2920 600 3128 660 idcirco
3170 612 3416 680 tempore

1827 691 2098 738 venerunt
2147 684 2214 739 ad
2253 685 2675 744 determinatum
2720 690 2922 757 locum,
2973 693 3066 765 qui
3113 695 3318 767 dicitur
3345 697 3417 754 ad

1827 773 2088 830 Sanctum
2120 775 2359 833 Clerum.
2393 778 2634 837 Rollonis
2674 791 2856 859 autem
2893 785 2972 841 eis
3012 786 3162 858 Epta:
3191 771 3417 844 fluvium

1827 867 1969 922 sedit
1995 871 2290 934 exercitus,
2326 874 2470 942 regis
2518 889 2648 928 vero
2676 884 2730 930 et
2774 875 3022 934 Rotberti
3068 879 3413 940 altrinsecus.

1830 956 2122 1030 Extemplo
2164 960 2324 1038 Rullo
2364 963 2512 1018 misit
2542 967 2610 1021 ad
2658 981 2841 1037 regem
2873 968 3207 1026 Francorum
3234 975 3416 1030 archi-

1826 1048 2136 1122 episcopum
2179 1053 2343 1107 verba
2386 1054 2615 1110 dicenda
2659 1057 2974 1114 dit-turum:
3039 1080 3060 1112 α
3092 1061 3250 1119 Rollo
3295 1079 3405 1120 non

1825 1149 2004 1210 potest
2051 1150 2228 1196 tecum
2265 1143 2574 1213 pacificari,
2624 1147 2750 1216 quia
2801 1156 2948 1204 terra
2999 1167 3162 1222 quam
3206 1153 3282 1210 illi
3328 1155 3414 1211 vis

1827 1233 1957 1289 dare
1982 1234 2184 1289 inculta
2213 1244 2298 1290 est
2318 1251 2558 1304 vomere,
2583 1238 2850 1308 pecudum
2876 1250 2932 1295 et
2957 1256 3214 1310 pecorum
3249 1260 3416 1312 grege

1826 1325 2046 1380 omnino
2093 1329 2335 1397 privata,
2373 1329 2762 1402 hominumque
2807 1347 2918 1402 prae
2949 1334 3095 1388 entia
3126 1331 3412 1392 frustrata.

1829 1411 1946 1468 Non
1983 1414 2216 1471 habetur
2252 1418 2306 1472 in
2348 1434 2410 1474 ea
2452 1419 2594 1475 unde
2633 1422 2803 1492 possit
2838 1423 3041 1490 vivere,
3076 1423 3179 1480 nisi
3226 1427 3416 1494 rapina

1828 1513 1884 1558 et
1909 1508 2270 1574 praedatione.
2300 1509 2376 1564 Da
2408 1510 2484 1564 illi
2515 1511 2732 1582 aliquod
2774 1528 2998 1584 regnum
3036 1517 3177 1571 unde
3206 1519 3414 1573 condu-

147 1605 464 1659 mnritimam
504 1607 558 1660 in
586 1607 973 1678 sempiternam
1004 1624 1101 1678 per
1125 1609 1411 1679 progenies
1438 1610 1728 1680 progenie-

1831 1605 1914 1651 eat
1948 1598 2052 1653 sibi
2085 1599 2292 1665 cibum,
2333 1609 2389 1656 et
2415 1603 2706 1670 vestitum,
2747 1604 2920 1660 donec
2949 1605 3243 1678 impleatur
3272 1619 3417 1665 terra

145 1706 263 1748 rum
297 1697 693 1764 possessionem
715 1737 730 1763 ,
760 1713 953 1753 manus
982 1714 1108 1754 suas
1147 1715 1208 1755 se
1247 1699 1586 1770 sttbjugando
1634 1700 1728 1755 tibi

145 1782 288 1836 dabit
335 1785 610 1841 fidelitatis
666 1793 861 1858 gratia,
918 1796 1178 1858 tuumque
1227 1789 1506 1844 servitium
1553 1791 1731 1846 inces-

146 1885 322 1930 santer
374 1877 630 1946 explebit.
693 1879 1012 1950 Poterisquc
1082 1896 1178 1952 per
1217 1897 1340 1937 eum
1395 1883 1727 1938 obstantium

144 1963 542 2032 etjurgantium
569 1979 806 2024 tumores
827 1979 1021 2025 contra
1051 1982 1103 2026 te
1131 1972 1442 2038 retundere,
1473 1973 1728 2028 nimium.

145 2069 246 2121 que
274 2055 610 2113 confortatus
647 2061 1046 2116 convalescere.
1079 2081 1098 2114 ι
1145 2061 1240 2116 His
1270 2065 1338 2118 ab
1367 2064 1620 2134 episcopo
1644 2079 1730 2119 re-

146 2146 430 2211 nuntiatis,
459 2151 908 2220 ccngratnlantur
931 2153 1150 2217 Franci,
1173 2168 1575 2226 suggeruutque
1599 2173 1728 2211 una-

148 2237 313 2292 nimes
343 2241 458 2310 regi
505 2251 565 2294 ut
620 2243 711 2296 det
754 2244 922 2299 filiam
953 2261 1104 2300 suam
1152 2258 1462 2318 terramque
1489 2247 1722 2304 Rolloni.

146 2327 254 2384 Rex
302 2347 435 2386 vero
487 2334 844 2403 Francorum,
870 2353 1032 2408 prece
1077 2351 1323 2406 coactus,
1378 2341 1526 2397 dedit
1561 2341 1725 2397 filiam

148 2435 290 2477 suam
321 2426 439 2481 vice
483 2425 730 2483 Rollouis
768 2431 1022 2501 episcopo
1051 2447 1149 2501 per
1178 2433 1392 2502 pignus,
1423 2433 1476 2487 in
1510 2433 1727 2489 vinculo

150 2517 467 2569 sacramenti
499 2527 554 2570 ct
585 2518 1002 2587 conjuratiouis.
1039 2521 1133 2576 liis
1178 2539 1360 2577 rerum
1407 2526 1727 2594 opportuni-

151 2603 342 2659 tatibus
374 2605 555 2672 factis,
593 2610 990 2676 determinatis,
1021 2622 1076 2667 ct
1115 2613 1451 2669 confirmatis
1488 2623 1728 2685 tempore

149 2688 365 2762 locoque
417 2695 804 2762 determinato,
851 2709 1015 2768 atque
1071 2711 1350 2771 sequestra
1402 2718 1536 2772 pace
1579 2705 1724 2770 data,

150 2783 422 2840 redierunt
467 2788 671 2858 quique
719 2790 784 2844 ad
839 2807 957 2846 sua.
1009 2792 1220 2848 Franco
1275 2793 1730 2866 Rothomagensis

151 2876 586 2948 archiepiscopus
615 2879 897 2938 Rollonem
940 2885 1093 2950 adiit,
1125 2896 1179 2940 et
1210 2897 1404 2941 cuncta
1437 2904 1557 2957 qua:
1603 2889 1732 2944 fecit

1830 1704 1992 1758 quam
2042 1689 2118 1744 illi
2178 1692 2276 1747 das
2323 1693 2725 1763 opulentiarum
2780 1697 3055 1767 congerie,
3115 1699 3416 1770 reddatque

1829 1782 2164 1851 temporinos
2191 1783 2402 1840 fructus
2447 1786 2715 1853 victuum,
2770 1788 3075 1856 hominum,
3114 1800 3170 1846 et
3203 1793 3416 1848 anima-

1828 1872 1980 1927 lium.
2015 1873 2154 1939 Quiu
2184 1874 2350 1930 etiam
2394 1891 2501 1931 non
2542 1879 2930 1934 conciliabitur
2962 1881 3078 1945 tibi,
3109 1881 3214 1936 nisi
3247 1891 3411 1950 terra,

1828 1977 1991 2032 quam
2022 1964 2247 2019 daturus
2270 1980 2350 2030 es,
2385 1965 2438 2020 in
2463 1977 2810 2023 sacramento
2840 1969 3169 2026 Christianae
3201 1972 3417 2043 religio-

1828 2054 1914 2108 nis
1952 2055 2245 2125 juraveris,
2285 2066 2340 2111 tu
2371 2066 2425 2112 et
2465 2059 2880 2129 archiprtesules
2925 2071 2980 2116 et
3027 2063 3288 2133 episcopi,
3328 2079 3418 2120 co-

1827 2142 1989 2199 mites
2031 2154 2086 2199 et
2141 2145 2366 2202 abbates
2412 2151 2580 2204 totius
2628 2151 2802 2221 regni,
2849 2160 2908 2206 ut
2961 2161 3146 2208 teneat
3200 2155 3314 2224 ipse
3364 2163 3422 2210 et

1828 2248 2174 2293 successores
2227 2237 2344 2307 ejus
2396 2239 2570 2310 ipsam
2623 2251 2825 2296 terram
2883 2243 2951 2297 ab
3009 2242 3158 2314 Eptze
3202 2243 3420 2300 fluviolo
3506 2249 3513 2256 '

1829 2326 1895 2379 ad
1939 2343 2090 2382 mare
2133 2344 2304 2399 usque
2347 2331 2505 2400 quasi
2538 2332 2762 2386 fundum
2811 2341 2866 2386 et
2905 2332 3120 2388 alodum
3167 2335 3220 2389 in
3275 2351 3420 2390 sem-

1828 2416 2121 2486 piternum.
2157 2437 2175 2469 ι
2211 2417 2364 2474 Tunc
2391 2419 2688 2476 Rotbertus
2709 2420 2817 2476 dux
2849 2421 3211 2488 Framorum,
3244 2433 3300 2479 et
3322 2425 3416 2494 qui

1830 2508 2062 2564 aderant
2099 2511 2330 2567 comites
2364 2523 2420 2568 et
2447 2513 2710 2585 episc0pi,
2761 2530 2883 2570 cum
2933 2515 3242 2582 abbatibus,
3268 2518 3421 2575 dixe--

1831 2609 1962 2655 runt
1994 2603 2106 2673 regi
2137 2620 2149 2656 :
2189 2622 2207 2655 ‹
2239 2603 2354 2660 Non
2384 2604 2612 2662 habebis
2646 2607 2838 2662 ducem
2873 2609 3007 2663 tanti
3039 2609 3280 2674 honoris.
3313 2610 3418 2666 nisi

1829 2692 1974 2760 quod
2013 2693 2346 2764 concupiscit
2380 2695 2595 2751 feceris.
2625 2695 2682 2753 Si
2734 2715 2840 2753 non
2872 2709 3095 2770 propter
3136 2701 3418 2757 servitium

1832 2781 1979 2850 quod
2020 2784 2226 2852 reperit
2261 2801 2289 2838 a
2342 2794 2393 2840 te
2435 2787 2672 2854 dederis,
2720 2789 2909 2844 saltem
2961 2790 3028 2846 da
3076 2790 3148 2846 illi
3197 2803 3423 2863 propter

1834 2869 2039 2924 cultum
2068 2869 2392 2928 Christiana:
2421 2876 2815 2948 religiositatis,
2848 2888 2907 2934 ut
2946 2881 3263 2951 acquiralur
3302 2892 3423 2938 tau-

149 2965 435 3021 ordinatim
469 2969 545 3023 illi
575 2975 845 3028 narramlo
871 2976 1145 3044 exposuit.
1176 2975 1332 3032 Rullo
1360 2977 1524 3048 igitur
1543 2987 1597 3032 et
1619 2981 1722 3043 sui,

1835 2969 1922 3016 tus
1949 2963 2180 3032 populus
2209 2965 2451 3031 Christo,
2498 2941 2588 3038 qui
2616 2941 2867 3025 interitus
2893 2979 2978 3025 est
3016 2941 3203 3028 errore
3227 2974 3418 3030 diabo-

151 3053 227 3111 his
259 3061 612 3128 renuntiatis,
650 3063 874 3120 nimium
923 3066 1237 3132 exhilarati,
1293 3068 1530 3138 typicum
1573 3069 1725 3125 intel-

151 3142 338 3202 lectum
378 3163 743 3206 rememorant
774 3154 1018 3211 visionis.

215 3237 510 3297 Rotbertus
539 3250 721 3298 autem
752 3245 858 3300 dux
887 3263 1009 3301 cum
1053 3247 1294 3304 audisset
1328 3250 1471 3318 quod
1503 3263 1593 3303 rex
1625 3249 1728 3305 Ca-

151 3333 287 3386 rolus
331 3333 499 3390 filiam
548 3351 701 3389 suam
752 3338 906 3392 daret
935 3338 1174 3406 Rolloni,
1205 3351 1259 3395 et
1310 3341 1728 3411 pacificarcntur

149 3425 380 3479 vicissim
442 3442 655 3496 paxque
703 3428 854 3484 fieret
908 3432 1074 3487 totius
1121 3433 1293 3497 orbis,
1347 3434 1497 3488 misit
1547 3434 1729 3489 verbis

149 3516 386 3584 pacificis
423 3519 490 3571 ad
536 3518 823 3575 Rolloncm
856 3523 1114 3578 nuncium
1150 3524 1532 3594 subsequentia
1567 3524 1728 3578 verba

150 3604 435 3661 dicturum.
457 3609 705 3679 Cumque
732 3612 967 3678 adesset,
987 3613 1200 3668 Βουοηί
1232 3615 1413 3669 verbis
1441 3616 1731 3683 precativls

150 3697 316 3754 dixit:
355 3720 375 3752 ι
407 3701 702 3758 Rotbertus
742 3703 848 3759 dux
900 3705 1232 3762 Francorum
1283 3706 1378 3760 tibi
1431 3707 1586 3783 fidele
1617 3723 1732 3763 ser-

150 3789 354 3845 vitium.
389 3793 610 3847 Audivit
657 3797 1002 3850 concordiam
1058 3797 1133 3851 tui
1185 3807 1240 3850 et
1291 3798 1452 3867 regis,
1502 3805 1555 3854 et
1607 3798 1730 3854 inde

150 3875 358 3933 ltetatur
397 3882 581 3937 nimis.
630 3883 942 3950 Congruttm
981 3901 1104 3941 esse
1138 3887 1234 3942 tibi
1285 3887 1438 3952 dicit,
1480 3898 1534 3944 te
1581 3897 1729 3944 tuos-

149 3981 245 4038 que
272 3972 642 4040 requiescere,
678 3982 988 4046 terramque
1031 3977 1211 4031 datam
1257 3977 1609 4044 retediﬁcare,
1641 3977 1732 4034 ur—

150 4059 236 4115 bes
282 4071 337 4114 et
366 4062 570 4118 moenia
601 4073 932 4129 restaurare,
979 4075 1143 4138 teque
1187 4069 1446 4140 perpetua
1491 4085 1624 4142 pace
1653 4071 1734 4126 vi-

150 4163 291 4206 vere.
317 4151 467 4207 Satis
490 4156 782 4210 exercuisti
804 4156 1011 4226 praelia,
1039 4159 1176 4213 satis
1202 4159 1557 4216 demonstrati
1581 4176 1732 4218 arma

148 4241 344 4298 virilia.
378 4243 526 4300 Satis
570 4244 724 4315 cujus
771 4249 992 4304 virtutis
1030 4265 1181 4304 esses
1234 4251 1547 4320 declarasti,
1599 4254 1732 4310 satis

149 4333 393 4401 plurimis
448 4337 708 4406 periculis
760 4339 1078 4406 incubuisti,
1133 4343 1270 4398 satis
1321 4360 1413 4398 vas
1449 4347 1729 4412 emeritus,

150 4427 276 4481 satis
304 4436 418 4482 toto
442 4430 577 4484 orbe
607 4429 877 4486 laudatus.
907 4431 1046 4495 Quin
1077 4433 1186 4488 imo
1221 4435 1330 4489 dux
1363 4435 1505 4490 idem
1537 4438 1733 4508 depre-

148 4529 295 4582 cans,
328 4515 481 4572 ﬂexis
512 4520 678 4574 animi
710 4522 940 4592 genibus
968 4524 1189 4579 mandat
1226 4524 1344 4590 tibi,
1376 4536 1432 4580 ut
1468 4527 1730 4583 testilica—

151 4613 255 4662 tum
286 4609 340 4662 in
367 4609 573 4666 Christi
616 4615 835 4669 nomine
872 4623 927 4669 et
957 4615 1009 4671 in
1042 4615 1192 4674 fonte
1233 4619 1517 4677 salutifero
1550 4623 1728 4693 bapti-

149 4709 319 4755 smate
353 4701 524 4758 lotum
557 4706 759 4776 suscipi
796 4709 864 4763 ab
893 4723 957 4763 eo
995 4718 1050 4764 te
1091 4711 1261 4767 sinas.
1292 4711 1432 4768 Hine
1474 4715 1650 4780 eritis,
1683 4716 1729 4772 si

149 4785 239 4841 tibi
277 4789 565 4858 placuerit,
613 4795 1048 4865 inseparabiliter
1079 4799 1171 4854 fidi
1227 4802 1412 4867 amici,
1442 4803 1732 4875 nullusque

151 4890 333 4935 contra
363 4898 458 4939 vos
490 4891 642 4940 stare
690 4890 919 4956 poterit,
970 4891 1242 4960 facietque
1272 4893 1611 4952 incessanter
1640 4913 1730 4954 ve-

153 4976 316 5024 strum
352 4974 662 5039 servitium,
691 4991 985 5049 regemque
1022 4981 1123 5035 tibi
1168 4982 1314 5036 omni
1344 4991 1588 5056 tempore
1633 4989 1733 5045 be-

153 5061 417 5118 nevolum.
451 5083 472 5117 ›
517 5064 617 5120 His
645 5067 838 5134 dictis,
871 5071 1100 5126 consilio
1141 5070 1442 5130 Franconis
1469 5079 1733 5149 episcopi,

156 5161 474 5224 suorumque
512 5157 774 5211 comitum
823 5159 998 5217 dixit:
1043 5180 1064 5214 ‹
1095 5161 1229 5218 Volo
1273 5171 1586 5225 consentire
1620 5174 1730 5244 regi

154 5234 511 5316 Francisque,
545 5253 606 5303 ut
654 5249 838 5305 veniat
887 5255 953 5309 ad
1005 5254 1416 5313 denominatum
1450 5234 1727 5331 placitum,

1764 4301 1811 4358 ι)

1829 3053 1956 3108 lico.
2002 3055 2069 3109 Et
2115 3071 2184 3111 ne
2222 3058 2434 3114 culmen
2469 3060 2634 3114 t0tius
2666 3062 2815 3131 regni
2859 3062 2957 3128 ttti,
2990 3063 3267 3131 Ecclesiae,
3299 3082 3422 3137 qua:

1831 3145 2166 3202 adnihiletur
2203 3148 2404 3220 impetu
2438 3150 2748 3206 infestantis
2788 3155 3066 3209 exercitus
3090 3196 3103 3218 ,
3139 3157 3293 3226 cujus
3324 3158 3420 3211 ad-

1827 3237 2136 3293 vocationis
2184 3241 2488 3308 patrocinio
2533 3242 2651 3297 vice
2705 3243 2909 3299 Christi
2957 3243 3206 3313 fungens,
3254 3247 3422 3305 debes

1829 3342 1952 3383 esse
2015 3343 2109 3384 rex
2177 3339 2231 3384 et
2294 3330 2590 3385 advocatus
2650 3335 3148 3392 constantissimus.
3188 3355 3207 3387 ι
3267 3336 3422 3392 Tunc

1829 3417 2216 3474 Flandrensem
2251 3427 2474 3486 terram,
2508 3429 2566 3474 ut
2595 3435 2662 3476 ex
2695 3436 2760 3477 ea
2789 3422 3019 3488 viveret,
3044 3424 3216 3479 voluit
3243 3441 3339 3482 rex
3367 3428 3418 3482 ei

1833 3510 1997 3576 dare;
2034 3511 2127 3564 sed
2163 3509 2250 3563 ille
2286 3510 2459 3564 noluit
2488 3527 2599 3582 prte
2631 3512 2905 3582 paludiutn
2951 3512 3305 3585 impeditione
3337 3531 3423 3572 re-

1830 3600 2031 3670 cipere.
2066 3599 2253 3670 Itaque
2281 3601 2512 3670 spondet
2537 3617 2632 3657 rex
2663 3603 2710 3657 ei
2736 3602 3075 3660 Britanniam
3106 3606 3263 3673 dare,
3289 3623 3414 3678 qua:

1831 3701 1953 3749 erat
1991 3694 2048 3750 in
2091 3695 2330 3751 confinio
2371 3698 2656 3767 promissae
2701 3708 2882 3755 teme.
2929 3700 3082 3756 Illico
3131 3704 3422 3759 Rothertus

1831 3792 1886 3838 et
1919 3783 2130 3840 France
2151 3786 2441 3856 episcopus
2470 3788 2931 3845 renuntiaverunt
2971 3792 3152 3846 omnia
3185 3791 3420 3858 liolloni,

1831 3884 1887 3930 et
1933 3878 2279 3934 adduxerunt
2323 3878 2475 3935 illum
2528 3867 2842 3951 integritate
2875 3883 3208 3940 Christianae
3255 3887 3418 3953 fidei,

1837 3966 2119 4022 obsidibus
2148 3968 2310 4034 datis,
2349 3969 2546 4026 Carolo
2587 3971 2721 4042 regi.
2752 3971 2948 4030 Franci
2993 3988 3124 4033 vero
3151 3981 3424 4035 intuentes

1834 4057 2119 4113 Rollonem
2163 4058 2331 4115 totius
2369 4059 2616 4118 Francia:
2665 4063 2998 4133 invasorem,
3047 4068 3307 4124 dixerunt
3352 4068 3424 4124 ad

1836 4147 2108 4206 invicem:
2149 4167 2168 4202 ι
2199 4150 2406 4223 Magnae
2449 4155 2708 4225 potentiae
2756 4157 2856 4213 iste
2919 4158 3050 4224 dux,
3104 4177 3428 4233 magnaeque

1835 4237 2088 4303 virtutis,
2135 4249 2299 4310 atque
2344 4242 2525 4312 magni
2567 4243 2778 4299 consilii
2825 4253 2882 4301 et
2929 4249 3256 4318 prudentiae,
3290 4253 3425 4320 quin

1837 4330 2002 4385 etiam
2053 4330 2296 4398 laboris,
2349 4334 2443 4403 qui
2499 4343 2650 4390 tanta
2712 4337 2900 4405 prazlia
2945 4341 3190 4395 exercuit.
3232 4350 3427 4398 contra

1836 4421 2065 4477 comites
2096 4422 2254 4477 istius
2301 4424 2474 4494 regni.
2507 4443 2526 4478 ι
2583 4425 2778 4479 Statim
2826 4427 3165 4484 Francorum
3199 4441 3427 4488 coactus

1837 4510 2038 4576 verbis,
2084 4526 2279 4566 manus
2326 4527 2455 4566 suas
2497 4513 2644 4568 misit
2681 4513 2825 4568 inter
2855 4531 3048 4571 manus
3079 4518 3246 4590 regis,
3282 4525 3434 4590 quod

1837 4615 2115 4670 nunquam
2149 4612 2308 4672 pater
2353 4604 2491 4674 ejus,
2544 4615 2598 4661 et
2636 4619 2790 4672 avus,
2841 4617 3004 4678 atque
3047 4624 3286 4680 proavus
3317 4615 3436 4672 cui-

1835 4704 1996 4758 quam
2027 4689 2173 4746 fecit.
2225 4692 2385 4749 Dedit
2429 4695 2615 4766 itaque
2664 4694 2829 4752 filiam
2873 4713 3022 4754 suam
3077 4698 3284 4758 Gislam
3337 4720 3439 4762 no-

1838 4782 1984 4836 mine
2013 4798 2238 4839 uxorem
2276 4785 2351 4840 illi
2385 4785 2530 4853 duci,
2581 4797 2896 4860 terramque
2928 4779 3268 4850 deferuiuat.
3291 4811 3347 4852 tn
3385 4781 3487 4855 iu‘

1840 4872 2016 4940 alodo,
2041 4883 2098 4930 et
2129 4875 2182 4930 in
2210 4875 2399 4944 fundo,
2430 4895 2463 4935 a
2505 4878 2730 4936 ﬂumine
2760 4881 2910 4952 Eptac
2933 4894 3106 4950 usque
3139 4885 3206 4940 ad
3251 4903 3432 4958 mare,

1839 4972 2117 5037 totamque
2143 4967 2482 5027 Britanniam
2508 4972 2575 5028 de
2605 4984 2717 5039 qua
2763 4981 2948 5044 posset
2976 4970 3188 5030 Vivere.
3217 4975 3442 5043 Βονοηί

1837 5057 2026 5124 pedem
2072 5058 2218 5127 regis
2261 5061 2467 5119 nolenti
2512 5059 2753 5119 osculari
2823 5065 3084 5120 dixerunt
3131 5067 3374 5142 episcopi
3428 5097 3443 5132 ;

1845 5162 1864 5197 ι
1895 5145 1998 5214 Qui
2047 5149 2154 5206 tale
2202 5153 2402 5209 donum
2452 5152 2680 5224 recipit,
2732 5157 2922 5214 osculo
2971 5153 3138 5214 debet
3183 5174 3453 5233 exptere

1835 5241 2027 5309 pedem
2059 5243 2229 5313 regis.
2262 5265 2283 5299 ι
2323 5247 2392 5302 Et
2418 5249 2547 5304 ille:
2604 5264 2621 5294 ι
2653 5242 2945 5324 Nunquam
2988 5254 3232 5310 curvabo
3263 5273 3448 5330 genua
