4032 6414
595 264 740 368 an

1559 306 1857 374 DUDDNIS
1884 304 2135 372 DECANI
2168 310 2563 381 S."QU|NTlNl
2596 310 2973 372 VIROMAND.

3715 320 3792 378 652

591 433 713 502 dem
747 429 892 504 regis
919 429 1208 502 arripiens,
1233 428 1541 500 deportavit
1563 429 1630 484 ad
1655 443 1717 483 os
1744 442 1924 495 suum,
1953 425 2169 483 stando-
2200 431 2248 488 Α
2279 438 2477 493 scopus
2504 424 2724 481 nomine
2748 424 3027 488 Audentis,
3055 422 3227 494 signis
3252 430 3306 479 et
3326 422 3599 483 virtutibus
3621 416 3791 495 nimium

589 536 697 591 quo
753 520 957 577 deﬁxit.
989 519 1275 586 osculum,
1325 532 1616 589 regemque
1663 518 1793 574 fecit
1840 515 2175 585 resupinum.

589 616 780 683 Itaque
809 625 1039 683 magnus
1084 610 1359 665 excitatur
1384 609 1547 673 risus,
1576 610 1915 676 magnusque
1939 605 1994 660 in
2014 602 2178 674 p'ebe

590 702 879 760 tumultus.
904 701 1181 758 Caeterum
1207 687 1439 757 Carolus
1462 713 1583 765 rex,
1616 698 1832 767 duxque
1860 696 2176 759 Rotbertus,

587 793 931 863 comitesque
953 801 1012 846 et
1052 805 1326 862 proceres,
1359 788 1618 860 praesules
1653 796 1709 844 et
1752 787 2005 852 abbates,
2031 787 2180 857 jura—

584 880 789 940 verunt
833 890 1178 939 sacramento
1206 880 1487 937 catholicas
1517 879 1642 935 ﬁdei
1692 878 1925 949 patricio
1965 877 2178 932 Rolloni

582 969 972 1041 vitamsuam,
1002 977 1056 1024 et
1100 969 1366 1034 membra,
1401 976 1458 1025 ct
1484 967 1750 1024 honorem
1798 968 1962 1023 totius
2003 966 2176 1039 regni,

592 1050 820 1132 insuper
864 1070 1065 1116 terram
1116 1058 1543 1126 denominatam,
1590 1066 1861 1128 quatenus
1892 1058 2064 1128 ipsam
2105 1066 2180 1112 te-

593 1160 750 1207 neret
779 1158 835 1207 et
876 1150 1197 1221 possideret,
1243 1149 1661 1218 haeredibusque
1693 1150 1955 1214 traderet,
1986 1157 2039 1202 et
2084 1163 2213 1217 per

591 1240 862 1298 curricula
917 1249 1235 1295 cunctorum
1279 1254 1549 1294 annorum
1598 1230 1875 1295 successio
1923 1247 2177 1307 nepotum

590 1333 649 1388 in
676 1333 963 1403 progenies
995 1330 1377 1411 progenicrum
1406 1331 1633 1388 haberet
1657 1339 1711 1386 et
1736 1330 2029 1388 excoleret.
2061 1331 2178 1395 llis,

592 1432 655 1480 ut
679 1425 884 1479 dictum
923 1433 1029 1487 est,
1059 1422 1313 1492 expletis,
1346 1435 1443 1478 rex
1474 1421 1699 1483 Carolus
1732 1422 1800 1478 ad
1839 1438 1936 1478 sua
1968 1436 2178 1479 remea-

591 1514 689 1571 vit.
716 1513 1095 1585 Rutbertuset
1127 1512 1338 1569 Franco
1373 1529 1498 1569 cum
1529 1512 1756 1569 Rolloue
1786 1514 2073 1569 remansit.
2140 1568 2141 1571 η

979 1656 1332 1707 ινοετιιονιιΔ
1369 1664 1437 1704 an
1477 1654 1778 1705 noctuam.

588 1772 765 1839 Rolio,
793 1773 868 1829 tui
895 1772 1045 1828 visus
1068 1771 1252 1843 capies
1279 1784 1347 1826 ex
1369 1771 1600 1843 mystico
1627 1785 1814 1827 sensu.

587 1865 846 1923 Ecclesiae
885 1864 1055 1939 stabis
1084 1854 1347 1934 prazcelso
1369 1863 1577 1919 vertice
1606 1863 1826 1918 montis.

590 1955 766 2023 Fonte
802 1954 1083 2011 salutifero
1108 1954 1373 2010 scelerum
1403 1954 1706 2025 purgabere
1733 1953 1898 2025 lepra.

589 2044 748 2100 Nunc
779 2045 1048 2111 homines,
1083 2044 1475 2114 volucrumque
1504 2043 1622 2099 loco
1654 2054 1806 2099 scuta
1836 2053 2104 2115 gerentes,

593 2122 673 2194 εἰ
696 2134 952 2190 Ecclesiae
982 2142 1220 2190 montem
1257 2134 1581 2189 scandentes
1612 2131 1763 2188 fonte
1790 2134 2035 2202 piabunt.

587 2229 909 2283 Extremum
940 2241 1170 2296 quorum
1200 2225 1383 2295 capies
1409 2240 1686 2295 nunquam
1716 2241 1929 2296 quoque
1952 2227 2091 2281 visu.

587 2318 863 2374 Immunes
889 2317 1155 2399 scelerum
1183 2316 1431 2395 libabunt
1455 2316 1685 2386 mystica
1716 2330 1894 2380 sacra,

532 2444 535 2445 ν
589 2411 959 2483 Nidorumque
996 2411 1186 2466 domos
1216 2408 1413 2465 facient
1446 2408 1647 2464 mentis
1669 2408 1795 2478 juga
1822 2408 1988 2463 circa.

590 2503 978 2574 Ecclesiasque
1006 2508 1222 2557 struent
1259 2500 1475 2554 diverso
1499 2513 1724 2554 munere
1756 2497 1939 2553 fultas.

590 2593 711 2647 Dux
735 2594 898 2659 bone,
933 2593 1046 2647 Dux
1075 2591 1183 2660 pie,
1214 2580 1415 2644 Patrici
1441 2601 1763 2658 semperque
1792 2586 2048 2652 verende,

588 2683 803 2745 Adsunt
831 2692 1028 2738 cuncta
1063 2681 1175 2745 tibi,
1209 2695 1328 2750 qua:
1350 2693 1542 2734 somno
1572 2677 1785 2732 animus
1811 2686 1932 2733 tuus
1958 2677 2156 2732 hausit.

592 2775 765 2830 Serva
793 2773 1062 2843 baptismo
1088 2770 1231 2842 quod
1250 2768 1365 2839 jam
1396 2769 1711 2841 promiseris
1737 2768 1899 2825 almo.

589 2867 803 2937 Linque
824 2880 960 2936 Opus
986 2860 1263 2919 infandum
1295 2860 1532 2928 Satanae,
1565 2861 1696 2932 quin
1728 2861 1908 2917 toxica
1931 2875 2114 2929 sacra,

590 2957 786 3026 Quaere
825 2957 991 3011 Deum
1034 2968 1217 3009 verum
1254 2961 1380 3008 votc
1413 2960 1468 3008 et
1495 2967 1655 3023 prece
1683 2951 1925 3023 supplice
1947 2966 2183 3022 semper,

590 3049 832 3107 Observa
872 3046 1248 3102 mandatorum
1277 3051 1547 3116 praecepta
1572 3058 1825 3111 suorum,

590 3147 669 3202 Da
707 3144 855 3215 leges
882 3140 1102 3214 populo,
1133 3138 1310 3197 doctis
1341 3137 1658 3208 sancitaque
1678 3137 1823 3208 jura.

591 3241 735 3295 Pace
764 3238 952 3294 fruens
979 3234 1208 3307 populus
1235 3230 1491 3305 gaudebit
1516 3238 1760 3301 tempore
1783 3237 2003 3296 cuncto,

592 3332 817 3402 Sanue
842 3338 933 3384 tua
959 3326 1164 3383 ditione
1186 3338 1407 3381 moraus
1445 3319 1677 3393 semper,
1708 3322 2087 3392 habitansque.

590 3410 998 3492 Latronumque
1028 3419 1210 3473 furum
1238 3415 1453 3472 insidiis
1482 3414 1833 3470 frustrabitur
1864 3414 2060 3470 omnis.

594 3514 853 3570 Ecclesrae
877 3524 1121 3567 summus
1146 3517 1312 3572 tutor,
1342 3504 1918 3578 inopumquejuvator,
1982 3570 1983 3573 η

592 3606 860 3669 Paciﬁcus
890 3602 1041 3675 regni
1078 3608 1379 3672 protector,
1405 3606 1460 3653 et
1481 3596 1792 3675 auxiliator,

594 3696 968 3764 Defensorque
997 3692 1349 3763 gubernator,
1381 3686 1715 3753 moderator,
1741 3694 1797 3743 et
1821 3696 2027 3742 auctor.

590 3787 861 3859 Perpetuo
885 3785 1066 3857 vigeas
1089 3781 1301 3838 meritis
1323 3780 1603 3836 vivacibus
1623 3794 1760 3837 aevo.

664 3900 823 3956 Anno
864 3913 896 3954 a
941 3894 1158 3953 Domini
1189 3894 1361 3950 nostri
1400 3892 1532 3948 Jesu
1565 3892 1764 3949 Christi
1812 3892 2184 3949 incarnatione

594 3989 1011 4063 nongentesimo
1065 3984 1385 4042 duodecimo
1409 4023 1425 4050 ,
1471 3981 1684 4038 Franco
1744 3981 2183 4052 archiepisctipus

593 4081 863 4140 catholica
894 4078 1001 4134 ﬁde
1040 4083 1406 4132 sacrosanctae
1436 4071 1721 4128 Trinitatis
1758 4071 2026 4128 imbutum
2055 4072 2184 4128 Rol-

590 4174 771 4229 lenem
813 4167 1132 4237 baptizavit,
1167 4166 1385 4235 duxque
1424 4163 1757 4219 Francorum
1800 4163 2092 4218 Rotbertus
2119 4163 2186 4219 de

591 4262 747 4319 l'onte
775 4258 1080 4316 Salvatoris
1124 4270 1251 4312 eum
1294 4254 1553 4325 suscepit,
1590 4268 1897 4323 nomenque
1936 4269 2092 4308 suum
2132 4253 2184 4307 ei

595 4351 873 4424 imposuit,
903 4347 1223 4419 magnisque
1265 4344 1580 4401 muneribus
1608 4352 1664 4400 et
1701 4344 1856 4399 donis
1887 4340 2184 4399 honoriﬁce

592 4444 808 4501 ditavit.
835 4441 1128 4498 llotbertus
1165 4446 1370 4504 autem,
1398 4437 1491 4507 qui
1525 4445 1580 4491 et
1610 4435 1789 4501 Rollo,
1808 4435 2033 4490 comites
2058 4449 2184 4490 suos

593 4544 659 4592 eti
681 4534 879 4591 milites
905 4543 1233 4600 omnemque
1263 4543 1482 4584 manum
1505 4526 1780 4582 exercitus
1808 4526 1891 4581 sui
1920 4524 2184 4594 baptizari

593 4628 746 4695 fecit,
771 4636 935 4697 atque
964 4622 1292 4682 Christianas
1321 4619 1600 4690 religionis
1648 4617 1770 4674 ﬁdei
1801 4631 1897 4688 per
1921 4616 2185 4688 praedica-

595 4715 1032 4777 tionesinstrni.
1080 4714 1219 4769 llinc
1250 4718 1551 4769 convocato
1594 4708 1878 4764 Francone
1902 4707 2178 4777 episcopo,

591 4824 714 4880 qum
743 4805 985 4864 ecclesiae
1014 4802 1383 4859 veneratiores
1410 4800 1465 4855 in
1520 4813 1620 4854 sua
1660 4808 1804 4860 terra
1854 4797 2184 4853 haberentur

596 4902 928 4965 sciscitatur,
965 4907 1019 4954 et
1044 4911 1164 4967 quae
1206 4893 1541 4967 potentiores
1585 4891 1780 4946 merito
1805 4898 1861 4945 et
1887 4889 2185 4959 patrocinio

555 4976 909 5050 ‘sanctorum
959 4986 1289 5045 diferentnr.
1336 4985 1488 5040 Tunc
1536 4982 1788 5037 France:
1825 4999 1843 5032 ι
1894 4980 2185 5035 Rothoma-

594 5082 799 5154 gensis,
831 5090 887 5137 et
905 5076 1302 5146 Bajoeacensis,
1326 5083 1488 5144 atque
1516 5071 1928 5128 Ebroicacensis
1953 5071 2183 5126 ecclesia

596 5182 959 5230 sacrosancta!
1033 5168 1214 5223 Mariae
1286 5167 1477 5221 matris
1540 5163 1752 5219 Domini
1828 5165 1994 5218 nostri
2053 5161 2181 5218 Jesu

598 5264 802 5320 Christi
830 5274 887 5319 et
916 5262 1154 5334 Virginis
1205 5261 1261 5316 in
1302 5260 1508 5317 honore
1535 5266 1620 5314 est
1659 5256 1926 5313 dedicata.
1956 5256 2011 5310 In
2042 5256 2185 5327 peri-

597 5356 720 5412 culo
763 5357 929 5411 maris
976 5354 1205 5411 ecclesia
1254 5361 1437 5408 monte
1483 5350 1679 5421 posita,
1724 5348 2045 5420 Archangeli
2088 5347 2185 5402 Mi-

597 5448 802 5505 chaelis
851 5449 1088 5520 paradisi
1137 5446 1414 5518 praepositi
1463 5445 1682 5500 nomine
1729 5444 2076 5516 prmtitulata.
2124 5442 2182 5498 ln

596 5542 852 5597 suburbio
901 5541 1137 5597 civitatis
1199 5540 1358 5596 istius
1392 5547 1507 5595 .cst
1564 5539 1951 5593 rnOnasterium
2006 5538 2182 5592 sancti

596 5630 743 5689 Petri
786 5634 1154 5705 apostolorum
1201 5632 1479 5703 principis‘
1506 5633 1725 5688 nomine
1763 5639 2180 5698 consecratum;

595 5726 656 5778 in
705 5739 810 5794 quo
846 5724 1139 5783 recubabat
1184 5724 1341 5783 istius
1370 5723 1520 5782 urbis
1561 5722 1885 5781 venerabilis
1922 5720 2187 5793 archiepi-

2212 4491 2261 4549 ι)

2280 530 2595 583 coruscans,
2637 516 2708 572 ob
2732 525 2938 570 metum
2971 514 3048 570 tui
3072 515 3335 571 adventus
3360 515 3423 570 ad
3455 515 3706 575 Franciam
3735 535 3795 580 est

2280 606 2618 676 deportatus.
2652 606 2948 678 Ciruegias,
2977 621 3085 677 quo
3109 606 3261 677 prius
3302 608 3581 676 accessisti,
3604 620 3675 667 est
3698 621 3797 668 tem-

2280 695 2426 764 plum
2457 700 2634 754 sancti
2672 699 2856 766 Petri,
2889 714 3115 770 regnum
3161 698 3419 757 crelorum
3454 701 3680 775 clavigeri
3716 722 3798 764 me-

2280 789 2401 843 ritis
2445 788 2822 861 suﬁ'ragatum.
2867 790 3060 846 Plures
3095 800 3222 846 sunt
3264 791 3501 849 ecclesiae
3541 794 3591 850 in
3627 804 3699 851 tua
3735 799 3797 853 di-

2283 877 2427 933 tione
2482 879 2712 949 positaa,
2777 880 2872 935 sed
2930 880 3013 936 ha:
3068 891 3196 936 sunt
3271 883 3564 955 praecipuae.
3621 904 3640 939 ι
3687 880 3823 945 Τυπ

2281 965 2579 1023 Rotbertus
2633 984 2646 1022 :
2700 987 2721 1021 ‹
2776 968 2835 1024 ln
2887 968 3124 1026 conﬁnio
3166 981 3367 1028 nostra:
3410 975 3667 1043 potestatis
3709 978 3799 1047 quis

2281 1067 2503 1114 sanctus
2529 1059 2805 1128 potentior
2828 1060 3037 1116 meritis
3067 1060 3329 1116 habetur?
3357 1082 3375 1115 ι
3409 1062 3638 1119 Franco:
3663 1084 3678 1117 ι
3702 1065 3802 1122 San-

2281 1159 2404 1206 ctus
2452 1150 2742 1223 Dionysius
2773 1153 2992 1208 natione
3018 1152 3270 1221 Graecus,
3307 1170 3407 1226 per
3449 1166 3673 1212 sanctum
3697 1156 3801 1214 Pau-

2281 1239 2389 1295 lum
2419 1240 2486 1294 ad
2530 1241 2690 1297 ﬁdem
2717 1241 3039 1297 catholicam
3074 1258 3391 1310 conversus,
3433 1258 3606 1315 postea
3626 1263 3656 1301 a
3686 1248 3804 1304 beato

2281 1330 2558 1388 Clemente
2580 1331 2726 1388 Petri
2757 1334 2984 1404 apostoli
3008 1351 3325 1392 successore
3355 1335 3586 1392 Francia:
3610 1337 3668 1393 ad
3701 1355 3803 1409 pra-

2282 1420 2573 1491 dicandum
2626 1424 3011 1490 transmissus,
3058 1425 3230 1480 multa
3288 1424 3492 1497 ﬂagella
3536 1442 3803 1498 paganorum

2282 1528 2617 1583 perpessus,
2677 1515 2878 1586 diuque
2929 1518 3288 1585 verberatus,
3339 1518 3409 1573 ad
3462 1518 3685 1574 ultimum
3734 1536 3805 1590 pro

2283 1618 2469 1657 arnore
2497 1603 2593 1658 Dei
2620 1605 2893 1661 hebetatis
2921 1607 3204 1663 securibus
3236 1608 3411 1679 capite
3434 1608 3625 1678 plexus.
3652 1630 3668 1663 ι
3696 1610 3805 1665 Tunc

2290 1693 2589 1750 liotbertus
2623 1714 2637 1750 :
2675 1713 2695 1748 ι
2727 1698 3032 1768 Antequam
3078 1699 3353 1754 dividatur
3399 1709 3533 1755 terra
3562 1701 3678 1755 meis
3700 1703 3808 1771 pri»

2217 1777 2260 1835 Β
2290 1785 2522 1854 cipibus,
2555 1784 2665 1840 Deo
2712 1795 2767 1841 et
2811 1797 3016 1844 sancta:
3062 1787 3266 1854 Mariae,
3296 1791 3597 1860 sanctisque
3621 1790 3807 1846 denomi-

2286 1876 2452 1941 natis,
2484 1875 2735 1932 desidero
2763 1885 2973 1947 partem
3013 1878 3173 1934 istius
3202 1888 3363 1934 terra:
3388 1880 3534 1945 dare,
3559 1888 3612 1934 ut
3636 1882 3808 1951 dignen-

2290 1975 2379 2021 tur
2408 1966 2540 2020 mihi
2588 1966 2642 2020 in
2692 1967 2955 2023 auxilium
3001 1969 3308 2025 subvenire.
3343 1989 3363 2023 ι
3400 1969 3635 2026 Franco:
3662 1988 3680 2023 ο
3706 1971 3809 2026 Con-

2284 2056 2407 2113 silio
2442 2057 2704 2112 divinitus
2727 2058 2995 2129 inspirato
3020 2059 3189 2115 uteris
3206 2099 3221 2126 ,
3246 2075 3635 2132 congruumque
3653 2061 3809 2115 esttibi

2285 2148 2371 2203 his
2399 2158 2603 2219 septem
2631 2149 2846 2217 diebus,
2877 2150 3076 2222 quibus
3098 2152 3294 2208 albatis
3322 2154 3624 2209 chrismatis
3660 2164 3705 2210 et
3734 2153 3808 2208 olei

2284 2240 2522 2296 vestibus
2563 2255 2623 2296 es
2667 2241 2909 2309 indutus,
2943 2243 3079 2299 ﬁeri.
3118 2262 3137 2296 ι
3172 2243 3334 2300 Dedit
3380 2245 3557 2315 itaque
3582 2245 3810 2299 llotbertus

2284 2332 2457 2403 prima
2505 2332 2593 2388 die
2621 2332 2927 2404 baptisterii
2972 2334 3085 2391 Deo
3114 2344 3168 2391 et
3212 2344 3420 2390 sanctae
3467 2334 3632 2390 Maria:
3657 2333 3810 2390 [letho-

2285 2423 2558 2494 magensis
2598 2425 2845 2482 ecclesiae
2897 2437 3100 2483 terram
3144 2428 3553 2499 prtemaximam
3594 2425 3809 2481 canonicis

2287 2514 2342 2569 in
2400 2522 2723 2585 perpetuum
2772 2517 3175 2585 possidendam.
3222 2516 3478 2574 Secundo
3520 2518 3618 2583 die,
3660 2524 3810 2573 sancta

2288 2605 2472 2662 Maria:
2515 2604 2892 2674 Bojocacensis
2942 2607 3208 2664 ecclesias.
3268 2607 3457 2664 Tertio
3501 2610 3608 2675 die,
3659 2616 3809 2664 sancta

2286 2697 2472 2752 Maria:
2519 2697 2937 2754 Ebroicacensis
2976 2698 3242 2757 ecclesiae.
3288 2700 3523 2768 Quarto,
3563 2696 3809 2769 archangeli

2285 2789 2561 2846 Michaelis
2586 2789 2831 2846 ecclesia:
2850 2830 2867 2857 ,
2898 2790 3107 2847 vicibus
3144 2792 3495 2849 inundatione
3521 2792 3810 2863 procellarum

2285 2881 2453 2936 maris
2496 2880 2892 2951 circumseptze,
2941 2871 3238 2938 Secundum
3266 2898 3487 2939 cursum
3525 2883 3649 2937 lunae
3681 2883 3811 2937 incre-

2286 2969 2516 3026 mentati
2577 2970 2875 3040 septenarii
2935 2970 3148 3028 numeri
3207 2971 3575 3043 dispositione.
3630 2970 3808 3038 Quinto,

2287 3060 2463 3116 sancti
2519 3058 2670 3115 Petri
2719 3060 3004 3131 sanctique
3051 3061 3299 3118 Audoeni
3361 3064 3610 3120 ecclesirc.
3660 3061 3810 3122 Sexto.

2212 3127 2257 3188 (ἶ
2288 3163 2480 3209 sancto
2519 3152 2679 3211 Petro
2729 3155 3309 3227 sanctoque'Aicardo
3350 3154 3709 3229 Gemeticensis
3743 3168 3810 3206 cc-

2286 3241 2486 3297 clesias.
2520 3242 2786 3314 Septimo,
2817 3245 3117 3302 Brenneval
3138 3263 3261 3303 cum
3285 3248 3535 3303 omnibus
3553 3240 3811 3318 appendiliis

2287 3344 2479 3389 sancto
2508 3334 2766 3407 Dionysio
2808 3337 2975 3393 dedit.
3023 3338 3228 3395 Octavo
3266 3341 3359 3397 die
3387 3318 3685 3411 eipiationis
3705 3336 3807 3406 ejus,

2257 3462 2261 3466 μ
2288 3425 2623 3482 vestimentis
2656 3427 3039 3486 chrismalibus
3067 3429 3150 3486 vel
3186 3430 3588 3502 baptismalibus
3624 3428 3808 3489 indutui.

2287 3516 2454 3586 cmpit
2500 3517 2683 3573 metiri
2735 3527 2941 3575 terram
2987 3519 3165 3577 verbis
3198 3522 3315 3577 suis
3363 3521 3650 3586 comitibus,
3689 3529 3811 3585 atque

2287 3607 2473 3676 largiri
2519 3607 2788 3665 ﬁdelibus.
2822 3611 3065 3682 Denique
3091 3622 3401 3682 praeparato
3431 3626 3613 3683 magno
3647 3607 3807 3677 nuptia~

2288 3699 2419 3754 lium
2451 3698 2620 3766 cultu,
2651 3698 2858 3755 Cislam
2887 3700 3054 3756 ﬁliam
3096 3701 3239 3772 regis
3283 3717 3508 3757 uxorem
3550 3700 3642 3756 sibi
3676 3696 3808 3758 duxit,

2283 3805 2384 3862 pro
2416 3806 2520 3862 qua
2561 3806 2619 3847 se
2654 3793 2695 3847 F
2701 3793 2880 3848 raucis
2907 3792 3248 3849 conciliando
3288 3795 3605 3865 paciﬁeavit.
3644 3787 3808 3846 Securi-

2290 3890 2454 3938 tatem
2500 3883 2753 3940 omnibus
2801 3884 3051 3953 gentibus
3097 3885 3152 3940 in
3190 3899 3286 3940 sua
3321 3894 3465 3942 terra
3514 3896 3707 3939 manere
3739 3893 3808 3932 cu-

2287 3974 2562 4046 pientibus
2597 3974 2746 4031 fecit.
2778 3975 2930 4031 Illam
2963 3985 3166 4033 terram
3209 3977 3323 4051 suis
3355 3977 3592 4033 ﬁdelibus
3625 3970 3808 4028 t‘unicuio

2285 4064 2506 4131 divisit,
2567 4066 2987 4137 universamque
3034 4067 3124 4124 diu
3174 4068 3448 4124 desertam
3495 4060 3806 4124 remdiﬁcavit,

2289 4166 2451 4227 atque
2483 4157 2551 4212 de
2589 4157 2704 4213 suis
2752 4158 3017 4215 militibus
3048 4159 3383 4230 advenisqne
3417 4159 3650 4232 gentibus
3680 4152 3807 4232 reler-

2290 4258 2398 4304 tam
2429 4251 2711 4304 restruxit.
2751 4247 2882 4304 Jura
2920 4261 2975 4305 et
3011 4250 3157 4323 leges
3196 4224 3556 4322 sempiternas
3592 4224 3808 4303 voluntate

2287 4337 2592 4408 principum
2621 4338 2859 4393 sancitas
2908 4346 2963 4393 et
2991 4338 3237 4394 decretas
3285 4339 3428 4409 plebi
3458 4338 3660 4400 indixit,
3683 4342 3806 4399 atque

2288 4429 2512 4498 paciﬁca
2558 4429 2973 4484 conversatione
3020 4430 3222 4485 morari
3261 4430 3423 4485 simul
3461 4428 3639 4499 coegit.
3667 4420 3805 4478 Bede

2287 4519 2399 4575 sias
2428 4519 2668 4574 funditus
2710 4519 2859 4576 fusas
2903 4521 3112 4587 statuit,
3145 4520 3344 4593 templa
3373 4518 3655 4592 frequentia
3686 4525 3805 4583 paga-

2287 4626 2480 4677 norum
2512 4611 2791 4666 destructa
2836 4613 3195 4680 restauravit,
3252 4628 3438 4669 muros
3491 4610 3729 4666 civitatum
3766 4608 3807 4653 et

2288 4707 2690 4779 propugnacula
2737 4707 2930 4764 refecit
2961 4717 3013 4764 et
3054 4708 3443 4779 augmentavit.
3475 4706 3722 4761 Britannos
3744 4709 3805 4748 rc-

2284 4800 2454 4863 belles
2488 4798 2590 4854 sibi
2620 4797 2960 4869 subjugavit,
3003 4808 3167 4868 atque
3215 4799 3282 4854 de
3331 4797 3546 4854 cibariis
3582 4792 3804 4846 Britomlm

2289 4900 2461 4947 totum
2504 4905 2732 4961 regnum
2785 4891 2888 4945 sibi
2951 4905 3271 4946 concessum
3328 4890 3637 4945 suﬁicieuter
3678 4877 3801 4950 pavit.

2290 4983 2532 5053 Denique
2561 4982 2615 5037 in
2647 4991 2792 5038 terra
2829 4998 2939 5039 sum
2969 4983 3194 5040 ditionis
3224 4985 3479 5049 bannum,
3509 4980 3556 5034 id
3589 4985 3658 5032 est
3680 4974 3804 5027 inter-

2286 5075 2515 5142 dictum,
2548 5074 2729 5142 misit,
2757 5074 2898 5146 quod
2927 5084 3012 5130 est
3042 5074 3356 5144 prohibitio,
3390 5082 3446 5126 ut
3471 5070 3633 5125 nullus
3658 5056 3804 5117 ἴθι-γει

2234 5210 2239 5213 .
2287 5164 2427 5219 latro
2457 5174 2621 5231 esset,
2648 5180 2824 5236 neque
2851 5180 3132 5220 assensum
3160 5164 3315 5219 mala
3341 5159 3620 5220 voluntatis
3640 5154 3680 5208 ei
3701 5161 3803 5220 prr-

2287 5259 2461 5315 beret.
2524 5258 2766 5328 Denique
2832 5258 3112 5313 interdixit
3181 5266 3241 5311 ut
3314 5255 3488 5311 nullus
3538 5248 3801 5305 l’errameﬂla

2289 5350 2457 5404 aratri
2480 5348 2666 5404 domui
2691 5349 3030 5419 deportaret,
3060 5363 3248 5405 verum
3287 5347 3338 5402 in
3369 5357 3555 5414 campo
3579 5351 3684 5395 cum
3709 5344 3799 5385 ara-

2291 5451 2374 5496 tro
2402 5440 2753 5510 relinqueret,
2784 5448 2839 5495 et
2875 5438 3055 5493 nullus
3098 5448 3219 5509 post
3268 5450 3491 5506 equum,
3518 5430 3800 5489 asinumque.

2289 5541 2449 5602 atque
2477 5532 2691 5597 bovem,
2721 5544 2789 5586 ne
2819 5530 3089 5599 perderet,
3120 5528 3395 5585 custodem
3418 5526 3661 5582 mitteret;
3682 5510 3800 5587 huius

2290 5624 2562 5681 interdicti
2598 5640 2798 5696 pavore
2823 5625 3042 5695 quidam
3073 5623 3307 5696 agricola
3332 5616 3614 5685 manensjn
3639 5609 3799 5674 Loﬂﬁ"

2288 5720 2522 5793 petentis
2550 5719 2698 5790 villa,
2735 5719 2902 5777 aratri
2935 5717 3184 5776 utensilia
3216 5730 3402 5789 campo
3449 5707 3650 5773 dimisit,
3674 5706 3799 5766 alth
