  <div class='ocr_page' id='page_1' title='image "/cluster/home/n/w/nwhite01/storage/ocr_20150623/141/hvd.32044015471790/332.png"; bbox 0 0 4032 6420; ppageno 0'>
   <div class='ocr_carea' id='block_1_1' title="bbox 247 326 351 394">
    <p class='ocr_par' dir='ltr' id='par_1_1' title="bbox 247 326 351 394">
     <span class='ocr_line' id='line_1_1' title="bbox 247 326 351 394; baseline -0.029 0"><span class='ocrx_word' id='word_1_1' title='bbox 247 326 351 394; x_wconf 71' lang='lat'><strong>653</strong></span> 
     </span>
    </p>
   </div>
   <div class='ocr_carea' id='block_1_2' title="bbox 780 321 1827 404">
    <p class='ocr_par' dir='ltr' id='par_1_2' title="bbox 780 321 1824 391">
     <span class='ocr_line' id='line_1_2' title="bbox 780 321 1824 391; baseline -0.001 -3"><span class='ocrx_word' id='word_1_2' title='bbox 780 321 868 390; x_wconf 85' lang='lat' dir='ltr'>DE</span> <span class='ocrx_word' id='word_1_3' title='bbox 900 331 1147 390; x_wconf 84' lang='lat' dir='ltr'><strong>GESTIS</strong></span> <span class='ocrx_word' id='word_1_4' title='bbox 1178 332 1611 391; x_wconf 63' lang='lat' dir='ltr'><strong>NORMANNIAL</strong></span> <span class='ocrx_word' id='word_1_5' title='bbox 1640 330 1824 389; x_wconf 85' lang='lat' dir='ltr'><strong>DUCU</strong></span> 
     </span>
    </p>
   </div>
   <div class='ocr_carea' id='block_1_3' title="bbox 1929 321 3037 404">
    <p class='ocr_par' dir='ltr' id='par_1_3' title="bbox 1929 325 3037 404">
     <span class='ocr_line' id='line_1_3' title="bbox 1929 325 3037 404; baseline -0.007 -19"><span class='ocrx_word' id='word_1_6' title='bbox 1929 331 2084 386; x_wconf 71' lang='lat' dir='ltr'><strong>.lBlil</strong></span> <span class='ocrx_word' id='word_1_7' title='bbox 2124 331 2321 386; x_wconf 84' lang='lat' dir='ltr'><strong>TRES.</strong></span> <span class='ocrx_word' id='word_1_8' title='bbox 2353 359 2423 371; x_wconf 84' lang='lat'><strong>—-</strong></span> <span class='ocrx_word' id='word_1_9' title='bbox 2458 327 2658 404; x_wconf 73' lang='lat' dir='ltr'><strong>LIBER</strong></span> <span class='ocrx_word' id='word_1_10' title='bbox 2695 327 2756 381; x_wconf 91' lang='lat' dir='ltr'><strong>ll.</strong></span> <span class='ocrx_word' id='word_1_11' title='bbox 2791 325 3037 381; x_wconf 74' lang='lat' dir='ltr'><strong>ROLLO.</strong></span> 
     </span>
    </p>
   </div>
   <div class='ocr_carea' id='block_1_4' title="bbox 3401 322 3502 380">
    <p class='ocr_par' dir='ltr' id='par_1_4' title="bbox 3401 322 3502 380">
     <span class='ocr_line' id='line_1_4' title="bbox 3401 322 3502 380; baseline 0 -1"><span class='ocrx_word' id='word_1_12' title='bbox 3401 322 3502 380; x_wconf 65' lang='grc' dir='ltr'><strong>ΘΜ</strong></span> 
     </span>
    </p>
   </div>
   <div class='ocr_carea' id='block_1_5' title="bbox 239 438 3520 524">
    <p class='ocr_par' dir='ltr' id='par_1_5' title="bbox 239 438 3520 524">
     <span class='ocr_line' id='line_1_5' title="bbox 239 438 3520 524; baseline -0.005 -17"><span class='ocrx_word' id='word_1_13' title='bbox 239 453 710 524; x_wconf 81' lang='lat' dir='ltr'><strong>appropinquante</strong></span> <span class='ocrx_word' id='word_1_14' title='bbox 755 450 980 505; x_wconf 80' lang='lat' dir='ltr'><strong>meridie</strong></span> <span class='ocrx_word' id='word_1_15' title='bbox 1008 464 1170 504; x_wconf 89' lang='lat' dir='ltr'><strong>causa</strong></span> <span class='ocrx_word' id='word_1_16' title='bbox 1203 449 1395 505; x_wconf 88' lang='lat' dir='ltr'><strong>edendi</strong></span> <span class='ocrx_word' id='word_1_17' title='bbox 1427 449 1643 503; x_wconf 90' lang='lat' dir='ltr'><strong>domum</strong></span> <span class='ocrx_word' id='word_1_18' title='bbox 1673 462 1825 502; x_wconf 85' lang='lat' dir='ltr'><strong>suam</strong></span> <span class='ocrx_word' id='word_1_19' title='bbox 1853 453 1902 511; x_wconf 79' lang='grc' dir='ltr'><strong>Α</strong></span> <span class='ocrx_word' id='word_1_20' title='bbox 1999 446 2261 501; x_wconf 90' lang='lat' dir='ltr'><strong>Continua</strong></span> <span class='ocrx_word' id='word_1_21' title='bbox 2308 445 2472 516; x_wconf 90' lang='lat' dir='ltr'><strong>igitur</strong></span> <span class='ocrx_word' id='word_1_22' title='bbox 2523 459 2674 516; x_wconf 91' lang='lat' dir='ltr'><strong>pace,</strong></span> <span class='ocrx_word' id='word_1_23' title='bbox 2724 442 3084 509; x_wconf 91' lang='lat' dir='ltr'><strong>diuturnaque</strong></span> <span class='ocrx_word' id='word_1_24' title='bbox 3128 452 3312 508; x_wconf 81' lang='lat' dir='ltr'><strong>requie</strong></span> <span class='ocrx_word' id='word_1_25' title='bbox 3351 438 3520 520; x_wconf 5' lang='lat' dir='ltr'><strong>lmta-g</strong></span> 
     </span>
    </p>
   </div>
   <div class='ocr_carea' id='block_1_6' title="bbox 241 539 1827 611">
    <p class='ocr_par' dir='ltr' id='par_1_6' title="bbox 241 539 1827 611">
     <span class='ocr_line' id='line_1_6' title="bbox 241 539 1827 611; baseline -0.004 -12"><span class='ocrx_word' id='word_1_26' title='bbox 241 549 411 601; x_wconf 84' lang='lat' dir='ltr'><strong>venit.</strong></span> <span class='ocrx_word' id='word_1_27' title='bbox 446 544 616 611; x_wconf 85' lang='lat' dir='ltr'><strong>Quem</strong></span> <span class='ocrx_word' id='word_1_28' title='bbox 669 557 805 596; x_wconf 77' lang='lat' dir='ltr'><strong>uxor</strong></span> <span class='ocrx_word' id='word_1_29' title='bbox 853 541 1003 596; x_wconf 88' lang='lat' dir='ltr'><strong>duris</strong></span> <span class='ocrx_word' id='word_1_30' title='bbox 1035 541 1212 597; x_wconf 78' lang='lat' dir='ltr'><strong>verbis</strong></span> <span class='ocrx_word' id='word_1_31' title='bbox 1255 549 1308 595; x_wconf 88' lang='lat' dir='ltr'><strong>et</strong></span> <span class='ocrx_word' id='word_1_32' title='bbox 1354 540 1627 595; x_wconf 83' lang='lat' dir='ltr'><strong>obstinato</strong></span> <span class='ocrx_word' id='word_1_33' title='bbox 1665 539 1827 594; x_wconf 88' lang='lat' dir='ltr'><strong>corde</strong></span> 
     </span>
    </p>
   </div>
   <div class='ocr_carea' id='block_1_7' title="bbox 235 627 1824 706">
    <p class='ocr_par' dir='ltr' id='par_1_7' title="bbox 235 627 1824 706">
     <span class='ocr_line' id='line_1_7' title="bbox 235 627 1824 706; baseline -0.008 -14"><span class='ocrx_word' id='word_1_34' title='bbox 235 637 408 706; x_wconf 78' lang='lat' dir='ltr'><strong>C(Bpit</strong></span> <span class='ocrx_word' id='word_1_35' title='bbox 443 632 790 702; x_wconf 74' lang='lat' dir='ltr'><strong>increpitare,</strong></span> <span class='ocrx_word' id='word_1_36' title='bbox 823 645 920 686; x_wconf 88' lang='lat' dir='ltr'><strong>cur</strong></span> <span class='ocrx_word' id='word_1_37' title='bbox 954 630 1245 685; x_wconf 84' lang='lat' dir='ltr'><strong>dimisisset</strong></span> <span class='ocrx_word' id='word_1_38' title='bbox 1280 629 1446 683; x_wconf 85' lang='lat' dir='ltr'><strong>aratri</strong></span> <span class='ocrx_word' id='word_1_39' title='bbox 1494 627 1824 694; x_wconf 88' lang='lat' dir='ltr'><strong>necessaria,</strong></span> 
     </span>
    </p>
   </div>
   <div class='ocr_carea' id='block_1_8' title="bbox 233 719 1828 794">
    <p class='ocr_par' dir='ltr' id='par_1_8' title="bbox 233 719 1828 794">
     <span class='ocr_line' id='line_1_8' title="bbox 233 719 1828 794; baseline -0.005 -14"><span class='ocrx_word' id='word_1_40' title='bbox 233 738 288 780; x_wconf 91' lang='lat' dir='ltr'><strong>et</strong></span> <span class='ocrx_word' id='word_1_41' title='bbox 324 725 625 794; x_wconf 73' lang='lat' dir='ltr'><strong>adiacentia</strong></span> <span class='ocrx_word' id='word_1_42' title='bbox 667 724 719 777; x_wconf 90' lang='lat' dir='ltr'><strong>in</strong></span> <span class='ocrx_word' id='word_1_43' title='bbox 751 737 850 779; x_wconf 91' lang='lat' dir='ltr'><strong>suo</strong></span> <span class='ocrx_word' id='word_1_44' title='bbox 882 722 1084 777; x_wconf 89' lang='lat' dir='ltr'><strong>labore.</strong></span> <span class='ocrx_word' id='word_1_45' title='bbox 1139 721 1238 776; x_wconf 86' lang='lat' dir='ltr'><strong>Diu</strong></span> <span class='ocrx_word' id='word_1_46' title='bbox 1285 720 1508 775; x_wconf 92' lang='lat' dir='ltr'><strong>molesta</strong></span> <span class='ocrx_word' id='word_1_47' title='bbox 1539 729 1700 789; x_wconf 90' lang='lat' dir='ltr'><strong>atque</strong></span> <span class='ocrx_word' id='word_1_48' title='bbox 1745 719 1828 772; x_wconf 80' lang='lat' dir='ltr'><strong>in-</strong></span> 
     </span>
    </p>
   </div>
   <div class='ocr_carea' id='block_1_9' title="bbox 231 809 1836 887">
    <p class='ocr_par' dir='ltr' id='par_1_9' title="bbox 231 809 1836 887">
     <span class='ocr_line' id='line_1_9' title="bbox 231 809 1836 887; baseline -0.004 -17"><span class='ocrx_word' id='word_1_49' title='bbox 231 831 469 887; x_wconf 84' lang='lat' dir='ltr'><strong>crepans</strong></span> <span class='ocrx_word' id='word_1_50' title='bbox 499 816 698 878; x_wconf 87' lang='lat' dir='ltr'><strong>virum,</strong></span> <span class='ocrx_word' id='word_1_51' title='bbox 727 812 876 866; x_wconf 82' lang='lat' dir='ltr'><strong>dedit</strong></span> <span class='ocrx_word' id='word_1_52' title='bbox 915 813 964 868; x_wconf 90' lang='lat' dir='ltr'><strong>ei</strong></span> <span class='ocrx_word' id='word_1_53' title='bbox 1010 812 1358 866; x_wconf 81' lang='lat' dir='ltr'><strong>manducare.</strong></span> <span class='ocrx_word' id='word_1_54' title='bbox 1392 811 1612 866; x_wconf 89' lang='lat' dir='ltr'><strong>lnterim</strong></span> <span class='ocrx_word' id='word_1_55' title='bbox 1641 809 1836 885; x_wconf 29' lang='lat' dir='ltr'><strong>volens.</strong></span> 
     </span>
    </p>
   </div>
   <div class='ocr_carea' id='block_1_10' title="bbox 236 901 1826 969">
    <p class='ocr_par' dir='ltr' id='par_1_10' title="bbox 236 901 1826 969">
     <span class='ocr_line' id='line_1_10' title="bbox 236 901 1826 969; baseline -0.005 -9"><span class='ocrx_word' id='word_1_56' title='bbox 236 921 398 960; x_wconf 90' lang='lat' dir='ltr'><strong>suum</strong></span> <span class='ocrx_word' id='word_1_57' title='bbox 432 905 685 958; x_wconf 88' lang='lat' dir='ltr'><strong>maritum</strong></span> <span class='ocrx_word' id='word_1_58' title='bbox 719 902 899 956; x_wconf 80' lang='lat' dir='ltr'><strong>facere</strong></span> <span class='ocrx_word' id='word_1_59' title='bbox 937 901 1094 969; x_wconf 84' lang='lat' dir='ltr'><strong>hujus</strong></span> <span class='ocrx_word' id='word_1_60' title='bbox 1122 902 1220 967; x_wconf 88' lang='lat' dir='ltr'><strong>rei,</strong></span> <span class='ocrx_word' id='word_1_61' title='bbox 1266 917 1333 956; x_wconf 93' lang='lat' dir='ltr'><strong>ne</strong></span> <span class='ocrx_word' id='word_1_62' title='bbox 1362 901 1660 955; x_wconf 88' lang='lat' dir='ltr'><strong>dimitteret</strong></span> <span class='ocrx_word' id='word_1_63' title='bbox 1711 914 1826 953; x_wconf 84' lang='lat' dir='ltr'><strong>am-</strong></span> 
     </span>
    </p>
   </div>
   <div class='ocr_carea' id='block_1_11' title="bbox 237 992 1828 1070">
    <p class='ocr_par' dir='ltr' id='par_1_11' title="bbox 237 992 1828 1070">
     <span class='ocr_line' id='line_1_11' title="bbox 237 992 1828 1070; baseline -0.004 -19"><span class='ocrx_word' id='word_1_64' title='bbox 237 1000 400 1070; x_wconf 89' lang='lat' dir='ltr'><strong>plius,</strong></span> <span class='ocrx_word' id='word_1_65' title='bbox 435 997 750 1061; x_wconf 90' lang='lat' dir='ltr'><strong>sollicitum,</strong></span> <span class='ocrx_word' id='word_1_66' title='bbox 777 995 936 1050; x_wconf 88' lang='lat' dir='ltr'><strong>citius</strong></span> <span class='ocrx_word' id='word_1_67' title='bbox 979 1009 1140 1063; x_wconf 90' lang='lat' dir='ltr'><strong>quam</strong></span> <span class='ocrx_word' id='word_1_68' title='bbox 1179 995 1352 1062; x_wconf 88' lang='lat' dir='ltr'><strong>potuit</strong></span> <span class='ocrx_word' id='word_1_69' title='bbox 1391 994 1528 1049; x_wconf 91' lang='lat' dir='ltr'><strong>clam</strong></span> <span class='ocrx_word' id='word_1_70' title='bbox 1567 992 1828 1062; x_wconf 78' lang='lat' dir='ltr'><strong>expetivit</strong></span> 
     </span>
    </p>
   </div>
   <div class='ocr_carea' id='block_1_12' title="bbox 235 1084 1828 1159">
    <p class='ocr_par' dir='ltr' id='par_1_12' title="bbox 235 1084 1828 1159">
     <span class='ocr_line' id='line_1_12' title="bbox 235 1084 1828 1159; baseline -0.004 -15"><span class='ocrx_word' id='word_1_71' title='bbox 235 1104 514 1159; x_wconf 84' lang='lat' dir='ltr'><strong>campum,</strong></span> <span class='ocrx_word' id='word_1_72' title='bbox 551 1096 607 1142; x_wconf 91' lang='lat' dir='ltr'><strong>et</strong></span> <span class='ocrx_word' id='word_1_73' title='bbox 634 1085 968 1142; x_wconf 88' lang='lat' dir='ltr'><strong>sustulitsibi</strong></span> <span class='ocrx_word' id='word_1_74' title='bbox 1000 1085 1261 1156; x_wconf 89' lang='lat' dir='ltr'><strong>corrigias</strong></span> <span class='ocrx_word' id='word_1_75' title='bbox 1285 1084 1397 1155; x_wconf 90' lang='lat' dir='ltr'><strong>jugi</strong></span> <span class='ocrx_word' id='word_1_76' title='bbox 1442 1097 1828 1156; x_wconf 87' lang='lat' dir='ltr'><strong>pomeremqne</strong></span> 
     </span>
    </p>
   </div>
   <div class='ocr_carea' id='block_1_13' title="bbox 237 1173 1836 1259">
    <p class='ocr_par' dir='ltr' id='par_1_13' title="bbox 237 1173 1836 1259">
     <span class='ocr_line' id='line_1_13' title="bbox 237 1173 1836 1259; baseline -0.003 -26"><span class='ocrx_word' id='word_1_77' title='bbox 237 1189 293 1233; x_wconf 91' lang='lat' dir='ltr'><strong>et</strong></span> <span class='ocrx_word' id='word_1_78' title='bbox 324 1179 589 1259; x_wconf 77' lang='lat' dir='ltr'><strong>cultrum;</strong></span> <span class='ocrx_word' id='word_1_79' title='bbox 639 1186 800 1247; x_wconf 87' lang='lat' dir='ltr'><strong>atque</strong></span> <span class='ocrx_word' id='word_1_80' title='bbox 847 1191 916 1230; x_wconf 86' lang='lat' dir='ltr'><strong>ne</strong></span> <span class='ocrx_word' id='word_1_81' title='bbox 970 1176 1179 1231; x_wconf 84' lang='lat' dir='ltr'><strong>videret</strong></span> <span class='ocrx_word' id='word_1_82' title='bbox 1211 1177 1438 1231; x_wconf 88' lang='lat' dir='ltr'><strong>maritus</strong></span> <span class='ocrx_word' id='word_1_83' title='bbox 1483 1173 1836 1247; x_wconf 10' lang='lat' dir='ltr'><strong>subducenda,</strong></span> 
     </span>
    </p>
   </div>
   <div class='ocr_carea' id='block_1_14' title="bbox 236 1266 1827 1338">
    <p class='ocr_par' dir='ltr' id='par_1_14' title="bbox 236 1266 1827 1338">
     <span class='ocr_line' id='line_1_14' title="bbox 236 1266 1827 1338; baseline -0.003 -13"><span class='ocrx_word' id='word_1_84' title='bbox 236 1286 329 1334; x_wconf 88' lang='lat' dir='ltr'><strong>ea,</strong></span> <span class='ocrx_word' id='word_1_85' title='bbox 360 1269 514 1338; x_wconf 91' lang='lat' dir='ltr'><strong>quasi</strong></span> <span class='ocrx_word' id='word_1_86' title='bbox 543 1268 762 1322; x_wconf 83' lang='lat' dir='ltr'><strong>aliunde</strong></span> <span class='ocrx_word' id='word_1_87' title='bbox 790 1266 1014 1322; x_wconf 87' lang='lat' dir='ltr'><strong>veniens</strong></span> <span class='ocrx_word' id='word_1_88' title='bbox 1057 1267 1307 1336; x_wconf 84' lang='lat' dir='ltr'><strong>repetivit</strong></span> <span class='ocrx_word' id='word_1_89' title='bbox 1335 1268 1572 1322; x_wconf 91' lang='lat' dir='ltr'><strong>domum.</strong></span> <span class='ocrx_word' id='word_1_90' title='bbox 1602 1267 1827 1320; x_wconf 80' lang='lat' dir='ltr'><strong>Maritus</strong></span> 
     </span>
    </p>
   </div>
   <div class='ocr_carea' id='block_1_15' title="bbox 233 1358 1829 1430">
    <p class='ocr_par' dir='ltr' id='par_1_15' title="bbox 233 1358 1829 1430">
     <span class='ocr_line' id='line_1_15' title="bbox 233 1358 1829 1430; baseline -0.003 -15"><span class='ocrx_word' id='word_1_91' title='bbox 233 1360 358 1429; x_wconf 83' lang='lat' dir='ltr'><strong>ejus</strong></span> <span class='ocrx_word' id='word_1_92' title='bbox 383 1368 661 1415; x_wconf 85' lang='lat' dir='ltr'><strong>saturatus</strong></span> <span class='ocrx_word' id='word_1_93' title='bbox 691 1373 938 1430; x_wconf 75' lang='lat' dir='ltr'><strong>surgens,</strong></span> <span class='ocrx_word' id='word_1_94' title='bbox 969 1358 1161 1427; x_wconf 91' lang='lat' dir='ltr'><strong>suique</strong></span> <span class='ocrx_word' id='word_1_95' title='bbox 1197 1358 1396 1412; x_wconf 88' lang='lat' dir='ltr'><strong>laboris</strong></span> <span class='ocrx_word' id='word_1_96' title='bbox 1419 1373 1668 1428; x_wconf 85' lang='lat' dir='ltr'><strong>campum</strong></span> <span class='ocrx_word' id='word_1_97' title='bbox 1705 1372 1829 1428; x_wconf 82' lang='lat' dir='ltr'><strong>per-</strong></span> 
     </span>
    </p>
   </div>
   <div class='ocr_carea' id='block_1_16' title="bbox 235 1448 1829 1519">
    <p class='ocr_par' dir='ltr' id='par_1_16' title="bbox 235 1448 1829 1519">
     <span class='ocr_line' id='line_1_16' title="bbox 235 1448 1829 1519; baseline -0.001 -15"><span class='ocrx_word' id='word_1_98' title='bbox 235 1465 410 1519; x_wconf 87' lang='lat' dir='ltr'><strong>gens,</strong></span> <span class='ocrx_word' id='word_1_99' title='bbox 445 1448 757 1504; x_wconf 86' lang='lat' dir='ltr'><strong>necessaria</strong></span> <span class='ocrx_word' id='word_1_100' title='bbox 799 1449 969 1502; x_wconf 85' lang='lat' dir='ltr'><strong>aratri</strong></span> <span class='ocrx_word' id='word_1_101' title='bbox 1014 1463 1121 1502; x_wconf 91' lang='lat' dir='ltr'><strong>non</strong></span> <span class='ocrx_word' id='word_1_102' title='bbox 1169 1448 1374 1502; x_wconf 77' lang='lat' dir='ltr'><strong>invenit</strong></span> <span class='ocrx_word' id='word_1_103' title='bbox 1420 1464 1433 1500; x_wconf 90' lang='lat'><strong>:</strong></span> <span class='ocrx_word' id='word_1_104' title='bbox 1475 1449 1598 1503; x_wconf 92' lang='lat' dir='ltr'><strong>inde</strong></span> <span class='ocrx_word' id='word_1_105' title='bbox 1660 1449 1829 1504; x_wconf 85' lang='lat' dir='ltr'><strong>tristis</strong></span> 
     </span>
    </p>
   </div>
   <div class='ocr_carea' id='block_1_17' title="bbox 237 1535 1828 1608">
    <p class='ocr_par' dir='ltr' id='par_1_17' title="bbox 237 1535 1828 1608">
     <span class='ocr_line' id='line_1_17' title="bbox 237 1535 1828 1608; baseline -0.001 -15"><span class='ocrx_word' id='word_1_106' title='bbox 237 1541 458 1593; x_wconf 90' lang='lat' dir='ltr'><strong>domum</strong></span> <span class='ocrx_word' id='word_1_107' title='bbox 507 1547 804 1604; x_wconf 89' lang='lat' dir='ltr'><strong>revertens,</strong></span> <span class='ocrx_word' id='word_1_108' title='bbox 844 1537 1080 1606; x_wconf 78' lang='lat' dir='ltr'><strong>querulae</strong></span> <span class='ocrx_word' id='word_1_109' title='bbox 1119 1537 1335 1608; x_wconf 82' lang='lat' dir='ltr'><strong>conjugi</strong></span> <span class='ocrx_word' id='word_1_110' title='bbox 1378 1537 1654 1592; x_wconf 90' lang='lat' dir='ltr'><strong>indicavit.</strong></span> <span class='ocrx_word' id='word_1_111' title='bbox 1699 1535 1828 1604; x_wconf 64' lang='lat' dir='ltr'><strong>Quae</strong></span> 
     </span>
    </p>
   </div>
   <div class='ocr_carea' id='block_1_18' title="bbox 233 1619 1823 1699">
    <p class='ocr_par' dir='ltr' id='par_1_18' title="bbox 233 1619 1823 1699">
     <span class='ocr_line' id='line_1_18' title="bbox 233 1619 1823 1699; baseline -0.002 -14"><span class='ocrx_word' id='word_1_112' title='bbox 233 1631 407 1699; x_wconf 77' lang='lat' dir='ltr'><strong>coepit</strong></span> <span class='ocrx_word' id='word_1_113' title='bbox 431 1644 552 1683; x_wconf 89' lang='lat' dir='ltr'><strong>eum</strong></span> <span class='ocrx_word' id='word_1_114' title='bbox 589 1629 854 1683; x_wconf 84' lang='lat' dir='ltr'><strong>invective</strong></span> <span class='ocrx_word' id='word_1_115' title='bbox 891 1635 946 1682; x_wconf 90' lang='lat' dir='ltr'><strong>et</strong></span> <span class='ocrx_word' id='word_1_116' title='bbox 991 1627 1249 1682; x_wconf 89' lang='lat' dir='ltr'><strong>invisorie</strong></span> <span class='ocrx_word' id='word_1_117' title='bbox 1284 1628 1570 1698; x_wconf 86' lang='lat' dir='ltr'><strong>increpans</strong></span> <span class='ocrx_word' id='word_1_118' title='bbox 1601 1619 1823 1683; x_wconf 84' lang='lat' dir='ltr'><strong>dicere:</strong></span> 
     </span>
    </p>
   </div>
   <div class='ocr_carea' id='block_1_19' title="bbox 240 1720 1827 1785">
    <p class='ocr_par' dir='ltr' id='par_1_19' title="bbox 240 1720 1827 1785">
     <span class='ocr_line' id='line_1_19' title="bbox 240 1720 1827 1785; baseline 0.002 -13"><span class='ocrx_word' id='word_1_119' title='bbox 240 1740 262 1772; x_wconf 72' lang='grc' dir='ltr'>ι</span> <span class='ocrx_word' id='word_1_120' title='bbox 297 1721 505 1776; x_wconf 85' lang='lat' dir='ltr'><strong>Nullius</strong></span> <span class='ocrx_word' id='word_1_121' title='bbox 530 1721 780 1775; x_wconf 90' lang='lat' dir='ltr'><strong>utilitatis</strong></span> <span class='ocrx_word' id='word_1_122' title='bbox 813 1721 990 1785; x_wconf 91' lang='lat' dir='ltr'><strong>homo,</strong></span> <span class='ocrx_word' id='word_1_123' title='bbox 1024 1720 1160 1775; x_wconf 86' lang='lat' dir='ltr'><strong>vade</strong></span> <span class='ocrx_word' id='word_1_124' title='bbox 1200 1735 1342 1775; x_wconf 88' lang='lat' dir='ltr'><strong>nunc</strong></span> <span class='ocrx_word' id='word_1_125' title='bbox 1390 1721 1458 1774; x_wconf 90' lang='lat' dir='ltr'><strong>ad</strong></span> <span class='ocrx_word' id='word_1_126' title='bbox 1489 1720 1827 1777; x_wconf 80' lang='lat' dir='ltr'><strong>-Rotbertum</strong></span> 
     </span>
    </p>
   </div>
   <div class='ocr_carea' id='block_1_20' title="bbox 1928 516 3522 611">
    <p class='ocr_par' dir='ltr' id='par_1_20' title="bbox 1928 516 3522 611">
     <span class='ocr_line' id='line_1_20' title="bbox 1928 516 3522 611; baseline -0.004 -21"><span class='ocrx_word' id='word_1_127' title='bbox 1928 536 2126 590; x_wconf 85' lang='lat' dir='ltr'><strong>bantur</strong></span> <span class='ocrx_word' id='word_1_128' title='bbox 2176 538 2440 602; x_wconf 87' lang='lat' dir='ltr'><strong>homines,</strong></span> <span class='ocrx_word' id='word_1_129' title='bbox 2491 534 2590 590; x_wconf 92' lang='lat' dir='ltr'><strong>sub</strong></span> <span class='ocrx_word' id='word_1_130' title='bbox 2633 531 2877 588; x_wconf 79' lang='lat' dir='ltr'><strong>Rotberti</strong></span> <span class='ocrx_word' id='word_1_131' title='bbox 2921 529 3125 584; x_wconf 91' lang='lat' dir='ltr'><strong>ditione</strong></span> <span class='ocrx_word' id='word_1_132' title='bbox 3168 516 3364 583; x_wconf 24' lang='lat' dir='ltr'><strong>securi.</strong></span> <span class='ocrx_word' id='word_1_133' title='bbox 3390 517 3522 611; x_wconf 27' lang='lat' dir='ltr'><strong>mov;</strong></span> 
     </span>
    </p>
   </div>
   <div class='ocr_carea' id='block_1_21' title="bbox 1929 621 3508 699">
    <p class='ocr_par' dir='ltr' id='par_1_21' title="bbox 1929 621 3508 699">
     <span class='ocr_line' id='line_1_21' title="bbox 1929 621 3508 699; baseline -0.004 -17"><span class='ocrx_word' id='word_1_134' title='bbox 1929 639 2140 694; x_wconf 88' lang='lat' dir='ltr'><strong>rantes;</strong></span> <span class='ocrx_word' id='word_1_135' title='bbox 2192 629 2594 699; x_wconf 82' lang='lat' dir='ltr'><strong>locupletesque</strong></span> <span class='ocrx_word' id='word_1_136' title='bbox 2637 634 2794 680; x_wconf 90' lang='lat' dir='ltr'><strong>erant</strong></span> <span class='ocrx_word' id='word_1_137' title='bbox 2841 623 3090 678; x_wconf 89' lang='lat' dir='ltr'><strong>omnibus</strong></span> <span class='ocrx_word' id='word_1_138' title='bbox 3151 621 3340 684; x_wconf 88' lang='lat' dir='ltr'><strong>bonis,</strong></span> <span class='ocrx_word' id='word_1_139' title='bbox 3399 636 3508 676; x_wconf 89' lang='lat' dir='ltr'><strong>non</strong></span> 
     </span>
    </p>
   </div>
   <div class='ocr_carea' id='block_1_22' title="bbox 1929 711 3522 784">
    <p class='ocr_par' dir='ltr' id='par_1_22' title="bbox 1929 711 3522 784">
     <span class='ocr_line' id='line_1_22' title="bbox 1929 711 3522 784; baseline -0.006 -10"><span class='ocrx_word' id='word_1_140' title='bbox 1929 721 2181 775; x_wconf 87' lang='lat' dir='ltr'><strong>timentes</strong></span> <span class='ocrx_word' id='word_1_141' title='bbox 2217 719 2517 775; x_wconf 78' lang='lat' dir='ltr'><strong>exercitum</strong></span> <span class='ocrx_word' id='word_1_142' title='bbox 2543 717 2704 772; x_wconf 88' lang='lat' dir='ltr'><strong>ullius</strong></span> <span class='ocrx_word' id='word_1_143' title='bbox 2741 714 3072 770; x_wconf 82' lang='lat' dir='ltr'><strong>hostilitatis.</strong></span> <span class='ocrx_word' id='word_1_144' title='bbox 3104 711 3328 767; x_wconf 86' lang='lat' dir='ltr'><strong>Carolus</strong></span> <span class='ocrx_word' id='word_1_145' title='bbox 3356 726 3522 784; x_wconf 36' lang='lat' dir='ltr'><strong>nam:</strong></span> 
     </span>
    </p>
   </div>
   <div class='ocr_carea' id='block_1_23' title="bbox 1927 801 3512 881">
    <p class='ocr_par' dir='ltr' id='par_1_23' title="bbox 1927 801 3512 881">
     <span class='ocr_line' id='line_1_23' title="bbox 1927 801 3512 881; baseline -0.006 -15"><span class='ocrx_word' id='word_1_146' title='bbox 1927 827 2031 881; x_wconf 90' lang='lat' dir='ltr'><strong>que</strong></span> <span class='ocrx_word' id='word_1_147' title='bbox 2062 827 2156 866; x_wconf 77' lang='lat' dir='ltr'><strong>rex</strong></span> <span class='ocrx_word' id='word_1_148' title='bbox 2184 811 2414 881; x_wconf 87' lang='lat' dir='ltr'><strong>quodam</strong></span> <span class='ocrx_word' id='word_1_149' title='bbox 2459 819 2701 878; x_wconf 86' lang='lat' dir='ltr'><strong>tempore</strong></span> <span class='ocrx_word' id='word_1_150' title='bbox 2746 807 2895 861; x_wconf 91' lang='lat' dir='ltr'><strong>misit</strong></span> <span class='ocrx_word' id='word_1_151' title='bbox 2939 806 3073 860; x_wconf 91' lang='lat' dir='ltr'><strong>duos</strong></span> <span class='ocrx_word' id='word_1_152' title='bbox 3122 803 3321 859; x_wconf 87' lang='lat' dir='ltr'><strong>milites</strong></span> <span class='ocrx_word' id='word_1_153' title='bbox 3349 801 3512 857; x_wconf 70' lang='lat' dir='ltr'><strong>Gisltn</strong></span> 
     </span>
    </p>
   </div>
   <div class='ocr_carea' id='block_1_24' title="bbox 1928 895 3513 970">
    <p class='ocr_par' dir='ltr' id='par_1_24' title="bbox 1928 895 3513 970">
     <span class='ocr_line' id='line_1_24' title="bbox 1928 895 3513 970; baseline -0.007 -11"><span class='ocrx_word' id='word_1_154' title='bbox 1928 905 2048 960; x_wconf 76' lang='lat' dir='ltr'><strong>ﬁlia:</strong></span> <span class='ocrx_word' id='word_1_155' title='bbox 2103 921 2249 970; x_wconf 65' lang='lat' dir='ltr'><strong>suae,</strong></span> <span class='ocrx_word' id='word_1_156' title='bbox 2308 903 2566 958; x_wconf 78' lang='lat' dir='ltr'><strong>Rotberto</strong></span> <span class='ocrx_word' id='word_1_157' title='bbox 2607 900 2728 955; x_wconf 90' lang='lat' dir='ltr'><strong>duci</strong></span> <span class='ocrx_word' id='word_1_158' title='bbox 2774 897 3044 954; x_wconf 89' lang='lat' dir='ltr'><strong>connubio</strong></span> <span class='ocrx_word' id='word_1_159' title='bbox 3087 897 3300 951; x_wconf 58' lang='lat' dir='ltr'><strong>vinctae.</strong></span> <span class='ocrx_word' id='word_1_160' title='bbox 3361 895 3513 950; x_wconf 84' lang='lat' dir='ltr'><strong>Gisia</strong></span> 
     </span>
    </p>
   </div>
   <div class='ocr_carea' id='block_1_25' title="bbox 1927 979 3510 1061">
    <p class='ocr_par' dir='ltr' id='par_1_25' title="bbox 1927 979 3510 1061">
     <span class='ocr_line' id='line_1_25' title="bbox 1927 979 3510 1061; baseline -0.008 -10"><span class='ocrx_word' id='word_1_161' title='bbox 1927 1005 2105 1051; x_wconf 88' lang='lat' dir='ltr'><strong>autem</strong></span> <span class='ocrx_word' id='word_1_162' title='bbox 2130 1011 2250 1050; x_wconf 91' lang='lat' dir='ltr'><strong>cum</strong></span> <span class='ocrx_word' id='word_1_163' title='bbox 2283 995 2502 1049; x_wconf 88' lang='lat' dir='ltr'><strong>vidisset</strong></span> <span class='ocrx_word' id='word_1_164' title='bbox 2525 991 2725 1046; x_wconf 88' lang='lat' dir='ltr'><strong>milites</strong></span> <span class='ocrx_word' id='word_1_165' title='bbox 2751 990 2920 1061; x_wconf 85' lang='lat' dir='ltr'><strong>patris</strong></span> <span class='ocrx_word' id='word_1_166' title='bbox 2946 988 3050 1054; x_wconf 90' lang='lat' dir='ltr'><strong>sui,</strong></span> <span class='ocrx_word' id='word_1_167' title='bbox 3071 987 3302 1054; x_wconf 87' lang='lat' dir='ltr'><strong>quadam</strong></span> <span class='ocrx_word' id='word_1_168' title='bbox 3331 979 3510 1050; x_wconf 86' lang='lat' dir='ltr'><strong>demo,</strong></span> 
     </span>
    </p>
   </div>
   <div class='ocr_carea' id='block_1_26' title="bbox 1927 1077 3507 1150">
    <p class='ocr_par' dir='ltr' id='par_1_26' title="bbox 1927 1077 3507 1150">
     <span class='ocr_line' id='line_1_26' title="bbox 1927 1077 3507 1150; baseline -0.009 -6"><span class='ocrx_word' id='word_1_169' title='bbox 1927 1104 1996 1144; x_wconf 88' lang='lat' dir='ltr'><strong>ne</strong></span> <span class='ocrx_word' id='word_1_170' title='bbox 2034 1089 2347 1144; x_wconf 83' lang='lat' dir='ltr'><strong>viderentur</strong></span> <span class='ocrx_word' id='word_1_171' title='bbox 2392 1102 2422 1140; x_wconf 90' lang='lat' dir='ltr'><strong>a</strong></span> <span class='ocrx_word' id='word_1_172' title='bbox 2467 1082 2730 1139; x_wconf 83' lang='lat' dir='ltr'><strong>Rotbcrto</strong></span> <span class='ocrx_word' id='word_1_173' title='bbox 2775 1097 2872 1138; x_wconf 88' lang='lat' dir='ltr'><strong>suo</strong></span> <span class='ocrx_word' id='word_1_174' title='bbox 2915 1079 3141 1150; x_wconf 90' lang='lat' dir='ltr'><strong>conjuge</strong></span> <span class='ocrx_word' id='word_1_175' title='bbox 3167 1119 3182 1145; x_wconf 96' lang='lat'><strong>,</strong></span> <span class='ocrx_word' id='word_1_176' title='bbox 3232 1077 3507 1148; x_wconf 86' lang='lat' dir='ltr'><strong>seposuit;</strong></span> 
     </span>
    </p>
   </div>
   <div class='ocr_carea' id='block_1_27' title="bbox 1929 1170 3508 1253">
    <p class='ocr_par' dir='ltr' id='par_1_27' title="bbox 1929 1170 3508 1253">
     <span class='ocr_line' id='line_1_27' title="bbox 1929 1170 3508 1253; baseline -0.008 -16"><span class='ocrx_word' id='word_1_177' title='bbox 1929 1190 2233 1253; x_wconf 83' lang='lat' dir='ltr'><strong>cunctaque</strong></span> <span class='ocrx_word' id='word_1_178' title='bbox 2262 1181 2400 1234; x_wconf 90' lang='lat' dir='ltr'><strong>bona</strong></span> <span class='ocrx_word' id='word_1_179' title='bbox 2427 1177 2530 1232; x_wconf 91' lang='lat' dir='ltr'><strong>illis</strong></span> <span class='ocrx_word' id='word_1_180' title='bbox 2550 1177 2806 1248; x_wconf 80' lang='lat' dir='ltr'><strong>largiens,</strong></span> <span class='ocrx_word' id='word_1_181' title='bbox 2831 1173 2990 1228; x_wconf 89' lang='lat' dir='ltr'><strong>nimis</strong></span> <span class='ocrx_word' id='word_1_182' title='bbox 3015 1172 3103 1227; x_wconf 91' lang='lat' dir='ltr'><strong>diu</strong></span> <span class='ocrx_word' id='word_1_183' title='bbox 3133 1172 3331 1226; x_wconf 90' lang='lat' dir='ltr'><strong>morari</strong></span> <span class='ocrx_word' id='word_1_184' title='bbox 3360 1170 3508 1226; x_wconf 80' lang='lat' dir='ltr'><strong>fecit.</strong></span> 
     </span>
    </p>
   </div>
   <div class='ocr_carea' id='block_1_28' title="bbox 1929 1261 3511 1336">
    <p class='ocr_par' dir='ltr' id='par_1_28' title="bbox 1929 1261 3511 1336">
     <span class='ocr_line' id='line_1_28' title="bbox 1929 1261 3511 1336; baseline -0.008 -8"><span class='ocrx_word' id='word_1_185' title='bbox 1929 1271 2257 1328; x_wconf 81' lang='lat' dir='ltr'><strong>Rotbertidae</strong></span> <span class='ocrx_word' id='word_1_186' title='bbox 2286 1270 2510 1324; x_wconf 85' lang='lat' dir='ltr'><strong>comites</strong></span> <span class='ocrx_word' id='word_1_187' title='bbox 2539 1269 2870 1322; x_wconf 86' lang='lat' dir='ltr'><strong>admirantes</strong></span> <span class='ocrx_word' id='word_1_188' title='bbox 2894 1265 3038 1336; x_wconf 92' lang='lat' dir='ltr'><strong>quod</strong></span> <span class='ocrx_word' id='word_1_189' title='bbox 3092 1264 3289 1317; x_wconf 86' lang='lat' dir='ltr'><strong>milites</strong></span> <span class='ocrx_word' id='word_1_190' title='bbox 3331 1261 3511 1316; x_wconf 88' lang='lat' dir='ltr'><strong>Caroli</strong></span> 
     </span>
    </p>
   </div>
   <div class='ocr_carea' id='block_1_29' title="bbox 1930 1352 3512 1432">
    <p class='ocr_par' dir='ltr' id='par_1_29' title="bbox 1930 1352 3512 1432">
     <span class='ocr_line' id='line_1_29' title="bbox 1930 1352 3512 1432; baseline -0.006 -16"><span class='ocrx_word' id='word_1_191' title='bbox 1930 1362 2072 1432; x_wconf 87' lang='lat' dir='ltr'><strong>regis</strong></span> <span class='ocrx_word' id='word_1_192' title='bbox 2128 1361 2398 1414; x_wconf 77' lang='lat' dir='ltr'><strong>Rothomo</strong></span> <span class='ocrx_word' id='word_1_193' title='bbox 2439 1367 2811 1422; x_wconf 88' lang='lat' dir='ltr'><strong>morarentur,</strong></span> <span class='ocrx_word' id='word_1_194' title='bbox 2841 1365 2896 1411; x_wconf 91' lang='lat' dir='ltr'><strong>et</strong></span> <span class='ocrx_word' id='word_1_195' title='bbox 2941 1355 3213 1425; x_wconf 85' lang='lat' dir='ltr'><strong>presentia</strong></span> <span class='ocrx_word' id='word_1_196' title='bbox 3262 1352 3512 1408; x_wconf 73' lang='lat' dir='ltr'><strong>ltotberti</strong></span> 
     </span>
    </p>
   </div>
   <div class='ocr_carea' id='block_1_30' title="bbox 1930 1444 3511 1514">
    <p class='ocr_par' dir='ltr' id='par_1_30' title="bbox 1930 1444 3511 1514">
     <span class='ocr_line' id='line_1_30' title="bbox 1930 1444 3511 1514; baseline -0.007 -6"><span class='ocrx_word' id='word_1_197' title='bbox 1930 1453 2081 1508; x_wconf 91' lang='lat' dir='ltr'><strong>ducis</strong></span> <span class='ocrx_word' id='word_1_198' title='bbox 2125 1467 2230 1506; x_wconf 87' lang='lat' dir='ltr'><strong>non</strong></span> <span class='ocrx_word' id='word_1_199' title='bbox 2283 1451 2611 1514; x_wconf 80' lang='lat' dir='ltr'><strong>fruerentur,</strong></span> <span class='ocrx_word' id='word_1_200' title='bbox 2646 1456 2906 1504; x_wconf 88' lang='lat' dir='ltr'><strong>venerunt</strong></span> <span class='ocrx_word' id='word_1_201' title='bbox 2953 1447 3019 1500; x_wconf 90' lang='lat' dir='ltr'><strong>ad</strong></span> <span class='ocrx_word' id='word_1_202' title='bbox 3069 1461 3214 1508; x_wconf 85' lang='lat' dir='ltr'><strong>cum,</strong></span> <span class='ocrx_word' id='word_1_203' title='bbox 3262 1452 3316 1499; x_wconf 93' lang='lat' dir='ltr'><strong>et</strong></span> <span class='ocrx_word' id='word_1_204' title='bbox 3359 1444 3511 1499; x_wconf 76' lang='lat' dir='ltr'><strong>dixe-</strong></span> 
     </span>
    </p>
   </div>
   <div class='ocr_carea' id='block_1_31' title="bbox 1930 1537 3512 1611">
    <p class='ocr_par' dir='ltr' id='par_1_31' title="bbox 1930 1537 3512 1611">
     <span class='ocr_line' id='line_1_31' title="bbox 1930 1537 3512 1611; baseline -0.004 -15"><span class='ocrx_word' id='word_1_205' title='bbox 1930 1550 2058 1597; x_wconf 89' lang='lat' dir='ltr'><strong>runt</strong></span> <span class='ocrx_word' id='word_1_206' title='bbox 2097 1558 2108 1593; x_wconf 89' lang='lat'><strong>:</strong></span> <span class='ocrx_word' id='word_1_207' title='bbox 2148 1559 2166 1592; x_wconf 75' lang='grc' dir='ltr'>ι</span> <span class='ocrx_word' id='word_1_208' title='bbox 2198 1540 2307 1596; x_wconf 89' lang='lat' dir='ltr'><strong>Cur</strong></span> <span class='ocrx_word' id='word_1_209' title='bbox 2351 1543 2507 1597; x_wconf 88' lang='lat' dir='ltr'><strong>nobis</strong></span> <span class='ocrx_word' id='word_1_210' title='bbox 2533 1541 2675 1611; x_wconf 90' lang='lat' dir='ltr'><strong>quod</strong></span> <span class='ocrx_word' id='word_1_211' title='bbox 2702 1539 2970 1594; x_wconf 74' lang='lat' dir='ltr'><strong>Carolidze</strong></span> <span class='ocrx_word' id='word_1_212' title='bbox 3000 1538 3093 1593; x_wconf 91' lang='lat' dir='ltr'><strong>tibi</strong></span> <span class='ocrx_word' id='word_1_213' title='bbox 3124 1537 3377 1591; x_wconf 80' lang='lat' dir='ltr'><strong>dixerunt</strong></span> <span class='ocrx_word' id='word_1_214' title='bbox 3403 1552 3512 1590; x_wconf 89' lang='lat' dir='ltr'><strong>non</strong></span> 
     </span>
    </p>
   </div>
   <div class='ocr_carea' id='block_1_32' title="bbox 1931 1619 3546 1706">
    <p class='ocr_par' dir='ltr' id='par_1_32' title="bbox 1931 1619 3546 1706">
     <span class='ocr_line' id='line_1_32' title="bbox 1931 1619 3546 1706; baseline -0.002 -20"><span class='ocrx_word' id='word_1_215' title='bbox 1931 1621 2247 1686; x_wconf 87' lang='lat' dir='ltr'><strong>innotuisti?</strong></span> <span class='ocrx_word' id='word_1_216' title='bbox 2295 1652 2312 1684; x_wconf 78' lang='grc' dir='ltr'><strong><em>ι</em></strong></span> <span class='ocrx_word' id='word_1_217' title='bbox 2351 1619 2645 1686; x_wconf 81' lang='lat' dir='ltr'><strong>Rotbertus</strong></span> <span class='ocrx_word' id='word_1_218' title='bbox 2678 1649 2690 1684; x_wconf 89' lang='lat'><strong>:</strong></span> <span class='ocrx_word' id='word_1_219' title='bbox 2721 1649 2739 1682; x_wconf 85' lang='grc'><em>‹</em></span> <span class='ocrx_word' id='word_1_220' title='bbox 2785 1629 2886 1685; x_wconf 87' lang='lat' dir='ltr'><strong>Ubi</strong></span> <span class='ocrx_word' id='word_1_221' title='bbox 2928 1635 3054 1684; x_wconf 89' lang='lat' dir='ltr'><strong>sunt</strong></span> <span class='ocrx_word' id='word_1_222' title='bbox 3099 1627 3270 1682; x_wconf 90' lang='lat' dir='ltr'><strong>soceri</strong></span> <span class='ocrx_word' id='word_1_223' title='bbox 3305 1627 3411 1681; x_wconf 90' lang='lat' dir='ltr'><strong>mei</strong></span> <span class='ocrx_word' id='word_1_224' title='bbox 3440 1625 3546 1706; x_wconf 26' lang='lat' dir='ltr'><strong>lea.</strong></span> 
     </span>
    </p>
   </div>
   <div class='ocr_carea' id='block_1_33' title="bbox 1931 1716 3506 1794">
    <p class='ocr_par' dir='ltr' id='par_1_33' title="bbox 1931 1716 3506 1794">
     <span class='ocr_line' id='line_1_33' title="bbox 1931 1716 3506 1794; baseline -0.004 -17"><span class='ocrx_word' id='word_1_225' title='bbox 1931 1724 2076 1794; x_wconf 82' lang='lat' dir='ltr'><strong>gati?</strong></span> <span class='ocrx_word' id='word_1_226' title='bbox 2108 1743 2126 1777; x_wconf 86' lang='grc'><strong>›</strong></span> <span class='ocrx_word' id='word_1_227' title='bbox 2157 1723 2572 1794; x_wconf 79' lang='lat' dir='ltr'><strong>Responderunt</strong></span> <span class='ocrx_word' id='word_1_228' title='bbox 2598 1737 2610 1776; x_wconf 93' lang='lat'>:</span> <span class='ocrx_word' id='word_1_229' title='bbox 2643 1739 2661 1772; x_wconf 74' lang='grc' dir='ltr'><strong><em>ι</em></strong></span> <span class='ocrx_word' id='word_1_230' title='bbox 2702 1720 2935 1776; x_wconf 74' lang='lat' dir='ltr'><strong>Uxorius</strong></span> <span class='ocrx_word' id='word_1_231' title='bbox 2961 1733 3040 1783; x_wconf 90' lang='lat' dir='ltr'><strong>es,</strong></span> <span class='ocrx_word' id='word_1_232' title='bbox 3063 1716 3506 1782; x_wconf 83' lang='lat' dir='ltr'><strong>cteﬁ‘eminatus;</strong></span> 
     </span>
    </p>
   </div>
   <div class='ocr_carea' id='block_1_34' title="bbox 235 1806 3507 1883">
    <p class='ocr_par' dir='ltr' id='par_1_34' title="bbox 235 1806 3507 1883">
     <span class='ocr_line' id='line_1_34' title="bbox 235 1806 3507 1883; baseline -0.003 -16"><span class='ocrx_word' id='word_1_233' title='bbox 235 1813 456 1877; x_wconf 89' lang='lat' dir='ltr'><strong>ducem,</strong></span> <span class='ocrx_word' id='word_1_234' title='bbox 488 1820 542 1866; x_wconf 94' lang='lat' dir='ltr'><strong>et</strong></span> <span class='ocrx_word' id='word_1_235' title='bbox 567 1812 680 1881; x_wconf 90' lang='lat' dir='ltr'><strong>ipse</strong></span> <span class='ocrx_word' id='word_1_236' title='bbox 719 1811 882 1865; x_wconf 81' lang='lat' dir='ltr'><strong>faciet</strong></span> <span class='ocrx_word' id='word_1_237' title='bbox 907 1812 1016 1866; x_wconf 91' lang='lat' dir='ltr'><strong>cito</strong></span> <span class='ocrx_word' id='word_1_238' title='bbox 1065 1820 1116 1867; x_wconf 90' lang='lat' dir='ltr'><strong>te</strong></span> <span class='ocrx_word' id='word_1_239' title='bbox 1161 1822 1454 1867; x_wconf 88' lang='lat' dir='ltr'><strong>aratorem.</strong></span> <span class='ocrx_word' id='word_1_240' title='bbox 1505 1832 1524 1865; x_wconf 74' lang='grc' dir='ltr'><strong><em>ι</em></strong></span> <span class='ocrx_word' id='word_1_241' title='bbox 1559 1812 1651 1866; x_wconf 89' lang='lat' dir='ltr'><strong>llle</strong></span> <span class='ocrx_word' id='word_1_242' title='bbox 1689 1814 1827 1870; x_wconf 92' lang='lat' dir='ltr'><strong>citus</strong></span> <span class='ocrx_word' id='word_1_243' title='bbox 1857 1811 1902 1870; x_wconf 85' lang='grc' dir='ltr'><strong>Β</strong></span> <span class='ocrx_word' id='word_1_244' title='bbox 1929 1813 2056 1883; x_wconf 86' lang='lat' dir='ltr'><strong>quia</strong></span> <span class='ocrx_word' id='word_1_245' title='bbox 2089 1821 2233 1867; x_wconf 88' lang='lat' dir='ltr'><strong>tuam</strong></span> <span class='ocrx_word' id='word_1_246' title='bbox 2262 1813 2589 1882; x_wconf 89' lang='lat' dir='ltr'><strong>presentiam</strong></span> <span class='ocrx_word' id='word_1_247' title='bbox 2620 1813 2871 1872; x_wconf 85' lang='lat' dir='ltr'><strong>vitantes,</strong></span> <span class='ocrx_word' id='word_1_248' title='bbox 2899 1806 3054 1862; x_wconf 80' lang='lat' dir='ltr'><strong>uxori</strong></span> <span class='ocrx_word' id='word_1_249' title='bbox 3086 1815 3191 1860; x_wconf 86' lang='lat' dir='ltr'><strong>tuae</strong></span> <span class='ocrx_word' id='word_1_250' title='bbox 3230 1807 3447 1861; x_wconf 88' lang='lat' dir='ltr'><strong>adsunt.</strong></span> <span class='ocrx_word' id='word_1_251' title='bbox 3486 1824 3507 1857; x_wconf 75' lang='grc' dir='ltr'><strong><em>ι</em></strong></span> 
     </span>
    </p>
   </div>
   <div class='ocr_carea' id='block_1_35' title="bbox 236 1903 1826 1972">
    <p class='ocr_par' dir='ltr' id='par_1_35' title="bbox 236 1903 1826 1972">
     <span class='ocr_line' id='line_1_35' title="bbox 236 1903 1826 1972; baseline 0.003 -16"><span class='ocrx_word' id='word_1_252' title='bbox 236 1903 308 1956; x_wconf 91' lang='lat' dir='ltr'><strong>ad</strong></span> <span class='ocrx_word' id='word_1_253' title='bbox 338 1903 659 1957; x_wconf 82' lang='lat' dir='ltr'><strong>Rotbertum</strong></span> <span class='ocrx_word' id='word_1_254' title='bbox 692 1903 953 1968; x_wconf 88' lang='lat' dir='ltr'><strong>cucurrit,</strong></span> <span class='ocrx_word' id='word_1_255' title='bbox 995 1911 1157 1972; x_wconf 91' lang='lat' dir='ltr'><strong>atque</strong></span> <span class='ocrx_word' id='word_1_256' title='bbox 1197 1905 1480 1958; x_wconf 88' lang='lat' dir='ltr'><strong>commoda</strong></span> <span class='ocrx_word' id='word_1_257' title='bbox 1527 1905 1692 1960; x_wconf 88' lang='lat' dir='ltr'><strong>aratri</strong></span> <span class='ocrx_word' id='word_1_258' title='bbox 1723 1906 1826 1961; x_wconf 90' lang='lat' dir='ltr'><strong>sibi</strong></span> 
     </span>
    </p>
   </div>
   <div class='ocr_carea' id='block_1_36' title="bbox 235 1991 1826 2052">
    <p class='ocr_par' dir='ltr' id='par_1_36' title="bbox 235 1991 1826 2052">
     <span class='ocr_line' id='line_1_36' title="bbox 235 1991 1826 2052; baseline 0.004 -7"><span class='ocrx_word' id='word_1_259' title='bbox 235 1991 501 2048; x_wconf 75' lang='lat' dir='ltr'><strong>frustrata</strong></span> <span class='ocrx_word' id='word_1_260' title='bbox 563 1993 686 2048; x_wconf 89' lang='lat' dir='ltr'><strong>duci</strong></span> <span class='ocrx_word' id='word_1_261' title='bbox 736 1993 940 2048; x_wconf 88' lang='lat' dir='ltr'><strong>retulit.</strong></span> <span class='ocrx_word' id='word_1_262' title='bbox 991 1993 1135 2049; x_wconf 87' lang='lat' dir='ltr'><strong>Illico</strong></span> <span class='ocrx_word' id='word_1_263' title='bbox 1183 1994 1476 2051; x_wconf 79' lang='lat' dir='ltr'><strong>Rotbertus</strong></span> <span class='ocrx_word' id='word_1_264' title='bbox 1522 2010 1826 2052; x_wconf 85' lang='lat' dir='ltr'><strong>convocans</strong></span> 
     </span>
    </p>
   </div>
   <div class='ocr_carea' id='block_1_37' title="bbox 235 2083 1829 2158">
    <p class='ocr_par' dir='ltr' id='par_1_37' title="bbox 235 2083 1829 2158">
     <span class='ocr_line' id='line_1_37' title="bbox 235 2083 1829 2158; baseline 0.003 -23"><span class='ocrx_word' id='word_1_265' title='bbox 235 2084 526 2151; x_wconf 88' lang='lat' dir='ltr'><strong>quemdam</strong></span> <span class='ocrx_word' id='word_1_266' title='bbox 554 2083 918 2152; x_wconf 60' lang='lat' dir='ltr'><strong>praepositum,</strong></span> <span class='ocrx_word' id='word_1_267' title='bbox 949 2085 1087 2138; x_wconf 79' lang='lat' dir='ltr'><strong>dixit</strong></span> <span class='ocrx_word' id='word_1_268' title='bbox 1117 2086 1184 2140; x_wconf 93' lang='lat' dir='ltr'><strong>ad</strong></span> <span class='ocrx_word' id='word_1_269' title='bbox 1213 2100 1336 2140; x_wconf 87' lang='lat' dir='ltr'><strong>eum</strong></span> <span class='ocrx_word' id='word_1_270' title='bbox 1367 2099 1382 2138; x_wconf 90' lang='lat'><strong>:</strong></span> <span class='ocrx_word' id='word_1_271' title='bbox 1418 2104 1436 2137; x_wconf 67' lang='grc' dir='ltr'><strong><em>ι</em></strong></span> <span class='ocrx_word' id='word_1_272' title='bbox 1472 2086 1550 2140; x_wconf 90' lang='lat' dir='ltr'><strong>Da</strong></span> <span class='ocrx_word' id='word_1_273' title='bbox 1587 2087 1829 2158; x_wconf 85' lang='lat' dir='ltr'><strong>quinque</strong></span> 
     </span>
    </p>
   </div>
   <div class='ocr_carea' id='block_1_38' title="bbox 235 2174 1830 2246">
    <p class='ocr_par' dir='ltr' id='par_1_38' title="bbox 235 2174 1830 2246">
     <span class='ocr_line' id='line_1_38' title="bbox 235 2174 1830 2246; baseline 0.003 -18"><span class='ocrx_word' id='word_1_274' title='bbox 235 2174 440 2229; x_wconf 87' lang='lat' dir='ltr'><strong>solidos</strong></span> <span class='ocrx_word' id='word_1_275' title='bbox 487 2174 576 2228; x_wconf 92' lang='lat' dir='ltr'><strong>isti</strong></span> <span class='ocrx_word' id='word_1_276' title='bbox 625 2174 910 2245; x_wconf 63' lang='lat' dir='ltr'><strong>agricolae,</strong></span> <span class='ocrx_word' id='word_1_277' title='bbox 958 2176 1157 2244; x_wconf 90' lang='lat' dir='ltr'><strong>quibus</strong></span> <span class='ocrx_word' id='word_1_278' title='bbox 1197 2177 1370 2245; x_wconf 85' lang='lat' dir='ltr'><strong>possit</strong></span> <span class='ocrx_word' id='word_1_279' title='bbox 1418 2191 1538 2246; x_wconf 83' lang='lat' dir='ltr'><strong>quae</strong></span> <span class='ocrx_word' id='word_1_280' title='bbox 1595 2176 1830 2246; x_wconf 87' lang='lat' dir='ltr'><strong>perdidit</strong></span> 
     </span>
    </p>
   </div>
   <div class='ocr_carea' id='block_1_39' title="bbox 235 2264 1828 2337">
    <p class='ocr_par' dir='ltr' id='par_1_39' title="bbox 235 2264 1828 2337">
     <span class='ocr_line' id='line_1_39' title="bbox 235 2264 1828 2337; baseline 0.003 -19"><span class='ocrx_word' id='word_1_281' title='bbox 235 2279 440 2319; x_wconf 88' lang='lat' dir='ltr'><strong>emere.</strong></span> <span class='ocrx_word' id='word_1_282' title='bbox 478 2264 556 2318; x_wconf 89' lang='lat' dir='ltr'><strong>Tu</strong></span> <span class='ocrx_word' id='word_1_283' title='bbox 585 2265 906 2333; x_wconf 85' lang='lat' dir='ltr'><strong>quantocius</strong></span> <span class='ocrx_word' id='word_1_284' title='bbox 944 2266 1126 2320; x_wconf 86' lang='lat' dir='ltr'><strong>villam</strong></span> <span class='ocrx_word' id='word_1_285' title='bbox 1154 2275 1306 2337; x_wconf 90' lang='lat' dir='ltr'><strong>pete,</strong></span> <span class='ocrx_word' id='word_1_286' title='bbox 1341 2275 1502 2336; x_wconf 88' lang='lat' dir='ltr'><strong>atque</strong></span> <span class='ocrx_word' id='word_1_287' title='bbox 1551 2277 1828 2322; x_wconf 84' lang='lat' dir='ltr'><strong>auctorem</strong></span> 
     </span>
    </p>
   </div>
   <div class='ocr_carea' id='block_1_40' title="bbox 233 2355 1827 2428">
    <p class='ocr_par' dir='ltr' id='par_1_40' title="bbox 233 2355 1827 2428">
     <span class='ocr_line' id='line_1_40' title="bbox 233 2355 1827 2428; baseline 0.003 -19"><span class='ocrx_word' id='word_1_288' title='bbox 233 2356 368 2410; x_wconf 78' lang='lat' dir='ltr'><strong>furti</strong></span> <span class='ocrx_word' id='word_1_289' title='bbox 411 2355 640 2428; x_wconf 80' lang='lat' dir='ltr'><strong>ignifero</strong></span> <span class='ocrx_word' id='word_1_290' title='bbox 678 2357 884 2427; x_wconf 84' lang='lat' dir='ltr'><strong>judicio</strong></span> <span class='ocrx_word' id='word_1_291' title='bbox 929 2358 1159 2428; x_wconf 89' lang='lat' dir='ltr'><strong>inquire.</strong></span> <span class='ocrx_word' id='word_1_292' title='bbox 1197 2379 1216 2411; x_wconf 71' lang='grc' dir='ltr'><strong><em>ι</em></strong></span> <span class='ocrx_word' id='word_1_293' title='bbox 1248 2359 1475 2414; x_wconf 79' lang='lat' dir='ltr'><strong>Villicus</strong></span> <span class='ocrx_word' id='word_1_294' title='bbox 1514 2375 1642 2414; x_wconf 89' lang='lat' dir='ltr'><strong>vero</strong></span> <span class='ocrx_word' id='word_1_295' title='bbox 1671 2360 1827 2415; x_wconf 83' lang='lat' dir='ltr'><strong>habi-</strong></span> 
     </span>
    </p>
   </div>
   <div class='ocr_carea' id='block_1_41' title="bbox 232 2446 1830 2519">
    <p class='ocr_par' dir='ltr' id='par_1_41' title="bbox 232 2446 1830 2519">
     <span class='ocr_line' id='line_1_41' title="bbox 232 2446 1830 2519; baseline 0.002 -19"><span class='ocrx_word' id='word_1_296' title='bbox 232 2455 448 2500; x_wconf 88' lang='lat' dir='ltr'><strong>tatores</strong></span> <span class='ocrx_word' id='word_1_297' title='bbox 499 2446 638 2502; x_wconf 78' lang='lat' dir='ltr'><strong>villa:</strong></span> <span class='ocrx_word' id='word_1_298' title='bbox 685 2456 912 2502; x_wconf 90' lang='lat' dir='ltr'><strong>cunctos</strong></span> <span class='ocrx_word' id='word_1_299' title='bbox 959 2450 1082 2518; x_wconf 90' lang='lat' dir='ltr'><strong>igne</strong></span> <span class='ocrx_word' id='word_1_300' title='bbox 1115 2449 1466 2514; x_wconf 80' lang='lat' dir='ltr'><strong>examinavit,</strong></span> <span class='ocrx_word' id='word_1_301' title='bbox 1518 2449 1830 2519; x_wconf 90' lang='lat' dir='ltr'><strong>nullumque</strong></span> 
     </span>
    </p>
   </div>
   <div class='ocr_carea' id='block_1_42' title="bbox 230 2536 1832 2608">
    <p class='ocr_par' dir='ltr' id='par_1_42' title="bbox 230 2536 1832 2608">
     <span class='ocr_line' id='line_1_42' title="bbox 230 2536 1832 2608; baseline 0.004 -19"><span class='ocrx_word' id='word_1_302' title='bbox 230 2536 454 2592; x_wconf 88' lang='lat' dir='ltr'><strong>illorum</strong></span> <span class='ocrx_word' id='word_1_303' title='bbox 518 2536 648 2592; x_wconf 81' lang='lat' dir='ltr'><strong>furti</strong></span> <span class='ocrx_word' id='word_1_304' title='bbox 709 2552 860 2592; x_wconf 89' lang='lat' dir='ltr'><strong>reum</strong></span> <span class='ocrx_word' id='word_1_305' title='bbox 927 2540 1236 2608; x_wconf 88' lang='lat' dir='ltr'><strong>reperiens,</strong></span> <span class='ocrx_word' id='word_1_306' title='bbox 1298 2539 1511 2595; x_wconf 78' lang='lat' dir='ltr'><strong>Rolloni</strong></span> <span class='ocrx_word' id='word_1_307' title='bbox 1567 2540 1692 2595; x_wconf 89' lang='lat' dir='ltr'><strong>duci</strong></span> <span class='ocrx_word' id='word_1_308' title='bbox 1747 2555 1832 2595; x_wconf 90' lang='lat' dir='ltr'><strong>re-</strong></span> 
     </span>
    </p>
   </div>
   <div class='ocr_carea' id='block_1_43' title="bbox 231 2626 1830 2700">
    <p class='ocr_par' dir='ltr' id='par_1_43' title="bbox 231 2626 1830 2700">
     <span class='ocr_line' id='line_1_43' title="bbox 231 2626 1830 2700; baseline 0.003 -19"><span class='ocrx_word' id='word_1_309' title='bbox 231 2627 525 2681; x_wconf 86' lang='lat' dir='ltr'><strong>nuntiavit.</strong></span> <span class='ocrx_word' id='word_1_310' title='bbox 584 2626 685 2694; x_wconf 88' lang='lat' dir='ltr'><strong>Qui</strong></span> <span class='ocrx_word' id='word_1_311' title='bbox 728 2642 1034 2683; x_wconf 87' lang='lat' dir='ltr'><strong>convocans</strong></span> <span class='ocrx_word' id='word_1_312' title='bbox 1081 2628 1418 2684; x_wconf 87' lang='lat' dir='ltr'><strong>Franconem</strong></span> <span class='ocrx_word' id='word_1_313' title='bbox 1464 2630 1830 2700; x_wconf 86' lang='lat' dir='ltr'><strong>archiepisco-</strong></span> 
     </span>
    </p>
   </div>
   <div class='ocr_carea' id='block_1_44' title="bbox 232 2720 1830 2795">
    <p class='ocr_par' dir='ltr' id='par_1_44' title="bbox 232 2720 1830 2795">
     <span class='ocr_line' id='line_1_44' title="bbox 232 2720 1830 2795; baseline 0.004 -22"><span class='ocrx_word' id='word_1_314' title='bbox 232 2735 365 2791; x_wconf 88' lang='lat' dir='ltr'><strong>pum</strong></span> <span class='ocrx_word' id='word_1_315' title='bbox 398 2720 571 2776; x_wconf 75' lang='lat' dir='ltr'><strong>dixit:</strong></span> <span class='ocrx_word' id='word_1_316' title='bbox 604 2739 623 2771; x_wconf 85' lang='grc'><strong><em>‹</em></strong></span> <span class='ocrx_word' id='word_1_317' title='bbox 670 2720 813 2776; x_wconf 91' lang='lat' dir='ltr'><strong>Deus</strong></span> <span class='ocrx_word' id='word_1_318' title='bbox 851 2723 1293 2789; x_wconf 80' lang='lat' dir='ltr'><strong>Christianorum,</strong></span> <span class='ocrx_word' id='word_1_319' title='bbox 1329 2725 1384 2778; x_wconf 89' lang='lat' dir='ltr'><strong>in</strong></span> <span class='ocrx_word' id='word_1_320' title='bbox 1428 2724 1582 2795; x_wconf 87' lang='lat' dir='ltr'><strong>cujus</strong></span> <span class='ocrx_word' id='word_1_321' title='bbox 1612 2725 1830 2779; x_wconf 87' lang='lat' dir='ltr'><strong>nomine</strong></span> 
     </span>
    </p>
   </div>
   <div class='ocr_carea' id='block_1_45' title="bbox 230 2810 1831 2879">
    <p class='ocr_par' dir='ltr' id='par_1_45' title="bbox 230 2810 1831 2879">
     <span class='ocr_line' id='line_1_45' title="bbox 230 2810 1831 2879; baseline 0.001 -14"><span class='ocrx_word' id='word_1_322' title='bbox 230 2810 542 2879; x_wconf 80' lang='lat' dir='ltr'><strong>baptizatus</strong></span> <span class='ocrx_word' id='word_1_323' title='bbox 564 2825 704 2877; x_wconf 90' lang='lat' dir='ltr'><strong>sum,</strong></span> <span class='ocrx_word' id='word_1_324' title='bbox 732 2811 776 2865; x_wconf 91' lang='lat' dir='ltr'><strong>si</strong></span> <span class='ocrx_word' id='word_1_325' title='bbox 812 2819 897 2866; x_wconf 90' lang='lat' dir='ltr'><strong>est</strong></span> <span class='ocrx_word' id='word_1_326' title='bbox 923 2813 1171 2868; x_wconf 91' lang='lat' dir='ltr'><strong>conscius</strong></span> <span class='ocrx_word' id='word_1_327' title='bbox 1204 2829 1406 2879; x_wconf 88' lang='lat' dir='ltr'><strong>rerum,</strong></span> <span class='ocrx_word' id='word_1_328' title='bbox 1453 2813 1586 2868; x_wconf 89' lang='lat' dir='ltr'><strong>mihi</strong></span> <span class='ocrx_word' id='word_1_329' title='bbox 1633 2814 1831 2867; x_wconf 91' lang='lat' dir='ltr'><strong>mirum</strong></span> 
     </span>
    </p>
   </div>
   <div class='ocr_carea' id='block_1_46' title="bbox 232 2903 1830 2976">
    <p class='ocr_par' dir='ltr' id='par_1_46' title="bbox 232 2903 1830 2976">
     <span class='ocr_line' id='line_1_46' title="bbox 232 2903 1830 2976; baseline 0.001 -20"><span class='ocrx_word' id='word_1_330' title='bbox 232 2917 337 2956; x_wconf 92' lang='lat' dir='ltr'><strong>cur</strong></span> <span class='ocrx_word' id='word_1_331' title='bbox 389 2918 492 2956; x_wconf 91' lang='lat' dir='ltr'><strong>non</strong></span> <span class='ocrx_word' id='word_1_332' title='bbox 529 2903 760 2959; x_wconf 90' lang='lat' dir='ltr'><strong>innotuit</strong></span> <span class='ocrx_word' id='word_1_333' title='bbox 795 2919 892 2958; x_wconf 90' lang='lat' dir='ltr'><strong>suo</strong></span> <span class='ocrx_word' id='word_1_334' title='bbox 942 2905 1160 2960; x_wconf 89' lang='lat' dir='ltr'><strong>nomine</strong></span> <span class='ocrx_word' id='word_1_335' title='bbox 1207 2905 1329 2976; x_wconf 86' lang='lat' dir='ltr'><strong>igne</strong></span> <span class='ocrx_word' id='word_1_336' title='bbox 1378 2914 1641 2960; x_wconf 89' lang='lat' dir='ltr'><strong>tentatum</strong></span> <span class='ocrx_word' id='word_1_337' title='bbox 1675 2905 1830 2960; x_wconf 86' lang='lat' dir='ltr'><strong>nobis</strong></span> 
     </span>
    </p>
   </div>
   <div class='ocr_carea' id='block_1_47' title="bbox 234 2995 1831 3070">
    <p class='ocr_par' dir='ltr' id='par_1_47' title="bbox 234 2995 1831 3070">
     <span class='ocr_line' id='line_1_47' title="bbox 234 2995 1831 3070; baseline 0.003 -22"><span class='ocrx_word' id='word_1_338' title='bbox 234 2995 376 3050; x_wconf 82' lang='lat' dir='ltr'><strong>furti</strong></span> <span class='ocrx_word' id='word_1_339' title='bbox 431 3011 602 3050; x_wconf 87' lang='lat' dir='ltr'><strong>reum.</strong></span> <span class='ocrx_word' id='word_1_340' title='bbox 652 3014 670 3048; x_wconf 75' lang='grc' dir='ltr'><strong><em>ι</em></strong></span> <span class='ocrx_word' id='word_1_341' title='bbox 717 2997 974 3053; x_wconf 86' lang='lat' dir='ltr'><strong>France:</strong></span> <span class='ocrx_word' id='word_1_342' title='bbox 1021 3017 1038 3050; x_wconf 74' lang='grc' dir='ltr'>ι</span> <span class='ocrx_word' id='word_1_343' title='bbox 1091 2999 1284 3053; x_wconf 89' lang='lat' dir='ltr'><strong>Adhud</strong></span> <span class='ocrx_word' id='word_1_344' title='bbox 1326 2999 1465 3070; x_wconf 86' lang='lat' dir='ltr'><strong>ignis</strong></span> <span class='ocrx_word' id='word_1_345' title='bbox 1509 2997 1831 3069; x_wconf 87' lang='lat' dir='ltr'><strong>culpabilem</strong></span> 
     </span>
    </p>
   </div>
   <div class='ocr_carea' id='block_1_48' title="bbox 235 3087 1828 3160">
    <p class='ocr_par' dir='ltr' id='par_1_48' title="bbox 235 3087 1828 3160">
     <span class='ocr_line' id='line_1_48' title="bbox 235 3087 1828 3160; baseline 0.003 -20"><span class='ocrx_word' id='word_1_346' title='bbox 235 3101 349 3141; x_wconf 85' lang='lat' dir='ltr'><strong>non</strong></span> <span class='ocrx_word' id='word_1_347' title='bbox 393 3087 584 3158; x_wconf 81' lang='lat' dir='ltr'><strong>tetigit.</strong></span> <span class='ocrx_word' id='word_1_348' title='bbox 626 3106 644 3139; x_wconf 76' lang='grc' dir='ltr'><strong><em>ι</em></strong></span> <span class='ocrx_word' id='word_1_349' title='bbox 681 3088 745 3142; x_wconf 86' lang='lat' dir='ltr'><strong>Et</strong></span> <span class='ocrx_word' id='word_1_350' title='bbox 777 3088 1070 3144; x_wconf 81' lang='lat' dir='ltr'><strong>Rutbertus</strong></span> <span class='ocrx_word' id='word_1_351' title='bbox 1101 3090 1165 3144; x_wconf 91' lang='lat' dir='ltr'><strong>ad</strong></span> <span class='ocrx_word' id='word_1_352' title='bbox 1195 3091 1539 3160; x_wconf 57' lang='lat' dir='ltr'><strong>prapositum</strong></span> <span class='ocrx_word' id='word_1_353' title='bbox 1583 3107 1595 3144; x_wconf 88' lang='lat'><strong>:</strong></span> <span class='ocrx_word' id='word_1_354' title='bbox 1627 3109 1646 3141; x_wconf 73' lang='grc' dir='ltr'><strong><em>ς</em></strong></span> <span class='ocrx_word' id='word_1_355' title='bbox 1683 3090 1828 3145; x_wconf 85' lang='lat' dir='ltr'><strong>Vade</strong></span> 
     </span>
    </p>
   </div>
   <div class='ocr_carea' id='block_1_49' title="bbox 240 3175 1824 3247">
    <p class='ocr_par' dir='ltr' id='par_1_49' title="bbox 240 3175 1824 3247">
     <span class='ocr_line' id='line_1_49' title="bbox 240 3175 1824 3247; baseline 0.005 -19"><span class='ocrx_word' id='word_1_356' title='bbox 240 3176 448 3229; x_wconf 89' lang='lat' dir='ltr'><strong>iterum</strong></span> <span class='ocrx_word' id='word_1_357' title='bbox 484 3185 538 3230; x_wconf 90' lang='lat' dir='ltr'><strong>et</strong></span> <span class='ocrx_word' id='word_1_358' title='bbox 585 3175 653 3230; x_wconf 87' lang='lat' dir='ltr'><strong>ad</strong></span> <span class='ocrx_word' id='word_1_359' title='bbox 691 3178 1023 3233; x_wconf 85' lang='lat' dir='ltr'><strong>habitatores</strong></span> <span class='ocrx_word' id='word_1_360' title='bbox 1050 3177 1288 3234; x_wconf 82' lang='lat' dir='ltr'><strong>alliuium</strong></span> <span class='ocrx_word' id='word_1_361' title='bbox 1318 3179 1600 3247; x_wconf 86' lang='lat' dir='ltr'><strong>villarum,</strong></span> <span class='ocrx_word' id='word_1_362' title='bbox 1637 3179 1690 3234; x_wconf 91' lang='lat' dir='ltr'><strong>in</strong></span> <span class='ocrx_word' id='word_1_363' title='bbox 1727 3197 1824 3236; x_wconf 88' lang='lat' dir='ltr'><strong>no-</strong></span> 
     </span>
    </p>
   </div>
   <div class='ocr_carea' id='block_1_50' title="bbox 234 3255 1822 3342">
    <p class='ocr_par' dir='ltr' id='par_1_50' title="bbox 234 3255 1822 3342">
     <span class='ocr_line' id='line_1_50' title="bbox 234 3255 1822 3342; baseline 0.003 -22"><span class='ocrx_word' id='word_1_364' title='bbox 234 3268 390 3322; x_wconf 87' lang='lat' dir='ltr'><strong>mine</strong></span> <span class='ocrx_word' id='word_1_365' title='bbox 434 3266 561 3323; x_wconf 84' lang='lat' dir='ltr'><strong>Jesu</strong></span> <span class='ocrx_word' id='word_1_366' title='bbox 589 3268 789 3324; x_wconf 90' lang='lat' dir='ltr'><strong>Christi</strong></span> <span class='ocrx_word' id='word_1_367' title='bbox 832 3271 1082 3326; x_wconf 83' lang='lat' dir='ltr'><strong>examina</strong></span> <span class='ocrx_word' id='word_1_368' title='bbox 1127 3286 1223 3340; x_wconf 89' lang='lat' dir='ltr'><strong>per</strong></span> <span class='ocrx_word' id='word_1_369' title='bbox 1251 3255 1388 3340; x_wconf 84' lang='lat' dir='ltr'><strong>ignis</strong></span> <span class='ocrx_word' id='word_1_370' title='bbox 1417 3272 1758 3342; x_wconf 88' lang='lat' dir='ltr'><strong>supplicium.</strong></span> <span class='ocrx_word' id='word_1_371' title='bbox 1803 3291 1822 3325; x_wconf 68' lang='grc' dir='ltr'><strong><em>υ</em></strong></span> 
     </span>
    </p>
   </div>
   <div class='ocr_carea' id='block_1_51' title="bbox 235 3357 1831 3430">
    <p class='ocr_par' dir='ltr' id='par_1_51' title="bbox 235 3357 1831 3430">
     <span class='ocr_line' id='line_1_51' title="bbox 235 3357 1831 3430; baseline 0.004 -16"><span class='ocrx_word' id='word_1_372' title='bbox 235 3358 366 3425; x_wconf 85' lang='lat' dir='ltr'><strong>Qui,</strong></span> <span class='ocrx_word' id='word_1_373' title='bbox 387 3357 537 3428; x_wconf 88' lang='lat' dir='ltr'><strong>jussa</strong></span> <span class='ocrx_word' id='word_1_374' title='bbox 578 3361 854 3430; x_wconf 91' lang='lat' dir='ltr'><strong>complens</strong></span> <span class='ocrx_word' id='word_1_375' title='bbox 898 3363 1084 3428; x_wconf 88' lang='lat' dir='ltr'><strong>ducis,</strong></span> <span class='ocrx_word' id='word_1_376' title='bbox 1130 3364 1400 3417; x_wconf 86' lang='lat' dir='ltr'><strong>iutimavit</strong></span> <span class='ocrx_word' id='word_1_377' title='bbox 1452 3364 1724 3418; x_wconf 84' lang='lat' dir='ltr'><strong>nemiuem</strong></span> <span class='ocrx_word' id='word_1_378' title='bbox 1772 3378 1831 3420; x_wconf 90' lang='lat' dir='ltr'><strong>se</strong></span> 
     </span>
    </p>
   </div>
   <div class='ocr_carea' id='block_1_52' title="bbox 238 3450 1826 3520">
    <p class='ocr_par' dir='ltr' id='par_1_52' title="bbox 238 3450 1826 3520">
     <span class='ocr_line' id='line_1_52' title="bbox 238 3450 1826 3520; baseline 0.004 -18"><span class='ocrx_word' id='word_1_379' title='bbox 238 3450 514 3504; x_wconf 88' lang='lat' dir='ltr'><strong>invenisse</strong></span> <span class='ocrx_word' id='word_1_380' title='bbox 541 3451 882 3520; x_wconf 89' lang='lat' dir='ltr'><strong>culpabilem.</strong></span> <span class='ocrx_word' id='word_1_381' title='bbox 912 3451 1013 3519; x_wconf 91' lang='lat' dir='ltr'><strong>Qui</strong></span> <span class='ocrx_word' id='word_1_382' title='bbox 1057 3461 1322 3508; x_wconf 85' lang='lat' dir='ltr'><strong>aratorem</strong></span> <span class='ocrx_word' id='word_1_383' title='bbox 1362 3453 1548 3508; x_wconf 86' lang='lat' dir='ltr'><strong>statim</strong></span> <span class='ocrx_word' id='word_1_384' title='bbox 1590 3454 1826 3520; x_wconf 89' lang='lat' dir='ltr'><strong>vocavit,</strong></span> 
     </span>
    </p>
   </div>
   <div class='ocr_carea' id='block_1_53' title="bbox 236 3546 1828 3617">
    <p class='ocr_par' dir='ltr' id='par_1_53' title="bbox 236 3546 1828 3617">
     <span class='ocr_line' id='line_1_53' title="bbox 236 3546 1828 3617; baseline 0.001 -18"><span class='ocrx_word' id='word_1_385' title='bbox 236 3554 295 3599; x_wconf 84' lang='lat' dir='ltr'><strong>et</strong></span> <span class='ocrx_word' id='word_1_386' title='bbox 335 3546 406 3600; x_wconf 86' lang='lat' dir='ltr'><strong>ab</strong></span> <span class='ocrx_word' id='word_1_387' title='bbox 435 3561 500 3602; x_wconf 89' lang='lat' dir='ltr'><strong>eo</strong></span> <span class='ocrx_word' id='word_1_388' title='bbox 537 3546 782 3616; x_wconf 88' lang='lat' dir='ltr'><strong>inquirit,</strong></span> <span class='ocrx_word' id='word_1_389' title='bbox 825 3548 912 3603; x_wconf 93' lang='lat' dir='ltr'><strong>cui</strong></span> <span class='ocrx_word' id='word_1_390' title='bbox 956 3547 1098 3617; x_wconf 89' lang='lat' dir='ltr'><strong>quod</strong></span> <span class='ocrx_word' id='word_1_391' title='bbox 1147 3547 1537 3603; x_wconf 87' lang='lat' dir='ltr'><strong>remansissent</strong></span> <span class='ocrx_word' id='word_1_392' title='bbox 1576 3547 1828 3602; x_wconf 90' lang='lat' dir='ltr'><strong>utensilia</strong></span> 
     </span>
    </p>
   </div>
   <div class='ocr_carea' id='block_1_54' title="bbox 238 3635 1824 3708">
    <p class='ocr_par' dir='ltr' id='par_1_54' title="bbox 238 3635 1824 3708">
     <span class='ocr_line' id='line_1_54' title="bbox 238 3635 1824 3708; baseline 0.003 -21"><span class='ocrx_word' id='word_1_393' title='bbox 238 3635 411 3690; x_wconf 88' lang='lat' dir='ltr'><strong>aratri</strong></span> <span class='ocrx_word' id='word_1_394' title='bbox 478 3636 530 3690; x_wconf 91' lang='lat' dir='ltr'><strong>in</strong></span> <span class='ocrx_word' id='word_1_395' title='bbox 595 3652 828 3708; x_wconf 85' lang='lat' dir='ltr'><strong>campo,</strong></span> <span class='ocrx_word' id='word_1_396' title='bbox 888 3637 1131 3693; x_wconf 73' lang='lat' dir='ltr'><strong>dixisset.</strong></span> <span class='ocrx_word' id='word_1_397' title='bbox 1189 3637 1440 3708; x_wconf 78' lang='lat' dir='ltr'><strong>Agricola</strong></span> <span class='ocrx_word' id='word_1_398' title='bbox 1502 3639 1824 3708; x_wconf 86' lang='lat' dir='ltr'><strong>respondit:</strong></span> 
     </span>
    </p>
   </div>
   <div class='ocr_carea' id='block_1_55' title="bbox 246 3726 1821 3800">
    <p class='ocr_par' dir='ltr' id='par_1_55' title="bbox 246 3726 1821 3800">
     <span class='ocr_line' id='line_1_55' title="bbox 246 3726 1821 3800; baseline 0.001 -17"><span class='ocrx_word' id='word_1_399' title='bbox 246 3744 266 3774; x_wconf 78' lang='lat'><strong>¢</strong></span> <span class='ocrx_word' id='word_1_400' title='bbox 301 3726 496 3783; x_wconf 78' lang='lat' dir='ltr'><strong>Uxori.</strong></span> <span class='ocrx_word' id='word_1_401' title='bbox 531 3747 550 3780; x_wconf 74' lang='grc' dir='ltr'><strong>ι</strong></span> <span class='ocrx_word' id='word_1_402' title='bbox 581 3729 710 3796; x_wconf 65' lang='lat' dir='ltr'><strong>Quae</strong></span> <span class='ocrx_word' id='word_1_403' title='bbox 736 3738 924 3784; x_wconf 89' lang='lat' dir='ltr'><strong>vocata</strong></span> <span class='ocrx_word' id='word_1_404' title='bbox 949 3731 1117 3796; x_wconf 89' lang='lat' dir='ltr'><strong>venit,</strong></span> <span class='ocrx_word' id='word_1_405' title='bbox 1155 3731 1370 3800; x_wconf 80' lang='lat' dir='ltr'><strong>duxque</strong></span> <span class='ocrx_word' id='word_1_406' title='bbox 1396 3731 1463 3786; x_wconf 87' lang='lat' dir='ltr'><strong>ad</strong></span> <span class='ocrx_word' id='word_1_407' title='bbox 1497 3745 1615 3785; x_wconf 88' lang='lat' dir='ltr'><strong>eam</strong></span> <span class='ocrx_word' id='word_1_408' title='bbox 1645 3732 1780 3785; x_wconf 85' lang='lat' dir='ltr'><strong>dixit</strong></span> <span class='ocrx_word' id='word_1_409' title='bbox 1810 3749 1821 3760; x_wconf 86' lang='grc'>·</span> 
     </span>
    </p>
   </div>
   <div class='ocr_carea' id='block_1_56' title="bbox 244 3815 1828 3891">
    <p class='ocr_par' dir='ltr' id='par_1_56' title="bbox 244 3815 1828 3891">
     <span class='ocr_line' id='line_1_56' title="bbox 244 3815 1828 3891; baseline 0.006 -25"><span class='ocrx_word' id='word_1_410' title='bbox 244 3835 264 3866; x_wconf 70' lang='grc' dir='ltr'><strong><em>ι</em></strong></span> <span class='ocrx_word' id='word_1_411' title='bbox 293 3815 437 3882; x_wconf 88' lang='lat' dir='ltr'><strong>Quid</strong></span> <span class='ocrx_word' id='word_1_412' title='bbox 463 3817 529 3872; x_wconf 91' lang='lat' dir='ltr'><strong>de</strong></span> <span class='ocrx_word' id='word_1_413' title='bbox 559 3832 779 3874; x_wconf 91' lang='lat' dir='ltr'><strong>vomere</strong></span> <span class='ocrx_word' id='word_1_414' title='bbox 805 3819 1088 3891; x_wconf 88' lang='lat' dir='ltr'><strong>cultroque</strong></span> <span class='ocrx_word' id='word_1_415' title='bbox 1129 3821 1308 3875; x_wconf 88' lang='lat' dir='ltr'><strong>mariti</strong></span> <span class='ocrx_word' id='word_1_416' title='bbox 1337 3821 1410 3876; x_wconf 90' lang='lat' dir='ltr'><strong>tui</strong></span> <span class='ocrx_word' id='word_1_417' title='bbox 1443 3821 1654 3876; x_wconf 83' lang='lat' dir='ltr'><strong>fecisti?</strong></span> <span class='ocrx_word' id='word_1_418' title='bbox 1684 3841 1703 3873; x_wconf 85' lang='grc'><strong>›</strong></span> <span class='ocrx_word' id='word_1_419' title='bbox 1737 3822 1828 3876; x_wconf 89' lang='lat' dir='ltr'><strong>Illa</strong></span> 
     </span>
    </p>
   </div>
   <div class='ocr_carea' id='block_1_57' title="bbox 238 3908 1828 3982">
    <p class='ocr_par' dir='ltr' id='par_1_57' title="bbox 238 3908 1828 3982">
     <span class='ocr_line' id='line_1_57' title="bbox 238 3908 1828 3982; baseline 0.005 -22"><span class='ocrx_word' id='word_1_420' title='bbox 238 3921 300 3960; x_wconf 88' lang='lat' dir='ltr'><strong>se</strong></span> <span class='ocrx_word' id='word_1_421' title='bbox 341 3923 451 3962; x_wconf 88' lang='lat' dir='ltr'><strong>non</strong></span> <span class='ocrx_word' id='word_1_422' title='bbox 499 3908 750 3965; x_wconf 90' lang='lat' dir='ltr'><strong>habuisse</strong></span> <span class='ocrx_word' id='word_1_423' title='bbox 798 3912 1035 3982; x_wconf 86' lang='lat' dir='ltr'><strong>negavit.</strong></span> <span class='ocrx_word' id='word_1_424' title='bbox 1083 3911 1212 3978; x_wconf 72' lang='lat' dir='ltr'><strong>Qua:</strong></span> <span class='ocrx_word' id='word_1_425' title='bbox 1263 3913 1442 3982; x_wconf 90' lang='lat' dir='ltr'><strong>scepis</strong></span> <span class='ocrx_word' id='word_1_426' title='bbox 1487 3912 1828 3968; x_wconf 86' lang='lat' dir='ltr'><strong>diverberata</strong></span> 
     </span>
    </p>
   </div>
   <div class='ocr_carea' id='block_1_58' title="bbox 240 3997 1830 4059">
    <p class='ocr_par' dir='ltr' id='par_1_58' title="bbox 240 3997 1830 4059">
     <span class='ocr_line' id='line_1_58' title="bbox 240 3997 1830 4059; baseline 0.004 -7"><span class='ocrx_word' id='word_1_427' title='bbox 240 3999 406 4054; x_wconf 71' lang='lat' dir='ltr'><strong>ﬁdem</strong></span> <span class='ocrx_word' id='word_1_428' title='bbox 437 3997 564 4054; x_wconf 79' lang='lat' dir='ltr'><strong>furti</strong></span> <span class='ocrx_word' id='word_1_429' title='bbox 591 4001 841 4056; x_wconf 89' lang='lat' dir='ltr'><strong>omnibus</strong></span> <span class='ocrx_word' id='word_1_430' title='bbox 871 4001 1016 4056; x_wconf 80' lang='lat' dir='ltr'><strong>fecit.</strong></span> <span class='ocrx_word' id='word_1_431' title='bbox 1065 4001 1215 4057; x_wconf 92' lang='lat' dir='ltr'><strong>Tunc</strong></span> <span class='ocrx_word' id='word_1_432' title='bbox 1250 4003 1541 4059; x_wconf 83' lang='lat' dir='ltr'><strong>Rotbertus</strong></span> <span class='ocrx_word' id='word_1_433' title='bbox 1569 4004 1638 4058; x_wconf 87' lang='lat' dir='ltr'><strong>ad</strong></span> <span class='ocrx_word' id='word_1_434' title='bbox 1667 4007 1830 4059; x_wconf 87' lang='lat' dir='ltr'><strong>mari-</strong></span> 
     </span>
    </p>
   </div>
   <div class='ocr_carea' id='block_1_59' title="bbox 239 4091 1828 4151">
    <p class='ocr_par' dir='ltr' id='par_1_59' title="bbox 239 4091 1828 4151">
     <span class='ocr_line' id='line_1_59' title="bbox 239 4091 1828 4151; baseline 0.004 -6"><span class='ocrx_word' id='word_1_435' title='bbox 239 4102 359 4148; x_wconf 73' lang='lat' dir='ltr'><strong>tum</strong></span> <span class='ocrx_word' id='word_1_436' title='bbox 399 4110 411 4144; x_wconf 87' lang='lat'><strong>:</strong></span> <span class='ocrx_word' id='word_1_437' title='bbox 449 4109 466 4141; x_wconf 71' lang='grc' dir='ltr'><strong>ε</strong></span> <span class='ocrx_word' id='word_1_438' title='bbox 515 4091 738 4149; x_wconf 90' lang='lat' dir='ltr'><strong>Sciebas</strong></span> <span class='ocrx_word' id='word_1_439' title='bbox 789 4103 933 4147; x_wconf 87' lang='lat' dir='ltr'><strong>tuam</strong></span> <span class='ocrx_word' id='word_1_440' title='bbox 981 4110 1201 4149; x_wconf 84' lang='lat' dir='ltr'><strong>uxorem</strong></span> <span class='ocrx_word' id='word_1_441' title='bbox 1253 4109 1372 4150; x_wconf 92' lang='lat' dir='ltr'><strong>esse</strong></span> <span class='ocrx_word' id='word_1_442' title='bbox 1424 4093 1635 4150; x_wconf 87' lang='lat' dir='ltr'><strong>furem?</strong></span> <span class='ocrx_word' id='word_1_443' title='bbox 1681 4115 1698 4147; x_wconf 77' lang='grc' dir='ltr'><strong><em>ι</em></strong></span> <span class='ocrx_word' id='word_1_444' title='bbox 1731 4097 1828 4151; x_wconf 91' lang='lat' dir='ltr'><strong>Cui</strong></span> 
     </span>
    </p>
   </div>
   <div class='ocr_carea' id='block_1_60' title="bbox 239 4183 1828 4243">
    <p class='ocr_par' dir='ltr' id='par_1_60' title="bbox 239 4183 1828 4243">
     <span class='ocr_line' id='line_1_60' title="bbox 239 4183 1828 4243; baseline 0.002 -3"><span class='ocrx_word' id='word_1_445' title='bbox 239 4184 334 4240; x_wconf 85' lang='lat' dir='ltr'><strong>ille</strong></span> <span class='ocrx_word' id='word_1_446' title='bbox 364 4201 379 4240; x_wconf 87' lang='lat'><strong>:</strong></span> <span class='ocrx_word' id='word_1_447' title='bbox 416 4201 434 4234; x_wconf 73' lang='grc' dir='ltr'><strong><em>ι</em></strong></span> <span class='ocrx_word' id='word_1_448' title='bbox 471 4183 740 4240; x_wconf 88' lang='lat' dir='ltr'><strong>Sciebam.</strong></span> <span class='ocrx_word' id='word_1_449' title='bbox 779 4205 797 4237; x_wconf 71' lang='grc' dir='ltr'>ι</span> <span class='ocrx_word' id='word_1_450' title='bbox 825 4186 892 4240; x_wconf 83' lang='grc' dir='ltr'><strong>Ει</strong></span> <span class='ocrx_word' id='word_1_451' title='bbox 927 4185 1193 4241; x_wconf 83' lang='lat' dir='ltr'><strong>Robertus</strong></span> <span class='ocrx_word' id='word_1_452' title='bbox 1223 4204 1236 4240; x_wconf 92' lang='lat'><strong>:</strong></span> <span class='ocrx_word' id='word_1_453' title='bbox 1275 4205 1294 4238; x_wconf 87' lang='grc'><strong><em>‹</em></strong></span> <span class='ocrx_word' id='word_1_454' title='bbox 1339 4187 1558 4242; x_wconf 91' lang='lat' dir='ltr'><strong>Duobus</strong></span> <span class='ocrx_word' id='word_1_455' title='bbox 1595 4188 1828 4243; x_wconf 87' lang='lat' dir='ltr'><strong>decretis</strong></span> 
     </span>
    </p>
   </div>
   <div class='ocr_carea' id='block_1_61' title="bbox 241 4277 1827 4350">
    <p class='ocr_par' dir='ltr' id='par_1_61' title="bbox 241 4277 1827 4350">
     <span class='ocr_line' id='line_1_61' title="bbox 241 4277 1827 4350; baseline 0.001 -16"><span class='ocrx_word' id='word_1_456' title='bbox 241 4277 404 4348; x_wconf 80' lang='lat' dir='ltr'><strong>digne</strong></span> <span class='ocrx_word' id='word_1_457' title='bbox 436 4279 702 4345; x_wconf 90' lang='lat' dir='ltr'><strong>morieris,</strong></span> <span class='ocrx_word' id='word_1_458' title='bbox 733 4295 860 4344; x_wconf 91' lang='lat' dir='ltr'><strong>uno,</strong></span> <span class='ocrx_word' id='word_1_459' title='bbox 887 4280 1030 4349; x_wconf 87' lang='lat' dir='ltr'><strong>quod</strong></span> <span class='ocrx_word' id='word_1_460' title='bbox 1052 4289 1213 4350; x_wconf 89' lang='lat' dir='ltr'><strong>caput</strong></span> <span class='ocrx_word' id='word_1_461' title='bbox 1239 4280 1482 4336; x_wconf 88' lang='lat' dir='ltr'><strong>mulieris</strong></span> <span class='ocrx_word' id='word_1_462' title='bbox 1511 4295 1597 4346; x_wconf 91' lang='lat' dir='ltr'><strong>es,</strong></span> <span class='ocrx_word' id='word_1_463' title='bbox 1627 4289 1681 4336; x_wconf 90' lang='lat' dir='ltr'><strong>et</strong></span> <span class='ocrx_word' id='word_1_464' title='bbox 1708 4297 1827 4336; x_wconf 91' lang='lat' dir='ltr'><strong>eam</strong></span> 
     </span>
    </p>
   </div>
   <div class='ocr_carea' id='block_1_62' title="bbox 241 4369 1825 4440">
    <p class='ocr_par' dir='ltr' id='par_1_62' title="bbox 241 4369 1825 4440">
     <span class='ocr_line' id='line_1_62' title="bbox 241 4369 1825 4440; baseline 0.004 -20"><span class='ocrx_word' id='word_1_465' title='bbox 241 4369 516 4439; x_wconf 54' lang='lat' dir='ltr'><strong>castigare</strong></span> <span class='ocrx_word' id='word_1_466' title='bbox 540 4370 792 4425; x_wconf 88' lang='lat' dir='ltr'><strong>debuisti.</strong></span> <span class='ocrx_word' id='word_1_467' title='bbox 823 4370 1029 4436; x_wconf 86' lang='lat' dir='ltr'><strong>Altero,</strong></span> <span class='ocrx_word' id='word_1_468' title='bbox 1058 4371 1201 4440; x_wconf 92' lang='lat' dir='ltr'><strong>quod</strong></span> <span class='ocrx_word' id='word_1_469' title='bbox 1231 4387 1482 4428; x_wconf 87' lang='lat' dir='ltr'><strong>assensor</strong></span> <span class='ocrx_word' id='word_1_470' title='bbox 1505 4371 1629 4426; x_wconf 80' lang='lat' dir='ltr'><strong>furti</strong></span> <span class='ocrx_word' id='word_1_471' title='bbox 1656 4372 1825 4438; x_wconf 76' lang='lat' dir='ltr'><strong>fuisti,</strong></span> 
     </span>
    </p>
   </div>
   <div class='ocr_carea' id='block_1_63' title="bbox 1929 1896 3514 1974">
    <p class='ocr_par' dir='ltr' id='par_1_63' title="bbox 1929 1896 3514 1974">
     <span class='ocr_line' id='line_1_63' title="bbox 1929 1896 3514 1974; baseline -0.005 -16"><span class='ocrx_word' id='word_1_472' title='bbox 1929 1903 2194 1958; x_wconf 89' lang='lat' dir='ltr'><strong>Dicebant</strong></span> <span class='ocrx_word' id='word_1_473' title='bbox 2224 1903 2385 1974; x_wconf 87' lang='lat' dir='ltr'><strong>igitur</strong></span> <span class='ocrx_word' id='word_1_474' title='bbox 2415 1901 2733 1957; x_wconf 82' lang='lat' dir='ltr'><strong>Rotbertum</strong></span> <span class='ocrx_word' id='word_1_475' title='bbox 2762 1914 2880 1954; x_wconf 87' lang='lat' dir='ltr'><strong>eam</strong></span> <span class='ocrx_word' id='word_1_476' title='bbox 2920 1913 3026 1952; x_wconf 91' lang='lat' dir='ltr'><strong>non</strong></span> <span class='ocrx_word' id='word_1_477' title='bbox 3055 1896 3370 1967; x_wconf 84' lang='lat' dir='ltr'><strong>cognovisse</strong></span> <span class='ocrx_word' id='word_1_478' title='bbox 3399 1911 3514 1951; x_wconf 87' lang='lat' dir='ltr'><strong>ma-</strong></span> 
     </span>
    </p>
   </div>
   <div class='ocr_carea' id='block_1_64' title="bbox 1928 1987 3515 2064">
    <p class='ocr_par' dir='ltr' id='par_1_64' title="bbox 1928 1987 3515 2064">
     <span class='ocr_line' id='line_1_64' title="bbox 1928 1987 3515 2064; baseline -0.005 -14"><span class='ocrx_word' id='word_1_479' title='bbox 1928 1995 2072 2050; x_wconf 91' lang='lat' dir='ltr'><strong>ritali</strong></span> <span class='ocrx_word' id='word_1_480' title='bbox 2099 1987 2240 2064; x_wconf 86' lang='lat' dir='ltr'><strong>lege,</strong></span> <span class='ocrx_word' id='word_1_481' title='bbox 2271 1992 2561 2058; x_wconf 89' lang='lat' dir='ltr'><strong>statimque</strong></span> <span class='ocrx_word' id='word_1_482' title='bbox 2589 1991 2694 2046; x_wconf 83' lang='lat' dir='ltr'><strong>dux</strong></span> <span class='ocrx_word' id='word_1_483' title='bbox 2719 1992 2798 2045; x_wconf 90' lang='lat' dir='ltr'><strong>ira</strong></span> <span class='ocrx_word' id='word_1_484' title='bbox 2821 1999 3143 2054; x_wconf 84' lang='lat' dir='ltr'><strong>commotus,</strong></span> <span class='ocrx_word' id='word_1_485' title='bbox 3171 1992 3374 2044; x_wconf 88' lang='lat' dir='ltr'><strong>tirones</strong></span> <span class='ocrx_word' id='word_1_486' title='bbox 3399 2002 3515 2042; x_wconf 62' lang='lat' dir='ltr'><strong>suae</strong></span> 
     </span>
    </p>
   </div>
   <div class='ocr_carea' id='block_1_65' title="bbox 1928 2079 3536 2150">
    <p class='ocr_par' dir='ltr' id='par_1_65' title="bbox 1928 2079 3536 2150">
     <span class='ocr_line' id='line_1_65' title="bbox 1928 2079 3536 2150; baseline -0.006 -11"><span class='ocrx_word' id='word_1_487' title='bbox 1928 2084 2118 2139; x_wconf 90' lang='lat' dir='ltr'><strong>domus</strong></span> <span class='ocrx_word' id='word_1_488' title='bbox 2165 2083 2292 2138; x_wconf 77' lang='lat' dir='ltr'><strong>fecit</strong></span> <span class='ocrx_word' id='word_1_489' title='bbox 2334 2081 2624 2136; x_wconf 87' lang='lat' dir='ltr'><strong>abscousos</strong></span> <span class='ocrx_word' id='word_1_490' title='bbox 2671 2079 3084 2150; x_wconf 89' lang='lat' dir='ltr'><strong>comprehendi,</strong></span> <span class='ocrx_word' id='word_1_491' title='bbox 3137 2089 3194 2135; x_wconf 92' lang='lat' dir='ltr'><strong>et</strong></span> <span class='ocrx_word' id='word_1_492' title='bbox 3227 2081 3304 2134; x_wconf 78' lang='lat' dir='ltr'><strong>ad</strong></span> <span class='ocrx_word' id='word_1_493' title='bbox 3335 2079 3536 2142; x_wconf 80' lang='lat' dir='ltr'><strong>forum.</strong></span> 
     </span>
    </p>
   </div>
   <div class='ocr_carea' id='block_1_66' title="bbox 1927 2171 3515 2240">
    <p class='ocr_par' dir='ltr' id='par_1_66' title="bbox 1927 2171 3515 2240">
     <span class='ocr_line' id='line_1_66' title="bbox 1927 2171 3515 2240; baseline -0.001 -12"><span class='ocrx_word' id='word_1_494' title='bbox 1927 2174 2218 2230; x_wconf 85' lang='lat' dir='ltr'><strong>venialium</strong></span> <span class='ocrx_word' id='word_1_495' title='bbox 2275 2188 2459 2227; x_wconf 89' lang='lat' dir='ltr'><strong>rerum</strong></span> <span class='ocrx_word' id='word_1_496' title='bbox 2505 2173 2658 2240; x_wconf 88' lang='lat' dir='ltr'><strong>duci,</strong></span> <span class='ocrx_word' id='word_1_497' title='bbox 2709 2171 2892 2240; x_wconf 86' lang='lat' dir='ltr'><strong>ibique</strong></span> <span class='ocrx_word' id='word_1_498' title='bbox 2939 2180 3316 2238; x_wconf 19' lang='lat' dir='ltr'><strong>concurrente,</strong></span> <span class='ocrx_word' id='word_1_499' title='bbox 3357 2171 3515 2240; x_wconf 86' lang='lat' dir='ltr'><strong>plebe</strong></span> 
     </span>
    </p>
   </div>
   <div class='ocr_carea' id='block_1_67' title="bbox 1922 2262 3510 2339">
    <p class='ocr_par' dir='ltr' id='par_1_67' title="bbox 1922 2262 3510 2339">
     <span class='ocr_line' id='line_1_67' title="bbox 1922 2262 3510 2339; baseline -0.003 -19"><span class='ocrx_word' id='word_1_500' title='bbox 1922 2267 2177 2339; x_wconf 85' lang='lat' dir='ltr'><strong>jngulari.</strong></span> <span class='ocrx_word' id='word_1_501' title='bbox 2207 2267 2444 2320; x_wconf 86' lang='lat' dir='ltr'><strong>Audiens</strong></span> <span class='ocrx_word' id='word_1_502' title='bbox 2474 2273 2653 2319; x_wconf 88' lang='lat' dir='ltr'><strong>autem</strong></span> <span class='ocrx_word' id='word_1_503' title='bbox 2687 2262 2978 2318; x_wconf 79' lang='lat' dir='ltr'><strong>Rutbertns</strong></span> <span class='ocrx_word' id='word_1_504' title='bbox 3005 2265 3111 2318; x_wconf 78' lang='lat' dir='ltr'><strong>(lux</strong></span> <span class='ocrx_word' id='word_1_505' title='bbox 3154 2264 3510 2329; x_wconf 84' lang='lat' dir='ltr'><strong>Francorum,</strong></span> 
     </span>
    </p>
   </div>
   <div class='ocr_carea' id='block_1_68' title="bbox 1928 2354 3534 2434">
    <p class='ocr_par' dir='ltr' id='par_1_68' title="bbox 1928 2354 3534 2434">
     <span class='ocr_line' id='line_1_68' title="bbox 1928 2354 3534 2434; baseline -0.001 -21"><span class='ocrx_word' id='word_1_506' title='bbox 1928 2360 2070 2430; x_wconf 91' lang='lat' dir='ltr'><strong>quod</strong></span> <span class='ocrx_word' id='word_1_507' title='bbox 2097 2374 2196 2429; x_wconf 88' lang='lat' dir='ltr'><strong>pro</strong></span> <span class='ocrx_word' id='word_1_508' title='bbox 2218 2372 2348 2412; x_wconf 88' lang='lat' dir='ltr'><strong>nece</strong></span> <span class='ocrx_word' id='word_1_509' title='bbox 2375 2359 2601 2412; x_wconf 88' lang='lat' dir='ltr'><strong>duorum</strong></span> <span class='ocrx_word' id='word_1_510' title='bbox 2627 2354 2880 2420; x_wconf 90' lang='lat' dir='ltr'><strong>militum,</strong></span> <span class='ocrx_word' id='word_1_511' title='bbox 2907 2355 3170 2426; x_wconf 79' lang='lat' dir='ltr'><strong>colligatae</strong></span> <span class='ocrx_word' id='word_1_512' title='bbox 3195 2356 3344 2425; x_wconf 87' lang='lat' dir='ltr'><strong>pacis</strong></span> <span class='ocrx_word' id='word_1_513' title='bbox 3373 2355 3508 2434; x_wconf 78' lang='lat' dir='ltr'><strong>inter</strong></span> <span class='ocrx_word' id='word_1_514' title='bbox 3532 2415 3534 2420; x_wconf 90' lang='lat'><em>_</em></span> 
     </span>
    </p>
   </div>
   <div class='ocr_carea' id='block_1_69' title="bbox 1930 2449 3511 2524">
    <p class='ocr_par' dir='ltr' id='par_1_69' title="bbox 1930 2449 3511 2524">
     <span class='ocr_line' id='line_1_69' title="bbox 1930 2449 3511 2524; baseline -0.004 -16"><span class='ocrx_word' id='word_1_515' title='bbox 1930 2468 2113 2524; x_wconf 86' lang='lat' dir='ltr'><strong>regem</strong></span> <span class='ocrx_word' id='word_1_516' title='bbox 2157 2461 2211 2507; x_wconf 91' lang='lat' dir='ltr'><strong>ct</strong></span> <span class='ocrx_word' id='word_1_517' title='bbox 2257 2451 2576 2506; x_wconf 80' lang='lat' dir='ltr'><strong>Rotbertum</strong></span> <span class='ocrx_word' id='word_1_518' title='bbox 2615 2449 3112 2506; x_wconf 77' lang='lat' dir='ltr'><strong>Northmannorum</strong></span> <span class='ocrx_word' id='word_1_519' title='bbox 3160 2449 3352 2504; x_wconf 86' lang='lat' dir='ltr'><strong>e’rucem</strong></span> <span class='ocrx_word' id='word_1_520' title='bbox 3390 2449 3511 2502; x_wconf 83' lang='lat' dir='ltr'><strong>vin-</strong></span> 
     </span>
    </p>
   </div>
   <div class='ocr_carea' id='block_1_70' title="bbox 1929 2541 3542 2612">
    <p class='ocr_par' dir='ltr' id='par_1_70' title="bbox 1929 2541 3542 2612">
     <span class='ocr_line' id='line_1_70' title="bbox 1929 2541 3542 2612; baseline 0.001 -13"><span class='ocrx_word' id='word_1_521' title='bbox 1929 2545 2049 2600; x_wconf 92' lang='lat' dir='ltr'><strong>cula</strong></span> <span class='ocrx_word' id='word_1_522' title='bbox 2078 2544 2252 2600; x_wconf 88' lang='lat' dir='ltr'><strong>soluta</strong></span> <span class='ocrx_word' id='word_1_523' title='bbox 2289 2543 2613 2612; x_wconf 87' lang='lat' dir='ltr'><strong>diruptaque</strong></span> <span class='ocrx_word' id='word_1_524' title='bbox 2655 2550 2870 2609; x_wconf 89' lang='lat' dir='ltr'><strong>essent,</strong></span> <span class='ocrx_word' id='word_1_525' title='bbox 2917 2541 3083 2611; x_wconf 71' lang='lat' dir='ltr'><strong>coepit</strong></span> <span class='ocrx_word' id='word_1_526' title='bbox 3112 2549 3299 2595; x_wconf 90' lang='lat' dir='ltr'><strong>contra</strong></span> <span class='ocrx_word' id='word_1_527' title='bbox 3348 2541 3542 2606; x_wconf 87' lang='lat' dir='ltr'><strong>Caro--</strong></span> 
     </span>
    </p>
   </div>
   <div class='ocr_carea' id='block_1_71' title="bbox 1929 2631 3538 2704">
    <p class='ocr_par' dir='ltr' id='par_1_71' title="bbox 1929 2631 3538 2704">
     <span class='ocr_line' id='line_1_71' title="bbox 1929 2631 3538 2704; baseline -0.001 -16"><span class='ocrx_word' id='word_1_528' title='bbox 1929 2635 2040 2688; x_wconf 90' lang='lat' dir='ltr'><strong>lum</strong></span> <span class='ocrx_word' id='word_1_529' title='bbox 2083 2644 2251 2700; x_wconf 88' lang='lat' dir='ltr'><strong>stare,</strong></span> <span class='ocrx_word' id='word_1_530' title='bbox 2295 2647 2534 2704; x_wconf 10' lang='lat' dir='ltr'><strong>etunque’</strong></span> <span class='ocrx_word' id='word_1_531' title='bbox 2580 2631 2903 2696; x_wconf 88' lang='lat' dir='ltr'><strong>adnihilare,</strong></span> <span class='ocrx_word' id='word_1_532' title='bbox 2937 2639 2992 2686; x_wconf 89' lang='lat' dir='ltr'><strong>et</strong></span> <span class='ocrx_word' id='word_1_533' title='bbox 3035 2647 3131 2687; x_wconf 90' lang='lat' dir='ltr'><strong>sua</strong></span> <span class='ocrx_word' id='word_1_534' title='bbox 3177 2631 3538 2702; x_wconf 57' lang='lat' dir='ltr'><strong>depopulati.</strong></span> 
     </span>
    </p>
   </div>
   <div class='ocr_carea' id='block_1_72' title="bbox 1929 2722 3480 2801">
    <p class='ocr_par' dir='ltr' id='par_1_72' title="bbox 1929 2722 3480 2801">
     <span class='ocr_line' id='line_1_72' title="bbox 1929 2722 3480 2801; baseline -0.005 -18"><span class='ocrx_word' id='word_1_535' title='bbox 1929 2727 2180 2797; x_wconf 85' lang='lat' dir='ltr'><strong>Misitque</strong></span> <span class='ocrx_word' id='word_1_536' title='bbox 2226 2725 2459 2796; x_wconf 89' lang='lat' dir='ltr'><strong>legatum</strong></span> <span class='ocrx_word' id='word_1_537' title='bbox 2504 2723 2572 2777; x_wconf 90' lang='lat' dir='ltr'><strong>ad</strong></span> <span class='ocrx_word' id='word_1_538' title='bbox 2619 2722 2939 2778; x_wconf 81' lang='lat' dir='ltr'><strong>Rotbertum</strong></span> <span class='ocrx_word' id='word_1_539' title='bbox 2989 2722 3480 2801; x_wconf 84' lang='lat' dir='ltr'><strong>Rothomagensem</strong></span> 
     </span>
    </p>
   </div>
   <div class='ocr_carea' id='block_1_73' title="bbox 1931 2813 3542 2893">
    <p class='ocr_par' dir='ltr' id='par_1_73' title="bbox 1931 2813 3542 2893">
     <span class='ocr_line' id='line_1_73' title="bbox 1931 2813 3542 2893; baseline -0.003 -18"><span class='ocrx_word' id='word_1_540' title='bbox 1931 2820 2114 2875; x_wconf 90' lang='lat' dir='ltr'><strong>dicens</strong></span> <span class='ocrx_word' id='word_1_541' title='bbox 2156 2836 2218 2871; x_wconf 76' lang='grc' dir='ltr'><strong>ε(</strong></span> <span class='ocrx_word' id='word_1_542' title='bbox 2261 2815 2376 2872; x_wconf 91' lang='lat' dir='ltr'><strong>Tuo</strong></span> <span class='ocrx_word' id='word_1_543' title='bbox 2417 2816 2666 2881; x_wconf 87' lang='lat' dir='ltr'><strong>consilio,</strong></span> <span class='ocrx_word' id='word_1_544' title='bbox 2707 2824 2905 2893; x_wconf 89' lang='lat' dir='ltr'><strong>tuoque</strong></span> <span class='ocrx_word' id='word_1_545' title='bbox 2950 2813 3200 2870; x_wconf 79' lang='lat' dir='ltr'><strong>sull‘ultus</strong></span> <span class='ocrx_word' id='word_1_546' title='bbox 3227 2813 3491 2883; x_wconf 87' lang='lat' dir='ltr'><strong>adjutorio</strong></span> <span class='ocrx_word' id='word_1_547' title='bbox 3535 2871 3542 2876; x_wconf 64' lang='grc'><em>,</em></span> 
     </span>
    </p>
   </div>
   <div class='ocr_carea' id='block_1_74' title="bbox 1929 2906 3516 2980">
    <p class='ocr_par' dir='ltr' id='par_1_74' title="bbox 1929 2906 3516 2980">
     <span class='ocr_line' id='line_1_74' title="bbox 1929 2906 3516 2980; baseline -0.002 -16"><span class='ocrx_word' id='word_1_548' title='bbox 1929 2911 2052 2966; x_wconf 84' lang='lat' dir='ltr'><strong>volo</strong></span> <span class='ocrx_word' id='word_1_549' title='bbox 2081 2909 2223 2965; x_wconf 92' lang='lat' dir='ltr'><strong>istud</strong></span> <span class='ocrx_word' id='word_1_550' title='bbox 2256 2923 2479 2980; x_wconf 80' lang='lat' dir='ltr'><strong>regnum</strong></span> <span class='ocrx_word' id='word_1_551' title='bbox 2511 2923 2672 2978; x_wconf 90' lang='lat' dir='ltr'><strong>super</strong></span> <span class='ocrx_word' id='word_1_552' title='bbox 2700 2906 2951 2963; x_wconf 88' lang='lat' dir='ltr'><strong>Carolum</strong></span> <span class='ocrx_word' id='word_1_553' title='bbox 2985 2906 3253 2975; x_wconf 90' lang='lat' dir='ltr'><strong>accipere,</strong></span> <span class='ocrx_word' id='word_1_554' title='bbox 3280 2921 3516 2976; x_wconf 89' lang='lat' dir='ltr'><strong>eumque</strong></span> 
     </span>
    </p>
   </div>
   <div class='ocr_carea' id='block_1_75' title="bbox 1929 2998 3517 3073">
    <p class='ocr_par' dir='ltr' id='par_1_75' title="bbox 1929 2998 3517 3073">
     <span class='ocr_line' id='line_1_75' title="bbox 1929 2998 3517 3073; baseline -0.004 -15"><span class='ocrx_word' id='word_1_555' title='bbox 1929 3004 2158 3059; x_wconf 88' lang='lat' dir='ltr'><strong>Francia</strong></span> <span class='ocrx_word' id='word_1_556' title='bbox 2192 3001 2396 3073; x_wconf 81' lang='lat' dir='ltr'><strong>fugare.</strong></span> <span class='ocrx_word' id='word_1_557' title='bbox 2436 3021 2453 3052; x_wconf 77' lang='grc' dir='ltr'><strong><em>ι</em></strong></span> <span class='ocrx_word' id='word_1_558' title='bbox 2489 2999 2641 3056; x_wconf 92' lang='lat' dir='ltr'><strong>Tunc</strong></span> <span class='ocrx_word' id='word_1_559' title='bbox 2664 3000 2924 3056; x_wconf 81' lang='lat' dir='ltr'><strong>Rotberto</strong></span> <span class='ocrx_word' id='word_1_560' title='bbox 2946 2998 3400 3067; x_wconf 84' lang='lat' dir='ltr'><strong>Rothomagensis</strong></span> <span class='ocrx_word' id='word_1_561' title='bbox 3431 3014 3517 3052; x_wconf 83' lang='lat' dir='ltr'><strong>re-</strong></span> 
     </span>
    </p>
   </div>
   <div class='ocr_carea' id='block_1_76' title="bbox 1933 3089 3520 3168">
    <p class='ocr_par' dir='ltr' id='par_1_76' title="bbox 1933 3089 3520 3168">
     <span class='ocr_line' id='line_1_76' title="bbox 1933 3089 3520 3168; baseline -0.006 -18"><span class='ocrx_word' id='word_1_562' title='bbox 1933 3096 2149 3168; x_wconf 90' lang='lat' dir='ltr'><strong>spondit</strong></span> <span class='ocrx_word' id='word_1_563' title='bbox 2177 3094 2351 3164; x_wconf 85' lang='lat' dir='ltr'><strong>legato</strong></span> <span class='ocrx_word' id='word_1_564' title='bbox 2379 3093 2713 3148; x_wconf 83' lang='lat' dir='ltr'><strong>Francorum</strong></span> <span class='ocrx_word' id='word_1_565' title='bbox 2745 3092 2897 3148; x_wconf 92' lang='lat' dir='ltr'><strong>ducis</strong></span> <span class='ocrx_word' id='word_1_566' title='bbox 2922 3108 2934 3143; x_wconf 74' lang='grc' dir='ltr'>ε</span> <span class='ocrx_word' id='word_1_567' title='bbox 2962 3111 2979 3142; x_wconf 86' lang='grc'><strong>‹</strong></span> <span class='ocrx_word' id='word_1_568' title='bbox 3012 3089 3166 3146; x_wconf 80' lang='grc' dir='ltr'><strong>Μοόο</strong></span> <span class='ocrx_word' id='word_1_569' title='bbox 3191 3098 3313 3145; x_wconf 89' lang='lat' dir='ltr'><strong>tuus</strong></span> <span class='ocrx_word' id='word_1_570' title='bbox 3336 3089 3520 3149; x_wconf 89' lang='lat' dir='ltr'><strong>senior</strong></span> 
     </span>
    </p>
   </div>
   <div class='ocr_carea' id='block_1_77' title="bbox 1935 3180 3517 3259">
    <p class='ocr_par' dir='ltr' id='par_1_77' title="bbox 1935 3180 3517 3259">
     <span class='ocr_line' id='line_1_77' title="bbox 1935 3180 3517 3259; baseline -0.006 -16"><span class='ocrx_word' id='word_1_571' title='bbox 1935 3189 2096 3244; x_wconf 91' lang='lat' dir='ltr'><strong>nimis</strong></span> <span class='ocrx_word' id='word_1_572' title='bbox 2145 3186 2255 3240; x_wconf 90' lang='lat' dir='ltr'><strong>vult</strong></span> <span class='ocrx_word' id='word_1_573' title='bbox 2300 3186 2581 3256; x_wconf 87' lang='lat' dir='ltr'><strong>equitare,</strong></span> <span class='ocrx_word' id='word_1_574' title='bbox 2636 3184 2886 3259; x_wconf 83' lang='lat' dir='ltr'><strong>ultraque</strong></span> <span class='ocrx_word' id='word_1_575' title='bbox 2935 3182 3106 3251; x_wconf 88' lang='lat' dir='ltr'><strong>legem</strong></span> <span class='ocrx_word' id='word_1_576' title='bbox 3161 3197 3341 3254; x_wconf 82' lang='lat' dir='ltr'><strong>agerc.</strong></span> <span class='ocrx_word' id='word_1_577' title='bbox 3389 3180 3517 3245; x_wconf 77' lang='lat' dir='ltr'><strong>Qua:</strong></span> 
     </span>
    </p>
   </div>
   <div class='ocr_carea' id='block_1_78' title="bbox 1933 3273 3514 3352">
    <p class='ocr_par' dir='ltr' id='par_1_78' title="bbox 1933 3273 3514 3352">
     <span class='ocr_line' id='line_1_78' title="bbox 1933 3273 3514 3352; baseline -0.007 -16"><span class='ocrx_word' id='word_1_578' title='bbox 1933 3282 2076 3352; x_wconf 84' lang='lat' dir='ltr'><strong>regis</strong></span> <span class='ocrx_word' id='word_1_579' title='bbox 2105 3287 2230 3336; x_wconf 89' lang='lat' dir='ltr'><strong>sunt</strong></span> <span class='ocrx_word' id='word_1_580' title='bbox 2265 3288 2471 3333; x_wconf 88' lang='lat' dir='ltr'><strong>tantum</strong></span> <span class='ocrx_word' id='word_1_581' title='bbox 2501 3277 2797 3346; x_wconf 86' lang='lat' dir='ltr'><strong>disperdat,</strong></span> <span class='ocrx_word' id='word_1_582' title='bbox 2839 3276 3078 3344; x_wconf 82' lang='lat' dir='ltr'><strong>regimen</strong></span> <span class='ocrx_word' id='word_1_583' title='bbox 3105 3273 3228 3329; x_wconf 91' lang='lat' dir='ltr'><strong>nolo</strong></span> <span class='ocrx_word' id='word_1_584' title='bbox 3269 3273 3514 3348; x_wconf 83' lang='lat' dir='ltr'><strong>utaeei—</strong></span> 
     </span>
    </p>
   </div>
   <div class='ocr_carea' id='block_1_79' title="bbox 1930 3363 3518 3444">
    <p class='ocr_par' dir='ltr' id='par_1_79' title="bbox 1930 3363 3518 3444">
     <span class='ocr_line' id='line_1_79' title="bbox 1930 3363 3518 3444; baseline -0.007 -17"><span class='ocrx_word' id='word_1_585' title='bbox 1930 3375 2062 3444; x_wconf 88' lang='lat' dir='ltr'><strong>piat.</strong></span> <span class='ocrx_word' id='word_1_586' title='bbox 2094 3393 2112 3424; x_wconf 82' lang='grc'><strong>›</strong></span> <span class='ocrx_word' id='word_1_587' title='bbox 2146 3372 2274 3426; x_wconf 83' lang='lat' dir='ltr'><strong>Erat</strong></span> <span class='ocrx_word' id='word_1_588' title='bbox 2314 3379 2494 3424; x_wconf 85' lang='lat' dir='ltr'><strong>autem</strong></span> <span class='ocrx_word' id='word_1_589' title='bbox 2539 3366 2735 3436; x_wconf 71' lang='lat' dir='ltr'><strong>coniux</strong></span> <span class='ocrx_word' id='word_1_590' title='bbox 2766 3367 2913 3422; x_wconf 86' lang='lat' dir='ltr'><strong>Cisla</strong></span> <span class='ocrx_word' id='word_1_591' title='bbox 2954 3366 3063 3420; x_wconf 90' lang='lat' dir='ltr'><strong>ﬁlia</strong></span> <span class='ocrx_word' id='word_1_592' title='bbox 3103 3366 3244 3436; x_wconf 87' lang='lat' dir='ltr'><strong>regis</strong></span> <span class='ocrx_word' id='word_1_593' title='bbox 3282 3365 3393 3434; x_wconf 87' lang='lat' dir='ltr'><strong>jam</strong></span> <span class='ocrx_word' id='word_1_594' title='bbox 3423 3363 3518 3417; x_wconf 88' lang='lat' dir='ltr'><strong>de-</strong></span> 
     </span>
    </p>
   </div>
   <div class='ocr_carea' id='block_1_80' title="bbox 1931 3454 3516 3534">
    <p class='ocr_par' dir='ltr' id='par_1_80' title="bbox 1931 3454 3516 3534">
     <span class='ocr_line' id='line_1_80' title="bbox 1931 3454 3516 3534; baseline -0.008 -16"><span class='ocrx_word' id='word_1_595' title='bbox 1931 3465 2135 3518; x_wconf 76' lang='lat' dir='ltr'><strong>functa.</strong></span> <span class='ocrx_word' id='word_1_596' title='bbox 2183 3461 2324 3528; x_wconf 85' lang='lat' dir='ltr'><strong>Quid</strong></span> <span class='ocrx_word' id='word_1_597' title='bbox 2375 3459 2572 3514; x_wconf 89' lang='lat' dir='ltr'><strong>accidit</strong></span> <span class='ocrx_word' id='word_1_598' title='bbox 2623 3458 2766 3534; x_wconf 84' lang='lat' dir='ltr'><strong>inter</strong></span> <span class='ocrx_word' id='word_1_599' title='bbox 2811 3457 3062 3512; x_wconf 88' lang='lat' dir='ltr'><strong>Carolum</strong></span> <span class='ocrx_word' id='word_1_600' title='bbox 3108 3465 3163 3510; x_wconf 91' lang='lat' dir='ltr'><strong>et</strong></span> <span class='ocrx_word' id='word_1_601' title='bbox 3197 3454 3516 3509; x_wconf 75' lang='lat' dir='ltr'><strong>liotbertum</strong></span> 
     </span>
    </p>
   </div>
   <div class='ocr_carea' id='block_1_81' title="bbox 1905 3543 3519 3628">
    <p class='ocr_par' dir='ltr' id='par_1_81' title="bbox 1905 3543 3519 3628">
     <span class='ocr_line' id='line_1_81' title="bbox 1905 3543 3519 3628; baseline -0.007 -14"><span class='ocrx_word' id='word_1_602' title='bbox 1905 3559 2020 3628; x_wconf 19' lang='lat' dir='ltr'><strong>{hic</strong></span> <span class='ocrx_word' id='word_1_603' title='bbox 2043 3574 2146 3611; x_wconf 89' lang='lat' dir='ltr'><strong>non</strong></span> <span class='ocrx_word' id='word_1_604' title='bbox 2179 3553 2588 3617; x_wconf 89' lang='lat' dir='ltr'><strong>memorabitur,</strong></span> <span class='ocrx_word' id='word_1_605' title='bbox 2617 3551 2744 3622; x_wconf 90' lang='lat' dir='ltr'><strong>quia</strong></span> <span class='ocrx_word' id='word_1_606' title='bbox 2790 3551 2924 3606; x_wconf 91' lang='lat' dir='ltr'><strong>alias</strong></span> <span class='ocrx_word' id='word_1_607' title='bbox 2967 3549 3181 3621; x_wconf 86' lang='lat' dir='ltr'><strong>legitur.</strong></span> <span class='ocrx_word' id='word_1_608' title='bbox 3223 3543 3519 3604; x_wconf 78' lang='lat' dir='ltr'><strong>Rotbertns</strong></span> 
     </span>
    </p>
   </div>
   <div class='ocr_carea' id='block_1_82' title="bbox 1929 3641 3518 3716">
    <p class='ocr_par' dir='ltr' id='par_1_82' title="bbox 1929 3641 3518 3716">
     <span class='ocr_line' id='line_1_82' title="bbox 1929 3641 3518 3716; baseline -0.008 -10"><span class='ocrx_word' id='word_1_609' title='bbox 1929 3651 2424 3706; x_wconf 76' lang='lat' dir='ltr'><strong>Northmannorum</strong></span> <span class='ocrx_word' id='word_1_610' title='bbox 2467 3645 2728 3716; x_wconf 90' lang='lat' dir='ltr'><strong>patricius</strong></span> <span class='ocrx_word' id='word_1_611' title='bbox 2777 3643 3062 3716; x_wconf 50' lang='lat' dir='ltr'><strong>grandaeva</strong></span> <span class='ocrx_word' id='word_1_612' title='bbox 3108 3648 3286 3706; x_wconf 63' lang='lat' dir='ltr'><strong>astate,</strong></span> <span class='ocrx_word' id='word_1_613' title='bbox 3322 3641 3518 3695; x_wconf 87' lang='lat' dir='ltr'><strong>nimio-</strong></span> 
     </span>
    </p>
   </div>
   <div class='ocr_carea' id='block_1_83' title="bbox 1929 3734 3519 3815">
    <p class='ocr_par' dir='ltr' id='par_1_83' title="bbox 1929 3734 3519 3815">
     <span class='ocr_line' id='line_1_83' title="bbox 1929 3734 3519 3815; baseline -0.007 -17"><span class='ocrx_word' id='word_1_614' title='bbox 1929 3758 2032 3815; x_wconf 89' lang='lat' dir='ltr'><strong>que</strong></span> <span class='ocrx_word' id='word_1_615' title='bbox 2067 3743 2248 3797; x_wconf 88' lang='lat' dir='ltr'><strong>labore</strong></span> <span class='ocrx_word' id='word_1_616' title='bbox 2288 3740 2599 3812; x_wconf 61' lang='lat' dir='ltr'><strong>praeliorum</strong></span> <span class='ocrx_word' id='word_1_617' title='bbox 2643 3737 2972 3807; x_wconf 81' lang='lat' dir='ltr'><strong>consultus,</strong></span> <span class='ocrx_word' id='word_1_618' title='bbox 2996 3734 3319 3807; x_wconf 82' lang='lat' dir='ltr'><strong>convocatis</strong></span> <span class='ocrx_word' id='word_1_619' title='bbox 3344 3734 3519 3790; x_wconf 80' lang='lat' dir='ltr'><strong>Daco-</strong></span> 
     </span>
    </p>
   </div>
   <div class='ocr_carea' id='block_1_84' title="bbox 1929 3834 3512 3906">
    <p class='ocr_par' dir='ltr' id='par_1_84' title="bbox 1929 3834 3512 3906">
     <span class='ocr_line' id='line_1_84' title="bbox 1929 3834 3512 3906; baseline -0.008 -12"><span class='ocrx_word' id='word_1_620' title='bbox 1929 3857 2048 3894; x_wconf 91' lang='lat' dir='ltr'><strong>rum</strong></span> <span class='ocrx_word' id='word_1_621' title='bbox 2080 3838 2470 3906; x_wconf 89' lang='lat' dir='ltr'><strong>Britonumque</strong></span> <span class='ocrx_word' id='word_1_622' title='bbox 2515 3835 2876 3906; x_wconf 83' lang='lat' dir='ltr'><strong>principibus,</strong></span> <span class='ocrx_word' id='word_1_623' title='bbox 2898 3834 3044 3890; x_wconf 84' lang='lat' dir='ltr'><strong>dedit</strong></span> <span class='ocrx_word' id='word_1_624' title='bbox 3068 3848 3284 3888; x_wconf 89' lang='lat' dir='ltr'><strong>omnem</strong></span> <span class='ocrx_word' id='word_1_625' title='bbox 3315 3841 3512 3886; x_wconf 88' lang='lat' dir='ltr'><strong>terram</strong></span> 
     </span>
    </p>
   </div>
   <div class='ocr_carea' id='block_1_85' title="bbox 1929 3925 3518 4002">
    <p class='ocr_par' dir='ltr' id='par_1_85' title="bbox 1929 3925 3518 4002">
     <span class='ocr_line' id='line_1_85' title="bbox 1929 3925 3518 4002; baseline -0.005 -16"><span class='ocrx_word' id='word_1_626' title='bbox 1929 3945 2042 3986; x_wconf 89' lang='lat' dir='ltr'><strong>suae</strong></span> <span class='ocrx_word' id='word_1_627' title='bbox 2067 3929 2287 3984; x_wconf 88' lang='lat' dir='ltr'><strong>ditionis</strong></span> <span class='ocrx_word' id='word_1_628' title='bbox 2310 3927 2597 3989; x_wconf 72' lang='lat' dir='ltr'><strong>Guillelmo</strong></span> <span class='ocrx_word' id='word_1_629' title='bbox 2621 3927 2778 4002; x_wconf 68' lang='lat' dir='ltr'><strong>Pepte</strong></span> <span class='ocrx_word' id='word_1_630' title='bbox 2805 3926 2939 3992; x_wconf 88' lang='lat' dir='ltr'><strong>ﬁlio,</strong></span> <span class='ocrx_word' id='word_1_631' title='bbox 2967 3934 3128 3996; x_wconf 88' lang='lat' dir='ltr'><strong>atque</strong></span> <span class='ocrx_word' id='word_1_632' title='bbox 3154 3925 3296 3979; x_wconf 89' lang='lat' dir='ltr'><strong>inter</strong></span> <span class='ocrx_word' id='word_1_633' title='bbox 3323 3939 3518 3978; x_wconf 84' lang='lat' dir='ltr'><strong>manus</strong></span> 
     </span>
    </p>
   </div>
   <div class='ocr_carea' id='block_1_86' title="bbox 1929 4017 3522 4085">
    <p class='ocr_par' dir='ltr' id='par_1_86' title="bbox 1929 4017 3522 4085">
     <span class='ocr_line' id='line_1_86' title="bbox 1929 4017 3522 4085; baseline -0.004 -7"><span class='ocrx_word' id='word_1_634' title='bbox 1929 4019 2198 4078; x_wconf 85' lang='lat' dir='ltr'><strong>Guillelmi</strong></span> <span class='ocrx_word' id='word_1_635' title='bbox 2239 4019 2599 4074; x_wconf 86' lang='lat' dir='ltr'><strong>adoiesccntis</strong></span> <span class='ocrx_word' id='word_1_636' title='bbox 2645 4034 2840 4074; x_wconf 87' lang='lat' dir='ltr'><strong>manus</strong></span> <span class='ocrx_word' id='word_1_637' title='bbox 2870 4033 2998 4074; x_wconf 87' lang='lat' dir='ltr'><strong>suas</strong></span> <span class='ocrx_word' id='word_1_638' title='bbox 3045 4018 3322 4072; x_wconf 84' lang='lat' dir='ltr'><strong>mittentes</strong></span> <span class='ocrx_word' id='word_1_639' title='bbox 3369 4017 3522 4085; x_wconf 82' lang='lat' dir='ltr'><strong>prin-</strong></span> 
     </span>
    </p>
   </div>
   <div class='ocr_carea' id='block_1_87' title="bbox 1931 4109 3512 4184">
    <p class='ocr_par' dir='ltr' id='par_1_87' title="bbox 1931 4109 3512 4184">
     <span class='ocr_line' id='line_1_87' title="bbox 1931 4109 3512 4184; baseline -0.005 -16"><span class='ocrx_word' id='word_1_640' title='bbox 1931 4114 2118 4184; x_wconf 89' lang='lat' dir='ltr'><strong>cipes,</strong></span> <span class='ocrx_word' id='word_1_641' title='bbox 2193 4111 2472 4183; x_wconf 65' lang='lat' dir='ltr'><strong>colligavit</strong></span> <span class='ocrx_word' id='word_1_642' title='bbox 2534 4110 2607 4164; x_wconf 92' lang='lat' dir='ltr'><strong>illi</strong></span> <span class='ocrx_word' id='word_1_643' title='bbox 2681 4109 3074 4181; x_wconf 84' lang='lat' dir='ltr'><strong>conjnrationis</strong></span> <span class='ocrx_word' id='word_1_644' title='bbox 3149 4118 3512 4176; x_wconf 87' lang='lat' dir='ltr'><strong>sacramento.</strong></span> 
     </span>
    </p>
   </div>
   <div class='ocr_carea' id='block_1_88' title="bbox 1929 4199 3518 4267">
    <p class='ocr_par' dir='ltr' id='par_1_88' title="bbox 1929 4199 3518 4267">
     <span class='ocr_line' id='line_1_88' title="bbox 1929 4199 3518 4267; baseline -0.001 -9"><span class='ocrx_word' id='word_1_645' title='bbox 1929 4205 2122 4258; x_wconf 85' lang='lat' dir='ltr'><strong>Postea</strong></span> <span class='ocrx_word' id='word_1_646' title='bbox 2163 4219 2270 4258; x_wconf 92' lang='lat' dir='ltr'><strong>uno</strong></span> <span class='ocrx_word' id='word_1_647' title='bbox 2301 4203 2469 4258; x_wconf 92' lang='lat' dir='ltr'><strong>lustro</strong></span> <span class='ocrx_word' id='word_1_648' title='bbox 2512 4203 2716 4267; x_wconf 89' lang='lat' dir='ltr'><strong>vivens,</strong></span> <span class='ocrx_word' id='word_1_649' title='bbox 2749 4202 2927 4256; x_wconf 81' lang='lat' dir='ltr'><strong>aetatis</strong></span> <span class='ocrx_word' id='word_1_650' title='bbox 2956 4216 3066 4257; x_wconf 84' lang='lat' dir='ltr'><strong>suae</strong></span> <span class='ocrx_word' id='word_1_651' title='bbox 3107 4201 3353 4266; x_wconf 82' lang='lat' dir='ltr'><strong>defectu,</strong></span> <span class='ocrx_word' id='word_1_652' title='bbox 3389 4199 3518 4256; x_wconf 79' lang='lat' dir='ltr'><strong>eil‘e-</strong></span> 
     </span>
    </p>
   </div>
   <div class='ocr_carea' id='block_1_89' title="bbox 1931 4291 3516 4366">
    <p class='ocr_par' dir='ltr' id='par_1_89' title="bbox 1931 4291 3516 4366">
     <span class='ocr_line' id='line_1_89' title="bbox 1931 4291 3516 4366; baseline -0.001 -18"><span class='ocrx_word' id='word_1_653' title='bbox 1931 4303 2092 4366; x_wconf 91' lang='lat' dir='ltr'><strong>toqne</strong></span> <span class='ocrx_word' id='word_1_654' title='bbox 2141 4295 2348 4349; x_wconf 90' lang='lat' dir='ltr'><strong>viribus</strong></span> <span class='ocrx_word' id='word_1_655' title='bbox 2396 4307 2656 4362; x_wconf 88' lang='lat' dir='ltr'><strong>corpore,</strong></span> <span class='ocrx_word' id='word_1_656' title='bbox 2717 4292 2965 4364; x_wconf 90' lang='lat' dir='ltr'><strong>equitare</strong></span> <span class='ocrx_word' id='word_1_657' title='bbox 3005 4308 3115 4347; x_wconf 89' lang='lat' dir='ltr'><strong>non</strong></span> <span class='ocrx_word' id='word_1_658' title='bbox 3165 4291 3378 4356; x_wconf 87' lang='lat' dir='ltr'><strong>valens,</strong></span> <span class='ocrx_word' id='word_1_659' title='bbox 3429 4307 3516 4347; x_wconf 83' lang='lat' dir='ltr'><strong>re-</strong></span> 
     </span>
    </p>
   </div>
   <div class='ocr_carea' id='block_1_90' title="bbox 1929 4381 3516 4454">
    <p class='ocr_par' dir='ltr' id='par_1_90' title="bbox 1929 4381 3516 4454">
     <span class='ocr_line' id='line_1_90' title="bbox 1929 4381 3516 4454; baseline -0.001 -17"><span class='ocrx_word' id='word_1_660' title='bbox 1929 4397 2199 4454; x_wconf 87' lang='lat' dir='ltr'><strong>gnumque</strong></span> <span class='ocrx_word' id='word_1_661' title='bbox 2243 4382 2586 4452; x_wconf 88' lang='lat' dir='ltr'><strong>paciﬁcatum</strong></span> <span class='ocrx_word' id='word_1_662' title='bbox 2631 4381 2860 4436; x_wconf 83' lang='lat' dir='ltr'><strong>solidum</strong></span> <span class='ocrx_word' id='word_1_663' title='bbox 2907 4389 2962 4436; x_wconf 90' lang='lat' dir='ltr'><strong>et</strong></span> <span class='ocrx_word' id='word_1_664' title='bbox 3003 4383 3244 4450; x_wconf 89' lang='lat' dir='ltr'><strong>quietum</strong></span> <span class='ocrx_word' id='word_1_665' title='bbox 3293 4391 3516 4446; x_wconf 86' lang='lat' dir='ltr'><strong>tenens,</strong></span> 
     </span>
    </p>
   </div>
   <div class='ocr_carea' id='block_1_91' title="bbox 237 4459 3512 4560">
    <p class='ocr_par' dir='ltr' id='par_1_91' title="bbox 237 4459 3512 4560">
     <span class='ocr_line' id='line_1_91' title="bbox 237 4459 3512 4560; baseline 0 -47"><span class='ocrx_word' id='word_1_666' title='bbox 237 4467 296 4513; x_wconf 89' lang='lat' dir='ltr'><strong>et</strong></span> <span class='ocrx_word' id='word_1_667' title='bbox 322 4459 562 4560; x_wconf 42' lang='lat' dir='ltr'><strong>indic-are</strong></span> <span class='ocrx_word' id='word_1_668' title='bbox 598 4460 838 4560; x_wconf 75' lang='lat' dir='ltr'><strong>noluisti.</strong></span> <span class='ocrx_word' id='word_1_669' title='bbox 878 4480 896 4512; x_wconf 72' lang='grc' dir='ltr'><strong><em>ι</em></strong></span> <span class='ocrx_word' id='word_1_670' title='bbox 932 4461 1128 4515; x_wconf 89' lang='lat' dir='ltr'><strong>Statim</strong></span> <span class='ocrx_word' id='word_1_671' title='bbox 1158 4471 1444 4560; x_wconf 79' lang='lat' dir='ltr'><strong>utrumque</strong></span> <span class='ocrx_word' id='word_1_672' title='bbox 1475 4462 1670 4532; x_wconf 88' lang='lat' dir='ltr'><strong>laqueo</strong></span> <span class='ocrx_word' id='word_1_673' title='bbox 1700 4462 1828 4516; x_wconf 80' lang='lat' dir='ltr'><strong>fecit</strong></span> <span class='ocrx_word' id='word_1_674' title='bbox 1855 4502 1906 4560; x_wconf 69' lang='grc' dir='ltr'><strong>Β</strong></span> <span class='ocrx_word' id='word_1_675' title='bbox 1934 4476 2174 4548; x_wconf 63' lang='lat' dir='ltr'><strong>lugubris</strong></span> <span class='ocrx_word' id='word_1_676' title='bbox 2198 4474 2380 4529; x_wconf 69' lang='lat' dir='ltr'><strong>damni</strong></span> <span class='ocrx_word' id='word_1_677' title='bbox 2429 4489 2624 4544; x_wconf 64' lang='lat' dir='ltr'><strong>passus</strong></span> <span class='ocrx_word' id='word_1_678' title='bbox 2670 4474 3031 4542; x_wconf 60' lang='lat' dir='ltr'><strong>dispendium,</strong></span> <span class='ocrx_word' id='word_1_679' title='bbox 3080 4475 3512 4544; x_wconf 56' lang='lat' dir='ltr'><strong>inevitabilisque</strong></span> 
     </span>
    </p>
   </div>
   <div class='ocr_carea' id='block_1_92' title="bbox 240 4550 1827 4623">
    <p class='ocr_par' dir='ltr' id='par_1_92' title="bbox 240 4550 1827 4623">
     <span class='ocr_line' id='line_1_92' title="bbox 240 4550 1827 4623; baseline 0.003 -21"><span class='ocrx_word' id='word_1_680' title='bbox 240 4550 526 4618; x_wconf 88' lang='lat' dir='ltr'><strong>suspendi,</strong></span> <span class='ocrx_word' id='word_1_681' title='bbox 572 4551 884 4622; x_wconf 86' lang='lat' dir='ltr'><strong>crudelique</strong></span> <span class='ocrx_word' id='word_1_682' title='bbox 913 4561 1084 4606; x_wconf 89' lang='lat' dir='ltr'><strong>morte</strong></span> <span class='ocrx_word' id='word_1_683' title='bbox 1111 4552 1274 4607; x_wconf 89' lang='lat' dir='ltr'><strong>ﬁniri.</strong></span> <span class='ocrx_word' id='word_1_684' title='bbox 1302 4551 1414 4607; x_wconf 88' lang='lat' dir='ltr'><strong>lloc</strong></span> <span class='ocrx_word' id='word_1_685' title='bbox 1441 4553 1702 4623; x_wconf 84' lang='lat' dir='ltr'><strong>judicium</strong></span> <span class='ocrx_word' id='word_1_686' title='bbox 1733 4570 1827 4608; x_wconf 81' lang='lat' dir='ltr'><strong>cx-</strong></span> 
     </span>
    </p>
   </div>
   <div class='ocr_carea' id='block_1_93' title="bbox 239 4644 1827 4716">
    <p class='ocr_par' dir='ltr' id='par_1_93' title="bbox 239 4644 1827 4716">
     <span class='ocr_line' id='line_1_93' title="bbox 239 4644 1827 4716; baseline 0.003 -20"><span class='ocrx_word' id='word_1_687' title='bbox 239 4646 438 4698; x_wconf 88' lang='lat' dir='ltr'><strong>terruit</strong></span> <span class='ocrx_word' id='word_1_688' title='bbox 471 4644 798 4700; x_wconf 88' lang='lat' dir='ltr'><strong>habitatores</strong></span> <span class='ocrx_word' id='word_1_689' title='bbox 839 4656 1012 4701; x_wconf 80' lang='lat' dir='ltr'><strong>teme.</strong></span> <span class='ocrx_word' id='word_1_690' title='bbox 1041 4645 1330 4716; x_wconf 82' lang='lat' dir='ltr'><strong>Nullusque</strong></span> <span class='ocrx_word' id='word_1_691' title='bbox 1351 4661 1516 4701; x_wconf 91' lang='lat' dir='ltr'><strong>ausus</strong></span> <span class='ocrx_word' id='word_1_692' title='bbox 1539 4655 1620 4701; x_wconf 89' lang='lat' dir='ltr'><strong>est</strong></span> <span class='ocrx_word' id='word_1_693' title='bbox 1641 4660 1827 4716; x_wconf 88' lang='lat' dir='ltr'><strong>postea</strong></span> 
     </span>
    </p>
   </div>
   <div class='ocr_carea' id='block_1_94' title="bbox 240 4733 1826 4806">
    <p class='ocr_par' dir='ltr' id='par_1_94' title="bbox 240 4733 1826 4806">
     <span class='ocr_line' id='line_1_94' title="bbox 240 4733 1826 4806; baseline 0.003 -20"><span class='ocrx_word' id='word_1_694' title='bbox 240 4733 434 4799; x_wconf 80' lang='lat' dir='ltr'><strong>furari,</strong></span> <span class='ocrx_word' id='word_1_695' title='bbox 466 4736 546 4789; x_wconf 90' lang='lat' dir='ltr'><strong>vel</strong></span> <span class='ocrx_word' id='word_1_696' title='bbox 576 4735 906 4791; x_wconf 79' lang='lat' dir='ltr'><strong>latrocinari.</strong></span> <span class='ocrx_word' id='word_1_697' title='bbox 940 4735 1115 4806; x_wconf 89' lang='lat' dir='ltr'><strong>Atque</strong></span> <span class='ocrx_word' id='word_1_698' title='bbox 1142 4736 1219 4791; x_wconf 88' lang='lat' dir='ltr'><strong>sic</strong></span> <span class='ocrx_word' id='word_1_699' title='bbox 1242 4737 1446 4806; x_wconf 91' lang='lat' dir='ltr'><strong>quievit</strong></span> <span class='ocrx_word' id='word_1_700' title='bbox 1474 4747 1616 4790; x_wconf 91' lang='lat' dir='ltr'><strong>terra</strong></span> <span class='ocrx_word' id='word_1_701' title='bbox 1658 4752 1826 4791; x_wconf 73' lang='lat' dir='ltr'><strong>vacua</strong></span> 
     </span>
    </p>
   </div>
   <div class='ocr_carea' id='block_1_95' title="bbox 239 4823 1826 4896">
    <p class='ocr_par' dir='ltr' id='par_1_95' title="bbox 239 4823 1826 4896">
     <span class='ocr_line' id='line_1_95' title="bbox 239 4823 1826 4896; baseline 0.004 -21"><span class='ocrx_word' id='word_1_702' title='bbox 239 4823 455 4880; x_wconf 79' lang='lat' dir='ltr'><strong>furibus</strong></span> <span class='ocrx_word' id='word_1_703' title='bbox 504 4834 558 4880; x_wconf 89' lang='lat' dir='ltr'><strong>et</strong></span> <span class='ocrx_word' id='word_1_704' title='bbox 598 4826 920 4893; x_wconf 87' lang='lat' dir='ltr'><strong>latronibus,</strong></span> <span class='ocrx_word' id='word_1_705' title='bbox 969 4835 1134 4896; x_wconf 89' lang='lat' dir='ltr'><strong>atque</strong></span> <span class='ocrx_word' id='word_1_706' title='bbox 1168 4826 1314 4880; x_wconf 90' lang='lat' dir='ltr'><strong>siluit</strong></span> <span class='ocrx_word' id='word_1_707' title='bbox 1363 4827 1573 4896; x_wconf 88' lang='lat' dir='ltr'><strong>privata</strong></span> <span class='ocrx_word' id='word_1_708' title='bbox 1619 4827 1826 4882; x_wconf 80' lang='lat' dir='ltr'><strong>cunctis</strong></span> 
     </span>
    </p>
   </div>
   <div class='ocr_carea' id='block_1_96' title="bbox 238 4916 618 4973">
    <p class='ocr_par' dir='ltr' id='par_1_96' title="bbox 238 4916 618 4973">
     <span class='ocr_line' id='line_1_96' title="bbox 238 4916 618 4973; baseline 0.008 -3"><span class='ocrx_word' id='word_1_709' title='bbox 238 4916 618 4973; x_wconf 86' lang='lat' dir='ltr'><strong>seditionibus.</strong></span> 
     </span>
    </p>
   </div>
   <div class='ocr_carea' id='block_1_97' title="bbox 1934 4563 3512 4635">
    <p class='ocr_par' dir='ltr' id='par_1_97' title="bbox 1934 4563 3512 4635">
     <span class='ocr_line' id='line_1_97' title="bbox 1934 4563 3512 4635; baseline -0.003 -13"><span class='ocrx_word' id='word_1_710' title='bbox 1934 4568 2126 4622; x_wconf 89' lang='lat' dir='ltr'><strong>mortis</strong></span> <span class='ocrx_word' id='word_1_711' title='bbox 2168 4580 2356 4620; x_wconf 88' lang='lat' dir='ltr'><strong>casum</strong></span> <span class='ocrx_word' id='word_1_712' title='bbox 2441 4564 2629 4632; x_wconf 90' lang='lat' dir='ltr'><strong>plenus</strong></span> <span class='ocrx_word' id='word_1_713' title='bbox 2673 4564 2881 4635; x_wconf 86' lang='lat' dir='ltr'><strong>dierum</strong></span> <span class='ocrx_word' id='word_1_714' title='bbox 2928 4563 3178 4633; x_wconf 88' lang='lat' dir='ltr'><strong>migravit</strong></span> <span class='ocrx_word' id='word_1_715' title='bbox 3232 4565 3300 4618; x_wconf 90' lang='lat' dir='ltr'><strong>ad</strong></span> <span class='ocrx_word' id='word_1_716' title='bbox 3357 4565 3512 4619; x_wconf 86' lang='lat' dir='ltr'><strong>Chri-</strong></span> 
     </span>
    </p>
   </div>
   <div class='ocr_carea' id='block_1_98' title="bbox 1935 4654 3514 4726">
    <p class='ocr_par' dir='ltr' id='par_1_98' title="bbox 1935 4654 3514 4726">
     <span class='ocr_line' id='line_1_98' title="bbox 1935 4654 3514 4726; baseline -0.003 -13"><span class='ocrx_word' id='word_1_717' title='bbox 1935 4668 2107 4724; x_wconf 91' lang='lat' dir='ltr'><strong>stum,</strong></span> <span class='ocrx_word' id='word_1_718' title='bbox 2146 4657 2233 4712; x_wconf 91' lang='lat' dir='ltr'><strong>cui</strong></span> <span class='ocrx_word' id='word_1_719' title='bbox 2270 4664 2353 4710; x_wconf 86' lang='lat' dir='ltr'><strong>est</strong></span> <span class='ocrx_word' id='word_1_720' title='bbox 2385 4655 2559 4710; x_wconf 88' lang='lat' dir='ltr'><strong>honor</strong></span> <span class='ocrx_word' id='word_1_721' title='bbox 2585 4663 2638 4710; x_wconf 90' lang='lat' dir='ltr'><strong>et</strong></span> <span class='ocrx_word' id='word_1_722' title='bbox 2667 4654 2837 4726; x_wconf 89' lang='lat' dir='ltr'><strong>gloria</strong></span> <span class='ocrx_word' id='word_1_723' title='bbox 2867 4655 2922 4709; x_wconf 89' lang='lat' dir='ltr'><strong>in</strong></span> <span class='ocrx_word' id='word_1_724' title='bbox 2951 4654 3146 4712; x_wconf 64' lang='lat' dir='ltr'><strong>saacula</strong></span> <span class='ocrx_word' id='word_1_725' title='bbox 3169 4655 3514 4710; x_wconf 65' lang='lat' dir='ltr'><strong>saeculorum.</strong></span> 
     </span>
    </p>
   </div>
   <div class='ocr_carea' id='block_1_99' title="bbox 1934 4752 2123 4808">
    <p class='ocr_par' dir='ltr' id='par_1_99' title="bbox 1934 4752 2123 4808">
     <span class='ocr_line' id='line_1_99' title="bbox 1934 4752 2123 4808; baseline 0.005 -3"><span class='ocrx_word' id='word_1_726' title='bbox 1934 4752 2123 4808; x_wconf 86' lang='lat' dir='ltr'><strong>Amen.</strong></span> 
     </span>
    </p>
   </div>
   <div class='ocr_carea' id='block_1_100' title="bbox 1651 5073 1989 5138">
    <p class='ocr_par' dir='ltr' id='par_1_100' title="bbox 1651 5073 1989 5138">
     <span class='ocr_line' id='line_1_100' title="bbox 1651 5073 1989 5138; baseline 0 -2"><span class='ocrx_word' id='word_1_727' title='bbox 1651 5073 1989 5138; x_wconf 63' lang='lat' dir='ltr'><strong>Ei’lLOGUS</strong></span> 
     </span>
    </p>
   </div>
   <div class='ocr_carea' id='block_1_101' title="bbox 234 5209 1608 5288">
    <p class='ocr_par' dir='ltr' id='par_1_101' title="bbox 234 5209 1608 5288">
     <span class='ocr_line' id='line_1_101' title="bbox 234 5209 1608 5288; baseline 0.006 -25"><span class='ocrx_word' id='word_1_728' title='bbox 234 5209 412 5263; x_wconf 82' lang='lat' dir='ltr'><strong>Nanta</strong></span> <span class='ocrx_word' id='word_1_729' title='bbox 440 5211 586 5265; x_wconf 86' lang='lat' dir='ltr'><strong>rudis</strong></span> <span class='ocrx_word' id='word_1_730' title='bbox 610 5210 796 5283; x_wconf 86' lang='lat' dir='ltr'><strong>pelago</strong></span> <span class='ocrx_word' id='word_1_731' title='bbox 823 5213 1142 5268; x_wconf 79' lang='lat' dir='ltr'><strong>commissus</strong></span> <span class='ocrx_word' id='word_1_732' title='bbox 1170 5212 1285 5269; x_wconf 82' lang='lat' dir='ltr'><strong>vela</strong></span> <span class='ocrx_word' id='word_1_733' title='bbox 1316 5214 1608 5288; x_wconf 80' lang='lat' dir='ltr'><strong>profanae,</strong></span> 
     </span>
    </p>
   </div>
   <div class='ocr_carea' id='block_1_102' title="bbox 234 5301 1611 5375">
    <p class='ocr_par' dir='ltr' id='par_1_102' title="bbox 234 5301 1611 5375">
     <span class='ocr_line' id='line_1_102' title="bbox 234 5301 1611 5375; baseline 0.002 -18"><span class='ocrx_word' id='word_1_734' title='bbox 234 5301 422 5357; x_wconf 90' lang='lat' dir='ltr'><strong>Classe</strong></span> <span class='ocrx_word' id='word_1_735' title='bbox 448 5304 615 5358; x_wconf 88' lang='lat' dir='ltr'><strong>vehor</strong></span> <span class='ocrx_word' id='word_1_736' title='bbox 642 5319 830 5374; x_wconf 81' lang='lat' dir='ltr'><strong>parva,</strong></span> <span class='ocrx_word' id='word_1_737' title='bbox 862 5305 1120 5374; x_wconf 88' lang='lat' dir='ltr'><strong>rimisque</strong></span> <span class='ocrx_word' id='word_1_738' title='bbox 1145 5304 1410 5359; x_wconf 84' lang='lat' dir='ltr'><strong>foramine</strong></span> <span class='ocrx_word' id='word_1_739' title='bbox 1434 5305 1611 5375; x_wconf 88' lang='lat' dir='ltr'><strong>plena,</strong></span> 
     </span>
    </p>
   </div>
   <div class='ocr_carea' id='block_1_103' title="bbox 234 5391 1718 5466">
    <p class='ocr_par' dir='ltr' id='par_1_103' title="bbox 234 5391 1718 5466">
     <span class='ocr_line' id='line_1_103' title="bbox 234 5391 1718 5466; baseline 0.003 -20"><span class='ocrx_word' id='word_1_740' title='bbox 234 5391 528 5464; x_wconf 86' lang='lat' dir='ltr'><strong>Puppeque</strong></span> <span class='ocrx_word' id='word_1_741' title='bbox 556 5403 830 5463; x_wconf 84' lang='lat' dir='ltr'><strong>quassata,</strong></span> <span class='ocrx_word' id='word_1_742' title='bbox 860 5410 1018 5464; x_wconf 88' lang='lat' dir='ltr'><strong>prora</strong></span> <span class='ocrx_word' id='word_1_743' title='bbox 1050 5395 1254 5450; x_wconf 90' lang='lat' dir='ltr'><strong>tumido</strong></span> <span class='ocrx_word' id='word_1_744' title='bbox 1279 5411 1498 5466; x_wconf 58' lang='lat' dir='ltr'><strong>aequore</strong></span> <span class='ocrx_word' id='word_1_745' title='bbox 1523 5395 1718 5461; x_wconf 86' lang='lat' dir='ltr'><strong>fracta,</strong></span> 
     </span>
    </p>
   </div>
   <div class='ocr_carea' id='block_1_104' title="bbox 235 5485 1722 5558">
    <p class='ocr_par' dir='ltr' id='par_1_104' title="bbox 235 5485 1722 5558">
     <span class='ocr_line' id='line_1_104' title="bbox 235 5485 1722 5558; baseline 0.001 -17"><span class='ocrx_word' id='word_1_746' title='bbox 235 5485 650 5556; x_wconf 74' lang='lat' dir='ltr'><strong>Cordi-actisque</strong></span> <span class='ocrx_word' id='word_1_747' title='bbox 675 5487 1072 5557; x_wconf 80' lang='lat' dir='ltr'><strong>gubernaculis,</strong></span> <span class='ocrx_word' id='word_1_748' title='bbox 1100 5489 1372 5558; x_wconf 89' lang='lat' dir='ltr'><strong>remisque</strong></span> <span class='ocrx_word' id='word_1_749' title='bbox 1399 5489 1722 5558; x_wconf 89' lang='lat' dir='ltr'><strong>peremptis,</strong></span> 
     </span>
    </p>
   </div>
   <div class='ocr_carea' id='block_1_105' title="bbox 233 5575 1503 5644">
    <p class='ocr_par' dir='ltr' id='par_1_105' title="bbox 233 5575 1503 5644">
     <span class='ocr_line' id='line_1_105' title="bbox 233 5575 1503 5644; baseline 0.002 -13"><span class='ocrx_word' id='word_1_750' title='bbox 233 5575 499 5631; x_wconf 87' lang='lat' dir='ltr'><strong>Omnibus</strong></span> <span class='ocrx_word' id='word_1_751' title='bbox 528 5586 581 5632; x_wconf 91' lang='lat' dir='ltr'><strong>et</strong></span> <span class='ocrx_word' id='word_1_752' title='bbox 620 5577 752 5632; x_wconf 79' lang='lat' dir='ltr'><strong>velis</strong></span> <span class='ocrx_word' id='word_1_753' title='bbox 780 5578 1010 5633; x_wconf 86' lang='lat' dir='ltr'><strong>violento</strong></span> <span class='ocrx_word' id='word_1_754' title='bbox 1041 5579 1255 5634; x_wconf 89' lang='lat' dir='ltr'><strong>turbine</strong></span> <span class='ocrx_word' id='word_1_755' title='bbox 1290 5580 1503 5644; x_wconf 85' lang='lat' dir='ltr'><strong>scissis,</strong></span> 
     </span>
    </p>
   </div>
   <div class='ocr_carea' id='block_1_106' title="bbox 233 5668 1824 5742">
    <p class='ocr_par' dir='ltr' id='par_1_106' title="bbox 233 5668 1824 5742">
     <span class='ocr_line' id='line_1_106' title="bbox 233 5668 1824 5742; baseline 0.002 -19"><span class='ocrx_word' id='word_1_756' title='bbox 233 5668 545 5740; x_wconf 81' lang='lat' dir='ltr'><strong>Naufragus</strong></span> <span class='ocrx_word' id='word_1_757' title='bbox 567 5709 582 5736; x_wconf 90' lang='lat'><strong>,</strong></span> <span class='ocrx_word' id='word_1_758' title='bbox 619 5672 912 5737; x_wconf 64' lang='lat' dir='ltr'><strong>attonitus,</strong></span> <span class='ocrx_word' id='word_1_759' title='bbox 943 5673 1219 5742; x_wconf 86' lang='lat' dir='ltr'><strong>stupidus,</strong></span> <span class='ocrx_word' id='word_1_760' title='bbox 1249 5673 1446 5741; x_wconf 88' lang='lat' dir='ltr'><strong>hebes,</strong></span> <span class='ocrx_word' id='word_1_761' title='bbox 1473 5672 1694 5736; x_wconf 80' lang='lat' dir='ltr'><strong>anxius,</strong></span> <span class='ocrx_word' id='word_1_762' title='bbox 1726 5687 1824 5726; x_wconf 89' lang='lat' dir='ltr'><strong>an-</strong></span> 
     </span>
    </p>
   </div>
   <div class='ocr_carea' id='block_1_107' title="bbox 1583 5765 1751 5839">
    <p class='ocr_par' dir='ltr' id='par_1_107' title="bbox 1583 5765 1751 5839">
     <span class='ocr_line' id='line_1_107' title="bbox 1583 5765 1751 5839; baseline -0.006 -19"><span class='ocrx_word' id='word_1_763' title='bbox 1583 5765 1751 5839; x_wconf 88' lang='lat' dir='ltr'><strong>[ceps.</strong></span> 
     </span>
    </p>
   </div>
   <div class='ocr_carea' id='block_1_108' title="bbox 1937 5209 3441 5290">
    <p class='ocr_par' dir='ltr' id='par_1_108' title="bbox 1937 5209 3441 5290">
     <span class='ocr_line' id='line_1_108' title="bbox 1937 5209 3441 5290; baseline -0.003 -18"><span class='ocrx_word' id='word_1_764' title='bbox 1937 5217 2185 5290; x_wconf 76' lang='lat' dir='ltr'><strong>Syrtibus</strong></span> <span class='ocrx_word' id='word_1_765' title='bbox 2220 5209 2531 5286; x_wconf 84' lang='lat' dir='ltr'><strong>implicitus,</strong></span> <span class='ocrx_word' id='word_1_766' title='bbox 2562 5229 2662 5285; x_wconf 88' lang='lat' dir='ltr'><strong>pro</strong></span> <span class='ocrx_word' id='word_1_767' title='bbox 2696 5215 2876 5270; x_wconf 86' lang='lat' dir='ltr'><strong>nescio</strong></span> <span class='ocrx_word' id='word_1_768' title='bbox 2905 5229 3048 5270; x_wconf 92' lang='lat' dir='ltr'><strong>nunc</strong></span> <span class='ocrx_word' id='word_1_769' title='bbox 3077 5214 3205 5282; x_wconf 89' lang='lat' dir='ltr'><strong>quid</strong></span> <span class='ocrx_word' id='word_1_770' title='bbox 3237 5223 3441 5283; x_wconf 79' lang='lat' dir='ltr'><strong>agetur.</strong></span> 
     </span>
    </p>
   </div>
   <div class='ocr_carea' id='block_1_109' title="bbox 1934 5307 3406 5376">
    <p class='ocr_par' dir='ltr' id='par_1_109' title="bbox 1934 5307 3406 5376">
     <span class='ocr_line' id='line_1_109' title="bbox 1934 5307 3406 5376; baseline -0.001 -14"><span class='ocrx_word' id='word_1_771' title='bbox 1934 5308 2049 5362; x_wconf 88' lang='lat' dir='ltr'><strong>Ah!</strong></span> <span class='ocrx_word' id='word_1_772' title='bbox 2088 5308 2288 5362; x_wconf 89' lang='lat' dir='ltr'><strong>misero</strong></span> <span class='ocrx_word' id='word_1_773' title='bbox 2329 5308 2573 5362; x_wconf 87' lang='lat' dir='ltr'><strong>mihimet</strong></span> <span class='ocrx_word' id='word_1_774' title='bbox 2601 5307 2780 5361; x_wconf 90' lang='lat' dir='ltr'><strong>nullus</strong></span> <span class='ocrx_word' id='word_1_775' title='bbox 2807 5316 2950 5376; x_wconf 87' lang='lat' dir='ltr'><strong>patet</strong></span> <span class='ocrx_word' id='word_1_776' title='bbox 2977 5308 3154 5362; x_wconf 80' lang='lat' dir='ltr'><strong>exitus</strong></span> <span class='ocrx_word' id='word_1_777' title='bbox 3181 5323 3406 5376; x_wconf 89' lang='lat' dir='ltr'><strong>usquam</strong></span> 
     </span>
    </p>
   </div>
   <div class='ocr_carea' id='block_1_110' title="bbox 1933 5398 3280 5468">
    <p class='ocr_par' dir='ltr' id='par_1_110' title="bbox 1933 5398 3280 5468">
     <span class='ocr_line' id='line_1_110' title="bbox 1933 5398 3280 5468; baseline 0 -16"><span class='ocrx_word' id='word_1_778' title='bbox 1933 5399 2217 5454; x_wconf 85' lang='lat' dir='ltr'><strong>Fluctibus</strong></span> <span class='ocrx_word' id='word_1_779' title='bbox 2245 5398 2453 5453; x_wconf 71' lang='lat' dir='ltr'><strong>incluso</strong></span> <span class='ocrx_word' id='word_1_780' title='bbox 2482 5399 2686 5463; x_wconf 90' lang='lat' dir='ltr'><strong>nimiis,</strong></span> <span class='ocrx_word' id='word_1_781' title='bbox 2718 5406 2976 5468; x_wconf 84' lang='lat' dir='ltr'><strong>septoque</strong></span> <span class='ocrx_word' id='word_1_782' title='bbox 3007 5399 3280 5468; x_wconf 89' lang='lat' dir='ltr'><strong>procellis.</strong></span> 
     </span>
    </p>
   </div>
   <div class='ocr_carea' id='block_1_111' title="bbox 1935 5489 3518 5561">
    <p class='ocr_par' dir='ltr' id='par_1_111' title="bbox 1935 5489 3518 5561">
     <span class='ocr_line' id='line_1_111' title="bbox 1935 5489 3518 5561; baseline 0.003 -19"><span class='ocrx_word' id='word_1_783' title='bbox 1935 5489 2042 5542; x_wconf 88' lang='lat' dir='ltr'><strong>Ah!</strong></span> <span class='ocrx_word' id='word_1_784' title='bbox 2087 5489 2335 5544; x_wconf 88' lang='lat' dir='ltr'><strong>mihimet</strong></span> <span class='ocrx_word' id='word_1_785' title='bbox 2381 5489 2579 5544; x_wconf 67' lang='lat' dir='ltr'><strong>caelum</strong></span> <span class='ocrx_word' id='word_1_786' title='bbox 2622 5489 2890 5560; x_wconf 85' lang='lat' dir='ltr'><strong>undique,</strong></span> <span class='ocrx_word' id='word_1_787' title='bbox 2934 5500 2990 5545; x_wconf 92' lang='lat' dir='ltr'><strong>et</strong></span> <span class='ocrx_word' id='word_1_788' title='bbox 3035 5492 3270 5561; x_wconf 81' lang='lat' dir='ltr'><strong>undique</strong></span> <span class='ocrx_word' id='word_1_789' title='bbox 3321 5499 3518 5561; x_wconf 80' lang='lat' dir='ltr'><strong>pontus</strong></span> 
     </span>
    </p>
   </div>
   <div class='ocr_carea' id='block_1_112' title="bbox 3169 5583 3424 5656">
    <p class='ocr_par' dir='ltr' id='par_1_112' title="bbox 3169 5583 3424 5656">
     <span class='ocr_line' id='line_1_112' title="bbox 3169 5583 3424 5656; baseline 0.012 -19"><span class='ocrx_word' id='word_1_790' title='bbox 3169 5583 3424 5656; x_wconf 87' lang='lat' dir='ltr'><strong>[habetur</strong></span> 
     </span>
    </p>
   </div>
   <div class='ocr_carea' id='block_1_113' title="bbox 1936 5668 3408 5748">
    <p class='ocr_par' dir='ltr' id='par_1_113' title="bbox 1936 5668 3408 5748">
     <span class='ocr_line' id='line_1_113' title="bbox 1936 5668 3408 5748; baseline 0.007 -27"><span class='ocrx_word' id='word_1_791' title='bbox 1936 5668 2145 5738; x_wconf 72' lang='lat' dir='ltr'><strong>lEquor</strong></span> <span class='ocrx_word' id='word_1_792' title='bbox 2174 5685 2488 5739; x_wconf 87' lang='lat' dir='ltr'><strong>permensus</strong></span> <span class='ocrx_word' id='word_1_793' title='bbox 2518 5672 2752 5727; x_wconf 90' lang='lat' dir='ltr'><strong>medium</strong></span> <span class='ocrx_word' id='word_1_794' title='bbox 2778 5675 2884 5730; x_wconf 89' lang='lat' dir='ltr'><strong>huc</strong></span> <span class='ocrx_word' id='word_1_795' title='bbox 2913 5675 2999 5730; x_wconf 79' lang='lat' dir='ltr'><strong>vix</strong></span> <span class='ocrx_word' id='word_1_796' title='bbox 3029 5691 3197 5748; x_wconf 86' lang='lat' dir='ltr'><strong>usque</strong></span> <span class='ocrx_word' id='word_1_797' title='bbox 3227 5678 3408 5743; x_wconf 78' lang='lat' dir='ltr'><strong>natavi</strong></span> 
     </span>
    </p>
   </div>
   <div class='ocr_carea' id='block_1_114' title="bbox 1936 5760 3370 5839">
    <p class='ocr_par' dir='ltr' id='par_1_114' title="bbox 1936 5760 3370 5839">
     <span class='ocr_line' id='line_1_114' title="bbox 1936 5760 3370 5839; baseline 0.007 -25"><span class='ocrx_word' id='word_1_798' title='bbox 1936 5760 2050 5816; x_wconf 64' lang='lat' dir='ltr'><strong>Non</strong></span> <span class='ocrx_word' id='word_1_799' title='bbox 2079 5761 2313 5817; x_wconf 87' lang='lat' dir='ltr'><strong>intrasse</strong></span> <span class='ocrx_word' id='word_1_800' title='bbox 2340 5762 2510 5821; x_wconf 89' lang='lat' dir='ltr'><strong>salum</strong></span> <span class='ocrx_word' id='word_1_801' title='bbox 2542 5764 2756 5822; x_wconf 85' lang='lat' dir='ltr'><strong>mallem</strong></span> <span class='ocrx_word' id='word_1_802' title='bbox 2775 5808 2789 5837; x_wconf 91' lang='lat'><strong>,</strong></span> <span class='ocrx_word' id='word_1_803' title='bbox 2819 5782 2981 5839; x_wconf 86' lang='lat' dir='ltr'><strong>quam</strong></span> <span class='ocrx_word' id='word_1_804' title='bbox 3011 5768 3099 5826; x_wconf 90' lang='lat' dir='ltr'><strong>hic</strong></span> <span class='ocrx_word' id='word_1_805' title='bbox 3127 5784 3370 5838; x_wconf 80' lang='lat' dir='ltr'><strong>periisse.</strong></span> 
     </span>
    </p>
   </div>
  </div>
