4032 6388
555 334 658 392 655
1475 329 1774 387 DUDONIS
1805 326 2048 383 DECANI
2086 326 2144 381 S.
2179 311 2485 393 QUINTINI
2511 325 2889 384 V'IROMA‘ND.
3692 327 3777 385 056

544 454 728 523 Puppe
768 448 868 506 sub
899 449 1092 519 exigua
1124 461 1222 518 per
1248 443 1504 516 confraga
1534 452 1834 499 murmurat
1860 458 2063 513 aequor,
2133 490 2135 492 .
2163 445 2210 504 Α
2242 441 2563 512 Fluctivagze
2590 455 2869 509 aequoreos
2896 438 3094 494 mentis
3127 451 3404 509 compesce
3442 446 3727 506 tutnores'~

547 544 822 602 Fluctibus
849 540 1058 596 infestis
1093 537 1273 610 pelagi
1304 546 1586 608 spumante
1616 533 1880 606 procella,

546 635 789 706 Equora
819 633 932 704 jam
963 632 1206 686 lambunt
1245 629 1459 685 inimica
1488 643 1618 698 pace
1657 627 1920 688 carinam.

546 728 812 784 Pestifero
851 727 1099 797 amplexu
1139 725 1428 780 horrendis
1463 722 1648 777 ﬂabris
1681 722 1948 776 nocitura.

547 817 765 874 Viribus
790 817 944 871 iratis
967 828 1153 870 teneor
1177 816 1344 870 maris
1378 829 1505 869 ursa
1536 813 1747 881 rapina,

552 906 809 977 lindaque
841 915 1090 963 curvatos
1129 905 1335 961 sublata
1370 906 1519 959 sinus
1553 903 1726 974 quatit
1757 917 1900 956 acre.

547 997 736 1054 Ilaereo
763 1013 905 1053 nunc
935 998 1175 1052 tremulis
1208 996 1529 1051 temerarius
1559 994 1761 1048 arbiter
1791 993 1948 1047 undis

549 1090 653 1144 Sed
689 1098 771 1152 tu,
804 1103 962 1157 quem
991 1098 1189 1142 statum
1221 1086 1472 1140 mobilem
1494 1127 1507 1152 ,
1545 1095 1746 1139 motum
1781 1083 2135 1153 stabilemque

552 1179 779 1233 Veridici
813 1179 1114 1248 perhibent,
1141 1192 1262 1231 cum
1296 1177 1366 1232 sit
1410 1186 1589 1232 motus
1625 1191 1836 1245 quoque
1867 1182 2057 1234 status.

2238 529 2427 602 Syrtes
2455 530 2741 601 pestiferas
2763 530 2942 585 cordis
2969 529 3241 599 disrumpe
3269 529 3535 600 vagantis,

2236 624 2413 692 Atque
2438 622 2719 693 procellosi
2747 622 2946 692 ingenii
2977 622 3196 677 sustolle
3223 623 3494 687 carinam;

2236 715 2306 771 Ut
2334 716 2733 787 gubernaculis,
2773 717 3065 786 ternisque,
3095 718 3332 787 velisque
3364 716 3603 779 refectis,

2236 808 2463 878 Ingenii,
2493 823 2701 872 sensus,
2741 807 3153 877 intellectusque
3183 807 3382 878 pusilli,

2237 896 2465 967 Jamque
2495 899 2650 967 hujus
2674 897 2851 966 operis
2887 898 3079 968 pelago
3103 895 3343 950 fervente
3377 902 3574 959 meato,

2236 989 2609 1058 Tranquillum
2638 991 2840 1058 possim
2866 989 3228 1044 conscendere
3259 988 3439 1043 navita
3481 995 3682 1055 partum

2238 1081 2510 1151 Sanguine
2537 1081 2783 1151 martyrii
2817 1080 3364 1151 ﬂuidum,palmaque
3389 1078 3666 1147 decorum,

2237 1170 2523 1224 Prol’usum
2549 1179 2605 1225 et
2630 1170 2858 1227 nitidum
2879 1181 3194 1227 cunctorum
3223 1169 3355 1228 ﬂore
3384 1169 3666 1225 bonorum.

1889 1327 3777 1360 “ww-ﬁ

1615 1491 2029 1610 LIBER
2111 1487 2778 1605 TERTIUS.

1825 1747 2503 1842 PR-IEFATIO.

545 2077 684 2133 Olim
715 2073 1007 2146 discipulos
1034 2074 1378 2145 omnipotens
1408 2075 1570 2139 Deus,

548 2171 716 2226 Sacra
748 2169 966 2239 Virgine
1005 2168 1198 2223 matris
1224 2168 1399 2223 editus
1429 2179 1482 2222 et
1507 2178 1679 2231 satus,

544 2263 686 2316 Vere
712 2269 897 2315 nostra
929 2260 1061 2314 fides
1087 2258 1417 2329 Sarcalogon
1441 2273 1600 2328 quem
1643 2257 1737 2321 ait,

543 2353 773 2423 Puppim
795 2351 1056 2407 scandere
1077 2351 1352 2421 praecepit,
1387 2351 1645 2420 abireqnc

545 2444 701 2499 Ultra
728 2441 1018 2498 velivolum
1047 2450 1103 2498 et
1126 2441 1472 2513 ﬂuctivagam
1504 2457 1673 2496 mare.

541 2535 736 2590 Plebes
764 2536 1075 2589 innumeras
1100 2536 1289 2590 sedere
1319 2550 1445 2589 mox
1469 2533 1644 2605 jubet.

547 2628 614 2681 Et
656 2627 855 2682 montis
878 2627 1096 2682 subiens
1126 2627 1232 2681 alta
1259 2627 1562 2691 cacumina,

547 2720 757 2775 Numen
790 2720 986 2775 siderei
1015 2719 1248 2788 postulat
1279 2720 1345 2773 ad
1372 2718 1570 2774 Patris.

545 2810 731 2866 Noctis
765 2809 1008 2864 caerulea:
1023 2825 1147 2862 mox
1176 2823 1400 2877 erepere
1424 2809 1604 2875 obvio,

553 2903 681 2958 Dire
707 2901 1023 2956 ferbuerant
1053 2915 1270 2969 aequora
1298 2901 1488 2975 livida,

551 2994 711 3047 Lcevo
740 2993 1061 3061 prmtumido
1090 2992 1307 3046 ﬂamine
1337 2991 1586 3062 gurgitis,

551 3084 900 3139 Conclamata
927 3083 1098 3150 salus,
1125 3098 1356 3153 spesque
1391 3083 1610 3150 fiducia,

547 3175 770 3229 Cunctis
801 3174 1081 3243 discipulis
1113 3173 1466 3244 perstrepidis
1489 3173 1648 3228 nimis

543 3268 702 3322 Aeris
736 3266 991 3336 pestifera
1023 3267 1212 3321 mortis
1243 3265 1504 3338 imagine.
1577 3256 1585 3259 ’

548 3359 767 3424 Quarta:
797 3371 923 3412 nam
950 3357 1197 3412 stationis
1225 3358 1428 3413 tumido
1459 3359 1564 3413 situ

547 3452 796 3505 Christus
823 3466 882 3505 se
911 3451 1100 3521 pelago
1125 3449 1410 3524 ﬂuetivago
1443 3451 1622 3506 intulit

547 3540 707 3595 Sicco
733 3541 982 3612 vestigio,
1009 3556 1176 3609 seque
1197 3556 1294 3610 per
1321 3556 1540 3612 aequora

542 3629 674 3684 Fert
703 3629 868 3685 ﬂuctu
899 3631 1104 3699 liquido
1131 3631 1406 3700 passibilis
1437 3632 1636 3701 maris,

543 3722 714 3779 Olfert
736 3722 1014 3793 discipulis
1040 3736 1206 3794 seque
1233 3724 1614 3780 trementibus.

544 3814 698 3871 Tunc
725 3825 878 3871 artus
906 3816 1168 3871 tremulos
1190 3827 1422 3887 occupat
1446 3826 1501 3872 et
1539 3832 1728 3888 pavor,

544 3911 761 3966 Haerent
786 3910 1116 3980 discipulum
1144 3909 1309 3966 corda
1335 3911 1627 3981 stupentia.

544 4001 798 4072 Ignorant
819 4001 946 4069 quid
975 4009 1139 4069 agant
1167 3999 1272 4055 fine
1297 4003 1395 4055 sub
1427 4001 1637 4055 ultimo.

546 4094 746 4149 Terror
771 4103 992 4162 pectora
1030 4101 1115 4147 sat
1137 4093 1389 4147 verberat
1417 4092 1645 4161 algidus,

545 4185 767 4240 Clamor
795 4185 975 4239 sidera
1007 4183 1186 4253 pulsat
1221 4184 1421 4238 nimius
1454 4185 1583 4254 poli.

543 4275 840 4345 Postquam
873 4290 933 4330 se
955 4275 1192 4329 innotuit
1222 4274 1500 4344 discipulis
1530 4275 1672 4331 Deus
1691 4317 1703 4340 ,

544 4366 830 4433 Praesiecis
858 4365 1084 4435 pedibus
1112 4373 1264 4421 stans
1292 4364 1618 4420 ﬂuidomari

544 4454 740 4511 Petrus
765 4470 891 4510 mox
913 4455 1145 4512 Domino
1175 4457 1339 4511 verba
1365 4458 1619 4511 sonantia

549 4548 791 4620 Sumptis
822 4549 1030 4604 viribus
1059 4557 1116 4605 et
1142 4552 1337 4606 robore
1365 4551 1623 4620 praetulit.

545 4639 590 4695 Ο
617 4648 670 4696 ιιι
703 4640 918 4696 Christe
942 4649 1134 4711 potens
1168 4643 1390 4696 aetheris
1416 4651 1470 4697 et
1495 4643 1662 4695 maris

550 4732 607 4786 Si
639 4746 737 4786 nos
776 4738 964 4785 saneta
997 4731 1129 4785 adiit
1157 4748 1300 4786 nunc
1329 4734 1502 4801 pictas
1527 4741 1638 4796 tua,

549 4824 753 4894 Estque
783 4832 898 4877 tuta
935 4823 1067 4877 lides
1097 4824 1369 4888 onmibus,
1402 4832 1457 4877 et
1482 4825 1671 4894 proba,

549 4916 748 4971 Tecum
782 4929 1006 4986 pergere
1038 4931 1122 4970 me
1149 4915 1380 4984 praecipe
1409 4932 1506 4986 per
1527 4931 1702 4971 mare.

549 5002 810 5079 l’raéeepti
845 5010 1074 5078 imperio
1099 5024 1244 5064 nunc
1275 5010 1591 5078 vegetabilis

548 5102 834 5172 Indulgens
865 5101 1008 5155 favet
1030 5101 1131 5164 his,
1161 5109 1216 5154 et
1252 5101 1432 5155 retulit
1474 5120 1486 5154 :
1524 5101 1678 5157 Veni.

547 5192 747 5246 Fidens
768 5192 820 5246 in
858 5192 1108 5258 Domino,
1141 5193 1230 5262 qui
1258 5192 1397 5262 potis
1426 5202 1508 5248 est
1537 5195 1704 5248 maris

549 5285 744 5339 Petrus
775 5300 1010 5354 moxque
1043 5295 1213 5340 ratem
1240 5286 1441 5341 deserit
1462 5287 1635 5355 ocius,

552 5376 620 5429 Et
647 5377 738 5430 dat
766 5377 1050 5448 vestigium
1086 5378 1613 5451 ﬂuctibus'zequoris.

553 5467 784 5524 Mentem
817 5470 1128 5540 perculerat
1148 5487 1235 5528 res
1259 5474 1544 5529 tremulam
1579 5488 1740 5540 nova,

557 5562 690 5616 Cum
721 5563 1034 5619 discrimina
1061 5575 1255 5634 pontus
1283 5569 1454 5622 movit
1482 5567 1668 5635 eﬂ'era,

554 5652 816 5718 Quamdiu
846 5669 951 5709 non
987 5655 1269 5710 dubitavit.
1308 5657 1340 5690 ⁸

557 5743 773 5802 Petrum
803 5747 1134 5804 sustulerant
1157 5763 1376 5819 aequora
1410 5750 1641 5823 turgida,

2159 2083 2208 2142 Β
2237 2070 2600 2141 Diﬂidensque
2627 2071 2710 2126 sui
2741 2069 2991 2140 pmnituit
3015 2069 3193 2133 nimis,

2239 2166 2447 2221 Mersus
2477 2179 2704 2231 corpore
2733 2164 2926 2218 Petrus
2967 2162 3144 2216 medio
3175 2158 3292 2215 salo

2237 2259 2448 2313 Clamat
2478 2274 2492 2309 :
2536 2257 2792 2325 Deriperc
2817 2254 3070 2310 ﬂuctibus
3099 2253 3204 2317 his,
3236 2251 3397 2305 Deus.

2237 2345 2440 2401 Christi
2472 2347 2695 2401 dextera
2725 2359 2848 2399 mox
2878 2359 3037 2414 quem
3061 2349 3238 2413 rapuit
3270 2354 3450 2405 sacra,

2239 2443 2388 2498 Dixit.
2418 2460 2431 2496 :
2469 2460 2488 2494 ι
2520 2441 2601 2497 Tu
2625 2441 2850 2496 modica:
2873 2453 2972 2494 cur
3003 2437 3128 2492 ﬁdei
3155 2436 3314 2491 modo

2238 2535 2492 2590 Nutando
2524 2535 2724 2589 titubas
2747 2542 2799 2587 et
2823 2531 3038 2588 dubitas
3060 2529 3199 2585 freto
3227 2530 3251 2582 ἲ
3279 2547 3296 2580 ι

2239 2624 2621 2682 Censeendunt
2645 2624 2850 2694 pariter
2884 2637 3010 2676 mox
3032 2622 3174 2676 Deus
3202 2629 3258 2675 et
3285 2617 3484 2673 Petrus

2238 2718 2454 2784 Navim,
2479 2716 2757 2786 discipulis
2789 2713 3004 2768 turbine
3037 2713 3305 2768 tristibus.

2238 2808 2449 2864 Cedunt
2471 2807 2728 2862 continuo
2756 2805 3183 2859 noxiaﬂamina.

2310 2901 2521 2955 Dudum
2552 2914 2652 2954 nos
2675 2897 2902 2969 pelagus
2928 2894 3305 2966 praetumidum
3346 2890 3515 2946 nimis

2241 2992 2450 3048 Summi
2478 2992 2698 3046 numine
2728 2989 2926 3044 Christi
2964 2987 3386 3058 penetravimus.

2240 3085 2443 3140 Cursus
2464 3082 2577 3152 jam
2607 3082 2813 3137 medios
2837 3080 3159 3149 contigimus
3192 3077 3324 3131 fere.

2239 3175 2552 3246 Obpansum
2582 3173 2820 3243 undique
2843 3171 3040 3226 cmlum
3079 3170 3314 3238 undique
3340 3165 3587 3222 cernitur

2240 3268 2378 3324 llinc
2409 3266 2555 3333 hinc,
2589 3276 2750 3334 atque
2777 3279 2959 3318 tntnax
2991 3260 3256 3318 cmruleus
3288 3259 3488 3329 liquor.

2240 3358 2429 3414 llaurit
2449 3357 2671 3428 jamque
2697 3371 2866 3427 pavor
2893 3363 3112 3424 pectora
3143 3353 3374 3416 tristius,

2163 3445 2210 3510 C
2243 3451 2460 3509 Tollunt
2487 3464 2708 3521 :equora
2735 3449 2926 3504 molem
2956 3447 3180 3502 inscitia:
3208 3459 3342 3500 mere
3381 3460 3400 3497 :

2237 3545 2413 3615 (Ζωριί
2449 3545 2698 3613 ρωηίιει,
2722 3553 2776 3598 et
2808 3542 2988 3607 taedet,
3019 3541 3198 3595 ethoc
3224 3539 3391 3609 piget.

2238 3636 2495 3693 Summus
2522 3635 2742 3691 Christe
2783 3636 2948 3700 Deus,
2975 3647 3118 3688 nunc
3147 3633 3341 3686 faciem
3371 3637 3522 3684 tuam

2237 3730 2388 3786 Felix
2413 3728 2705 3799 poplitibus
2734 3724 3076 3797 pandeamini
3101 3732 3246 3793 peto.

2237 3822 2444 3890 Lapsas
2476 3821 2686 3889 respice
2720 3833 2844 3887 spes
2871 3817 3058 3871 fomite
3087 3814 3342 3869 numinis.

2239 3914 2492 3968 Sanctam
2517 3911 2735 3982 porrige
2758 3925 2978 3966 manum
3007 3923 3149 3962 nunc
3178 3906 3387 3975 trepido
3422 3902 3577 3965 mihi,

2237 3984 2450 4062 Possim
2483 4005 2745 4061 scandere
2786 4018 2893 4073 quo
2920 4004 3072 4073 gesta
3099 3999 3376 4073 micantia,

2239 4098 2463 4153 Summo
2492 4105 2543 4151 te
2581 4096 2738 4160 duce,
2772 4095 2851 4149 sic
2876 4105 2926 4148 te
2954 4095 3088 4148 duce
3116 4091 3336 4162 praevio,

2237 4191 2304 4244 Et
2335 4197 2467 4257 quot
2497 4197 2622 4242 sunt
2643 4186 2893 4240 mihimet
2922 4193 3074 4239 torva
3103 4180 3360 4252 pericula.

2239 4281 2472 4336 Mentem
2503 4280 2731 4349 septil‘tdi
2758 4288 2978 4334 nectare
3001 4277 3257 4346 Spiritus,

2238 4377 2307 4430 Et
2341 4390 2435 4430 cor
2473 4372 2728 4428 rethorici
2756 4371 2944 4425 fomite
2969 4369 3220 4440 gurgitis,

2238 4468 2306 4523 Et
2335 4467 2571 4536 linguam
2605 4462 3145 4531 trimodo‘proloquio
3175 4469 3415 4526 struens,

2238 4558 2509 4626 Asperch
2549 4553 2779 4608 salubris
2804 4553 2949 4606 fonte
2978 4552 3246 4618 scientirc;

2239 4647 2502 4702 Narratus
2525 4645 2705 4700 brevis
2735 4653 2791 4698 ut
2816 4647 2993 4714 sitque
3023 4643 3355 4714 probabilis,‘

2241 4740 2417 4810 Atque
2444 4740 2572 4794 hinc
2602 4745 2779 4793 exstet
2809 4748 3027 4808 apertus
3055 4737 3258 4791 homini
3283 4736 3400 4791 scio

2244 4831 2414 4900 llujus
2444 4830 2707 4894 historize,
2741 4844 2901 4898 quam
2936 4830 3319 4883 reserabimus.

2244 4921 2484 4976 Partitus
2521 4920 2760 4975 brevitas
2788 4920 2989 4974 famine
3020 4920 3301 4990 splendeat

2241 5011 2296 5064 ln
2333 5021 2444 5066 toto
2467 5011 2637 5065 niteat
2666 5025 2892 5080 quaeque
2921 5009 3116 5065 solutio
3147 5028 3160 5064 :

2241 5103 2501 5158 Nectalur
2533 5103 2717 5174 generi
2750 5103 2828 5156 sic
2856 5117 3069 5171 quoque
3100 5102 3345 5172 paucitas

2239 5196 2513 5262 Persona),
2543 5210 2717 5266 exque
2747 5197 2908 5260 datis,
2941 5203 3100 5263 atque
3127 5195 3346 5266 negotio

2244 5290 2502 5346 Sumatur
2529 5291 2669 5345 ratio
2697 5289 3092 5345 rhetoricabilis

2244 5381 2459 5452 Septem
2489 5397 2634 5436 nune
2661 5381 2944 5436 elementis
2972 5381 3107 5437 bene
3137 5381 3395 5454 cognitis,

2242 5473 2590 5543 Decretisque
2620 5474 2979 5528 simultatibus
3007 5474 3278 5540 omnibus,

2243 5565 2319 5619 Te
2349 5566 2581 5620 donante
2612 5564 2752 5620 Deus
2778 5567 2998 5637 Virgine
3025 5581 3128 5635 qua
3162 5577 3332 5631 salus,

2245 5655 2378 5710 Cum
2402 5655 2565 5711 Patre
2592 5657 2852 5726 ingenito,
2879 5658 3187 5714 etFlamine
3213 5675 3333 5715 eum
3361 5671 3535 5724 sacro,

2244 5746 2497 5816 Regnans
2525 5757 2818 5820 perpetuus
2847 5758 3042 5806 cuncta
3068 5751 3254 5810 videns
3281 5749 3440 5810 Deus.

2165 4790 2214 4850 D
