4032 6390
615 372 682 429 S9

580 486 779 543 Desine
808 495 957 556 vota,
983 503 1204 548 necesse
1229 492 1323 549 tibi
1350 496 1615 569 nobisque
1642 497 1857 556 frueris.

580 579 800 635 Semine
827 596 1061 654 namque
1092 593 1184 641 tuo
1211 596 1467 644 nascetur
1490 590 1597 645 dux
1630 592 1950 660 luculentus,

578 673 866 729 Ornandus
893 677 1049 734 donis
1078 681 1393 738 caelestibus
1419 682 1642 755 insuper
1678 687 1909 743 haustis.

576 764 809 821 Francia
835 768 1067 825 miriﬁco
1091 770 1243 841 cujus
1271 774 1371 828 sub
1396 774 1588 843 pollice
1617 777 1821 837 vultum

577 858 765 923 Ducet,
797 869 1049 931 agetque,
1082 872 1276 928 movet,
1310 864 1616 935 ﬁectetque,
1655 870 1846 923 citabit
1875 880 2124 939 ovantet‘,

576 946 769 1004 Fretus
794 953 1056 1023 martyrio
1084 961 1370 1024 postquam
1405 958 1662 1027 migrabis
1687 959 1933 1031 Olympo.

574 1039 793 1094 Arbiter
821 1043 1067 1113 egregias
1102 1045 1252 1116 regni
1286 1048 1584 1102 moderabit
1611 1041 1870 1116 habenas,

574 1128 753 1198 Aﬂqua
784 1130 1004 1187 librabit
1027 1135 1294 1190 trutinans
1323 1147 1379 1191 et
1407 1135 1560 1191 lance
1580 1137 1827 1207 querelas
1853 1156 1867 1193 :

571 1219 787 1277 Judicio
815 1233 1086 1280 tormenta
1115 1210 1227 1281 reis.
1250 1212 1491 1297 impellet
1514 1238 1569 1285 ct
1590 1245 1764 1300 :Pquo,

573 1311 829 1383 Largiﬁui
854 1314 977 1370 doni
1003 1316 1167 1387 justis
1201 1328 1255 1373 et
1279 1322 1502 1390 praemia
1531 1322 1710 1377 dedet.

572 1399 848 1458 Virtutum
882 1416 1271 1475 quaternarum
1298 1410 1500 1479 passim
1530 1425 1726 1481 aggere
1752 1421 1929 1479 actus,

573 1492 894 1552 Distinctum
927 1499 1115 1555 nitidis
1141 1501 1373 1579 rutilans
1402 1503 1649 1558 diadema
1685 1503 1891 1560 berillis

572 1586 814 1643 Eruerito
841 1590 1035 1660 capitis
1060 1601 1278 1669 gestans
1296 1593 1359 1669 in
1390 1596 1593 1651 vertice
1619 1597 1816 1661 sancti,

570 1677 805 1735 Scandet
836 1682 902 1736 ad
928 1681 1175 1754 Eiyseum
1203 1685 1417 1757 dignus.
1440 1687 1658 1763 Christo
1691 1689 1846 1755 duce,
1880 1704 2147 1759 campum.

639 1772 773 1827 Cum
796 1783 1004 1840 autem,
1024 1778 1389 1846 praeveniente
1408 1780 1581 1850 gratia
1606 1780 1922 1848 divinitatis,
1952 1797 2148 1837 secun-

1537 383 1827 441 DUDONIS
1862 387 2109 443 DECANI
2139 386 2195 445 S.
2227 388 2529 472 QUIXTINI
2558 396 2926 454 “ROMANO.

3062 352 3143 367 *Λουσι-

3721 395 3807 451 660

2182 515 2230 573 Α
2262 510 2349 567 tiae
2378 519 2573 567 nostra
2611 521 2669 566 ut
2705 512 2874 566 tilium
2920 510 3189 576 educavit,
3234 510 3580 580 moribusque
3620 519 3673 564 et
3712 521 3807 564 stu-

2262 601 2364 656 diis
2391 601 2510 656 belli
2541 600 2866 658 sullieicntcr
2897 600 3170 657 instruxit.
3203 599 3378 668 Illum,
3403 616 3621 672 precor,
3650 600 3808 671 eligite

2261 689 2453 745 ducem
2484 691 2638 745 vobis
2665 701 2719 747 et
2746 700 3131 760 protectorem,
3161 692 3450 762 patricium
3479 698 3534 748 et
3555 689 3805 757 comitem,

2262 779 2560 836 Snbveniat
2609 781 2762 837 vobis
2815 782 3084 855 sagaciter
3130 783 3181 836 in
3232 781 3513 846 consiliis,
3560 780 3811 850 prositquo

2260 871 2414 927 vobis
2464 881 2776 929 constanter
2829 874 2883 928 in
2945 873 3163 943 prceiiis.
3207 873 3302 942 .Ab
3354 873 3681 927 adversariis
3728 887 3785 927 vo

2260 963 2530 1019 hostiliter
2556 973 2822 1036 protegat,
2865 980 3164 1035 pacemque
3198 966 3341 1021 inter
3382 980 3483 1021 vos
3524 966 3810 1021 continuam

2259 1051 2505 1121 legaliter
2555 1051 2736 1108 faciat.
2784 1052 3098 1110 Mouasticis
3140 1057 3334 1123 rebus,
3386 1066 3451 1112 ut
3501 1056 3697 1111 dictum
3742 1065 3812 1112 est

2257 1145 2423 1211 mihi,
2472 1145 2586 1200 vult
2631 1160 2690 1202 se
2732 1147 3058 1218 mancipari,
3100 1148 3467 1220 tlteoricisque
3512 1156 3711 1203 mutato
3732 1148 3810 1201 ba-

2256 1236 2374 1291 bitu
2398 1236 2698 1292 subnecti.»
2734 1235 2885 1294 Tunc
2912 1238 3140 1293 comites
3166 1239 3329 1310 hujus
3353 1238 3719 1309 responsionis
3739 1238 3808 1293 al-

2256 1328 2461 1384 i'amine
2499 1329 2722 1396 hilares,
2756 1331 3146 1400 responderunt
3175 1332 3418 1388 dicentes
3448 1349 3464 1386 :
3504 1350 3524 1383 ‹
3550 1330 3643 1385 ille
3673 1331 3809 1386 nobis

2256 1422 2363 1475 erit
2408 1421 2513 1476 dux
2564 1420 2944 1477 hrcreditarius
2984 1431 3039 1476 et
3082 1432 3457 1494 opportunus,
3502 1422 3718 1493 ejusque
3741 1420 3809 1476 di-

2256 1521 2488 1582 gnanter
2514 1513 3010 1583 obtemperabimus
3047 1526 3335 1585 praecepto,
3360 1514 3647 1587 gentisque
3666 1512 3811 1568 Fran-

2255 1604 2413 1660 cisca:
2449 1620 2673 1673 mgnum
2707 1604 2963 1660 faciemus
3008 1606 3057 1661 ei
3104 1606 3409 1662 acclivium.
3442 1625 3462 1658 ι
3520 1605 3629 1661 Dux
3660 1614 3809 1659 autem

2255 1710 2476 1751 suorum
2503 1695 2734 1750 militum
2772 1697 2955 1752 verbis
2999 1696 3294 1753 faventium
3338 1696 3454 1752 suis
3479 1696 3811 1751 voluntatibus

2256 1785 2468 1851 hilaris,
2496 1786 2753 1857 praecepit
2781 1786 3012 1842 Bothoni
3044 1787 3249 1842 militize
3284 1786 3554 1857 principi,
3577 1798 3636 1839 ut
3674 1784 3811 1838 addu-

570 1861 697 1915 dum
725 1864 871 1918 vires
901 1865 1079 1921 aetatis
1112 1867 1338 1936 polleret
1359 1862 1539 1925 titulis
1557 1870 1713 1926 istius
1742 1871 2007 1928 bonitatis
2034 1872 2151 1926 cni-
2183 1879 2225 1937 Β
2254 1887 2401 1934 ceret
2450 1893 2601 1949 spem
2646 1878 2848 1949 populi,
2888 1879 3096 1937 scilicet
3135 1879 3486 1935 ςιιῖειριηιιηη
3528 1876 3809 1932 adolescen.

570 1963 821 2025 teretque
847 1956 1131 2013 alliueuter
1151 1960 1346 2016 studiis
1373 1954 1677 2017 sanctitatis
1700 1980 1715 2016 :
1748 1961 2150 2017 Northmanno—

568 2062 690 2101 rum
727 2047 1225 2120 Britannorumque
1268 2053 1515 2119 comites,
1550 2053 1934 2123 principesque
1963 2053 2157 2108 unani-

569 2139 737 2194 miter
777 2140 830 2195 in
864 2157 1027 2221 unum
1077 2152 1476 2210 convenerunt,
1527 2145 1763 2214 quidque
1808 2154 2028 2216 agerent
2062 2145 2156 2201 de—

570 2233 772 2286 creturi
817 2233 883 2287 ad
928 2233 1160 2290 invicem
1195 2236 1492 2291 dixerunt:
1542 2235 1659 2291 Dux
1706 2245 1911 2300 noster,
1947 2235 2156 2291 scilicet

571 2323 749 2392 linito,
793 2325 882 2395 qui
915 2334 969 2380 et
997 2326 1315 2394 Rotbertus,
1353 2328 1523 2383 nimio
1565 2328 1826 2384 bellorum
1857 2327 2043 2383 labore
2074 2328 2156 2381 in-

568 2424 850 2469 cessanter
915 2418 1177 2485 attritus,
1233 2418 1589 2489 plurimisque
1650 2420 1932 2475 aestuantis
1984 2419 2183 2511 maris.

566 2506 821 2575 periculis
856 2507 1140 2580 fatigatus,
1179 2526 1532 2580 terumnaque
1557 2510 1760 2567 crebrae
1791 2510 2154 2580 navigationis

567 2600 832 2667 amictus,
878 2602 1286 2674 innumerisque
1332 2603 1835 2673 peruoetationibus
1885 2601 2152 2665 defectus,

563 2693 913 2765 pluriumque
953 2695 1235 2767 plagarum
1272 2695 1534 2751 livoribus
1574 2695 1904 2758 inﬁrmatus,
1947 2694 2155 2747 viribus

567 2784 885 2840 inﬁrmitate
922 2787 1200 2842 evacuatis
1247 2788 1569 2855 exhaustus,
1605 2788 1737 2858 quin
1777 2788 1941 2842 etiam
1990 2801 2155 2857 gran-

567 2874 682 2951 divi‘
708 2875 843 2931 situs
876 2874 1226 2933 diuturnitate
1263 2890 1615 2957 consumptus
1635 2919 1649 2945 ,
1678 2894 1783 2933 non
1813 2877 1958 2932 valet
1987 2891 2154 2948 regno

567 2964 794 3021 alterius
816 2966 1064 3023 auxiliari
1088 2978 1145 3024 et
1175 2968 1466 3026 defendere
1483 3011 1498 3034 ,
1522 2970 1732 3042 sibique
1756 2978 1812 3024 et
1836 2970 1991 3025 nobis
2016 2984 2151 3025 cou-

567 3057 802 3113 ﬁdenter
825 3075 1058 3135 praeesse
1097 3069 1151 3117 et
1193 3063 1471 3133 prodesse.
1501 3062 1854 3117 Sciscitemur
1893 3076 2053 3132 quem
2096 3061 2149 3116 in

567 3165 739 3221 regno
755 3150 953 3221 praeliis
975 3153 1170 3224 adepto
1191 3134 1459 3208 hzeredem
1486 3154 1589 3208 sibi
1613 3153 1857 3223 elegerit,
1884 3166 2153 3223 quemque

2258 1978 2364 2025 tem
2400 1969 2527 2025 sibi.
2574 1968 2752 2026 Botbo
2794 1985 2925 2026 vero
2965 1971 3034 2025 ad
3080 1979 3291 2041 patrem
3336 1969 3595 2026 celeriter
3622 1964 3809 2023 Guillel-

2255 2073 2403 2115 mum
2449 2061 2696 2127 adduxit,
2747 2062 3029 2118 accersitis
3067 2062 3408 2133 principibus
3460 2060 3625 2115 totius
3662 2058 3806 2129 regni.

2255 2153 2407 2209 Tunc
2444 2152 2819 2209 charissimam
2866 2154 3061 2226 pignus
3123 2155 3339 2225 excepit
3386 2153 3688 2208 amabiliter
3733 2150 3807 2205 bc-

2253 2243 2451 2313 nignus
2492 2252 2670 2313 pater,
2701 2254 2868 2314 utque
2895 2243 2978 2300 fas
3005 2253 3126 2301 erat
3158 2244 3444 2314 amplexus
3475 2251 3558 2297 est
3585 2228 3803 2303 dulciter,

2253 2334 2616 2405 przesagitque
2647 2313 2917 2405 spirituali
2964 2348 3147 2391 men'e
3180 2313 3354 2393 annos
3389 2333 3637 2407 pueritia:
3675 2313 3800 2385 illum

2254 2444 2362 2484 non
2384 2428 2732 2484 mediocriter
2757 2428 3161 2484 transcendere.

2253 2517 2574 2575 Gaudebant
2612 2517 2795 2583 ambo,
2818 2517 3138 2573 Guillelmus
3174 2517 3379 2571 honore
3414 2525 3660 2586 paterno,
3694 2567 3716 2595 ⁸

2253 2606 2322 2662 Et
2347 2615 2504 2678 pater
2527 2607 2756 2678 insignis
2784 2607 3057 2663 Guilielmi
3087 2623 3148 2661 cx
3177 2606 3393 2661 actibus
3420 2605 3598 2658 almis.

2252 2698 2500 2756 Ccrnuus
2536 2700 2626 2755 hic
2653 2700 2805 2756 senio
2827 2698 3123 2773 probitatis
3153 2697 3304 2769 prole
3334 2695 3625 2767 gaudebat,

2254 2791 2321 2849 Et
2354 2789 2571 2846 soboles
2598 2789 2869 2845 luculenta
2899 2792 3078 2856 aetatis
3107 2799 3261 2859 patre
3285 2796 3534 2843 vetustae.

2253 2879 2350 2934 ilic
2375 2880 2483 2937 cito
2507 2895 2800 2936 scansurus
2823 2880 3020 2936 coalum
3044 2881 3279 2951 degteste
3303 2879 3516 2934 futuro.

2252 2968 2352 3024 llic
2388 2980 2675 3029 renaturus
2716 2970 2917 3026 mundo
2939 2972 3186 3041 genitore
3214 2970 3399 3025 beato.

2250 3060 2651 3132 Amplexusqne
2679 3076 2865 3118 sacros
2902 3062 3240 3130 amplexibus
3276 3061 3328 3116 hi
3366 3060 3703 3132 replicantes,

2251 3152 2374 3207 Oris
2399 3152 2635 3209 melliﬁui
2664 3154 2905 3211 libabant
2924 3154 3108 3211 oscula
3135 3170 3368 3225 semper.

565 3242 725 3299 nobis
748 3243 982 3299 habilem
998 3245 1725 3315 prmposuerit.Estnamque
1750 3245 1800 3299 ei
1824 3244 1967 3300 ﬁlius
1995 3244 2149 3300 nobi-
2180 3243 2223 3304 C
2256 3246 2545 3303 Gratantes
2572 3248 2775 3318 pariter
2796 3250 3011 3320 genitor
3036 3250 3356 3321 sobolesque
3388 3250 3605 3306 resedit.

565 3336 771 3393 lissima
800 3338 1136 3394 Francorum
1164 3340 1333 3409 stirpe
1356 3340 1697 3411 progenitus,
1726 3339 1815 3409 qui
1841 3347 1897 3394 et
1919 3354 2149 3409 corpore

564 3430 853 3502 vegetabili
899 3432 1160 3502 sospitate
1194 3433 1435 3502 vigorato
1465 3431 1936 3505 elegantissimus,
1961 3446 2149 3486 sensu-

494 3583 499 3589 ,
565 3537 671 3595 que
696 3522 1050 3593 plurimarum
1088 3523 1286 3579 studiis
1327 3538 1507 3579 rerum
1551 3523 1843 3579 informato
1885 3521 2152 3592 peritissio

563 3630 706 3671 mus.
752 3616 992 3672 Favente
1024 3627 1198 3689 patre,
1242 3618 1397 3674 nobis
1427 3618 1652 3683 ducem,
1683 3629 1918 3685 eumque
1957 3611 2145 3684 praefe-

562 3723 753 3765 ramus
802 3709 960 3764 nobis
1010 3709 1298 3780 patricium
1344 3718 1401 3765 et
1450 3709 1725 3766 comitem.
1771 3705 1942 3775 Hujus
1985 3705 2151 3775 igitur

563 3799 780 3855 consilii
827 3800 1232 3871 dispensatione
1284 3809 1536 3881 reperta,
1572 3799 1701 3870 quin
1752 3798 1862 3852 imo
1904 3796 2149 3865 omnipo-

563 3893 728 3949 tentis
755 3894 847 3949 Dei
875 3884 1224 3966 dispensante
1249 3895 1840 3961 clementia,venerunt
1862 3892 2150 3948 unanimes

564 3982 633 4040 ad
662 3973 1006 4054 Rotbertum,
1053 3985 1478 4055 Roxhomagensi
1521 3985 1650 4040 sede
1694 3998 1914 4040 annosae
1947 3982 2149 4049 :etatis,

563 4077 718 4135 senio
746 4070 981 4142 fessum,
1016 4075 1233 4148 lenique
1274 4091 1545 4140 sermone,
1585 4075 1959 4146 submissoque
1998 4074 2147 4129 vultu

565 4167 636 4223 ad
665 4183 789 4223 eum
819 4167 1118 4223 dixerunt:
1170 4186 1185 4219 ι
1220 4167 1450 4223 Domine
1486 4168 1597 4223 dux
1636 4167 2147 4239 praepotentissime,

563 4261 753 4321 senilis
795 4260 973 4317 relatis
1010 4248 1328 4331 aggravaris
1372 4250 1817 4331 inoportunitate,
1862 4260 2068 4328 tibique
2097 4269 2154 4314 et

564 4356 725 4415 nobis
757 4372 862 4411 non
887 4364 1043 4426 potes
1073 4356 1369 4411 salubriter
1413 4356 1724 4412 subvenire.
1768 4355 1985 4411 Exterce
2025 4371 2152 4427 gen-

565 4455 654 4501 tcs
685 4447 886 4501 ideirco
906 4444 1019 4514 jam
1050 4461 1149 4502 nos
1182 4444 1453 4518 allligunt,
1491 4454 1785 4516 nostraque
1810 4447 2025 4516 penitus
2047 4446 2149 4501 sibi

564 4537 847 4608 diripiunt.
879 4537 1026 4594 Inter
1050 4553 1148 4615 nos
1171 4538 1464 4594 divortium
1492 4546 1656 4609 atque
1683 4537 1919 4591 duellum
1948 4538 2145 4608 agitur,

562 4644 896 4699 consorsque
942 4638 998 4684 ut
1039 4630 1111 4685 sit
1152 4645 1377 4701 regnum
1417 4645 1525 4684 non
1573 4629 1866 4695 stabilitur,
1920 4630 2147 4698 ideoque

559 4722 776 4793 publica
828 4738 917 4779 res
971 4704 1251 4778 annullata
1300 4721 1622 4791 dissipatur;
1670 4720 1812 4791 elige
1852 4720 2015 4790 igitur
2057 4720 2148 4790 qui

561 4814 749 4883 prresit
796 4823 851 4868 et
889 4814 1063 4884 prosit
1093 4813 1249 4868 nobis
1278 4827 1584 4882 precamur,
1630 4812 1825 4882 cuique
1864 4811 2150 4881 diligenter

562 4901 953 4972 subjiciamur;
984 4911 1120 4959 utet
1145 4902 1260 4973 ipse
1286 4901 1356 4956 sit
1382 4903 1555 4966 nobis,
1588 4900 1956 4957 advocationis
1979 4900 2149 4972 gradu

561 4980 670 5053 dux
698 4981 1064 5067 et'patricius,
1093 5011 1298 5066 nosque
1323 4996 1685 5071 obsequenter
1711 5003 1763 5050 et
1792 4994 2151 5065 personaliter

562 5090 611 5146 ei
640 5092 955 5167 militemus.
984 5110 1005 5145 ι
1042 5090 1195 5145 Tunc
1222 5089 1381 5143 Rollo
1413 5088 1747 5157 humillimus
1776 5104 1997 5144 suorum
2030 5103 2153 5143 ver-

560 5182 648 5237 bis
676 5193 917 5257 coactus,
956 5181 1266 5251 hujusmodi
1300 5180 1748 5257 responsionibus
1776 5190 1860 5235 est
1880 5194 2109 5235 exorsus
2136 5197 2149 5233 :

568 5290 590 5325 ι
628 5254 891 5339 Quoniam
920 5290 1137 5330 omnem
1170 5273 1536 5329 valetudinem
1562 5254 1811 5345 longaeva
1860 5282 2019 5328 relate
2051 5287 2153 5326 au-

565 5363 698 5418 ferri
733 5352 841 5419 non
872 5364 1156 5437 ignoratis,
1191 5379 1387 5434 meque
1410 5378 1517 5419 non
1557 5362 1854 5433 praevalere
1900 5360 2150 5430 amplius,

569 5472 746 5526 neque
791 5457 1048 5527 prodesse
1077 5456 1231 5513 vobis
1273 5456 1517 5523 cernitis,
1562 5465 1745 5511 vestro
1788 5454 2033 5519 consilio,
2063 5468 2153 5509 ve-

568 5555 793 5618 stroque
816 5546 1046 5617 judicio,
1077 5546 1446 5604 constituatur
1488 5544 1599 5601 dux
1630 5545 1802 5608 vobis,
1850 5543 1941 5614 qui
1966 5542 2157 5612 praesit

571 5640 814 5695 studiose
861 5648 915 5695 et
960 5639 1158 5711 prosit,
1207 5645 1265 5693 ut
1320 5635 1654 5707 usquemodo
1696 5648 1796 5706 ego
1835 5632 2007 5688 vobis.
2060 5632 2159 5686 Est

568 5746 808 5803 namque
844 5732 976 5788 mibi
1003 5732 1148 5787 ﬁlius
1180 5729 1519 5800 Francigeno
1546 5726 1897 5783 nobilissima:
1926 5739 2158 5795 genero-

574 5822 751 5880 sitatis
781 5810 995 5881 semine
1032 5828 1277 5889 cxortus,
1318 5833 1479 5890 quem
1528 5817 1700 5872 Botlto
1738 5816 1987 5887 princeps
2019 5813 2157 5868 mili-

2325 3338 2477 3393 Tunc
2501 3338 2677 3405 Rullo,
2704 3340 3037 3411 principibus
3067 3340 3381 3396 convocatis
3396 3340 3670 3401 secretius,
3692 3335 3800 3391 dixit

2250 3429 2592 3501 postulativis
2621 3431 2799 3485 verbis
2829 3431 3079 3487 omnibus
3109 3449 3122 3485 :
3178 3450 3197 3483 ι
3234 3430 3375 3487 Ecce
3412 3443 3569 3501 quem
3601 3426 3794 3498 requiri-

2254 3523 2342 3588 tis,
2375 3536 2500 3577 ecce
2526 3523 2701 3577 haeres
2725 3532 2923 3577 nostra:
2943 3522 3320 3593 possessionis,
3347 3536 3480 3578 ecce
3502 3520 3591 3592 qui
3616 3515 3798 3589 prteerit

2251 3615 2423 3670 vobis.
2454 3614 2566 3677 isti,
2604 3615 2757 3670 vobis
2801 3614 3126 3680 faventibus,
3179 3616 3333 3669 trado
3376 3627 3620 3684 regnum,
3647 3608 3796 3663 labore

2250 3705 2632 3769 certaminum,
2677 3706 2981 3777 sudoreque
3021 3705 3333 3775 praeliorum
3407 3705 3672 3772 adeptum.
3713 3697 3797 3751 iste

2250 3796 2369 3852 vice
2399 3797 2503 3852 mei
2549 3797 2918 3851 dominabitur
2961 3796 3122 3866 hujus
3169 3796 3366 3868 gentis,
3403 3796 3673 3863 bzcrcsque
3717 3787 3797 3844 erit

2251 3888 2563 3959 praedignus‘
2584 3897 2782 3945 nostra:
2812 3888 3217 3944 dominationis.
3242 3887 3406 3945 Istius
3433 3889 3675 3943 virtutem
3702 3879 3795 3935 imi-

2255 3981 2463 4044 tamini,
2506 3990 2847 4051 quantusque
2884 3981 2988 4035 erit
3014 3994 3256 4053 praesago
3295 3980 3491 4050 spiritu
3528 3971 3791 4033 intuemini.

2251 4071 2484 4142 Legibus
2520 4082 2576 4127 et
2614 4072 2832 4127 statutis
2869 4071 3071 4127 nostris
3111 4080 3434 4128 constanter
3456 4067 3785 4125 auxiliabitur,

2244 4161 2444 4234 jusque
2481 4173 2537 4218 et
2578 4163 2853 4219 decretum
2915 4173 3185 4229 nostrum,
3243 4162 3347 4218 hoc
3372 4162 3670 4234 superstite,
3709 4168 3792 4211 non

2254 4253 2522 4309 delebitur
2547 4270 2561 4307 :
2589 4266 2684 4307 vos
2712 4266 2927 4323 quoque
2964 4262 3132 4318 terra,
3169 4268 3333 4323 quam
3357 4263 3505 4309 sorte
3531 4250 3642 4306 dedi
3671 4245 3792 4299 vobis

2253 4360 2359 4400 non
2409 4343 2711 4408 frustrabit,
2773 4346 2995 4415 insuper
3042 4345 3286 4416 augendo
3350 4344 3642 4416 ampliabit.
3678 4338 3791 4405 Quit-

2252 4444 2475 4505 propter
2508 4450 2702 4489 manus
2750 4444 2961 4490 vestras
3009 4436 3182 4506 gratia
3231 4435 3512 4490 servandzc
3561 4424 3789 4485 ﬁdeliuuis

2255 4526 2503 4581 manibus
2535 4523 2693 4593 hujus
2722 4525 2867 4591 date,
2894 4534 3200 4595 nostraeque
3235 4524 3359 4580 ﬁdei
3399 4528 3716 4579 sacramento
3741 4514 3788 4567 ii-

2180 4594 2224 4652 θ
2251 4619 2374 4673 dem
2413 4616 2652 4672 continui
2698 4594 3123 4687 iusolubilisque
3148 4616 3376 4683 servitii,
3417 4624 3470 4671 et
3499 4604 3786 4669 militationis

2252 4711 2362 4774 isti,
2388 4726 2599 4780 precor,
2636 4708 2847 4764 facile.»
2878 4709 2973 4765 His
3007 4710 3166 4765 dictis
3188 4711 3523 4780 Bercngcrus
3548 4717 3723 4763 comes.
3743 4705 3784 4748 οι

2250 4801 2490 4855 Alaunus
2514 4802 2738 4872 pariter,
2766 4801 3053 4869 cactcrique
3070 4800 3338 4865 Britones,
3369 4814 3472 4854 nec
3502 4814 3600 4852 non
3623 4789 3783 4846 North-

2252 4874 2574 4945 marinorum
2623 4890 2916 4960 principes,
2949 4888 3299 4944 subdiderunt
3325 4902 3383 4942 se
3412 4886 3639 4940 volentes
3662 4874 3782 4934 Guil-

2252 4979 2412 5036 lelmo
2448 4981 2754 5047 unanimes,
2793 4980 3105 5051 iuramento
3132 4995 3302 5035 sacrae
3334 4978 3455 5032 ﬁdei
3489 4974 3562 5029 illi
3585 4987 3637 5027 se
3661 4965 3782 5022 colli-

2253 5080 2537 5142 gaverunt,
2564 5088 2859 5142 manusque
2888 5086 3015 5126 suas
3043 5070 3297 5126 manibus
3323 5068 3465 5123 illius
3495 5065 3605 5119 vice
3632 5055 3778 5115 cordis

2255 5166 2537 5222 dederunt.
2589 5163 2974 5233 Voveruntque
3016 5177 3074 5218 se
3133 5162 3480 5220 militaturos,
3530 5157 3783 5215 contraque

2254 5258 2513 5314 ﬁnitimas
2542 5267 2731 5328 gentes
2764 5256 3150 5312 debellaturos.
3175 5254 3259 5309 Ab
3289 5254 3413 5309 hinc
3440 5258 3655 5317 namque
3686 5253 3781 5311 per-

2256 5360 2378 5407 acto
2420 5352 2579 5406 unius
2612 5351 2765 5405 lustri
2811 5350 3008 5420 spatio,
3062 5347 3287 5402 Rollone
3333 5343 3599 5403 defuncto,
3655 5341 3701 5389 el
3738 5329 3778 5380 Ῐη

2257 5445 2466 5501 εωιρεῑί
2488 5444 2625 5498 solio
2648 5419 2895 5504 feliciter,
2928 5449 2987 5495 ut
3008 5440 3305 5503 credimus,
3333 5442 3596 5493 coronato,
3622 5419 3778 5481 North-

2257 5536 2443 5590 manni
2472 5535 2680 5606 pariter
2727 5540 2785 5588 et
2830 5531 3076 5587 Britanni
3140 5530 3194 5586 in
3230 5543 3396 5584 unum
3438 5516 3777 5611 convenerunt.

2260 5605 2611 5698 tenoremque
2633 5624 2752 5679 ﬁdei
2782 5622 3069 5679 Guillelmo
3099 5615 3582 5693 praacellentissimo
3619 5605 3717 5661 duci
3738 5605 3779 5698 et

2259 5694 2897 5786 patricioiilrmameuto
2946 5725 3057 5768 suae
3109 5710 3233 5766 ﬁdei
3287 5709 3476 5765 iterum
3514 5694 3775 5790 sanie???"

2267 5810 2506 5880 Adcptus
2538 5806 2802 5879 siquidem
2829 5805 3041 5862 culmen
3074 5804 3209 5860 tanti
3247 5799 3480 5859 honoris.
3512 5803 3561 5849 et
3588 5787 3776 5857 digtlila‘
