4032 6410
223 371 322 428 66.!

789 375 878 434 DE
901 378 1604 439 GESTIS'NORMANNUE
1634 384 1871 440 DUCUM
1896 383 2073 439 LIBRI
2106 379 2308 438 TRES.
2333 409 2401 421 —
2424 376 2628 436 LIBER
2658 372 2975 434 TERTIUS.

3353 359 3359 374 '
3381 373 3486 430 ess

224 495 381 555 tatis,
407 487 740 561 cons'tipatus
769 491 1084 564 dignissime
1109 497 1400 553 comitibus
1429 498 1803 568 militibusque
1833 504 1882 562 Α
1909 497 2229 554 stravimus.
2258 495 2355 550 His
2381 510 2508 565 rege
2534 494 2776 549 Alstemo
2799 491 3024 562 paeiflce
3048 489 3272 556 sedatis,
3297 489 3484 546 nobis-

226 579 537 649 condignis,
569 580 715 636 vovit
755 581 973 639 Christo
1017 601 1078 641 se
1117 601 1343 659 regnum
1395 589 1800 653 auxiliaturutn,

219 669 469 741 nullique
499 687 736 742 unquam
765 672 1029 730 facturum
1057 676 1428 746 prazjudicium
1455 678 1638 733 ullum.
1673 679 1806 733 Erat

219 777 460 832 namque
486 763 688 819 ditatus
727 763 1026 821 honoribus
1053 768 1434 822 sanctimonize
1478 779 1532 824 et
1554 769 1801 841 magniﬁ-

1903 599 2009 656 que
2038 586 2091 640 vi
2122 594 2404 642 ventorum
2435 593 2639 638 terram
2669 581 3015 650 Walgrorum
3049 579 3332 648 ingressis,
3382 579 3486 650 ipsi

1887 672 2333 742 conglobatoque
2379 671 2621 726 exercitu
2670 670 2954 725 voluerunt
3006 668 3260 724 resistere
3306 671 3483 725 nobis.

1903 765 2048 832 Quos
2069 774 2372 836 opportune
2392 765 2710 828 invasimus,
2739 776 2941 831 eosque
2968 761 3124 816 nobis
3145 760 3345 831 pratliis
3367 763 3488 816 sub-

220 854 442 918 centiae,
473 852 770 910 illustratus
791 859 1140 913 commerciis
1165 859 1464 927 prudentiae
1485 871 1536 915 et
1560 862 1803 929 cautelce,
1896 857 2226 928 jugavimus.
2259 857 2500 925 Denique
2530 853 2880 910 Radebodum
2909 853 3214 920 Frisonem,
3250 853 3485 924 hincque

221 946 399 998 sancti
447 943 682 1016 Spiritus
719 946 1005 1003 clementia
1042 958 1338 1019 praeeunte.
1367 951 1606 1006 Terrena
1649 953 1806 1021 hujus

221 1033 408 1088 stnculi
442 1036 624 1089 animo
657 1037 1099 1107 parvipendebat,
1138 1039 1298 1096 sicuti
1348 1041 1403 1095 in
1433 1043 1666 1110 pueritia
1717 1043 1808 1097 de-

221 1135 466 1180 voverat.
496 1126 735 1197 Legibus
760 1131 1001 1197 paternis
1031 1131 1289 1200 populum
1312 1142 1535 1188 strenue
1566 1133 1804 1203 regebat,

224 1219 422 1289 hisque
471 1234 593 1274 reos
629 1220 920 1289 suppliciis.
956 1221 1271 1277 damnabat.
1325 1223 1460 1279 Vitae
1502 1226 1808 1280 innocentis

224 1309 470 1380 regulam
502 1310 722 1367 sedulus
747 1312 985 1377 tenebat,
1037 1311 1421 1369 ecclesiastica:
1451 1315 1810 1384 dispensatio-

220 1400 310 1453 nis
329 1401 693 1470 gubernacula
724 1401 900 1457 laieali
935 1403 1125 1457 ordine
1147 1403 1416 1474 sagaciter
1451 1407 1804 1460 administra-

221 1490 339 1545 bat.
385 1490 566 1546 Animi
613 1493 967 1562 corporisque
1004 1493 1202 1549 virtute
1245 1497 1806 1567 omnibuspra-celle-

223 1583 340 1647 lat,
370 1596 550 1636 rerum
591 1581 886 1637 forensium
935 1583 1225 1655 prudentia
1272 1601 1462 1646 omnes
1507 1603 1804 1658 exsuperac

221 1674 337 1726 bat.
395 1671 556 1736 Bona:
603 1672 899 1730 voluntatis
937 1676 1184 1747 exemplo
1227 1693 1421 1733 omnes
1459 1678 1804 1747 informabat,

222 1762 472 1823 doctrina
532 1764 806 1834 patientia:
859 1778 914 1822 et
979 1767 1256 1838 religionis
1311 1786 1502 1828 omnes
1557 1771 1804 1842 cogebat.

1905 949 2198 1003 Rainerum
2242 947 2645 1002 llasbacensem
2692 946 3127 1017 penetravimus;
3180 946 3302 1001 illos
3332 947 3490 1001 nobis

1905 1039 2219 1094 tributarios
2240 1037 2488 1093 fecimus.
2521 1037 2616 1093 llis
2646 1037 2719 1091 ita
2751 1053 2812 1093 se
2833 1036 3178 1103 habentibus,
3203 1035 3488 1092 Franciam

1908 1133 2176 1197 venimus,
2202 1147 2430 1201 eamque
2469 1132 2624 1187 bellis
2665 1132 3184 1203 praeoccupavimns,
3215 1139 3492 1201 totamque

1905 1233 2106 1292 praeter
2140 1224 2468 1278 munitiones
2519 1224 2731 1278 urbium
2776 1223 3241 1293 depopulavimus.
3317 1221 3484 1277 Nobis

1908 1329 2042 1371 vero
2073 1316 2408 1371 morantibus
2431 1315 2485 1370 in
2513 1314 2794 1371 obsidione
2821 1315 2966 1372 circa
2985 1315 3243 1381 Parisios,
3267 1323 3492 1386 propter

1909 1421 2144 1462 amorem
2186 1409 2328 1479 regis
2351 1407 2575 1463 Alslemi
2603 1408 2809 1480 Anglos
2855 1409 3052 1463 iterum
3093 1408 3489 1478 repedavimus,

1907 1498 2136 1570 injurios
2166 1498 2523 1570 infidelesque
2545 1500 2661 1570 ejus
2685 1501 2736 1554 vi
2766 1508 2819 1556 et
2844 1507 3111 1574 potestate
3140 1499 3489 1578 subiecimus.

1906 1590 2094 1658 Anglis
2131 1607 2260 1646 vero
2312 1601 2514 1646 nostra:
2554 1584 2790 1654 ditionis
2821 1592 3067 1648 arbitrio.
3093 1593 3207 1663 regi
3252 1591 3494 1649 Alstetno

1909 1681 2169 1746 subactis,
2197 1697 2318 1736 cmn
2352 1682 2556 1754 majore
2597 1682 2778 1752 priore
2809 1684 3054 1739 exercitu
3084 1683 3372 1743 Franciam
3405 1695 3495 1737 re-
3563 1736 3574 1742 ,

1907 1775 2245 1844 pedavimus,
2278 1760 2544 1848 bellisque
2574 1791 2696 1831 eam
2726 1777 2971 1847 plurimis
3000 1776 3376 1836 contrivimus.
3401 1775 3495 1829 Vi,

222 1855 495 1914 Constans
521 1856 774 1912 defensor
794 1868 910 1914 erat
941 1861 992 1914 in
1015 1860 1277 1927 adversis,
1309 1863 1627 1921 conciliator
1650 1879 1807 1934 saga-
1836 1856 1882 1915 Β
1909 1863 2041 1919 dens
2068 1876 2248 1921 autem
2273 1883 2370 1923 rex
2407 1867 2656 1935 Carolus,
2699 1869 2842 1938 quod
2881 1885 2989 1925 non
3028 1868 3350 1940 praevaleret
3397 1869 3490 1922 ad-

221 1946 486 2004 cissimus
538 1947 593 2002 in
638 1951 935 2018 prosperis.
973 1951 1191 2007 Veritas
1225 1959 1280 2008 et
1323 1952 1492 2024 gloria
1547 1954 1601 2010 in
1655 1955 1813 2012 domo

217 2038 363 2109 ejus,
396 2040 624 2110 aequitas
650 2050 705 2096 et
736 2042 945 2112 justitia
989 2044 1043 2103 in
1084 2045 1341 2116 operibus
1365 2045 1502 2116 ejus.
1554 2048 1814 2104 Sermone

224 2132 479 2186 veritatis
504 2132 767 2204 arguebat
795 2134 1191 2206 delinquentes,
1223 2140 1566 2208 correptione
1587 2143 1814 2196 severis-

217 2223 362 2278 sima
389 2223 952 2294 increpabatdesides.
972 2226 1105 2282 Cum
1128 2237 1306 2283 autem
1343 2230 1538 2286 talibus
1567 2245 1814 2302 superna:

218 2317 645 2387 dispensationis
681 2319 998 2375 muneribus
1025 2320 1392 2376 abundantius
1432 2323 1678 2391 polleret,
1712 2322 1811 2379 bo-

219 2423 417 2479 umque
436 2409 666 2468 actionis
694 2423 807 2464 suae
829 2409 972 2471 fama
1003 2426 1139 2481 pene
1162 2427 1259 2482 per
1284 2414 1595 2470 universum
1627 2415 1812 2471 orbem

217 2499 528 2572 largissime
580 2502 860 2572 prepalata
919 2503 1324 2571 crebresceret,
1385 2513 1630 2560 tenorem
1688 2506 1814 2565 fidei

227 2598 400 2660 quam
454 2593 823 2663 promiserant
868 2594 1084 2665 penitus
1148 2595 1496 2660 abdicantes,
1532 2604 1817 2665 coeperunt

220 2692 418 2738 contra
439 2683 786 2744 Guillelmum
810 2687 1003 2742 ducem
1037 2701 1157 2742 esse
1182 2687 1427 2747 rebelles.
1455 2686 1625 2756 Hujus
1651 2702 1811 2742 nam-

219 2791 332 2844 que
356 2775 698 2833 inaestimatte
736 2778 1009 2848 opinionis
1035 2778 1238 2834 veritas
1279 2794 1404 2837 cum
1444 2778 1512 2833 ad
1551 2779 1806 2837 notitiam

221 2870 399 2941 ipsius
421 2871 892 2941 prmpotentissimi
921 2871 1072 2927 ducis
1099 2872 1461 2942 pervenisset,
1491 2872 1638 2926 misit
1671 2871 1816 2943 lega-

225 2965 300 3026 tis
337 2979 468 3019 suos
505 2965 570 3018 ad
606 2963 877 3028 Britones,
921 2974 980 3019 ut
1019 2964 1407 3035 resipiscerent
1447 2965 1715 3029 celeriter,
1760 2973 1816 3018 et

225 3053 488 3108 venirent
519 3052 770 3108 famulari
805 3053 906 3109 sibi
939 3053 1212 3115 Rothomo
1245 3053 1585 3108 festinanter.
1618 3052 1697 3108 llli
1720 3068 1828 3108 aus.

226 3157 338 3204 lem
367 3146 418 3200 in
443 3145 774 3207 infidelitatis
800 3162 911 3206 sua:
936 3148 1335 3218 perseverantia
1384 3147 1813 3202 stultitiuscom-

1913 1969 2128 2009 versum
2154 1971 2271 2020 nos,
2297 1973 2483 2027 pacem
2507 1965 2561 2013 et
2586 1958 2929 2014 concordiam
2956 1975 2984 2012 a
3010 1958 3166 2015 nobis
3186 1957 3492 2027 requisivit,

1915 2045 2190 2116 liliumque
2215 2063 2368 2102 suam
2403 2048 2618 2104 Rolloni
2652 2057 2743 2120 tuo
2788 2049 2929 2118 patri
2963 2049 3018 2104 in
3043 2047 3294 2119 conjugio
3319 2048 3492 2103 dedit.

1915 2132 2174 2204 Hancque
2218 2145 2416 2192 terram
2454 2154 2559 2208 pro
2606 2139 2834 2209 pignore
2891 2139 3044 2210 pacis
3088 2140 3140 2194 in
3179 2147 3496 2209 perpetuam

1914 2225 2189 2280 hatredum
2231 2237 2540 2284 nostrorum
2573 2231 2975 2300 possessionem
3005 2225 3160 2287 nobis
3186 2231 3496 2288 voluntarie

1876 2352 1884 2358 ι
1915 2317 2160 2382 tradidit,
2191 2318 2550 2396 Britonesque
2582 2323 2649 2380 ad
2675 2324 3046 2392 serviendum,
3079 2333 3388 2395 terramque
3414 2325 3500 2395 ip-

1915 2422 2096 2462 sorum
2123 2408 2188 2462 ad
2232 2409 2519 2466 vivendum
2548 2412 2874 2485 subjugavit.
2922 2415 3080 2473 Patre
3128 2424 3219 2470 tuo
3263 2416 3357 2470 tibi
3394 2432 3490 2470 su-

1915 2500 2162 2570 perstite,
2213 2501 2310 2558 tibi
2363 2515 2715 2562 sacramento
2757 2522 2899 2562 verae
2934 2507 3059 2562 fidei
3086 2517 3140 2562 et
3174 2507 3398 2562 servitio
3440 2523 3500 2562 se

1915 2591 2298 2673 subdiderunt.
2354 2593 2484 2651 Post
2529 2595 2759 2669 lugubre
2807 2599 3064 2652 damnum
3111 2598 3304 2669 patris,
3338 2599 3500 2653 fidem

1916 2690 2242 2738 renovantes
2275 2683 2370 2738 tibi
2398 2700 2569 2755 usque
2591 2687 2751 2742 modo
2773 2689 3101 2744 servierunt.
3129 2686 3283 2744 Nunc
3307 2697 3362 2743 et
3394 2703 3497 2744 nos

1917 2770 2043 2840 quid
2085 2770 2317 2829 facimus
2347 2783 2537 2832 contra
2579 2777 2955 2834 deservientes
2989 2778 3329 2848 rebellesque
3362 2778 3485 2840 Bri-

1918 2869 2130 2927 tannos,
2159 2865 2249 2934 qui
2277 2875 2426 2921 tanta
2453 2876 2508 2922 et
2541 2868 2667 2923 talia
2695 2869 2881 2940 praelia
2929 2871 3269 2942 peregimus?
3291 2869 3503 2926 effemi-

1916 2961 2074 3007 natos
2100 2955 2415 3026 viribusque
2439 2958 2739 3015 exhaustos
2767 2975 2866 3014 nos
2911 2975 3032 3016 esse
3067 2968 3494 3031 recognoscunt,

1917 3041 2038 3098 ideo
2062 3043 2186 3098 talia
2212 3048 2533 3103 remandare
2563 3048 2681 3105 ausi
2706 3059 2852 3104 sunt.
2893 3049 3163 3106 Alimonia
3191 3049 3350 3120 hujus
3387 3059 3496 3102 ter.

1917 3149 2012 3199 ree,
2034 3150 2141 3204 qua
2165 3145 2478 3206 vegetamur
2492 3154 2736 3209 corpore,
2771 3150 2961 3208 putant
2985 3155 3082 3199 nos
3104 3141 3338 3196 inermes
3357 3156 3498 3206 esse,

227 3243 531 3301 morantes,
558 3233 763 3306 legatos
788 3211 1203 3291 remiseruntad
1229 3236 1420 3292 ducem
1448 3235 1812 3301 Guillelmum,
1842 3211 1887 3272 ο
1919 3225 2232 3295 “ribusque
2259 3229 2476 3297 Ρθηίῑυε
2497 3229 2748 3285 ἀθῧοθτθ·
2784 3230 3033 3286 senum“
3066 3232 3232 3287 τοδυΐ
3255 3241 3503 3287 nostrum

226 3328 477 3384 dicentes
507 3345 520 3380 :
557 3345 574 3378 ι
616 3325 731 3380 Non
760 3326 1112 3381 militabimus
1143 3326 1237 3382 tibi
1263 3326 1426 3394 ultra,
1455 3343 1556 3384 nec
1586 3325 1816 3382 famula-

228 3419 435 3485 bimus,
473 3418 598 3488 quia
659 3418 759 3473 sub
816 3418 1046 3488 imperio
1073 3418 1380 3476 Franciscae
1434 3420 1818 3478 dominationis

228 3526 451 3583 seraper
475 3511 738 3572 viximus.
775 3510 932 3570 [tollo
959 3527 1089 3567 vero
1121 3521 1244 3568 tuus
1271 3513 1508 3582 genitor,
1530 3512 1820 3584 congloba-

230 3603 306 3658 tis
371 3602 727 3660 barbarorum
779 3603 1222 3673 advenarnmque
1279 3603 1474 3659 turmis
1531 3604 1817 3659 Franciam

229 3693 366 3750 olim
416 3692 637 3757 invasit,
677 3700 732 3748 et
784 3701 1012 3759 terram,
1050 3709 1214 3764 quam
1267 3695 1428 3750 modo
1461 3694 1721 3765 possides,
1762 3702 1820 3750 ut

232 3780 497 3855 pacificus
533 3796 698 3852 regno
744 3791 920 3849 esset,
975 3783 1070 3838 tibi
1102 3783 1264 3856 regis
1309 3787 1452 3840 dono
1494 3785 1802 3855 acquisivit.

237 3873 413 3930 Terra
445 3889 597 3940 vero,
649 3890 810 3944 quam
863 3884 1138 3942 tenemus,
1183 3891 1289 3932 non
1348 3876 1397 3932 ei
1442 3877 1569 3932 data
1616 3877 1718 3930 fuit
1765 3878 1819 3932 in

245 3967 524 4028 hmredum
557 3983 776 4027 suorum
805 3967 1226 4038 possessionem,
1272 3969 1365 4023 sed
1396 3971 1660 4029 attributa
1704 3977 1823 4024 tan—

235 4063 330 4121 diu
385 4071 446 4117 ut
501 4077 571 4118 ex
597 4077 661 4117 ea
701 4063 929 4128 viveret,
974 4062 1146 4119 donec
1207 4064 1624 4121 retedilicaretur
1653 4075 1819 4134 terra,

235 4167 402 4222 quam
427 4153 568 4208 dono
595 4154 738 4224 regis
775 4164 1056 4222 receperat
1081 4163 1365 4210 vastatam.
1409 4156 1554 4211 Nihil
1589 4157 1742 4213 nobis
1769 4167 1824 4211 et

237 4241 357 4307 tibi,
393 4242 498 4298 nisi
525 4242 763 4298 amicitia
788 4251 842 4298 et
867 4245 1177 4309 concordia,
1211 4247 1432 4315 paribus
1459 4247 1824 4303 voluntatibus

235 4331 544 4402 mqualique
587 4333 814 4387 consilio
863 4333 1185 4389 deliberate.
1247 4335 1449 4404 Regem
1493 4339 1824 4406 usquemodo

234 4423 552 4488 habuimus,
606 4423 740 4479 duce
765 4433 818 4479 et
846 4433 1155 4495 protectore
1181 4441 1283 4480 non
1300 4427 1591 4483 caruimus.
1618 4428 1825 4483 Nullius

237 4525 399 4575 terra:
437 4515 539 4570 nisi
569 4515 812 4576 Franciae
839 4517 1085 4572 incubuit
1131 4517 1410 4572 Britannia
1449 4519 1696 4584 servitio,
1724 4536 1823 4575 nec

233 4603 544 4676 snlijugavit
575 4622 633 4662 se
672 4607 992 4680 cujusquam
1024 4609 1274 4680 imperio.
1308 4629 1326 4660 ι
1371 4609 1612 4667 Audiens
1644 4621 1825 4666 autem

234 4698 557 4754 Guillelmus
586 4701 700 4764 dux
722 4701 990 4758 Dacorum
1029 4702 1192 4771 lmjus
1231 4703 1558 4762 Britannica:
1604 4703 1829 4776 legatio-

235 4791 324 4844 nis
353 4789 689 4856 mandatum,
721 4802 984 4850 convocat
1018 4793 1293 4863 principes
1326 4793 1828 4853 Northmannormn

238 4881 402 4937 istius
450 4880 528 4936 rei
583 4897 750 4936 causa
818 4883 884 4938 ad
933 4883 1344 4940 consulendum;
1389 4883 1598 4953 Quibus
1668 4889 1829 4942 eoad-

237 4972 441 5038 unatis,
474 4971 673 5028 seriem
728 4974 882 5030 istius
939 4975 1198 5031 miranda:
1257 4961 1541 5046 legationis
1593 4978 1648 5032 in
1686 4979 1824 5034 auri-

235 5063 338 5115 bus
389 5075 583 5120 eorum
653 5064 855 5118 retulit.
915 5063 1066 5121 Tunc
1110 5066 1332 5138 quidam
1377 5067 1684 5126 Bernardus
1730 5086 1820 5126 sc-

241 5163 522 5210 cretorum
551 5154 822 5211 Guillehni
857 5157 1012 5213 ducis
1043 5160 1318 5224 conscius,
1359 5159 1640 5230 Bothoque
1670 5161 1820 5232 prin-

237 5259 370 5314 ceps
397 5245 609 5310 domus,
641 5246 891 5304 admirati
924 5263 1087 5318 super
1132 5249 1220 5303 his
1250 5247 1634 5319 legationibus,
1666 5251 1823 5306 dixe-

239 5342 369 5387 runt
389 5333 678 5390 omnibus:
715 5336 990 5402 (Mirum,
1034 5348 1088 5393 et
1123 5339 1442 5403 inauditum,
1479 5348 1642 5410 atque
1668 5343 1824 5397 nobis

239 5423 568 5494 stupendum
616 5424 777 5497 hujus
827 5430 1068 5483 mandati
1103 5442 1448 5498 responsum.
1490 5429 1626 5485 Cum
1671 5440 1824 5501 patre

237 5523 335 5571 tuo
357 5515 486 5570 olim
528 5516 756 5575 Rollone
787 5518 951 5577 Dacia
999 5523 1370 5587 exterminati,
1423 5521 1666 5593 finesque
1717 5524 1826 5576 Au-

240 5607 456 5680 glorum
485 5625 773 5679 permenso
797 5614 964 5669 maris
984 5614 1177 5686 pelago
1213 5616 1300 5670 vix
1330 5615 1565 5687 aggresi,
1597 5607 1741 5686 ipsos
1774 5617 1824 5672 in

242 5720 345 5760 nos
389 5705 673 5776 insurgere
703 5707 946 5763 volentes
985 5709 1287 5764 resistendo
1319 5708 1592 5764 hostiliter
1618 5709 1828 5766 devixi-

243 5813 393 5866 mus,
418 5813 620 5872 eosque
648 5816 818 5872 usque
850 5802 915 5857 ad
948 5793 1370 5859 internecionem
1393 5802 1656 5859 severiter
1708 5818 1831 5874 pro-

1918 3315 2079 3388 hujus
2102 3319 2250 3390 regni
2275 3321 2690 3378 conversatione
2721 3337 2826 3378 non
2855 3323 3120 3389 tabidum,
3151 3324 3503 3394 vigoremque

1919 3420 2163 3466 nostrum
2222 3412 2571 3484 experiantur
2617 3415 3078 3472 robsstissimum.
3133 3415 3504 3488 Comprehen-

1920 3505 2116 3560 dantur
2153 3506 2207 3560 in
2256 3508 2518 3576 consiliis,
2577 3510 2777 3580 quibus
2807 3498 3068 3582 cogitant,
3111 3525 3385 3580 superque
3411 3525 3500 3564 re-

1919 3599 2132 3666 sponsis
2167 3602 2300 3664 suis,
2348 3601 2415 3655 ad
2457 3601 2731 3657 interitum
2779 3611 2834 3659 et
2871 3604 2939 3658 ad
2989 3604 3385 3674 correptionem
3417 3602 3504 3657 sui

1920 3691 2288 3764 nequidquam
2318 3694 2663 3764 resipiscant.
2709 3696 3092 3767 Disperdamus
3128 3695 3502 3767 arrogantiam

1921 3782 2134 3837 illormn
2159 3783 2210 3837 in
2238 3785 2434 3840 virtute
2457 3796 2664 3854 nostra,
2683 3804 2979 3859 eorumque
3002 3788 3347 3861 supercilium
3376 3803 3505 3852 con,-

1924 3882 2161 3930 teramus
2188 3877 2424 3948 potentia
2451 3887 2654 3934 nostra.
2692 3899 2708 3932 ›

2526 3986 2652 4025 AP03
2660 3989 2690 4024 Τ
2700 3987 2865 4026 BOPHA
2875 4009 2889 4024 ο

1923 4057 1966 4114 Ο
1991 4058 2121 4113 Jesu
2155 4059 2308 4115 testis
2329 4058 2531 4115 Christi
2558 4060 2840 4115 Guillelme
2867 4061 3084 4124 future,~

1923 4147 2064 4204 Ecce
2093 4150 2331 4216 valescc,
2367 4150 2601 4220 vigesee,
2635 4165 2790 4204 sacro
2820 4149 3105 4204 conamine
3133 4149 3354 4204 sudans.

1923 4238 2340 4309 Expergescitor
2367 4249 2423 4294 et
2451 4239 2787 4295 confortator
2815 4239 3099 4304 violenter,

1925 4329 1993 4385 Et
2021 4330 2233 4385 steriles
2259 4331 2469 4386 ratione
2501 4338 2682 4386 truces
2711 4345 2998 4401 compesce
3026 4330 3295 4396 Britones,

1923 4426 2100 4495 Atque
2128 4425 2478 4495 supercilium
2503 4424 2691 4480 feriter
2713 4423 2983 4480 contunde
3011 4422 3324 4478 nefandum.

1937 4513 2178 4581 Quorum
2213 4513 2500 4568 concilium
2528 4511 2819 4579 eﬂatuans,
2851 4512 3158 4583 hebetaque
3187 4511 3502 4582 malignum.

1931 4602 2067 4659 Nam
2092 4601 2300 4658 laceros
2327 4603 2502 4666 bellis,
2533 4594 2796 4658 contritos
2823 4611 2994 4672 peste,
3023 4600 3294 4671 fameque,

1929 4692 2236 4764 Indulgens,
2288 4693 2571 4758 miserens,
2622 4706 2874 4762 parcens,
2927 4691 3170 4762 neglecta
3203 4691 3504 4748 remittens.

1932 4784 2042 4840 Hos
2073 4784 2250 4840 stabili
2280 4784 2607 4839 sacramenti
2635 4782 2922 4838 conamine
2945 4781 3149 4846 flectes,

1931 4877 1998 4933 Et
2027 4877 2410 4946 resipiscentes
2441 4875 2848 4931 famulabuntur
2873 4887 3206 4930 reverenter.

2003 4967 2174 5038 Hujus
2205 4967 2600 5022 exhortationis
2636 4965 2874 5039 alloquio
2903 4965 3221 5021 Guillelmus
3253 4971 3512 5019 atrocuer

1931 5067 2110 5114 motus
2131 5067 2187 5114 et
2215 5059 2521 5129 instigatus,
2552 5058 2904 5129 congregavit
2935 5055 3174 5112 universi
3223 5054 3373 5126 regni
3418 5055 3507 5109 sui

1931 5154 2146 5210 concite
2165 5152 2458 5218 exercitus,
2473 5152 2674 5222 ivitque
2695 5165 2853 5222 super
2871 5149 3090 5204 fluvium
3106 5148 3376 5220 Coysnon,
3399 5146 3514 5202 Bri-

1935 5254 2124 5301 tonum
2153 5245 2547 5300 dominaturus.
2595 5244 2767 5314 Hujus
2805 5244 2968 5313 igitur
3002 5243 3234 5296 adventu
3265 5241 3513 5297 Britones

1932 5335 2201 5402 exterriti,
2235 5335 2584 5403 nolentesque
2615 5334 2900 5389 Guillelmo
2933 5318 3208 5397 famulari,
3239 5331 3516 5386 latuerunt

1934 5428 2202 5497 praesidiis
2239 5428 2453 5482 urbium
2488 5425 2708 5495 recepti.
2732 5424 2884 5480 Tunc
2919 5423 3242 5480 Guillelmus
3270 5439 3507 5494 occupa-

1935 5520 2278 5576 vitexercitu
2332 5535 2429 5574 suo
2475 5534 2694 5575 omnem
2750 5527 2951 5574 terram
2995 5518 3410 5582 Britannorum,
3461 5525 3516 5572 et

1936 5613 2199 5668 subvertit
2235 5610 2464 5684 plurima
2495 5610 2613 5667 loca
2646 5611 3030 5666 munitionum.
3064 5609 3349 5666 Guillelmo
3383 5623 3514 5663 vero

1937 5723 1967 5760 a
1995 5705 2272 5761 Britannia
2319 5717 2567 5774 regresso
2611 5701 3100 5777 Rothomagensetn
3140 5706 3348 5766 urbem,
3395 5699 3515 5754 Bri-

1937 5810 2092 5857 tones
2137 5799 2406 5854 subsecuti
2453 5807 2506 5854 et
2554 5797 2896 5854 devastantes
2941 5794 3134 5867 pagum
3191 5782 3520 5855 invaserunt
