3952 5346
563 231 670 286 665

1526 238 1824 298 DUDOMS
1869 243 2117 301 DECANI
2147 244 2202 302 S.
2239 246 2538 317 QUlNTlNl
2566 254 2939 319 “ROMANO.

3700 274 3797 334 δίει

563 345 993 415 bajocacensem.
1052 347 1221 419 Igitur
1269 349 1612 424 Guillelmus,
1643 369 1896 414 revocato
1943 371 2140 417 cuncto
2172 367 2219 425 Α
2247 365 2488 440 Namque
2511 373 2798 444 voluptatis
2827 377 2985 447 hujus
3009 381 3321 440 commixtio
3345 399 3529 452 sacrm,

561 437 1248 510 exercitu,pr:noccupavit
1295 457 1600 514 regressum
1648 445 1886 514 illorum,
1937 465 2143 522 pugna-

560 527 748 598 vitque
784 528 998 585 fortiter
1027 541 1214 586 contra
1249 533 1386 600 illos,
1418 537 1678 608 cmsisque
1708 539 1954 608 plurimis
1987 544 2139 611 prin-

558 618 771 688 cipibus
820 619 1230 688 Britannorum,
1279 626 1512 682 obtinuit
1561 630 1625 684 tle
1670 631 1904 686 inimicis
1949 633 2142 687 trium-

559 709 745 778 phum.
797 710 1039 782 lliucque
1068 715 1369 772 devastavit
1406 729 1603 774 terram
1637 722 1868 787 illorum,
1899 723 2140 795 afﬂigens

556 797 677 852 illus
726 804 869 857 tame
904 813 953 857 et
997 806 1238 873 penuria,
1289 817 1342 862 et
1380 811 1690 879 opprimens
1731 815 1876 868 caede
1917 830 2139 884 praema~

540 884 723 944 'xima.
756 888 1015 948 Videntes
1046 904 1226 949 autem
1279 897 1614 968 Bereugerus
1655 910 1710 954 et
1743 902 2004 966 Alannus,
2036 919 2140 960 cae-

557 980 766 1048 terique
809 981 1076 1048 Britones,
1126 987 1268 1054 quod
1300 1003 1406 1042 non
1436 989 1765 1056 sufﬁcerent,
1799 1009 1900 1048 nec
1932 1009 2141 1065 prteva-

553 1066 728 1124 lerent
757 1072 1018 1129 adversus
1049 1075 1416 1145 Guillelmum,
1452 1082 1719 1138 miserunt
1752 1085 1817 1138 ad
1853 1101 1976 1140 eum
2014 1103 2138 1143 ver-

553 1160 641 1215 bis
691 1163 1050 1233 deprecativis
1103 1169 1380 1236 legatum:
1427 1192 1445 1223 ι
1481 1173 1629 1228 Patri
1684 1184 1775 1231 tuo
1823 1178 2130 1234 obedienle.

559 1254 900 1320 servivimus,
936 1258 1140 1328 tibique
1174 1263 1549 1319 incumbentes
1591 1265 1836 1321 famulari
1871 1269 2117 1338 cupimus

552 1341 632 1396 Ne
654 1345 920 1415 despicias
943 1366 1038 1405 nos
1059 1338 1388 1420 qumsumus,
1407 1370 1583 1425 neque
1611 1358 1941 1414 abomineris
1967 1360 2138 1416 servi-

552 1437 685 1490 tium
732 1450 976 1496 nostrum
1023 1445 1310 1511 nullatenus,
1345 1450 1437 1504 sed
1472 1452 1680 1521 respice
1708 1469 1830 1519 nos,
1861 1463 1919 1508 ut
1947 1471 2134 1513 servos

548 1527 783 1585 offensos
808 1548 926 1601 pius
953 1536 1232 1591 Dominus.
1255 1539 1554 1596 Pravortun
1579 1545 1823 1600 consiliis
1851 1546 2134 1612 obezecati,

548 1617 889 1688 negleximus
943 1625 1196 1682 mandata
1243 1630 1456 1699 imperii
1507 1634 1604 1688 tui.
1641 1634 1934 1690 Avertatur
1984 1638 2133 1692 furor

549 1714 674 1762 tuus
703 1724 731 1762 a
758 1711 930 1767 servis
953 1714 1081 1781 tuis,
1110 1725 1164 1771 et
1187 1719 1422 1775 concede
1445 1721 1598 1777 nobis
1624 1725 1988 1780 omnimodam
2019 1727 2133 1782 feii-
2165 1719 2207 1778 ll

545 1795 765 1852 citatem
786 1801 955 1868 pacis.
973 1803 1173 1859 lncliua
1195 1809 1480 1878 benignam
1505 1827 1689 1866 aurem
1713 1823 1818 1867 tum
1837 1816 2135 1886 magnifica:

545 1889 768 1958 pietatis
799 1893 864 1946 ad
907 1910 1366 1969 nequamservos
1408 1903 1648 1958 scantlali
1696 1914 1750 1959 et
1795 1905 2130 1963 offensionis.

551 1981 704 2047 Quod
748 1985 892 2038 enim
941 1998 1284 2045 sacramento
1321 1991 1645 2047 Christianze
1706 1996 1980 2066 religionis
2037 1998 2134 2054 tibi

543 2072 940 2142 promisimus,
1005 2078 1146 2133 male
1196 2082 1470 2151 operando
1531 2085 1794 2140 haetenus
1844 2099 2032 2142 contra
2084 2098 2138 2145 te

546 2167 757 2220 mentiti
786 2183 993 2224 sumus.
1022 2170 1256 2227 Paenitet
1282 2190 1381 2229 nos
1402 2185 1590 2230 contra
1622 2186 1673 2232 te
1699 2193 1935 2246 errasse,
1962 2189 2134 2236 tuum-

544 2254 656 2325 que
691 2261 972 2316 servitium
1016 2263 1338 2320 deseruisse.
1367 2286 1384 2318 ι
1417 2266 1586 2335 Hujus
1617 2285 1854 2341 namque
1879 2273 2136 2344 neglectae

542 2350 888 2408 militationis
925 2363 981 2409 et
1008 2357 1354 2426 obedientite,
1406 2363 1873 2435 denominatzeque
1916 2367 2135 2422 humili-

542 2442 674 2496 tatis
703 2442 968 2515 legatione
999 2447 1318 2506 Guillelmus
1346 2451 1454 2508 dux
1487 2467 1794 2524 praepotens
1823 2473 1974 2523 usus,
2005 2473 2133 2513 con-

544 2532 702 2588 sultis
749 2534 1014 2592 Dacorum
1052 2542 1382 2612 principibus
1413 2559 1575 2615 super
1609 2548 1693 2601 his
1720 2547 1898 2613 rebus,
1929 2549 2132 2604 Beren-

545 2639 734 2693 gerum
768 2627 958 2684 ducem
996 2628 1380 2687 Britannorum
1416 2635 1753 2703 offensionis,
1792 2639 2132 2710 neglectique

543 2715 791 2780 servitii,
843 2727 1006 2786 atque
1053 2720 1406 2790 impetranda:
1456 2727 1846 2784 misericordiae
1895 2733 2133 2800 pondere

545 2813 800 2858 onustum
849 2809 1082 2876 gratuita
1129 2811 1328 2880 pietate
1379 2817 1599 2885 recepit,
1654 2835 1886 2889 cumque
1942 2836 2130 2877 sacra-

547 2903 734 2948 mento
777 2901 1188 2964 perseverandae
1230 2901 1507 2960 ﬁdelitatis
1534 2915 1588 2961 et
1616 2908 1822 2964 servitii
1861 2911 1962 2965 sibi
2003 2899 2140 2967 con-l

550 2986 760 3038 nexuit.
808 2987 1078 3044 Alannum
1119 3007 1280 3057 vero,
1340 2995 1431 3064 qui
1484 2995 1641 3064 hujus
1691 2999 1825 3052 rixa:
1877 3009 1930 3053 et
1965 2999 2129 3073 jurgii

547 3083 738 3130 auctor
764 3088 819 3132 et
847 3079 1094 3136 incentor
1118 3080 1239 3148 fuit,
1270 3096 1593 3155 aspernatus
1626 3098 1709 3142 est
1742 3098 1794 3143 et
1829 3091 2124 3157 abdicavit,

544 3178 778 3238 canitque
817 3167 1131 3228 Britannica
1178 3176 1395 3245 regione
1432 3193 1553 3232 cum
1585 3179 1696 3233 suis
1722 3182 1983 3236 extrudit.
2014 3182 2131 3252 Ipse

553 3267 683 3313 vero
716 3261 768 3314 in
809 3261 1110 3331 Britannia,
1143 3282 1241 3321 nec
1273 3268 1324 3321 in
1360 3277 1470 3322 tota
1499 3269 1726 3324 Francia
1761 3288 1986 3341 usquam
2023 3290 2133 3328 mo-

551 3352 664 3404 rari
696 3353 764 3406 ob
794 3365 996 3409 metum
1030 3355 1303 3412 Guillehni
1341 3359 1494 3414 ducis
1535 3362 1796 3430 nequivit;
1829 3364 1920 3418 sed
1949 3363 2132 3434 profu-

546 3456 647 3509 gus
695 3445 954 3511 expetivit
1018 3445 1278 3500 auxilium
1330 3447 1555 3504 Alstemi
1610 3449 1908 3521 Anglorum
1964 3452 2128 3523 regis.

549 3527 703 3588 Tunc
742 3533 1063 3591 Guillehnus
1104 3539 1389 3608 utriusque
1436 3541 1588 3612 regni
1627 3543 1881 3612 populum
1913 3552 2131 3598 strenue

549 3625 711 3688 rexit,
745 3627 1092 3696 potentiaque
1122 3639 1176 3683 et
1201 3631 1403 3686 virtute
1431 3632 1612 3704 vigere
1637 3633 1921 3689 afﬂuenter
1947 3635 2126 3704 cmpit.

549 3714 918 3784 Populahatur
970 3736 1206 3790 namque
1265 3722 1409 3780 fama
1465 3725 1722 3780 bonitatis
1770 3742 1864 3796 per
1909 3727 2128 3782 climata

548 3806 761 3870 mundi,
810 3809 1254 3880 promulgabamr
1295 3815 1568 3883 profusius
1612 3818 1936 3873 abstinentia
1961 3819 2128 3873 casti—

546 3900 695 3964 tatis,
741 3914 842 3955 nec
887 3902 1234 3959 incumbebat
1287 3907 1558 3962 illecebris
1590 3909 1870 3979 gignenda:
1896 3913 2127 3980 posteri-

543 3989 691 4044 tatis.
726 3989 1054 4060 Cogentibus
1089 3995 1253 4065 igitur
1283 3998 1573 4052 comitibus
1601 4000 1734 4062 suis,
1769 4015 1872 4054 non
1904 4013 2128 4073 urgente

545 4099 678 4137 sexu
721 4083 972 4140 humanae
1013 4087 1348 4158 fragilitatis,
1389 4092 1483 4145 sed
1528 4107 1593 4146 ne
1634 4092 1910 4160 deficeret,
1952 4092 2128 4165 neque

544 4173 763 4229 abesset
796 4178 969 4232 haeres
1007 4187 1170 4234 tanta:
1202 4182 1505 4250 progeniei,
1543 4184 1787 4260 tantique
1823 4185 2042 4240 honoris
2072 4198 2127 4243 et

547 4264 874 4331 ducaminis,
925 4270 1217 4323 eonnexuit
1252 4285 1309 4325 se
1345 4271 1538 4341 geniali
1578 4273 1699 4342 jure
1744 4277 2128 4332 conservandae

545 4366 930 4432 successionis,
970 4367 1182 4422 cuidam
1228 4369 1582 4425 nobilissimae
1615 4371 1806 4442 virgini
1839 4373 2126 4444 elegantis-

545 4456 696 4512 simae
721 4456 931 4525 formae,
974 4459 1200 4530 consilio
1227 4461 1503 4530 profusius
1530 4463 1792 4532 providae,
1823 4463 2124 4520 forensium

547 4564 732 4604 rerum
793 4551 1025 4620 negotiis
1073 4550 1379 4609 afﬂuentius
1426 4555 1786 4618 cautissimze,
1837 4572 2130 4611 conversa-

550 4639 698 4694 tione
743 4641 918 4710 aptius
963 4644 1490 4714 congruentissimte.
1536 4645 1806 4716 colloquio
1836 4647 2129 4716 prudenter

544 4727 967 4799 facundissime,
1021 4735 1273 4789 muliebri
1319 4737 1584 4792 exercitio
1631 4748 1843 4809 compte
1875 4749 1929 4793 et
1956 4740 2128 4794 artifi-

548 4821 760 4876 cialiter
796 4824 1163 4892 peritissime.

1149 4933 1512 4975 APOSTBOPHA.

545 5003 797 5071 lnnoeuis
818 5009 1056 5080 flagrans
1085 5012 1266 5076 rebus,
1287 5022 1494 5084 martyr
1516 5012 1755 5073 Clionee.

550 5083 819 5167 Praesagia
842 5117 1075 5158 vernans
1097 5103 1368 5159 luculento
1397 5109 1596 5162 mercis
1626 5110 1838 5179 opim-.e,

553 5181 760 5244 Divinas
788 5190 993 5262 fulgens
1017 5210 1307 5266 augmento
1335 5201 1734 5270 prosperitatis,

549 5271 718 5331 fluxae
743 5280 1089 5346 resplendens
1113 5296 1326 5346 compte
1351 5290 1619 5346 probitate
1633 5291 1842 5346 futuraz.

2246 461 2354 520 Nec
2383 467 2584 524 intacta
2618 468 2770 534 fides,
2807 471 2984 527 labem
3019 490 3122 529 non
3152 492 3308 546 passa
3336 483 3577 548 pudoris,

2246 556 2428 628 Neque
2461 561 2625 617 libido
2653 566 2791 620 sacri
2823 569 3076 623 meritum
3100 573 3281 628 cordis
3307 579 3603 633 temeravit.

2245 651 2461 708 Semiue
2491 670 2726 726 namque
2753 667 2844 713 tuo
2867 663 3116 716 succedet
3145 663 3254 719 dux
3281 665 3586 726 luculentus

2241 742 2461 800 Munere
2487 748 2744 804 virtutum
2771 766 3005 818 mactus,
3037 757 3356 828 meritisque
3384 776 3655 822 coruscus.

2239 834 2388 890 More
2414 841 2583 907 patris
2610 842 2861 912 pupulum
2885 845 3007 901 forti
3037 849 3242 906 ditione
3271 853 3575 911 subactum.

2241 925 2342 994 Qui
2374 940 2524 998 reget
2552 931 2889 1002 imperitans,
2923 940 3146 996 extollet
3170 943 3269 998 rite
3296 946 3620 1015 gubernans,

2238 1016 2460 1076 Nisibus
2486 1030 2540 1077 et
2568 1021 2772 1080 faciens
2809 1028 2935 1082 totis
2973 1031 3284 1090 incumbere
3312 1036 3553 1104 Christo,

2240 1108 2556 1168 Multitluam
2587 1125 2801 1186 gentem
2823 1117 2984 1187 justis
3011 1124 3311 1180 moderabit
3339 1128 3584 1185 habenis.

2240 1199 2462 1271 Subque
2486 1222 2646 1261 manu
2674 1208 2828 1276 cujus
2860 1227 2986 1281 pax,
3027 1228 3155 1282 pax,
3183 1221 3498 1284 concordia,
3527 1238 3645 1290 pax,
3675 1242 3787 1295 pax.

2311 1294 2407 1351 His
2437 1313 2600 1367 supra
2644 1303 2884 1372 scriptis,
2929 1316 2981 1360 et
3025 1308 3397 1378 hujuscemodi
3440 1315 3631 1372 talibus
3672 1321 3792 1372 ruti-

2239 1387 2362 1445 lans
2404 1392 2607 1447 athleta
2645 1395 2845 1451 Christi
2883 1397 3230 1457 beatissimus
3268 1407 3648 1476 propalabatur
3670 1425 3790 1479 pra:-

2236 1492 2398 1538 eunte
2427 1483 2685 1542 bonitatis
2734 1488 2898 1556 fama,
2944 1491 2996 1545 iu
3037 1496 3251 1549 cunctis
3282 1505 3548 1552 terrarum
3583 1499 3784 1567 finilms;

2236 1574 2670 1645 locupletabatur
2728 1581 3060 1639 sufficienter
3097 1585 3336 1642 labilium
3387 1605 3570 1644 rerum
3621 1592 3785 1660 copia,

2237 1666 2509 1723 dilabatur
2555 1670 2830 1739 profusius
2881 1674 3077 1732 divinae
3122 1683 3578 1750 augmentationis
3611 1686 3784 1754 gratia.

2238 1756 2504 1814 Amabilis
2541 1762 2738 1832 quippe
2783 1775 2902 1822 erat
2935 1771 3146 1824 cunctis
3189 1773 3499 1843 terrigenis,
3527 1775 3786 1828 amabilior

2238 1849 2536 1918 quinetiam
2567 1853 2676 1910 Deo
2703 1866 2755 1910 et
2785 1859 3064 1914 etclieolis.
3098 1860 3340 1932 Hngnnis
3363 1864 3526 1932 igitur
3553 1881 3618 1918 eo
3672 1875 3787 1919 tem-

2236 1955 2369 2009 pore
2404 1943 2560 2000 ducis
2600 1947 2857 2002 amicitiae
2894 1959 3081 2003 nmtua
3124 1953 3400 2008 voluntate
3423 1966 3476 2009 et
3505 1968 3789 2024 competen-

2238 2035 2311 2090 tia
2357 2040 2650 2094 connexuit
2689 2055 2748 2095 se
2788 2057 2895 2096 non
2925 2058 3280 2112 permansuro
3326 2046 3552 2100 foedere.
3607 2048 3792 2101 Dehine

2237 2133 2400 2196 atque
2430 2127 2714 2184 Heriberto
2741 2140 2972 2202 satrapae
3002 2132 3322 2201 conjunetus
3345 2145 3427 2190 est
3453 2146 3609 2203 pacto
3635 2137 3792 2191 lab‘lis

2236 2219 2510 2275 amicitiae.
2567 2219 2765 2276 Videns
2817 2232 2994 2277 autem
3045 2226 3265 2294 quidam
3313 2225 3530 2280 Riulfus
3577 2227 3792 2296 perﬁdiae

2236 2312 2476 2380 nequitia
2544 2315 2806 2369 atrociter
2861 2316 3097 2385 repletus
3173 2317 3520 2374 Guillelmum
3592 2321 3788 2382 ducem,

2235 2405 2443 2461 scilicet
2490 2407 2771 2462 dominum
2830 2423 2988 2464 suum
3041 2413 3336 2466 amicorum
3372 2413 3789 2503 meSltliO.C0fl-

2235 2496 2425 2552 furtari
2493 2499 2653 2555 valde
2719 2508 2778 2555 et
2848 2502 3268 2567 convalescere,
3327 2496 3788 2572 conmeatis'pla-

2233 2589 2386 2645 rimis
2437 2589 2741 2661 principum
2777 2590 3296 2658 Northmannorum,
3339 2593 3676 2648 lraudulenfa
3718 2608 3789 2646 rea

2237 2683 2354 2737 tulit
2385 2698 2554 2738 voce:
2594 2682 2824 2740 «Noster
2879 2686 3060 2740 senior
3103 2685 3425 2742 Guillelmus
3469 2685 3791 2740 nobilissimo

2235 2777 2536 2832 Francisca:
2557 2778 2743 2849 stirpis
2754 2779 2959 2833 semine
2977 2780 3209 2849 genitus,
3224 2778 3594 2849 Francigenas
3607 2779 3789 2830 amicos

2234 2870 2469 2939 acquirit
2515 2870 2638 2935 sibi,
2687 2879 2872 2924 nostro
2920 2871 3149 2924 consilio
3189 2873 3458 2940 privatus,
3505 2879 3788 2934 nostrmqne

2234 2959 2537 3016 alﬂictionis
2567 2961 2912 3016 animositate
2951 2961 3322 3031 investigatus.
3358 2959 3469 3014 Nos
3492 2974 3624 3012 vero
3648 2973 3785 3012 cona-

2157 3073 2201 3134 ρ
2235 3061 2323 3107 tur
2351 3068 2514 3124 regno
2543 3053 2757 3121 penitus
2794 3054 3101 3116 extrudere,
3137 3051 3642 3119 remanentiumqnc
3673 3047 3786 3102 colh

2225 3143 2355 3214 jugo
2384 3144 2661 3199 servitutis
2716 3144 2927 3199 duriter
2973 3144 3297 3213 opprimere.
3340 3141 3567 3196 Terram
3627 3148 3784 3193 autem

2231 3250 2392 3304 quam
2463 3235 2802 3304 possidemus
2859 3237 3174 3304 parentibus
3234 3235 3346 3289 suis
3407 3233 3464 3288 in
3534 3233 3784 3287 luereium

2231 3342 2452 3382 suorum
2484 3328 2880 3397 possessionem
2925 3327 3092 3394 dabit,
3137 3341 3335 3397 easque
3366 3326 3678 3382 muneribus
3705 3340 3784 3377 no-

2232 3418 2364 3474 stris
2397 3419 2679 3475 allluenter
2717 3421 2934 3475 ditabit.
2981 3419 3176 3475 Contra
3209 3420 3372 3489 igitur
3405 3419 3553 3472 illius
3582 3418 3785 3473 molimi-

2230 3510 2318 3565 nis
2371 3512 2689 3582 cogitatum,
2727 3527 3030 3581 qnzcramus
3075 3511 3348 3580 sagaciter
3393 3510 3612 3564 salubre
3653 3507 3784 3562 nobis

2231 3603 2536 3666 consilium,
2572 3601 2938 3672 faciamusque
2961 3603 3100 3657 inter
3127 3617 3226 3657 nos
3249 3600 3469 3655 fmderis
3493 3597 3783 3669 sempiterni

2230 3708 2471 3768 pactum,
2508 3705 2562 3752 et
2591 3704 2870 3751 teneamus
2908 3695 3034 3749 illud
3059 3695 3262 3749 tenacis
3284 3692 3584 3747 voluntatis
3610 3689 3787 3790 audio:

2233 3807 2291 3846 ra
2349 3790 2744 3846 ineonvulsum.
2808 3787 3101 3844 Subveniat
3147 3788 3374 3858 quisque
3428 3795 3708 3844 nostrum,
3748 3787 3785 3832 si

2231 3899 2390 3954 quem
2413 3897 2478 3939 ex
2502 3882 2700 3937 nostris
2726 3881 2919 3936 viderit
2944 3895 3282 3950 oppressum,
3306 3886 3662 3948 protegatque
3683 3889 3786 3929 eum

2223 3974 2340 4047 jugi
2367 3975 2643 4047 juvamine
2670 3982 2729 4028 ut
2759 3975 3128 4043 semetipsum.
3158 3972 3297 4039 Quin
3326 3971 3492 4025 etiam
3538 3971 3584 4024 si
3624 3980 3787 4022 omnes

2231 4081 2330 4121 nos
2361 4080 2465 4119 una
2497 4063 2729 4118 voluerit
2757 4063 3003 4131 perdere,
3039 4062 3154 4131 ejus
3186 4059 3456 4115 hoStiliter
3487 4058 3786 4112 resistamus

2230 4157 2487 4213 audacia.
2547 4155 2696 4223 Quod
2745 4155 2964 4210 molitur
3005 4153 3263 4208 subddlus
3314 4152 3462 4206 vafra
3511 4150 3786 4204 callidimte

2231 4249 2570 4305 incessanter
2612 4247 2767 4303 nobis
2800 4245 2996 4307 facere,
3047 4245 3309 4301 faciamus
3361 4245 3410 4299 ei
3453 4243 3624 4298 citius
3649 4255 3785 4312 quam

2229 4343 2528 4412 poterimus
2582 4338 2875 4410 insperate.
2916 4336 3188 4390 Mittamus
3243 4335 3309 4389 ad
3339 4349 3461 4390 eum
3521 4331 3786 4404 quemdam

2158 4431 2204 4490 D
2233 4434 2645 4497 internuntium,
2697 4442 2755 4484 ut
2783 4430 2827 4486 si
2863 4429 3094 4484 voluerit
3142 4442 3240 4482 nos
3286 4436 3570 4497 promptos
3613 4425 3788 4480 habere

2231 4527 2334 4583 sibi
2368 4526 2434 4579 ad
2473 4526 2840 4588 serviendum,
2882 4521 3144 4593 largiatur
3186 4520 3340 4574 nobis
3390 4529 3596 4574 terram
3643 4530 3787 4586 usque

2233 4619 2297 4672 a..l
2328 4617 2525 4672 flumen
2555 4615 2787 4669 Rislum.
2839 4612 2947 4668 Nos
2979 4612 3282 4682 frequentia
3331 4610 3594 4671 militum,
3628 4609 3668 4664 si
3712 4608 3788 4661 de-

2229 4709 2394 4773 derit,
2433 4707 2747 4762 ditabimur.
2775 4705 2869 4761 Ille
2899 4704 3192 4758 frustratus
3223 4701 3393 4756 milite
3419 4700 3784 4760 annullabitur,

2231 4817 2330 4857 nec
2368 4800 2508 4855 ultra
2539 4799 2670 4854 viris
2707 4796 3087 4868 indignationis
3125 4809 3236 4850 suae
3281 4794 3334 4849 in
3374 4807 3472 4847 nos
3515 4793 3786 4847 extendere

2233 4893 2541 4948 conabitur.
2585 4889 2830 4959 llincque
2858 4887 3191 4958 potentiores
3229 4901 3296 4942 eo
3342 4887 3552 4940 eriiuus
3597 4885 3784 4940 fortuna

2229 4987 2522 5046 etvirtute,
2549 4983 2636 5038 ille
2662 4991 2869 5036 tantum
2915 4979 3070 5034 nobis
3096 4977 3333 5035 nomine.
3375 4995 3394 5030 ι
3440 4975 3618 5046 Hujus
3659 4976 3781 5029 frau-

2231 5085 2314 5138 dis
2359 5091 2574 5153 reperto
2601 5079 2850 5144 consilio,
2879 5079 3144 5133 miserunt
3189 5076 3254 5132 ad
3304 5074 3673 5140 Guillelmum,
3710 5070 3780 5142 qui

2229 5176 2475 5231 dicerent
2548 5173 2779 5230 nefanda
2849 5171 3311 5226 adinventionum.
3365 5169 3636 5224 Adstante
3683 5177 3782 5222 ante

2231 5249 2575 5323 Guillelmum
2626 5263 2985 5332 internuntio,
3011 5262 3330 5333 expletoquc
3380 5257 3668 5328 legationis
3692 5255 3782 5311 olli-
