4032 6410
161 391 274 448 885

608 386 696 442 DE
721 383 964 442 GESTIS
1000 381 1432 440 NORMANNIIE
1464 381 1700 438 DUCUM
1732 382 1913 438 Li'th'l
1952 381 2151 438 'fﬂES.
2180 415 2248 426 —-
2276 382 2406 437 LIB.
2440 381 2524 437 111.
2555 382 2990 439 WILLELMUS.

3313 367 3434 445 ossi

168 527 186 561 ι
226 503 448 561 Terram
497 515 660 571 quam
687 515 718 554 a
761 514 848 556 me
876 498 1121 570 requiris
1148 498 1254 553 non
1281 497 1500 568 possum
1552 497 1738 567 largiri
1768 511 1816 570 Α
1858 547 1869 557 .
1915 498 2082 564 Hujus
2105 499 2374 562 pestifera:
2401 499 2791 554 exhortationis
2825 502 2992 555 verbo
3033 510 3272 556 exercuu
3291 519 3425 558 cons

159 591 336 654 vo‘bis,
366 604 582 647 omnem
615 597 822 644 tantum
854 588 1240 658 supellectilem
1291 603 1452 658 quam
1494 587 1745 657 possideo

165 683 462 740 concedam
491 681 722 737 libenter
742 681 895 734 vobis
921 697 938 733 :
970 679 1218 735 videlicet
1247 679 1505 744 armiilas,
1547 690 1600 733 et
1628 678 1744 736 bal-

161 785 304 836 teos,
335 773 562 837 loricas,
607 779 663 824 et
709 771 912 840 galeas,
956 782 1118 839 atque
1146 772 1493 834 cambitores,
1553 785 1745 838 equos,

159 880 414 930 secures,
451 878 717 933 ensesque
747 864 1046 933 praecipuos
1079 879 1212 918 auro
1241 863 1560 923 mirabiliter
1587 878 1748 916 orna-

159 964 267 1012 tos.
304 954 492 1010 Gratia
539 970 658 1007 mea
695 956 972 1017 continua,
1005 954 1317 1022 militithue
1359 955 1535 1023 palma
1572 956 1623 1007 in
1655 954 1752 1007 dc-

159 1062 251 1102 mo
295 1061 416 1102 mea
459 1046 731 1108 fruemini,
771 1046 816 1099 si
848 1046 1220 1100 incumbentes
1249 1060 1368 1099 meo
1400 1045 1626 1098 servitio
1655 1055 1750 1098 Vo-

157 1137 410 1194 luntarie
428 1134 662 1192 fueritis.
690 1135 990 1191 Consilium
1019 1151 1149 1190 mea:
1187 1136 1410 1190 ditionis
1437 1137 1646 1190 mittam
1694 1136 1747 1190 in

158 1243 256 1282 ore
309 1239 529 1295 vestro,
598 1236 652 1282 et
700 1227 961 1297 quidquid
1030 1227 1310 1282 volueritis
1364 1238 1546 1283 vestro
1593 1225 1749 1294 jllSJl

159 1318 419 1387 explebo.
479 1319 652 1385 Quem
703 1321 1010 1387 uppriiuere
1057 1319 1370 1384 volueritis,
1447 1319 1750 1388 opprimam

159 1412 406 1474 acriter;
458 1423 728 1482 quemque
762 1409 1018 1480 abjicere,
1054 1411 1270 1480 penitus
1319 1410 1587 1480 abjieiam.
1621 1413 1752 1477 Quae

157 1500 534 1570 praeceperim
584 1498 824 1552 exaltare
850 1538 865 1562 ,
897 1510 1144 1568 potenter
1172 1499 1454 1565 exaltabo;
1485 1515 1752 1571 quemque

160 1591 471 1656 humiliari,
509 1592 769 1652 atrociter
814 1593 1131 1648 humiliabo.
1166 1591 1360 1647 Vestro
1386 1591 1754 1648 eonsilioluec

160 1686 344 1754 patiia
389 1694 607 1754 regetur
647 1697 704 1739 et
731 1686 1128 1751 dominabitur;
1175 1695 1227 1739 et
1278 1686 1399 1742 ideo
1448 1695 1626 1740 vestra
1652 1701 1750 1754 po-

163 1785 337 1831 testas
368 1777 426 1835 in
465 1776 616 1830 omni
653 1776 972 1832 excelletur.
1010 1776 1184 1834 Meum
1213 1776 1431 1843 vivere,
1464 1790 1752 1846 meumque

1847 591 2082 661 glohato,
2121 600 2515 647 transmeanles
2561 593 2698 646 clam
2727 592 2993 662 Sequanre
3016 594 3426 665 alveum,juxta

1848 683 2335 755 Rothomagensem
2361 686 2546 739 urbem
2575 685 2627 738 in
2653 687 2883 753 quodam
2916 697 3070 755 prato
3107 697 3282 742 castra
3308 703 3421 742 mc-

1849 773 1944 826 tati
2004 783 2150 828 sunt.
2204 773 2354 829 Tunc
2385 773 2707 828 Guillelmus
2761 776 3098 843 repentinum
3153 791 3423 846 perversa:

1847 865 2208 921 multitudinis
2256 872 2498 920 metuens
2529 866 2806 936 impetum,
2841 867 2988 920 misit
3015 867 3080 920 ad
3108 882 3201 920 eos
3230 868 3426 921 humil-.

1848 952 1992 1008 limis
2016 955 2198 1008 verbis
2224 953 2459 1024 legatum
2502 970 2620 1023 quze
2661 956 2818 1009 modo
2848 955 3079 1009 audietis
3108 956 3376 1011 dicturum
3407 976 3421 1011 :

1855 1062 1874 1095 ι
1919 1043 2118 1099 Noster
2161 1045 2347 1099 senior
2392 1045 2732 1108 Guillelmus,
2761 1046 3035 1110 juvcualis
3076 1047 3252 1101 mtatis
3293 1048 3426 1104 ﬂore

1849 1135 2072 1198 nitidus,
2130 1136 2246 1189 vult
2289 1137 2444 1191 vobis
2465 1152 2585 1191 esse
2629 1151 2726 1205 per
2751 1138 2930 1192 omnia
2961 1138 3222 1206 pacificus
3254 1148 3307 1194 et
3334 1140 3428 1194 be-

1851 1228 2094 1283 nevolus.
2133 1229 2346 1284 Mandat
2375 1247 2504 1286 vero
2535 1232 2688 1286 vobis
2748 1239 2807 1284 ut
2833 1231 3096 1286 honorem
3148 1233 3312 1286 totius
3333 1248 3429 1304 pa-

1851 1321 1969 1376 tria:
1995 1337 2178 1376 secum
2205 1323 2862 1393 communicetis,seoque
2895 1324 2944 1378 in
2978 1323 3203 1378 consilio
3245 1325 3428 1394 primi,

1852 1419 1906 1466 ct
1935 1413 2293 1480 prmmaximi,
2335 1413 2544 1470 cunctis
2597 1415 2938 1484 praecellatis.
2973 1414 3194 1468 Terram
3227 1424 3432 1480 autem,

1853 1519 2014 1573 quant
2037 1505 2154 1559 dari
2177 1505 2328 1560 vobis
2355 1506 2556 1575 petitis,
2588 1521 2692 1560 non
2721 1507 2894 1561 solum
2923 1521 3092 1577 usque
3119 1509 3184 1560 ad
3209 1507 3428 1569 Rillum,

1827 1608 2043 1650 .verum
2075 1593 2238 1648 etiam
2266 1609 2435 1663 usque
2465 1594 2869 1664 ad‘Sequanam
2920 1596 3152 1652 libenter
3176 1596 3436 1651 concedet

1857 1687 2030 1742 vobis.
2075 1687 2313 1742 Confidit
2337 1691 2480 1744 enim
2512 1705 2570 1744 se
2617 1689 2752 1744 tueri
2781 1700 2960 1746 vestro
2987 1691 3253 1760 adjutorio
3288 1707 3301 1744 :
3338 1703 3436 1744 vos

1859 1791 2035 1835 autem
2054 1796 2158 1834 non
2181 1780 2436 1836 difiidatis
2467 1781 2633 1836 foveri
2660 1783 2964 1853 munirique
2988 1799 3086 1837 suo
3107 1781 3432 1853 patrocinio.

163 1883 383 1938 sapere,
423 1867 496 1924 sit
533 1868 732 1924 abhinc
783 1869 836 1922 in
886 1877 1066 1923 vestra
1105 1877 1389 1938 potestate.
1449 1887 1468 1921 ι
1513 1870 1757 1943 Cumque
1787 1870 1829 1929 Β
1858 1872 2126 1942 Quidquid
2172 1874 2556 1943 concupiscitis
2605 1874 2887 1939 habeatis,
2943 1874 3204 1944 quidquid
3255 1888 3438 1927 rerum

162 1962 393 2018 nuntius
445 1962 606 2028 hu,us
636 1959 960 2016 humilitatis
1013 1961 1350 2030 pervenisset
1397 1959 1463 2014 ad
1511 1958 1750 2014 Riulfum

167 2054 338 2107 totius
381 2053 839 2123 prusuiuptionis,
889 2061 1275 2122 narrassetque
1329 2053 1378 2106 ei
1429 2053 1752 2121 legationem

166 2151 335 2199 tanta:
370 2143 691 2200 humilitatis
728 2153 784 2199 et
819 2144 1279 2208 mansuetudinis;
1339 2143 1548 2200 illectus
1597 2156 1749 2198 arro-

165 2240 354 2308 gantia
385 2253 496 2291 sua:
557 2237 908 2302 temeritatis,
937 2237 1444 2307 parvipendcnsque
1497 2239 1754 2296 mandata

165 2329 489 2384 humillima:
511 2330 911 2400 deprecationis
939 2330 1210 2385 Guillclmi
1244 2331 1416 2395 ducis,
1444 2332 1758 2384 convocatis

164 2420 509 2494 principibus
545 2421 872 2489 sequacibus
913 2436 1024 2474 sua:
1071 2422 1470 2490 prtesuiuptiva:
1517 2421 1758 2475 volunta-

167 2513 262 2574 tis,
296 2511 484 2564 retulit
518 2526 639 2584 quze
665 2512 912 2565 audierat
942 2524 1230 2582 perorante
1262 2512 1457 2582 legato,
1491 2527 1585 2566 ore
1612 2513 1758 2564 frau-

170 2602 412 2660 delenita
440 2603 777 2658 calliditatis.
815 2602 967 2658 Tunc
991 2617 1200 2660 veneno
1227 2604 1466 2672 perfidiae
1495 2601 1752 2666 suﬂ‘usus,

172 2706 467 2764 menteque
497 2695 802 2749 contumaci
833 2696 1097 2765 turgidus,
1130 2697 1425 2752 temerario
1455 2711 1550 2750 ore
1589 2695 1758 2766 garrit

173 2789 289 2844 haec
321 2791 379 2842 in
406 2790 710 2859 principum
735 2789 993 2844 auribus:
1032 2807 1049 2840 ι
1089 2789 1263 2844 Verbo
1296 2798 1457 2843 tantae
1482 2788 1759 2844 humilita-

175 2881 265 2945 tis,
299 2895 470 2949 quam
515 2881 765 2944 audistis,
801 2881 1052 2951 praesagit
1093 2895 1192 2934 nos
1222 2881 1567 2948 acquiescere
1591 2887 1646 2932 et
1675 2893 1758 2932 so-

173 2971 398 3040 porari;
431 2971 614 3044 sicque
653 2971 961 3040 prolixitate
999 2981 1162 3026 tanta:
1183 2969 1512 3024 tiilalutOttis
1540 2969 1762 3022 Franu.

174 3076 376 3135 genam
402 3065 732 3134 parentelam
761 3077 870 3115 suae
896 3061 1272 3132 generositatis
1298 3060 1762 3130 cutijuratispriu-

174 3154 395 3223 cipibus
450 3163 506 3206 et
561 3155 780 3216 ascitis,
831 3167 992 3221 super
1046 3167 1145 3206 nos
1200 3151 1391 3204 nititur
1444 3150 1757 3205 coadunari.

1854 1964 2018 2018 vultis
2044 1965 2422 2021 incunctanter
2455 1967 2798 2036 possideatis.
2827 1966 2894 2021 Ut
2921 1967 2986 2019 ad
3017 1982 3138 2019 eum
3162 1964 3439 2019 humiliter

1859 2065 2114 2124 precatur
2146 2055 2374 2126 pacifice
2415 2057 2668 2122 veniatis,
2701 2057 2920 2125 ejusque
2945 2054 3304 2109 amicabiliter
3329 2053 3440 2106 col-

1853 2145 2036 2215 loquio
2093 2143 2340 2210 ‘ruentes,
2371 2160 2552 2200 secum
2585 2146 2856 2199 habitetis.
2895 2165 2912 2196 i
2941 2145 3090 2199 Tunc
3128 2142 3445 2198 Riull‘usina

1856 2246 2045 2292 centor
2074 2235 2232 2305 hujus
2264 2237 2389 2291 mali
2416 2237 2798 2306 nequissimus.
2826 2237 3134 2306 fraudisque
3165 2235 3441 2289 diabolica.-

1855 2324 2014 2380 furiis
2041 2326 2355 2393 bacchatus,
2395 2327 2570 2395 inquit
2627 2327 2803 2397 legato
2834 2342 2944 2395 pra:
2969 2326 3261 2380 omnibus:
3290 2343 3307 2376 ι
3339 2325 3442 2379 Βε-

1857 2429 2070 2473 vertere
2121 2418 2376 2483 celerius,
2429 2419 2514 2472 dic
2550 2417 2838 2472 Guillelmo
2861 2427 2913 2470 et
2947 2417 3058 2471 suis
3081 2415 3349 2477 omnibus,
3385 2423 3445 2468 ut

1857 2519 2017 2564 exeat
2057 2527 2085 2564 a
2123 2510 2392 2564 inmitibus
2429 2510 2666 2564 civitatis
2691 2510 2870 2578 hujus,
2917 2515 3172 2576 petatque
3201 2505 3442 2560 Francos

1859 2615 1986 2656 suos
2005 2611 2256 2671 parentes
2282 2602 2461 2656 citius.
2487 2599 2602 2654 Non
2630 2601 2773 2654 enim
2796 2600 2901 2654 erit
2921 2600 3092 2652 haeres
3120 2597 3260 2651 ultra
3285 2603 3443 2650 terra:

1864 2694 2046 2764 hujus,
2086 2711 2185 2749 nec
2209 2696 2384 2750 nostri
2425 2694 2658 2764 amplius
2693 2693 3088 2757 dominabitur;
3119 2693 3244 2762 quia
3286 2691 3442 2746 nobis

1860 2794 1944 2840 est
1972 2785 2302 2854 incongruus
2332 2795 2388 2839 et
2445 2785 2737 2840 obnoxius.
2796 2784 2962 2840 Terra
2991 2799 3138 2845 vero,
3169 2797 3330 2851 quam
3362 2796 3448 2834 re.

1861 2877 2132 2947 promittit
2173 2877 2348 2942 nobis,
2391 2876 2533 2931 dono
2582 2875 2698 2944 ejus
2746 2891 2851 2929 non
2899 2873 3138 2934 dabitur,
3176 2873 3298 2941 quia
3330 2871 3447 2924 dari

1865 2984 1972 3023 non
2000 2978 2174 3039 potest
2194 2970 2336 3038 quod
2362 2985 2464 3024 non
2517 2970 2767 3024 habetur.
2793 2969 2850 3024 Si
2884 2984 3011 3023 vero
3037 2969 3312 3023 civitatem
3339 2981 3445 3020 non

1865 3061 2112 3116 deserere
2135 3061 2405 3127 maluerit,
2437 3077 2533 3116 nos
2563 3075 2781 3132 semper
2805 3077 2923 3118 eam
2986 3061 3326 3122 invademus,
3358 3074 3450 3112 ea-

1866 3168 1972 3222 que
1998 3163 2179 3221 capta,
2217 3152 2563 3208 Guillelmum
2589 3162 2641 3209 et
2671 3168 2799 3208 suos
2823 3153 3000 3224 gladio
3031 3162 3394 3206 conteremus.
3424 3168 3443 3201 ι

175 3246 693 3302 Auunadvertamus
719 3245 911 3313 igitur,
937 3260 1005 3298 ne
1031 3243 1388 3312 decipiantur,
1417 3259 1552 3298 neve
1588 3242 1764 3298 Frau-
1792 3238 1836 3297 C
1867 3245 2114 3315 Cumque
2168 3245 2537 3302 internuntius
2579 3263 2699 3316 quae
2752 3247 2986 3300 audisset
3016 3243 3302 3300 Guillelino
3327 3243 3448 3296 duci

177 3339 344 3392 eiseis
371 3339 622 3405 gentibus
647 3350 1016 3394 conteramur.
1055 3337 1171 3390 Non
1203 3353 1300 3391 nos
1342 3345 1585 3407 proterat
1608 3335 1761 3389 calli-

180 3430 356 3484 ditate
375 3444 487 3483 suae
521 3428 1009 3498 argumentationis
1031 3427 1258 3490 diutius,
1288 3442 1476 3480 verum
1504 3441 1763 3480 occurra-

179 3536 306 3576 mus
333 3522 384 3576 ei
414 3520 734 3592 conglobato
765 3522 832 3575 ad
871 3521 1368 3588 Rothumagensem
1392 3521 1580 3574 urbem
1609 3533 1766 3573 exer-

180 3615 294 3668 citu
328 3613 510 3674 citius,
541 3621 600 3667 ut
635 3613 748 3682 ipse
776 3622 827 3665 et
858 3610 1156 3666 consiliani
1180 3609 1296 3679 ejus
1341 3609 1613 3665 Rothomo
1656 3620 1766 3663 tra-
1800 3633 1810 3641 α

181 3703 403 3757 dantur.
456 3701 697 3771 llincque
749 3702 936 3770 majori
985 3718 1080 3772 spe
1126 3703 1430 3772 tiduciaque
1476 3702 1801 3769 tuebimur,’

181 3795 475 3864 securique
506 3795 834 3849 seditionum
863 3798 982 3848 sine
1021 3807 1270 3863 respectu
1303 3796 1532 3849 erimus.
1572 3814 1592 3846 ι

607 3901 944 3941 APOSTROI’IIA
985 3902 1052 3940 AD
1083 3901 1338 3942 BiULFUII.

185 3979 434 4042 Viribus,
465 3977 531 4032 ab
557 3980 571 4036 !
605 3979 815 4040 nocuis,
839 3979 1185 4032 meditatibus
1215 3987 1375 4047 atque
1397 3976 1643 4033 nefandis

183 4073 439 4137 Perﬁdia:
470 4073 791 4141 invidiazque
816 4073 932 4125 lues
954 4087 1114 4140 quem
1144 4072 1312 4125 foedat
1345 4075 1544 4126 acerba
1573 4073 1596 4125 ?

185 4167 433 4222 Crimine
449 4164 562 4241 jam
587 4165 698 4220 vitii
730 4176 1030 4228 crassanze,
1065 4163 1242 4217 Riulfe
1282 4163 1532 4229 superbe,

187 4258 302 4314 Cur
338 4273 481 4311 nunc
513 4257 797 4314 baccharis
834 4254 1057 4323 frustra,
1081 4271 1178 4311 cur
1199 4257 1401 4325 perfide
1427 4257 1584 4311 saevis
1610 4255 1634 4308 ?

187 4353 434 4414 lnfectus
461 4353 626 4417 vitiis,
659 4352 855 4406 mentis
878 4365 1039 4407 curru
1077 4351 1324 4414 falerato,

190 4442 417 4498 Viribus
442 4443 756 4498 exhaustum
788 4459 884 4496 cur
907 4456 959 4495 te
981 4443 1156 4513 jactas
1179 4441 1460 4496 bonitatis?

193 4533 307 4596 Cur
329 4533 535 4586 tumido
565 4533 702 4591 fastu
734 4534 958 4586 nimium
986 4541 1277 4600 pompaute
1306 4530 1599 4600 superbis?

194 4626 418 4694 Curque
441 4622 699 4678 voluntati
734 4623 943 4676 Domini
974 4638 1137 4692 super
1164 4632 1309 4676 astra
1345 4621 1616 4675 ntanentis

196 4716 408 4771 Sisterc
437 4715 652 4770 conaris
679 4731 846 4770 vacuo
875 4716 1159 4770 conamine
1175 4715 1420 4768 sudans?

194 4806 297 4869 Dic
319 4806 681 4869 sodes,inimii
700 4807 860 4870 eDei,
888 4819 1143 4877 quorsum
1174 4807 1491 4876 properabis
1513 4807 1536 4860 ’ἒ

194 4904 469 4971 Quorsum
497 4915 675 4957 castra
707 4901 872 4966 feres,
897 4917 1138 4970 gressum
1165 4915 1531 4969 quorsumque
1552 4900 1778 4958 citabis?

193 4996 405 5066 Agmen
437 4995 738 5059 seductum,
761 4994 1019 5064 vafroque
1043 4994 1371 5064 sophisntaw
1396 5004 1563 5049 totum

195 5087 281 5147 Ire
307 5105 410 5142 mon
433 5101 492 5144 es
513 5104 769 5158 quorsum
805 5089 959 5142 furiis
983 5087 1274 5141 bacchatus
1303 5087 1514 5140 acerbis
1537 5086 1559 5134 Ῥ

200 5181 377 5237 Casus
406 5182 722 5234 innumeros
753 5190 836 5234 ast
860 5177 1155 5233 in;‘\)rtunia
1181 5193 1392 5247 passus,

199 5271 521 5343 Iudicioque
552 5271 643 5325 Det
671 5273 948 5340 perculsus
978 5269 1200 5340 pestifer
1226 5271 1430 5338 ingens,

199 5366 409 5421 Vereor
429 5365 580 5420 exitii
611 5366 780 5429 ﬂuidi,
808 5378 1151 5434 prmccpsque
1173 5362 1242 5416 Ca
1255 5361 1460 5431 rybditu

200 5459 420 5514 incessu
447 5457 717 5513 acet-[eras
750 5457 950 5512 tumido
973 5471 1194 5528 gressus
1215 5455 1476 5510 ruituros.

203 5548 339 5604 Nam
364 5550 639 5621 proprium
663 5550 816 5604 elatis
846 5565 965 5605 sese
995 5547 1298 5620 prietullere
1324 5545 1497 5611 valde,

204 5641 451 5713 Iliaeque
479 5645 892 5712 repentinocasu
919 5645 1142 5698 nimium
1171 5641 1426 5702 cruciari.

208 5738 388 5792 Ardua
415 5737 565 5792 frons
591 5739 891 5808 teriturque
909 5737 1197 5808 supercilio
1224 5745 1480 5794 vacuata,

210 5825 313 5881 Ast.
332 5827 544 5887 humilis
565 5827 785 5884 nitidam
809 5837 980 5899 gestat
1009 5827 1254 5881 redimita
1294 5839 1567 5880 coronam.

1869 3335 2192 3390 festinanter
2242 3338 2532 3401 retulisset,
2564 3338 2802 3392 novitate
2833 3338 2909 3390 rei
2951 3347 3174 3406 stupens
3205 3335 3446 3404 diriguit,

1868 3427 2287 3496 convocatisque
2344 3428 2697 3496 principibus,
2726 3427 3077 3494 exercituque
3121 3425 3451 3487 coadunato,

1867 3518 2003 3570 urbe
2026 3518 2179 3580 exiit,
2207 3519 2513 3588 montisque
2557 3518 2798 3588 procliva
2837 3517 3043 3573 civitati
3084 3516 3452 3571 imminentio-

1869 3607 1946 3661 ris
1982 3608 2190 3662 subiit:
2234 3609 2462 3678 cupiens
2509 3610 2809 3664 exercitum
2854 3609 3198 3663 initnicorum
3231 3623 3451 3661 suorum

1872 3699 2094 3764 intueri,
2146 3700 2190 3753 si
2252 3701 2391 3753 forte
2417 3701 2678 3755 dimicare
2709 3709 2892 3769 posset
2937 3715 3056 3753 cum
3089 3699 3216 3752 illis.
3252 3697 3457 3752 Videas

1870 3800 2051 3846 autem
2085 3791 2381 3846 exercitum
2420 3793 2760 3846 inimicorum
2796 3806 3016 3844 suorum
3048 3790 3306 3859 majorem
3330 3803 3452 3848 suo.

1873 3891 1927 3936 et
1955 3883 2332 3953 copiosiorem,
2370 3883 2507 3936 dixit
2535 3883 2600 3936 ad
2638 3881 2969 3936 Bernarilum
2997 3881 3323 3950 Dacigenam
3357 3878 3452 3932 mi-

1873 3971 2018 4027 litem
2052 3988 2069 4027 :
2113 3991 2132 4023 ι
2163 3973 2253 4027 lho
2294 3974 2361 4027 ad
2407 3973 2741 4027 Bernarilum
2769 3972 3235 4027 Silvancctensem
3270 3984 3450 4024 meum

1872 4064 2216 4128 avunculum,
2252 4064 2612 4132 moraborque
2662 4065 2862 4117 tamdiu
2907 4063 3048 4134 apud
3087 4063 3256 4127 illum,
3285 4063 3458 4117 donec-

1873 4165 2094 4225 przcstct
2159 4157 2315 4212 nobis
2360 4156 2575 4225 aliquod
2633 4157 2916 4210 auxilium.
2977 4157 3107 4226 Ejus
3158 4157 3382 4211 consilio
3405 4165 3459 4209 et

1875 4245 2145 4316 adjutorio
2204 4246 2344 4300 hanc
2392 4247 2658 4301 remeabo
2715 4258 2957 4313 terram,
3005 4261 3301 4315 omnesque
3358 4246 3457 4301 hos

1875 4341 2148 4393 exercitus
2164 4338 2494 4392 Francorum
2511 4339 2780 4394 hostiliter
2793 4351 3096 4394 conteram.
3111 4339 3310 4392 Delebo
3337 4339 3459 4400 hos,

1879 4431 2574 4500 horumquecogitationem
2603 4431 2817 4499 penitus
2839 4446 2867 4484 a
2895 4429 3032 4485 facie
3065 4439 3242 4492 terrae,
3270 4439 3324 4482 et
3353 4444 3458 4483 non

1885 4524 2183 4577 remanebit
2218 4525 2411 4576 barum
2447 4525 2824 4593 progenierum
2856 4522 2997 4576 ullus
3034 4523 3085 4575 in
3113 4531 3224 4576 toto
3252 4523 3406 4575 urbe.
3435 4539 3456 4572 ι

1803 4588 1854 4647 D
1883 4614 2034 4668 Tunc
2054 4613 2317 4683 Dacigena
2336 4588 2643 4667 Bernartius
2678 4613 3018 4682 respondisse
3051 4610 3224 4665 fertur
3251 4625 3265 4663 :
3301 4628 3319 4660 ι
3353 4609 3460 4663 Te-

1885 4723 2006 4764 cum
2039 4723 2210 4776 usque
2231 4709 2296 4762 ad
2323 4707 2473 4777 Eptae
2493 4705 2770 4759 ﬂuviolum
2809 4705 3244 4775 prepcrabimus,
3271 4717 3460 4757 verum

1883 4801 2173 4859 Franciam
2204 4816 2308 4854 non
2366 4799 2801 4870 penetrabimus;
2871 4797 2995 4868 quia
3036 4797 3303 4866 quondam
3335 4809 3459 4848 cum

1883 4907 2040 4966 patre
2093 4904 2183 4948 tuo
2229 4908 2349 4946 eam
2405 4906 2546 4962 sarpe
2572 4890 2724 4946 bellis
2753 4889 3122 4960 repetivimus,
3159 4886 3464 4954 multosque

1886 4990 2123 5057 inccepto
2165 4985 2348 5055 praelia
2397 4983 2812 5054 prostravimus.
2848 4983 2985 5050 Quin
3018 4981 3180 5035 etiam
3199 4978 3463 5049 supersu-

1887 5092 1993 5137 tem
2049 5080 2224 5133 adhuc
2273 5094 2402 5131 avos
2453 5087 2509 5132 et
2556 5078 2870 5141 avunculus,
2902 5085 3084 5146 patres
3121 5083 3174 5128 et
3217 5084 3459 5142 patruos.

1885 5182 2209 5228 materteras
2229 5179 2282 5224 et
2312 5169 2526 5233 amitas,
2554 5168 2907 5223 consobrinos
2931 5177 2983 5222 et
3006 5164 3452 5232 consanguineos,

1887 5278 1982 5320 aut
2025 5266 2434 5328 interemimus,
2487 5271 2580 5315 aut
2629 5258 3038 5330 captivavimus.
3073 5257 3139 5310 Et
3192 5253 3465 5325 quomodo

1885 5358 2222 5427 quiverimus
2244 5365 2512 5410 tantorum
2539 5354 2879 5407 inimicorum
2907 5350 3099 5403 faciem
3129 5346 3464 5402 subsistere?

1885 5451 2073 5505 Aliena
2103 5452 2273 5504 mavis
2295 5450 2500 5518 quadra
2524 5447 2662 5509 vilis,
2689 5444 2995 5514 nulliusque
3036 5443 3286 5497 utilitatis
3316 5441 3467 5496 vive-

1886 5557 1967 5610 re,
1997 5521 2413 5612 quam'regnum
2447 5555 2636 5611 regere
2682 5549 2734 5594 et
2759 5549 3043 5609 protegere
3073 5537 3095 5590 ?
3122 5536 3231 5606 Ego
3255 5545 3308 5589 et
3333 5548 3466 5588 cou-

1805 5643 1807 5646 ‘
1887 5645 2062 5690 sortes
2084 5635 2185 5689 mei
2222 5643 2270 5687 tc
2292 5649 2398 5686 non
2432 5647 2738 5701 sequemur,
2775 5646 2951 5700 neque
2983 5645 3090 5700 quo
3111 5628 3192 5682 vis
3241 5624 3464 5696 proﬁci—

1888 5743 2122 5784 scemur.
2158 5727 2382 5795 Navigio
2406 5743 2533 5797 erga
2559 5725 2778 5780 Daciam
2805 5735 3002 5780 nostra:
3027 5721 3328 5776 nativitatis
3356 5727 3466 5770 lcr-

1892 5838 2006 5875 ram
2059 5831 2382 5890 repetemus,
2439 5821 2562 5888 quia
2617 5821 2750 5873 dure
2782 5829 2833 5873 et
2879 5818 3141 5872 advocato
3193 5832 3464 5872 caremus.
