4032 6396
617 300 727 426 ea

1573 357 1661 414 DU
1673 356 1870 416 DONIS
1896 356 2142 414 DECANI
2173 355 2231 413 S.
2257 352 2568 425 QUINTINI
2602 354 2985 415 VIROMAND.

616 476 733 539 Non
783 472 929 530 vales
955 470 1111 528 nobis
1141 468 1286 527 ultra
1316 469 1522 528 viribus
1559 470 1905 528 eﬁ'eminatns
1933 486 2193 543 praeesse,
2223 483 2272 535 Α
2300 471 2353 527 in
2384 487 2492 542 quo
2517 471 2715 528 bellum
2743 471 2991 529 mirabile
3020 469 3144 536 fuit,
3167 468 3366 527 dicitur
3388 486 3554 542 usque
3572 472 3821 547 ἰηιιηεειι.

614 567 740 641 quia
777 572 1008 621 mortem
1043 563 1239 619 metuis
1293 562 1379 619 his
1402 562 1651 619 hostibus
1704 562 2011 618 imminere.
2046 582 2066 616 ι
2102 560 2200 618 His

614 653 932 727 asperrimis
960 651 1505 709 sermocinationibus
1526 650 1848 715 Gu‘illelmus
1885 651 2196 721 instigatus,

613 745 756 809 dixit
788 743 1067 799 Bernardo
1117 741 1404 812 Dacigcnas
1450 756 1635 797 coram
1692 742 1905 803 caeteris
1937 741 2200 813 principi-

610 837 749 906 bus:
795 854 817 889 ι
854 835 1013 892 Duris
1043 842 1099 895 et
1126 833 1401 895 obscaenis
1443 833 1626 889 verbis
1653 846 1740 888 me
1772 833 2001 903 turpiter
2026 833 2200 889 laces-

612 927 754 993 sisti,
776 942 899 983 cum
928 940 1015 987 me
1038 922 1429 989 eﬁeminatum,
1447 923 1721 993 armisque
1735 922 2015 993 frigidum,
2065 922 2198 992 quin

611 1020 775 1075 etiam
822 1018 1053 1077 nihilum
1097 1020 1321 1071 vocasti.
1384 1015 1525 1071 Ecce
1561 1014 1767 1086 praeibo
1794 1014 2021 1086 signifer
2046 1013 2196 1069 festi-

611 1119 808 1177 nanter
853 1109 922 1164 ad
958 1106 1224 1179 praelium,
1254 1115 1309 1162 et
1347 1114 1628 1162 conteram
1653 1114 1968 1165 constanter
1989 1106 2199 1160 exerci-
2235 1095 2242 1101 ’

611 1208 726 1270 tum
776 1200 1141 1256 inimicorum.
1194 1198 1486 1253 Devorabit
1537 1196 1750 1269 gladius
1800 1211 1955 1251 meus
2002 1211 2200 1261 carnes

609 1292 953 1366 pcrjurorum
984 1331 1001 1358 ,
1076 1291 1520 1369 disrumpamque
1583 1296 1641 1345 et
1692 1288 1967 1358 dissipabo
2016 1298 2200 1351 castra

608 1400 819 1439 eorum.
843 1382 961 1438 Non
988 1382 1194 1449 diutius
1223 1396 1418 1452 segnes
1452 1388 1506 1439 et
1542 1380 1718 1441 timidi
1763 1379 2077 1445 moramini,
2106 1394 2201 1435 vet-

610 1493 731 1545 ru‘tn
789 1492 878 1533 me
943 1474 1269 1532 festinanter
1306 1472 1619 1544 sequimini,
1663 1482 1719 1531 et
1755 1473 2076 1529 invadamus
2103 1486 2199 1528 eos

607 1577 667 1626 nt
688 1582 857 1640 agnos
886 1566 1014 1638 lupi.
1050 1585 1073 1625 ι
1100 1565 1346 1621 Cernens
1372 1572 1555 1620 autem
1583 1563 1894 1621 Bernardus
1930 1563 2195 1618 animosi-

610 1668 796 1730 tatem,
816 1656 1298 1727 constantiamque
1320 1655 1532 1710 virilem
1559 1652 1832 1711 Guillelmi
1856 1653 2033 1719 ducis,
2058 1652 2192 1720 dixi|

606 1747 681 1815 ad~
731 1762 855 1802 eum
905 1746 1089 1809 verbis
1144 1745 1506 1801 humillimis:
1542 1764 1562 1797 ι
1598 1745 1825 1807 Domine
1853 1744 1960 1799 dux
1985 1758 2196 1816 praepo-

2303 571 2412 620 tem
2452 564 2596 637 diem
2628 564 2695 619 ad
2726 561 3135 618 Pratum-Belli.
3190 561 3500 619 Revertenti
3529 565 3680 636 igitur
3706 567 3820 625 Guil-

2300 652 2464 712 lelmo
2491 654 2560 711 de
2589 654 2798 725 praelia,
2822 654 3062 710 Occurrit
3090 653 3142 709 ei
3176 653 3330 709 miles
3352 655 3569 725 quidam
3590 670 3651 711 ex
3671 657 3820 716 iiscau-

2300 763 2394 812 no,
2419 748 2676 809 nuntians
2696 748 2841 817 quod
2868 758 3018 804 esset
3062 747 3112 802 ei
3141 746 3285 802 ﬁlius
3309 762 3377 802 ex
3399 747 3619 818 conjuge
3642 750 3824 808 dilectis-

2301 840 2439 895 sima
2495 849 2679 897 natus.
2707 838 2910 896 Laetior
2944 839 3128 909 itaque
3176 849 3401 910 peracto
3428 838 3628 909 praelia,
3660 839 3824 898 latissi-

2299 947 2532 1001 musqnc
2553 930 2869 1000 filio,,misit
2897 930 3178 986 Heiricum
3220 930 3598 1001 Bajocacensis
3631 931 3827 988 ecclesia

2298 1026 2634 1095 episcopum,
2659 1027 2902 1081 omnium
2928 1024 3433 1095 quippeprazsulum
3458 1024 3821 1089 sanctissimum.

2298 1122 2354 1168 et
2375 1114 2669 1170 Ballionem
2701 1124 3023 1170 cunctorum
3044 1113 3274 1168 militum
3302 1112 3820 1184 pmellcntissimum,

2299 1211 2444 1267 sacri
2488 1210 2835 1279 baptismatis
2889 1225 3027 1266 rore.
3059 1210 3204 1276 oleo,
3251 1219 3315 1266 et
3333 1210 3623 1269 chrismate
3641 1224 3819 1271 renasci,

2299 1312 2355 1359 et
2384 1301 2634 1368 innovari
2666 1301 2849 1359 ﬁlium

2909 1452 3273 1499 APOSTROPUA,

2297 1549 2485 1610 llmres
2510 1565 2637 1607 ecce
2669 1551 2765 1607 tibi
2797 1550 3010 1622 dignus,
3044 1550 3336 1608 Gnilielme
3362 1549 3577 1620 patrici.

2284 1623 2396 1725 ξρᾺί
2425 1651 2680 1701 Strenuus
2703 1642 2956 1711 populum
2978 1639 3142 1710 justis
3164 1640 3468 1722 moderabit
3498 1639 3717 1695 habenis.

2297 1729 2586 1802 Sanguinis
2608 1741 2670 1787 ut
2701 1732 2916 1788 dabiutr
2937 1747 3148 1789 merces
3172 1732 3264 1787 tibi
3298 1733 3463 1801 digna
3488 1747 3687 1793 corona.

605 1837 930 1905 lentissime,
961 1838 1069 1901 noli
1093 1837 1253 1893 irasci
1290 1847 1477 1893 nostra
1505 1836 1859 1903 allocutione,
1892 1837 2021 1907 quia
2061 1852 2194 1893 con—
2222 1843 2267 1903 B
2295 1822 2533 1879 Occasus
2570 1838 2764 1889 "Ome"
2793 1823 3250 1897 disne-laudabile
3274 1825 3435 1891 ευίηθ

604 1944 840 2000 sequens
874 1937 1041 1991 estet
1082 1928 1217 1984 utile
1248 1930 1393 1998 quod
1421 1928 1578 1983 nobis
1605 1926 1766 1998 jubcs
1815 1927 2013 1984 facere.
2044 1927 2183 1983 Tan-

604 2004 717 2074 tum
744 2020 1091 2090 experiamur
1110 2020 1232 2091 quis
1263 2031 1444 2075 tecum
1473 2020 1573 2074 ibit
1600 2021 1668 2075 ad
1690 2019 1961 2090 praelium,
1987 2019 2193 2089 quique

603 2109 931 2175 subvenicnt
953 2110 1046 2167 tibi
1077 2111 1129 2166 in
1155 2112 1445 2181 auxilium,
1475 2131 1494 2164 ι
1517 2111 1739 2183 Reperti
1763 2121 1890 2167 sunt
1914 2100 2213 2175 Bernardo~

604 2206 911 2281 inquirente
942 2207 1171 2263 trecenti
1219 2208 1340 2271 viri,
1373 2208 1546 2278 parati
1576 2222 1699 2266 cum
1744 2206 2031 2263 Guillelmo
2061 2220 2193 2276 pra:-

603 2298 726 2363 liari
773 2308 829 2359 et
880 2299 1039 2354 mori.
1080 2298 1182 2366 Qui
1212 2298 1501 2353 unanimes
1542 2307 1670 2365 ante
1723 2299 1873 2353 illum
1903 2305 2192 2358 venerunt.

597 2390 977 2461 iudiciumque
1004 2390 1244 2456 fmdcris,
1283 2391 1541 2463 ﬁdeique,
1583 2400 1640 2447 et
1678 2390 2006 2459 adiutorium
2040 2403 2194 2444 more

605 2482 873 2538 Dacorum
896 2481 1183 2547 facientes,
1211 2483 1316 2543 tela
1343 2493 1545 2547 mutuae
1581 2483 1878 2538 voluntatis
1904 2490 2064 2551 pacto
2086 2495 2193 2536 una

601 2584 1016 2643 concusserunt.
1062 2574 1273 2632 Caetera
1325 2590 1457 2632 vero
1483 2591 1619 2646 gens
1674 2575 1845 2631 armis
1874 2574 2069 2645 frigida
2105 2588 2193 2628 re-

601 2667 768 2734 cessit
792 2668 861 2724 ad
883 2668 1194 2739 praesidium
1211 2668 1360 2724 urbis
1389 2667 1551 2724 celeri
1578 2669 1724 2739 fuga.

1212 2776 1589 2825 APOSTROPEA.

603 2847 842 2904 Moribus
865 2858 922 2909 et
945 2849 1157 2917 meritis
1179 2850 1430 2917 celebris,
1462 2849 1751 2921 Guillelme
1776 2850 1993 2920 patrici,

596 2938 808 3008 Jurgia,
840 2940 1003 3005 dicta,
1038 2941 1236 3007 minas,
1263 2941 1407 3009 lites,
1439 2942 1695 3008 divortia,
1728 2943 1897 3007 rixas,

601 3031 767 3098 Bella,
795 3032 1166 3104 supercilium,
1191 3032 1540 3105 fraudesque,
1567 3034 1787 3102 duellia,
1818 3034 2007 3097 telum.

603 3123 774 3195 llujus
803 3124 1044 3194 perfidia:
1084 3125 1266 3196 populi
1291 3126 1637 3197 spurcamine
1665 3124 1835 3195 pleni.

601 3213 679 3281 Ne
706 3216 901 3272 timeas
932 3215 1229 3291 trepidans,
1257 3216 1519 3274 formides
1549 3233 1618 3273 ne
1645 3214 2043 3272 verecundans.

599 3305 844 3379 Namque
861 3308 926 3363 in
952 3319 1003 3364 te
1034 3309 1218 3365 feritat
1245 3310 1362 3366 dire
1384 3326 1519 3382 gens
1546 3309 1663 3366 hare
1683 3310 1802 3365 sine
1830 3324 2020 3373 causa,

601 3398 801 3465 Torva,
825 3400 1003 3466 ferox.
1028 3411 1271 3468 ventosa,
1313 3418 1538 3473 procax,
1580 3403 1818 3467 incauta,
1845 3400 2084 3464 rebellis,

602 3490 943 3557 lnconstans,
976 3492 1267 3564 dispar-que
1289 3494 1397 3557 sibi
1418 3494 1675 3559 novitatis
1710 3507 1896 3548 amore
1927 3510 1947 3546 ει

602 3581 833 3653 Prodiga
866 3585 1181 3652 verborum,
1213 3602 1400 3643 verum
1429 3602 1539 3649 non
1568 3585 1793 3658 prodiga
1823 3583 1983 3651 facti,

600 3673 794 3740 l’rava,
828 3676 1082 3747 superba,
1117 3676 1378 3748 maligna,
1411 3677 1643 3744 nefaria,
1674 3676 1959 3748 ﬂagitiosa,

602 3764 927 3833 l.etifera,et
948 3783 1061 3832 rea,
1093 3767 1371 3839 pestifera,
1402 3777 1456 3827 et
1481 3768 1769 3833 scelerata,
1794 3764 2046 3838 profana,

600 3855 802 3912 Toxica
837 3857 1041 3927 viperei
1073 3858 1383 3914 diffundens
1413 3859 1646 3929 plurima
1670 3859 1793 3924 viri,

599 3946 933 4018 Tranquin
954 3944 1109 4019 pacis
1137 3951 1383 4004 stabilem
1415 3959 1646 4022 pertaesa
1674 3958 1944 4010 tenorem.

595 4039 852 4096 Jeroboal
877 4040 1119 4101 Gedeum
1142 4042 1404 4096 contrivit
1431 4039 1814 4106 concutiendo,

598 4132 798 4188 Divino
828 4133 1066 4198 monitus
1083 4132 1260 4203 jussu,
1291 4144 1531 4201 nutuque
1550 4147 1811 4202 superno,

599 4225 706 4285 Ter
724 4236 920 4297 quater
946 4226 1234 4298 armigeris
1260 4225 1542 4295 praeclaris
1569 4227 1810 4297 quinque
1839 4225 2034 4297 viginti

596 4319 803 4375 Judicis
825 4318 1036 4375 aetherii
1080 4317 1237 4387 jussu
1261 4318 1526 4374 sumendo
1548 4319 1817 4389 probatis.

603 4407 755 4472 liaud
777 4423 933 4465 secus
965 4408 1261 4465 auxiliante
1289 4410 1399 4464 Deo
1422 4409 1788 4465 annullabitur
1813 4410 1933 4466 istis

598 4501 768 4572 Digne
780 4500 1096 4571 promeritis
1121 4508 1173 4555 te
1195 4500 1524 4570 tripudiante
1549 4500 1827 4555 trecentis.

2292 1913 2585 1984 Agnoscet,
2616 1913 2887 1985 probitate
2914 1912 3280 1983 promulgata,
3300 1921 3360 1967 et
3385 1912 3547 1979 Eous,

2292 2002 2361 2060 Et
2384 2022 2484 2076 par
2510 2004 2585 2060 sis
2609 2005 2817 2075 pariter,
2842 2004 3054 2060 meritis
3081 2004 3410 2076 septentrio,
3437 2013 3491 2059 et
3514 2014 3691 2059 auster.

2368 2118 2521 2178 Tunc
2545 2117 2865 2175 Guillelmus
2894 2126 3167 2173 tantorum
3202 2118 3355 2174 caede
3400 2127 3562 2188 atque
3601 2119 3730 2173 ruina
3753 2136 3825 2174 δυο.

2292 2209 2534 2268 blimiter
2582 2208 2855 2265 exaltatns
2885 2208 3122 2265 obtinuit
3164 2217 3459 2279 utrumque
3505 2223 3705 2279 regnum
3735 2208 3817 2262 Bri-

2295 2308 2587 2354 tannorum
2621 2298 3194 2369 Nortmannoruntque
3213 2299 3484 2355 bellorum
3510 2315 3723 2362 securus,
3750 2315 3819 2353 acc

2294 2400 2568 2452 aususest
2589 2400 2778 2447 contra
2808 2408 2932 2446 eum
2961 2391 3173 2461 litigare
3198 2390 3366 2448 ullus.
3395 2390 3676 2445 Francisca:
3692 2390 3827 2460 gentis

2293 2483 2590 2555 principes,
2638 2482 3194 2554 Burgundionumqne
3234 2483 3467 2538 comite-5
3492 2480 3819 2536 l'atnulabantur
3906 2478 3909 2485 ’

2292 2576 2373 2637 ei.
2395 2576 2680 2645 Dacigenaa
2708 2585 2764 2630 et
2791 2575 3175 2639 Flandrenses,
3192 2573 3483 2645 Angliqnc,
3507 2585 3558 2627 et
3585 2572 3815 2627 [liberaco-

2293 2682 2382 2722 ses
2406 2667 2670 2737 parebant
2695 2666 2768 2720 ei.
2799 2665 3129 2736 (Laerteque
3154 2666 3426 2735 gen'csin
3457 2664 3690 2718 aﬂittitale
3708 2660 3815 2730 regi

2293 2760 2376 2815 sui
2408 2769 2810 2814 commorantes
2849 2760 3176 2816 obediebant
3200 2758 3564 2829 ejusintperio
3582 2756 3817 2825 unanimes.

2295 2850 2573 2922 Tempme
2607 2867 2840 2923 namque
2884 2852 3173 2923 pra'tdigna:
3222 2852 3546 2916 venationis,
3589 2867 3680 2921 quo
3714 2848 3821 2904 seni

2293 2948 2558 3018 petulanti
2586 2948 2717 3003 luxu
2742 2956 2968 3019 urgente
3003 2946 3449 3017 congrediuntur,
3481 2946 3642 3001 cervis
3662 2941 3810 3013 geniali

2288 3038 2412 3111 jure
2439 3036 2596 3095 fretos
2630 3039 3013 3110 cancepturis;
3031 3055 3221 3095 scenas
3244 3040 3497 3111 spatiosa:
3523 3032 3824 3105 amplitudinis.

2294 3129 2349 3184 in
2382 3129 2500 3185 loco
2531 3131 2623 3200 qui
2655 3132 2856 3186 dicitur
2882 3130 3062 3187 Leons
3094 3133 3376 3187 mandavit
3419 3131 3519 3185 sibi
3563 3124 3812 3199 przrpatan'.

2215 3206 2262 3269 C
2294 3217 2611 3275 llcribertus
2664 3223 2769 3276 hoc
2797 3220 2984 3276 audito
3012 3235 3217 3285 comes,
3246 3220 3513 3293 lingeque
3535 3217 3680 3274 totius
3704 3215 3823 3285 regni

2294 3312 2400 3366 dux
2428 3321 2483 3367 et
2508 3313 2780 3383 princeps,
2831 3328 3040 3369 necnon
3086 3313 3408 3370 Gnillrlmns
3433 3310 3729 3371 Pietavensis
3747 3321 3813 3363 eoo

2293 3415 2433 3465 mes,
2456 3412 2722 3458 venerunt
2750 3402 2876 3460 illuc
2906 3404 2975 3458 ad
3018 3416 3141 3457 eum
3183 3402 3524 3460 festinanter.
3558 3402 3683 3469 Quos
3704 3395 3813 3453 Guil-

2293 3489 2505 3554 lelmus.
2552 3493 2808 3547 adventui
2840 3492 3055 3548 illorum
3082 3494 3487 3563 congratulans,
3529 3507 3637 3549 cum
3673 3501 3821 3557 magno

2278 3594 2553 3653 apparatu
2614 3594 2945 3643 reverenter
2981 3587 3242 3656 suscepit,
3289 3600 3578 3656 secumque
3619 3582 3820 3637 diuturno

2291 3674 2631 3733 delectabilis
2662 3677 2966 3733 venationis
2998 3686 3237 3748 tempore
3265 3679 3490 3741 morari,
3520 3674 3810 3743 luxuque“?-

2290 3767 2394 3837 gali
2449 3768 2653 3837 epulari
2703 3769 2983 3838 splendide
3022 3770 3173 3824 fecit.
3226 3768 3471 3835 Quadam
3518 3777 3720 3833 namque
3750 3758 3817 3813 die

2289 3856 2610 3914 Guillelmus
2659 3858 3001 3917 Pictavensis
3048 3860 3185 3915 dixit
3241 3859 3526 3914 Gniilelmo
3576 3853 3810 3910 Rothomao

2289 3950 2439 4019 gensi
2465 3968 2479 4003 :
2510 3969 2528 4000 ι
2566 3947 2792 4009 Domine
2814 3950 3331 4017 dux,scisnequare
3362 3951 3467 4005 huc
3488 3938 3807 4002 venerimus!»

2292 4038 2614 4106 Respondit.
2650 4057 2668 4085 σ
2706 4041 2913 4109 ignoro.
2953 4058 2973 4091 ι
3019 4038 3087 4095 Ει
3137 4039 3226 4097 ille
3260 4058 3274 4092 :
3314 4059 3334 4092 ι
3371 4038 3610 4094 Nolentes
3645 4033 3808 4089 mittere

2291 4130 2499 4203 legatos
2532 4132 2624 4187 tibi
2654 4141 2764 4185 tant
2793 4133 2958 4202 digno
2978 4132 3186 4196 comiti,
3212 4132 3329 4202 ipse
3359 4128 3627 4201 legationis
3645 4120 3807 4189 negotio

2292 4222 2442 4295 fungi
2471 4224 2657 4278 malui.
2693 4224 2759 4278 Et
2795 4233 2853 4277 nt
2881 4224 2976 4278 des
2999 4239 3240 4279 sororem
3283 4233 3431 4277 tuam
3461 4233 3658 4276 uxorem
3692 4210 3809 4272 milii.

2290 4314 2451 4377 veni;
2486 4322 2648 4382 utque
2676 4321 3064 4368 conuertantur
3091 4312 3322 4367 invicem
3355 4311 3552 4366 findere
3574 4300 3805 4363 insoiubilis

2292 4406 2545 4462 amicitiae
2569 4416 2624 4460 et
2651 4405 2979 4460 dilectionis.
3017 4424 3036 4458 ι
3066 4404 3219 4467 Tunc
3248 4398 3671 4472 liotliomagensis
3693 4389 3805 4449 Guil-

2292 4499 2486 4555 lelmus
2528 4499 2874 4570 respondisse
2922 4497 3154 4553 ludendo
3191 4497 3412 4555 fertur:
3469 4514 3488 4548 ί
3532 4493 3806 4547 Pictavenscs

672 4567 1168 4657 TuticGuillelmus
1196 4567 1317 4646 cuin
1352 4590 1608 4647 trecentis
1624 4587 2008 4653 ferroindutis,
2027 4587 2191 4650 irruit
2222 4567 2271 4625 Ῑ)
2296 4606 2511 4657 semper
2538 4567 2662 4645 sunt
2691 4588 2863 4644 timidi
2926 4587 3219 4659 {rigidique
3247 4588 3429 4649 armis,
3465 4593 3518 4639 et
3557 4578 3698 4635 avari.
3720 4572 3804 4628 Nun

600 4693 1000 4756 repentesuper
1022 4682 1244 4738 inimica
1270 4693 1450 4738 castra
1476 4682 1782 4738 temerariis
1807 4679 2189 4747 multitudinis,

598 4788 1033 4843 conterenseos,
1062 4785 1118 4835 et
1169 4775 1475 4831 dilacerans
1520 4774 1872 4830 mucronibus
1889 4783 1943 4828 et
1963 4773 2190 4830 lanceis.

601 4872 844 4943 Disrupit
904 4869 1135 4925 tentoria
1186 4869 1523 4940 principum,
1568 4866 1917 4938 incenditque
1958 4866 2190 4937 magalia

602 4964 836 5021 militum
893 4978 1138 5017 suorum.
1191 4960 1499 5016 Prosternit
1540 4975 1677 5030 quos
1740 4959 1920 5030 gladio
1963 4958 2188 5028 reperit,

600 5058 993 5124 obstantesque
1046 5052 1152 5108 sibi
1185 5049 1328 5108 Orco
1356 5052 1679 5107 transmisit.
1710 5050 2002 5107 Obtinente
2025 5051 2193 5121 igitur

598 5145 888 5202 Guillelmo
924 5144 993 5199 de
1020 5143 1255 5198 inimicis
1310 5141 1666 5212 triumphum,
1692 5140 1908 5196 Rinlfus
1935 5141 2191 5212 fugiendo

509 5241 515 5247 ’
600 5238 841 5295 evanuit.
873 5236 1045 5305 Quem
1069 5250 1303 5305 sequens
1325 5250 1455 5307 pars
1477 5234 1756 5291 exercitus
1769 5232 2194 5304 comprehende-

599 5345 660 5385 re
687 5329 953 5400 nequivit,
983 5327 1111 5399 quia
1138 5326 1408 5383 densitate
1436 5327 1588 5383 silva:
1615 5325 1873 5383 occuluit.
1907 5325 2183 5381 Plurimos

599 5431 783 5478 autem
841 5420 1053 5475 illorum
1090 5420 1372 5476 absorbuit
1400 5419 1683 5492 Sequana,
1718 5417 2190 5488 multosqnelacc-

600 5522 750 5571 ratos
796 5514 1037 5585 contegit
1078 5523 1137 5570 et
1186 5513 1342 5569 silva.
1399 5513 1554 5568 Tunc
1598 5509 2215 5579 Guillelmus‘lustrans

599 5623 850 5677 campum
895 5609 1220 5664 cadaverum
1255 5647 1269 5673 ,
1336 5617 1393 5662 et
1440 5620 1547 5662 non
1598 5605 1882 5661 inveniens
1911 5613 2186 5659 mortuum

599 5704 767 5760 ullum
797 5721 1037 5769 suorum,
1066 5703 1394 5776 glorificavit
1434 5718 1555 5759 cum
1579 5703 1694 5758 suis
1721 5701 1915 5766 Deum,
1936 5702 2026 5771 qui
2058 5700 2186 5756 sub-

598 5797 744 5853 venit
771 5798 1116 5870 sperantibus
1148 5797 1200 5852 in
1230 5811 1287 5853 se
1318 5796 1371 5852 in
1412 5794 1758 5866 adiutorium.
1782 5794 1954 5851 Locus
1978 5804 2178 5865 autem,

2296 4684 2453 4739 decet
2481 4682 2641 4737 talem
2669 4680 2900 4751 puellam
2927 4680 2995 4735 ab
3022 4681 3101 4734 eis
3131 4679 3339 4734 haberi.
3362 4698 3378 4729 ι
3404 4674 3661 4739 Guiltelma
3678 4666 3805 4751 Picta-

2290 4772 2441 4828 vcnsi
2470 4772 2637 4827 verbo
2670 4750 3105 4842 exasperationis
3148 4769 3205 4823 in
3253 4784 3361 4823 uno
3405 4766 3579 4822 obtutu
3615 4750 3810 4815 bmmlli.

2292 4861 2475 4917 intulit
2518 4841 2839 4917 Guillclmus
2882 4858 3336 4930 Rothomagensis
3366 4876 3379 4912 :
3429 4876 3447 4909 ι
3480 4852 3693 4911 Crastina
3725 4841 3801 4903 die.

2292 4970 2361 5011 ne
2395 4953 2653 5018 turberis,
2698 4952 2916 5008 reddam
2948 4952 3044 5006 tibi
3093 4951 3376 5019 utriusque
3414 4948 3486 5003 rei
3533 4946 3801 5029 responsat-tt.

2293 5046 2537 5103 consultu
2572 5060 2816 5100 ineorum
2872 5043 3132 5098 lidelium.
3172 5061 3192 5095 ι
3230 5038 3485 5111 Sequenti
3531 5039 3723 5097 namque
3741 5022 3802 5074 ἀὶο

2294 5140 2521 5199 consilio
2561 5138 2800 5208 llugonis
2822 5136 3021 5209 Magni,
3049 5146 3104 5192 et
3135 5135 3405 5192 lleriberti
3432 5128 3690 5187 concitum,
3713 5126 3801 5209 suo-

2293 5248 2524 5305 rumque
2572 5207 2851 5297 ﬁdelium,
2897 5207 3048 5287 dedit
3095 5243 3340 5285 sororem
3391 5237 3535 5280 suam
3579 5207 3800 5303 (Suilli-into

2294 5329 2422 5385 duci
2466 5325 2791 5383 Pietavensi.
2824 5324 2998 5391 Quam
3022 5337 3150 5377 vero
3173 5319 3484 5390 nuptialium
3512 5321 3664 5367 rerum
3686 5307 3798 5366 NP“

2293 5421 2592 5478 honoriﬁce
2609 5418 2939 5483 redimitam,
2953 5415 3215 5485 equisque
3229 5409 3472 5468 femineis
3483 5396 3687 5476 phaleris
3699 5400 3796 5485 out!“

2292 5512 2413 5580 stis,
2443 5528 2577 5569 auro
2602 5511 2914 5579 electroquc
2955 5506 3313 5562 artiﬁcialiter
3359 5479 3796 5574 pmbaiteatiSSUb'

2293 5616 2522 5665 vectam.
2557 5620 2679 5662 cum
2710 5603 2876 5660 nitnia
2910 5600 3384 5659 innumerabilium
3412 5593 3656 5656 utriusque
3674 5582 3797 5675 sciui

2291 5701 2660 5770 mancipornm
2707 5695 3033 5766 frequentia,
3083 5692 3375 5762 multisque
3420 5680 3627 5742 scriniis,
3654 5674 3794 5770 sentis

2292 5794 2531 5850 vestibus
2561 5808 2694 5848 auro
2732 5789 2954 5846 intextis
2994 5786 3215 5859 repletis
3265 5794 3319 5840 et
3366 5774 3599 5836 oneratis,
3636 5763 3792 5836 ςοηδίν
