4032 6392
115 379 250 437 669

564 376 653 435 DE
693 372 935 435 GESTlS
963 374 1394 433 ΝΟΠΜΑΝΝῘᾸΞ
1429 376 1665 434 DUCUM
1731 378 1908 436 LIBRI
1957 382 2155 439 TRES.
2177 415 2245 424 -—
2270 384 2409 455 LIB.~
2436 384 2526 440 ill.
2550 386 2986 443 WILLELMUS.

3299 385 3416 441 (570

110 506 331 569 patam
373 493 595 559 deduxit
627 502 939 556 reverenter
985 492 1051 552 ad
1100 493 1475 551 Pictavensem
1526 492 1725 546 aulam.
1754 499 1806 560 Α
1832 496 1995 559 urbis,
2013 497 2248 551 sedibus.
2278 496 2491 567 illicque
2520 513 2643 551 eum
2666 495 2964 551 honoriﬁce
2993 493 3412 553 multotiesdcti’

113 587 347 643 Videris
384 595 561 641 autem
597 584 913 642 Heribertus
938 583 1282 641 Guillclmum
1324 583 1726 653 Rothomagen-

114 695 255 736 sem
280 677 574 735 eonfortari
603 687 656 733 et
682 677 1081 743 convalescere,
1128 677 1405 747 animique
1442 677 1642 732 virtute
1672 682 1728 736 et.

112 770 410 843 corporis,
461 769 822 839 operibusque
878 768 1247 838 praemaximis
1292 768 1621 829 sufﬁcienter
1672 766 1727 821 in

112 861 362 925 Christo
388 862 614 926 enitere,
647 859 875 916 consilio
898 859 1138 929 Hugonis
1176 858 1351 929 Magni
1394 858 1546 923 ducis
1583 856 1729 921 dedit

112 951 304 1005 ﬁliam
355 964 506 1006 suam
536 949 634 1004 illi.
676 950 850 1017 Quam
880 949 1198 1009 Guillclmus
1226 963 1350 1005 cum
1389 945 1730 1007 mirabilibus

113 1039 495 1106 fescenniuis,
520 1040 890 1111 apparatibus,
918 1040 1280 1109 inauditisque
1313 1037 1600 1095 indieibilis
1630 1036 1728 1091 ho-

115 1130 287 1184 noris
347 1140 400 1184 et
446 1131 723 1200 dignitatis
779 1130 1061 1193 ornatibus
1106 1122 1381 1201 comptius
1434 1127 1723 1193 sull'ultus,

116 1217 705 1292 inaestimabiliumque
775 1221 1017 1289 equitum
1081 1220 1425 1275 multitudine
1487 1218 1727 1289 undique

115 1323 295 1363 secus
322 1319 678 1381 constrpatus,
706 1310 964 1375 conduxit
992 1309 1277 1381 magnifice
1316 1309 1723 1378 Rothomagen-

116 1400 206 1453 sis
242 1401 402 1456 urbis
435 1402 667 1458 arcibus.
696 1400 1016 1473 Refulgehat
1046 1402 1100 1456 in
1130 1417 1195 1456 eo
1220 1402 1483 1469 sanctitas
1520 1409 1574 1454 et
1601 1418 1728 1472 pru-

116 1493 340 1561 dentia,
389 1494 709 1564 paenitebat
734 1495 1067 1550 incessanter
1114 1494 1342 1565 :equitas
1390 1503 1445 1549 ct
1484 1492 1723 1561 iustitia.

116 1585 489 1655 Oppriuehat
517 1589 779 1658 superbos
824 1597 880 1641 et
931 1587 1222 1643 malevolos
1265 1587 1546 1653 severiter,
1578 1586 1727 1643 exal-

116 1677 283 1730 tahat
315 1679 553 1737 humiles
575 1690 630 1733 et
677 1679 967 1737 benevolos
1000 1689 1330 1743 reverenter.
1380 1678 1625 1749 Pagmos
1670 1687 1725 1739 et

113 1767 443 1824 incredulos
467 1769 779 1833 muneribus
799 1781 852 1826 et
874 1771 1055 1826 verbis
1086 1771 1387 1829 adducebat
1417 1771 1482 1825 ad
1515 1769 1718 1826 cultum

1828 587 1948 643 nuit
1982 603 2105 643 cum
2157 590 2270 645 suis
2297 590 2569 659 omnibus.
2624 588 2937 665 Morabatur
2989 597 3169 642 autem
3221 604 3315 642 rex
3354 605 3418 647 ιιι,

1828 680 2273 740 domoGuillelmi
2296 681 2447 736 ducis
2469 691 2527 736 ut
2547 681 2830 751 domigeua
2856 677 3422 752 ctvermrla,.ejusque.

1826 769 2237 841 praestolabatur
2264 772 2485 847 supplex
2511 770 2786 843 suffragia.

2439 878 2803 918 APOSTBONIA.

1827 949 2068 1011 Marchio
2082 947 2205 1020 jure
2230 960 2420 1020 potens
2448 952 2657 1006 meritis
2678 952 2945 1023 digneque
2968 949 3265 1019 refulgensl

1829 1040 1983 1097 Ultro
2008 1041 2161 1102 natio,
2183 1055 2411 1111 quaeque
2440 1042 2535 1095 tibi
2559 1041 2719 1096 modo
2748 1041 2959 1101 subdita
2982 1042 3145 1105 cedit,

1827 1129 2011 1203 Diligit
2044 1130 2383 1196 incumbens,
2414 1131 2601 1195 servit,
2632 1131 2938 1191 famulatur.
2964 1132 3211 1187 inlueret.

1826 1219 1966 1289 Quin
2014 1236 2176 1293 prece
2219 1237 2315 1277 rex
2363 1223 2550 1277 humili
2580 1223 2807 1294 supplex
2845 1238 3154 1298 pronusque
3184 1224 3425 1294 requirit,

1828 1312 2092 1385 Suffragia
2117 1324 2289 1370 semet
2318 1316 2518 1370 virtute
2548 1325 2747 1385 tuaque
2774 1315 2933 1383 tueri.

1831 1406 2248 1477 Pontiﬁcesqne,
2272 1407 2459 1472 duces,
2499 1408 2750 1473 comites,
2779 1421 3036 1477 proceres
3072 1414 3430 1477 reverentur,‘

1826 1497 1892 1551 Et
1921 1497 2123 1563 clerus,
2149 1497 2448 1569 vulgusque
2476 1498 2636 1552 simul
2661 1513 2818 1554 secus
2840 1497 3143 1568 utriusque,

1828 1590 1899 1647 Ut
1927 1592 2173 1663 gerulam
2204 1593 2377 1663 pacis,
2404 1605 2902 1663 precursoremque
2929 1590 3144 1656 salutis,

1824 1680 2008 1742 Armis
2038 1690 2094 1736 et
2120 1696 2281 1753 prece
2321 1694 2373 1736 te
2397 1682 2499 1737 sibi
2528 1689 2764 1753 poscunt
2790 1679 3076 1749 auxiliari.

1901 1768 2199 1826 Confestim
2226 1770 2545 1827 Guillelmus
2572 1771 2858 1843 quemdam
2905 1770 3216 1843 Telgerum,
3273 1776 3433 1841 tyro-.

112 1871 273 1911 verae
306 1856 452 1922 ﬁdei,
482 1859 766 1914 credentes
786 1859 1097 1930 urgebatad
1123 1858 1336 1914 laudem
1359 1858 1580 1914 Christi.
1608 1858 1720 1912 Non
1758 1856 1798 1913 [ι
1827 1876 1950 1915 nem
2016 1862 2208 1915 domus
2262 1876 2374 1916 suae
2424 1862 2727 1934 principem
2779 1862 2926 1916 misit
2989 1862 3057 1916 ad
3122 1859 3427 1923 Henricum~

112 1947 307 2001 solum
366 1949 736 2003 monarchiam
768 1965 929 2018 quam
960 1950 1177 2009 tenebat
1215 1950 1434 2020 regebat
1464 1990 1480 2015 ,
1534 1966 1720 2005 verum

119 2038 303 2093 etiam
353 2038 532 2093 aﬁinia
596 2055 762 2110 regna
821 2049 1041 2095 strenuo
1095 2040 1320 2096 consilio
1384 2039 1722 2106 moderabat.

114 2130 291 2201 Angli
323 2131 588 2199 parebant
615 2132 733 2202 ejus
771 2132 1040 2187 mandatis
1068 2132 1284 2198 Franci,
1308 2141 1362 2187 et
1392 2133 1725 2204 Burgundio-

112 2239 221 2277 nes
256 2221 383 2290 ejus
425 2223 604 2279 dictis.
650 2222 988 2294 Ubicumque
1039 2234 1305 2278 terrarum
1358 2239 1554 2281 nomen
1608 2224 1723 2303 ejus

114 2315 483 2379 audiebatur,
521 2317 589 2371 ab
615 2316 866 2371 omnibus
884 2317 1356 2389 magniﬁeahiliter
1379 2317 1719 2373 laudabatur.

114 2404 377 2463 Audiens
426 2413 606 2460 autem
642 2406 916 2465 Alstemus
965 2421 1061 2462 rex
1109 2409 1404 2477 Anglorum
1459 2408 1718 2478 paciﬁcus

117 2496 275 2573 quod
334 2490 678 2567 prmeelle'bat
741 2496 1060 2553 Guillclmus
1121 2498 1319 2556 virtute
1375 2511 1430 2555 et
1487 2504 1722 2571 potent'a

116 2586 439 2643 Francisca:
486 2588 722 2644 nationis
751 2578 1027 2656 omnibus,
1058 2591 1205 2645 misit
1237 2590 1302 2645 ad
1344 2606 1467 2646 eum
1519 2592 1725 2663 legatos

120 2697 258 2738 suos
287 2697 413 2737 cum
457 2682 612 2743 donis
652 2684 1018 2753 praemaximis
1066 2692 1123 2739 et
1160 2683 1496 2749 muneribus,
1528 2684 1724 2754 deprc-

120 2787 266 2828 cnns
317 2780 379 2826 ut
429 2772 760 2833 Ludovicum
797 2783 1046 2846 nepotem
1102 2792 1288 2842 suum,
1338 2774 1517 2831 Caroli
1583 2778 1722 2847 capti

120 2863 277 2937 regis
336 2873 512 2920 morte
545 2863 655 2934 iam
715 2866 768 2921 in
819 2852 1071 2937 captione
1100 2856 1475 2945 praeoccupati
1531 2868 1723 2936 ﬁlium,

120 2962 418 3009 revocaret
441 2956 507 3008 ad
540 2954 781 3012 Francia:
803 2972 1049 3029 regnum,
1070 2958 1306 3028 illudque
1331 2968 1593 3015 statueret
1619 2960 1721 3027 illi,

121 3058 256 3100 cum
302 3046 531 3102 consilio
568 3046 898 3103 Francorum
928 3049 1268 3109 sublimanda
1298 3051 1351 3105 in
1381 3061 1721 3124 perpetuum,

122 3148 293 3204 atque
324 3138 697 3197 misericordia
743 3150 919 3204 motus
964 3157 1061 3215 pro
1106 3159 1290 3202 amore
1338 3146 1421 3201 sui
1456 3147 1723 3216 reciperet

1828 1952 2308 2027 Transrhenanom
2351 1968 2556 2024 regem,
2609 1962 2667 2007 ut
2695 1953 2838 2023 quod
2869 1952 3177 2009 Ludovicus
3207 1967 3301 2007 rex
3351 1951 3420 2005 ab

1824 2056 1892 2098 eo
1928 2041 2259 2111 requirebat,
2290 2057 2387 2113 per
2416 2058 2637 2098 manum
2676 2058 2829 2098 suam
2878 2042 3060 2100 facere
3103 2058 3209 2097 non
3241 2040 3421 2096 dill‘er-

1826 2145 1927 2190 ret.
1956 2134 2124 2191 Erant
2150 2135 2296 2190 enim
2331 2134 2602 2191 Henricus
2645 2151 2772 2199 rex,
2812 2136 3032 2206 duxque
3073 2134 3429 2205 Guillehnns,

1826 2224 2222 2281 indissolubilis
2274 2226 2529 2282 amicitiae
2567 2237 2724 2298 pacto
2771 2228 3065 2299 conjuncti,
3113 2233 3423 2296 competen-

1827 2319 2020 2390 tiisque
2046 2328 2248 2373 mutuae
2274 2318 2570 2374 voluntatis
2600 2320 2666 2374 ad
2698 2320 2928 2374 invicem
2969 2320 3097 2383 olim
3144 2316 3417 2373 fmderati.

1832 2409 2099 2467 Henricus
2136 2426 2267 2466 vero
2298 2427 2392 2466 rex
2421 2410 2712 2483 Tetgerum
2751 2411 3048 2467 honoriﬁce
3090 2410 3317 2482 recepit,
3366 2421 3422 2464 et

1827 2502 2068 2557 diuturni
2099 2504 2357 2574 temporis
2398 2505 2574 2574 spatio
2603 2518 2786 2557 secum
2820 2502 3023 2558 morari
3050 2502 3198 2558 fecit.
3226 2502 3420 2558 Postea

1825 2605 1955 2650 vero
2006 2593 2324 2647 muneribus
2359 2593 2526 2647 variis
2568 2601 2624 2647 et
2675 2592 2832 2648 donis
2878 2593 3114 2649 diversis
3162 2593 3418 2656 ditatum,

1782 2702 1787 2708 ·
1827 2676 2039 2737 remisit
2064 2683 2213 2737 illum
2242 2683 2309 2738 ad
2336 2683 2527 2738 ducem
2553 2683 2902 2739 Guillclmum
2930 2693 2985 2739 et
3012 2699 3132 2738 cum
3152 2698 3218 2739 eo
3246 2681 3421 2739 Cono-

1828 2788 1951 2828 nem
1983 2774 2199 2840 duccm,
2256 2784 2591 2828 secretorum
2642 2789 2863 2828 suorum
2910 2773 3213 2829 conseium.
3246 2775 3420 2841 Quem

1825 2864 2145 2921 Cuillelmus
2211 2881 2332 2920 cum
2374 2864 2605 2921 miriﬁco
2657 2864 3052 2921 inaestimabilis
3106 2865 3423 2920 reverentia:

1826 2958 1970 3015 cultu
2002 2959 2262 3028 suscepit,
2293 2959 2555 3029 cujusque
2607 2959 2684 3014 rei
2738 2974 2904 3014 causa
2938 2967 3102 3015 tanta:
3141 2959 3423 3030 dignitatis

1826 3049 2068 3118 tantique
2098 3049 2321 3104 honoris
2345 3051 2451 3104 dux
2475 3050 2544 3104 ad
2572 3063 2630 3105 se
2659 3049 2889 3115 veniret,
2915 3050 3288 3118 interrogavit.
3321 3049 3425 3109 Cri

1826 3138 1974 3196 (Ζοιιο
2005 3158 2018 3193 :
2066 3158 2085 3195 ς
2133 3139 2320 3195 Misisti
2345 3141 2490 3195 enim
2517 3141 2583 3195 ad
2615 3139 2905 3196 llenricnm
2934 3150 3179 3196 nostrum
3211 3148 3416 3210 regem;

121 3226 408 3282 Alannum
431 3228 724 3291 Britanniae
746 3209 1062 3292 offensionis
1081 3233 1235 3305 culpa
1257 3233 1509 3303 ejectum,
1532 3209 1725 3306 suique
1750 3209 1795 3273 (ἶ
1828 3238 1932 3284 tua:
1973 3228 2244 3285 facultatis
2269 3232 2627 3301 prosperitate
2650 3230 2897 3295 hilarem,
2921 3240 2979 3285 ut
3011 3231 3122 3299 ipse
3143 3241 3197 3284 et
3238 3209 3420 3283 Ludo-

125 3321 338 3378 amoris
360 3325 529 3392 gratia
561 3325 850 3401 privatum.
881 3325 1027 3381 illico
1048 3328 1297 3383 consultu
1326 3326 1593 3383 Guillclmi
1627 3329 1723 3384 du-

123 3412 207 3466 cis
265 3412 788 3474 Northmanuorum.
817 3415 971 3489 Hugo
1002 3434 1234 3487 magnus
1264 3420 1373 3474 dux
1419 3430 1724 3490 pr:cpoten-

125 3500 377 3557 tissimus
401 3502 731 3565 Francorum
759 3514 922 3577 atque
965 3507 1286 3565 Heribertus
1315 3519 1533 3580 satrapa
1565 3510 1723 3580 prin-

123 3593 313 3662 cipum
340 3594 524 3648 aseitis
552 3597 818 3671 episcopis
843 3612 968 3656 cum
1007 3599 1237 3655 consilio
1274 3602 1724 3671 metropolitano-

124 3699 253 3738 rum
299 3698 694 3748 revocaverunt
739 3687 1065 3748 festinanter
1102 3690 1456 3756 Lndovicum,
1492 3707 1725 3763 eumque

123 3786 408 3835 u:.xerunt
437 3778 536 3832 sibi
560 3765 741 3852 regem
770 3781 1091 3852 populorum
1127 3782 1356 3845 Francia
1385 3784 1724 3857 Burgundia—

124 3883 238 3942 que
281 3870 631 3924 morantinm.
681 3872 950 3927 Alannum
979 3889 1108 3930 vero
1157 3891 1282 3930 cum
1326 3875 1599 3934 Ludovico
1637 3893 1724 3933 re-

126 3973 404 4035 gressum,
432 3959 750 4017 Guillclmus
776 3980 875 4035 pro
910 3980 1097 4022 amore
1142 3969 1283 4037 regis
1313 3969 1539 4025 Alstcmi
1568 3986 1723 4026 rece-

124 4053 229 4125 pit,
270 4061 329 4107 et
355 4054 613 4124 quidquid
641 4055 969 4114 Britannica:
1001 4060 1236 4130 regionis
1265 4061 1578 4130 possidebat
1604 4063 1724 4120 red-

127 4149 287 4202 didit.
323 4147 548 4219 Ipseque
593 4147 832 4207 Alannus
890 4162 1076 4220 postea
1130 4150 1396 4208 Guillehni
1453 4155 1723 4211 mandatis

126 4240 504 4295 indesinenter
525 4241 758 4297 inhaesit.
783 4242 1082 4300 Transacto
1108 4260 1239 4301 vero
1266 4254 1388 4317 post
1411 4248 1720 4305 unctionem

126 4332 275 4397 regis
292 4330 619 4388 nninslustri
642 4334 836 4404 spatio,
864 4346 1145 4413 cmpernnt
1167 4336 1358 4393 Franci
1382 4348 1573 4394 contra
1597 4356 1721 4396 eum

126 4424 369 4495 litigare,
396 4424 680 4496 multisque
720 4429 895 4483 modis
918 4444 1040 4482 eum
1065 4431 1393 4501 opprimere,
1424 4433 1721 4501 quinetiam

129 4514 314 4569 conati
344 4523 472 4568 sunt
496 4530 525 4568 a
554 4532 718 4587 regno
740 4519 1050 4574 extrudere.
1095 4519 1298 4593 \‘ideus
1332 4531 1513 4577 autem
1543 4539 1634 4577 rex
1664 4538 1722 4579 se

129 4606 380 4669 destitui,
401 4615 454 4660 et
486 4623 584 4677 pro
619 4609 786 4667 nihilo
813 4628 843 4665 a
872 4610 1221 4681 Franeigenis
1243 4613 1385 4677 duci,
1406 4614 1549 4668 misit
1581 4613 1720 4684 lega-

130 4708 215 4753 tos
247 4698 317 4753 ad
361 4699 655 4757 Henricum
685 4716 867 4773 regem
898 4704 1399 4771 Transrhcuauum,
1436 4705 1718 4776 requirens

127 4790 252 4857 ejus
298 4790 647 4859 adjutorium,
680 4793 899 4863 insuper
924 4805 978 4850 et
1005 4796 1243 4851 amicitia
1274 4795 1530 4867 colligare
1566 4797 1715 4851 illum

127 4880 232 4934 sibi
281 4880 334 4935 in
378 4892 718 4951 perpetuum.
772 4885 977 4952 Quibus
1026 4902 1341 4954 responsum
1397 4897 1480 4940 est
1519 4904 1623 4941 non
1656 4902 1715 4942 se

127 4972 390 5030 fmderari
425 4990 544 5029 cum
572 4992 697 5048 rege
726 4977 1081 5044 Francorum,
1114 4981 1215 5032 nisi
1247 4993 1343 5052 per
1370 4979 1713 5035 Guillclmum

130 5066 329 5120 durem
361 5064 877 5123 Northmanuorum.
918 5067 1012 5123 llis
1053 5069 1214 5140 igitur
1249 5070 1587 5133 renuntiatis.
1624 5085 1718 5124 rex

129 5153 440 5213 Ludovicus
467 5157 753 5212 multarum
783 5158 1186 5217 tribulationum
1211 5160 1551 5217 contumeliis
1573 5160 1721 5215 attri-

128 5256 242 5311 tus,
268 5249 735 5320 plurimarnmque
763 5251 1278 5323 iuopportunilatum
1313 5251 1713 5309 calamitatibus

132 5340 385 5407 amictus,
417 5342 564 5397 venit
605 5343 674 5398 ad
725 5342 942 5398 Balonis
979 5351 1215 5399 montem
1265 5353 1454 5401 contra
1497 5342 1715 5399 Guillcl-

130 5447 282 5485 mum
307 5432 497 5487 ducem
521 5432 1036 5497 Northmaunorum,
1071 5434 1365 5504 deprecans
1389 5443 1447 5487 ut
1479 5448 1537 5488 se
1563 5436 1712 5505 adju-

131 5531 287 5577 varet
316 5530 372 5577 et
399 5522 712 5579 defenderet
739 5510 925 5580 contra
958 5524 1195 5580 Francos
1233 5525 1336 5580 sibi
1369 5525 1706 5592 rebellantes,

131 5611 539 5685 amicitiamque
567 5612 784 5669 Henrici
817 5615 957 5686 regis
987 5614 1389 5670 Transrhenani
1415 5625 1470 5671 et
1497 5602 1717 5687 adjuto?

132 5703 274 5760 rium
337 5705 436 5760 sibi
493 5706 815 5774 acquireret.
860 5705 1013 5761 'l‘unc
1053 5705 1711 5773 Guillelzaus,alllictione

134 5795 276 5865 regis
308 5797 508 5867 pietate
540 5806 735 5865 motus,
774 5799 1029 5854 conduxit
1083 5816 1203 5855 eum
1258 5800 1710 5873 Rothomagensis

1829 3320 1980 3375 vicus
2010 3335 2099 3374 rex
2127 3319 2368 3376 Francia:
2402 3320 2643 3377 vicissim
2687 3334 2785 3389 per
2810 3320 3093 3375 consilium
3119 3320 3419 3389 prudentia:

1828 3422 1935 3469 tute
1963 3415 2381 3481 faederarentur,
2405 3424 2458 3469 et
2489 3430 2651 3485 quem
2680 3415 2872 3469 horum
2901 3414 3194 3470 necessitas
3226 3427 3421 3482 urgue-

1826 3513 1930 3569 ret,
1955 3504 2181 3559 alterius
2208 3502 2402 3559 solatio
2426 3504 2749 3559 muniretur.
2777 3503 3082 3558 Decernens
3112 3512 3292 3556 autem
3324 3518 3418 3555 rex

1827 3593 1932 3649 hoc
1960 3594 2240 3650 consilium
2271 3594 2373 3649 sibi
2403 3604 2457 3649 ct
2477 3595 2589 3650 suis
2615 3594 2979 3658 salutilerum,
3003 3604 3058 3649 et
3081 3608 3176 3664 per
3201 3608 3419 3646 manum

1829 3693 1974 3740 tuam
2020 3685 2241 3754 insuper
2266 3686 2460 3741 stabile
2488 3695 2543 3741 et
2596 3685 2835 3751 ﬁrmum,
2888 3685 3037 3740 misit
3070 3700 3155 3741 me
3187 3685 3303 3749 tibi,
3361 3694 3419 3737 ut

1826 3778 2098 3833 conducas
2126 3794 2309 3849 regem
2354 3779 2420 3833 ad
2469 3779 2749 3850 placitum,
2778 3780 3143 3850 pratcepitque
3181 3792 3267 3833 me
3298 3793 3415 3832 mo—

1826 3868 1933 3923 rari
1969 3885 2068 3941 pro
2095 3870 2280 3925 obside
2304 3886 2411 3941 quo
2438 3871 2610 3926 mavis
2640 3872 2898 3942 positum,
2924 3872 3097 3928 donec
3127 3873 3418 3927 revertaris

1826 3962 2161 4032 rcducasque
2192 3977 2372 4033 regem
2421 3964 2489 4018 ab
2514 3964 2662 4018 omni
2713 3964 3045 4019 adversitate
3089 3979 3361 4019 securum.
3394 3983 3411 4014 ι

1823 4052 2064 4108 Audiens
2118 4062 2298 4108 autem
2329 4054 2649 4109 Guillclmus
2695 4054 2957 4111 miranda:
3005 4062 3167 4125 atque
3216 4054 3419 4108 inarsi-

1826 4147 2037 4202 maudac
2065 4146 2346 4218 legationis
2370 4147 2704 4213 mandatum,
2738 4148 2886 4203 misit
2911 4148 2977 4201 ad
3012 4162 3194 4217 regem
3238 4146 3419 4204 Lude—

1823 4240 2023 4305 vicum,
2053 4248 2108 4295 et
2139 4240 2371 4294 reddidit
2399 4240 2522 4296 talis
2549 4240 2835 4310 legationis
2860 4241 3411 4311 negotinjucundum.

1826 4333 2054 4390 Statutac
2083 4333 2441 4404 profectionis
2468 4333 2554 4389 die
2578 4342 2902 4403 congregata
2941 4332 3435 4391 innumerabiliuzn‘

1824 4425 2172 4480 multitudine
2200 4425 2495 4496 legionum,
2539 4425 2672 4480 dixit
2694 4424 3018 4484 Guillclmus
3050 4428 3116 4483 ad
3142 4427 3418 4483 Cononem

1827 4520 2017 4576 ducem
2048 4520 2343 4583 Saxonum,
2372 4520 2557 4574 volens
2593 4519 2830 4590 experiri
2865 4521 2928 4581 ,εἴ
2959 4522 3086 4590 quid
3115 4521 3278 4577 corde
3300 4518 3418 4587 ejus

1823 4608 2017 4665 lateret
2059 4611 2350 4665 obscurum
2379 4627 2394 4664 :
2456 4630 2474 4662 ι
2519 4609 2859 4683 Ριιεθριιιθέινιρ
2888 4611 3095 4677 itineri,
3123 4621 3175 4664 et
3203 4612 3412 4665 instrue

1820 4710 1874 4758 te
1903 4702 2155 4758 celeriter
2181 4705 2378 4769 ocreis,
2408 4704 2533 4772 quia
2574 4703 2787 4759 mittam
2813 4712 2864 4759 te
2894 4703 3013 4784 urbi
3040 4703 3411 4772 Bajocacensi,

1821 4793 1995 4850 donec
2024 4804 2083 4850 ut
2110 4793 2294 4848 dixisti
2319 4803 2658 4850 revertamur
2688 4794 2844 4850 illesi.
2870 4794 3021 4862 Tunc
3046 4794 3234 4851 Couo‘:
3263 4793 3415 4848 Mitte

1819 4903 1905 4943 me
1940 4904 2046 4959 quo
2074 4891 2177 4954 vis,
2218 4888 2383 4943 etiam
2428 4888 2587 4943 Dacis
2632 4898 2737 4943 true
2769 4887 2961 4944 ditioni
2998 4887 3248 4943 subditis.
3287 4906 3306 4940 ι
3348 4886 3416 4943 Et

1818 4978 2165 5035 Guillclmus':
2197 4998 2217 5032 ι
2238 4978 2442 5034 Mecum
2468 4980 2535 5033 ad
2566 4979 2822 5049 placitum
2855 4980 2979 5046 ibis,
3003 4979 3128 5051 quia
3156 4993 3264 5033 non
3291 4992 3410 5032 smn

1823 5069 2068 5125 dillilcns
2096 5070 2193 5124 tui.
2231 5089 2248 5121 ι
2296 5069 2579 5126 EtCono:
2619 5090 2637 5123 ‹
2681 5069 2736 5126 Si
2780 5069 3192 5141 Bajocaccnsem
3220 5068 3411 5124 civita-

1823 5173 1929 5218 tem
1964 5177 2276 5234 perrexere,
2311 5172 2433 5218 tuus
2466 5162 2637 5221 ﬁdelis
2668 5164 3044 5233 incunctanter
3086 5162 3277 5235 existo.
3312 5158 3409 5214 Sin

1819 5269 1967 5315 vero,
2007 5263 2275 5322 quodnon
2314 5266 2499 5318 ercao,
2534 5263 2709 5308 tecum
2757 5254 3030 5323 profectus
3074 5251 3250 5316 fuero,
3284 5258 3407 5307 tuus

1822 5347 2059 5418 armiger
2103 5347 2239 5401 ﬁdus
2286 5357 2576 5419 custosque
2607 5348 2730 5400 vita:
2760 5356 2862 5403 tua:
2911 5355 3168 5402 constans
3218 5353 3405 5400 contra

1821 5440 2057 5495 hostium
2081 5438 2304 5515 insidias
2338 5453 2707 5515 permansere.
2750 5457 2767 5487 ι
3002 5500 3005 5501 ν

1895 5514 2195 5600 llisdictis,
2236 5514 2525 5607 occurrunt
2556 5530 2836 5586 unanimes
2871 5547 2990 5586 rum
3020 5531 3261 5586 exercitu
3292 5546 3403 5583 ma-

1820 5638 1925 5695 gno
1966 5622 2238 5679 Ludovico
2270 5624 2401 5694 regi,
2440 5622 2776 5679 Lauduneusi
2827 5638 2964 5694 pago
3009 5638 3130 5678 eum
3183 5623 3406 5692 llugnnc

1822 5713 2015 5784 Magno
2040 5714 2176 5770 duce
2203 5723 2255 5769 et
2284 5714 2566 5770 licriberto
2596 5714 2793 5773 comite
2825 5732 2917 5771 eos
2943 5708 3270 5785 expectanti.
3310 5714 3402 5766 Vi-

1823 5810 2014 5860 deutes
2043 5803 2192 5876 Hugo
2217 5805 2321 5860 dux
2343 5804 2631 5875 comesque
2658 5803 2752 5860 Ηρι
2770 5806 2971 5861 ibertas
3000 5819 3104 5861 tam
3128 5805 3404 5859 immensa:
