3952 5346
566 231 672 292 σξη

1470 210 1770 285 DUDONIS
1806 228 2054 284 escam
2083 227 2138 283 s.
2170 224 2476 294 QUINTIM
2506 220 2887 282 vinetum.

3743 219 3837 275 δη

556 341 916 398 nmititttdinis
943 340 1184 411 legiones
1214 338 1498 393 Britonutn
1530 337 2135 407 Northmannormnque
2167 345 2213 404 Α
2239 349 2369 391 vero
2395 348 2492 405 per
2522 333 2803 388 Daciscam
2853 329 3114 400 linguam,
3161 340 3281 398 qua:
3329 324 3584 383 dicebant
3613 327 3835 384 subsan-

553 434 815 492 militibus
863 430 1272 502 przecellentes,
1319 438 1644 500 stupuerunt
1696 430 1763 483 ad
1804 430 2034 483 invicem
2067 429 2149 483 di-

552 533 785 581 centes:
823 539 842 574 t
897 522 1037 589 Quid
1080 521 1253 577 nostri
1294 521 1555 579 exercitui
1604 532 1659 576 et
1710 521 1869 575 huic?
1918 521 1974 575 Si
2008 518 2147 575 forte

554 615 698 670 inter
721 629 820 669 nos
840 621 894 668 et
928 612 1049 667 illos
1067 610 1306 683 jurgium
1329 612 1557 676 venerit,
1586 611 1923 667 devorabnnt
1960 626 2057 665 nos
2087 620 2148 665 ιιι

555 719 722 775 agnos
748 702 877 773 lupi.
909 720 932 755 ι
964 701 1045 756 Ab
1087 701 1213 758 hinc
1254 700 1407 773 llugo
1453 700 1682 773 Magnus
1725 709 1780 755 et
1828 698 2147 754 Heribertus

556 808 742 851 comes
772 791 1041 859 iusserunt
1073 808 1319 848 seorsum
1357 794 1625 864 equitare,
1655 803 1818 863 atque
1847 793 2153 848 interdier

556 893 684 939 runt
709 885 969 939 exercitui
998 883 1266 940 Guillelmi
1293 883 1493 938 nullum
1520 898 1739 938 suorum
1767 884 2143 940 commiscere.

556 974 687 1029 Erat
701 991 829 1029 vero
848 989 971 1028 cum
990 973 1464 1031 innumerabilium
1487 974 1789 1045 frequentia
1803 976 2144 1030 exercituum

555 1080 649 1123 rex
677 1065 1035 1120 lleiuricusin
1079 1064 1197 1121 loco
1239 1080 1400 1135 super
1429 1054 1633 1121 Mosam
1659 1067 1749 1137 qui
1781 1067 1978 1122 dicitur
2010 1067 2150 1125 ch-

554 1174 715 1232 ngus
742 1160 1022 1233 (Vouziers
1059 1160 1129 1215 ad
1175 1160 1460 1231 Axonam).
1494 1161 1973 1232 Appropinquante
2018 1178 2148 1218 vero

555 1268 684 1325 rege
707 1254 1044 1310 Luthdovico
1075 1254 1142 1308 ad
1181 1254 1498 1324 praedictum
1529 1254 1710 1323 placiti
1758 1254 1958 1319 locum,
1995 1264 2150 1311 antc-

555 1342 719 1400 cessit
751 1341 1068 1397 Guillelmus
1090 1357 1214 1396 cum
1237 1344 1547 1414 quingentis
1577 1343 1858 1405 militibus,
1900 1358 2000 1397 suo
2033 1357 2120 1397 mo

552 1434 670 1490 nitu
695 1434 1035 1505 praacedente
1081 1432 1309 1490 Conone
1327 1433 1463 1488 duce
1502 1441 1558 1488 et
1602 1434 1999 1503 prtenuntiante
2036 1434 2147 1505 regi

552 1523 640 1583 bis
663 1522 844 1579 verbis
872 1522 1169 1583 adventum
1193 1523 1348 1594 ejus:
1390 1541 1410 1574 ι
1452 1521 1694 1585 Marchio
1743 1523 1960 1593 duxque
2015 1521 2157 1578 Nor--

554 1618 943 1675 thmannorum
965 1623 1021 1671 et
1062 1616 1346 1671 Britonum
1369 1615 1689 1671 Guillelmus
1728 1615 1916 1675 ﬁdeles
1957 1616 2051 1673 tibi
2092 1616 2156 1679 in,

2250 435 2462 490 nantes,
2494 424 2846 494 intelligendo
2873 420 3146 485 subaudit,
3182 432 3580 490 parumperque
3603 434 3835 477 commo-

2253 528 2339 573 tus
2370 519 2449 572 ira
2487 515 2735 577 discedit,
2768 521 2823 569 et
2856 526 3209 583 quaecumque
3239 524 3364 580 rege
3392 519 3655 565 narrante
3689 511 3833 567 audi-

2248 609 2346 672 vit,
2383 608 2496 677 regi
2539 604 2805 675 exposuit.
2837 601 3087 677 Crastina
3110 616 3242 656 vero
3265 601 3351 655 die
3393 600 3538 671 regis
3558 599 3831 667 Ludovici,

2248 672 2524 771 pergeniis
2551 672 2625 752 ad
2649 695 2904 767 placitqu
2936 672 3394 749 cum'incredibili
3442 700 3498 746 et
3535 692 3833 746 innumera-

2248 790 2342 846 bili
2390 789 2652 853 exercitu,
2709 784 3025 843 Guillelmus
3079 784 3481 854 praeoccupavit
3529 783 3830 839 adventum.

2248 878 2591 934 Willelmidae
2614 892 2743 933 vero
2788 875 3156 947 praecedentes
3179 875 3355 930 hostia
3383 874 3596 940 domus,
3621 889 3722 943 qua
3744 889 3829 929 rex

2251 966 2536 1023 lleinricus
2592 965 2894 1031 residebat,
2944 966 3227 1034 coeperunt
3282 963 3532 1033 frangere
3590 963 3829 1036 parietes,

2250 1061 2587 1130 disrumpere
2611 1067 2664 1114 et
2691 1056 2965 1121 divellere,
3005 1065 3168 1125 atque
3217 1055 3364 1109 intus
3410 1054 3461 1108 vi
3488 1062 3543 1108 et
3580 1062 3830 1123 potestate

2253 1152 2510 1207 residere.
2545 1150 2658 1204 [lex
2686 1165 2816 1203 vero
2844 1147 3128 1201 lleinricus
3154 1144 3366 1202 illorum
3408 1152 3653 1199 metuens
3678 1145 3829 1214 impe-

2252 1251 2387 1306 tum,
2420 1241 2642 1296 divertit
2670 1255 2731 1295 se
2765 1237 3023 1309 profugus
3063 1236 3130 1292 ad
3151 1236 3313 1291 aliam
3334 1236 3584 1303 domum,
3605 1235 3829 1305 dixitque

2254 1338 2321 1393 ad
2348 1338 2622 1393 Cononem
2651 1337 2929 1391 conscium
2964 1342 3298 1389 secretorum
3345 1344 3608 1387 suorum:
3641 1349 3659 1381 ι
3708 1328 3829 1396 Hoc,

2251 1437 2311 1484 ut
2338 1444 2482 1493 reor,
2506 1427 2760 1496 placitum
2796 1441 2903 1483 non
2934 1424 3090 1483 nobis
3117 1422 3304 1481 eﬁicax
3327 1438 3503 1493 neque
3527 1437 3827 1491 congruum,

2252 1533 2438 1573 verum
2470 1526 2711 1575 vertetur
2733 1515 2889 1571 nobis
2913 1515 2978 1570 ad
3033 1514 3437 1584 corruptionem
3478 1521 3537 1567 et
3575 1512 3642 1565 ad
3680 1512 3831 1565 inter-

2252 1609 2409 1673 itum,
2455 1608 2583 1678 quin
2613 1608 2776 1662 etiam
2822 1605 2889 1659 ad
2917 1605 3157 1661 deducus
3188 1603 3514 1659 inauditum.
3562 1599 3724 1667 Vade,
3752 1601 3834 1655 die

552 1702 770 1767 Christo
800 1710 1116 1764 famulatus.
1151 1707 1349 1763 Nolens
1391 1724 1476 1762 tne
1524 1708 1757 1763 retinere
1795 1725 1892 1779 pro
1940 1708 2149 1773 obside,
2187 1688 2225 1746 Β
2260 1700 2534 1757 Willelmo
2558 1702 2800 1759 omnium
2829 1699 3099 1757 ditissima
3120 1698 3265 1762 duci,
3297 1707 3352 1751 ut
3375 1695 3501 1761 ﬁde,
3527 1709 3687 1765 quam
3709 1695 3835 1749 inter

554 1807 916 1859 sacrosanctae
954 1798 1077 1855 ﬁdei
1130 1808 1232 1853 tute
1267 1804 1455 1855 tenore
1483 1798 1625 1854 venit
1674 1797 1741 1853 ad
1781 1805 1852 1859 te.
1896 1799 2153 1869 cupitque

554 1892 681 1962 quid
710 1895 977 1962 agendum
1005 1890 1077 1945 sit
1104 1888 1248 1945 inter
1294 1898 1348 1944 te
1376 1898 1431 1944 et
1458 1904 1638 1960 regem
1684 1888 2014 1963 Lutlmicum
2071 1889 2165 1942 ἰιιο.

557 1983 803 2052 quirere.
848 1999 867 2034 ι
902 1980 1054 2036 Tunc
1087 1995 1182 2035 rex
1214 1978 1538 2035 Heiuricus:
1589 1996 1608 2030 ι
1663 1977 1827 2047 Cujus
1871 1975 2155 2049 potcStatis

494 2099 496 2101 >
557 2071 779 2141 cujusve
807 2071 1087 2143 dignitatis
1112 2071 1198 2127 vel
1221 2072 1444 2126 honoris
1468 2080 1631 2141 atque
1656 2069 1914 2126 bonitatis
1949 2079 2032 2125 est
2053 2071 2157 2125 iste

556 2162 903 2228 Guillelmus,
928 2164 1018 2233 qui
1042 2163 1173 2219 mihi
1205 2163 1380 2233 gratia
1425 2163 1680 2217 amicitia:
1704 2171 1789 2217 est
1815 2162 2150 2218 connexus?»

567 2256 901 2327 Respondit:
956 2274 975 2308 ι
1021 2255 1225 2327 Magnae
1255 2255 1528 2326 patientiae
1553 2253 1874 2323 etjustitire,
1923 2270 2157 2326 magnae-

565 2364 671 2420 que
704 2349 991 2419 potestatis
1026 2356 1080 2404 et
1125 2347 1480 2409 sufficientius,
1513 2348 1804 2419 magnique
1845 2357 1903 2402 et
1932 2346 2155 2402 inauditi

562 2442 783 2498 honoris
813 2451 868 2498 et
898 2436 1217 2512 prudentia).
1268 2441 1567 2512 Nullusque
1597 2455 1715 2505 rex,
1774 2439 1878 2494 nisi
1931 2448 2007 2504 ιιι,
2041 2437 2158 2493 nul-

560 2534 752 2607 lusque
787 2534 894 2590 dux
927 2550 1179 2592 comesve
1217 2541 1328 2588 tam
1381 2531 1701 2604 magniﬁcus
1728 2541 1787 2586 ut
1813 2530 2154 2587 Guillelmus.

561 2626 870 2697 Principum
886 2634 1247 2699 tyronumqne
1264 2624 1567 2694 frequentia
1593 2624 1778 2679 sedula
1800 2624 2155 2692 constipatus,

568 2718 747 2773 aureis
774 2718 922 2773 vasis
964 2716 1284 2786 poculisque
1315 2713 1595 2784 splendide
1638 2713 1909 2782 epulatur,
1967 2727 2159 2767 verna-

567 2820 795 2881 namque
836 2805 1099 2861 nobilium
1126 2813 1290 2876 atque
1325 2817 1605 2858 servorum
1647 2801 1965 2857 multimoda
1996 2816 2161 2871 exaga

566 2896 847 2965 geratione
866 2894 1279 2965 circumseptus,
1305 2902 1524 2948 exercet
1540 2895 1662 2960 ,‘ura
1688 2892 2011 2961 decretaque
2034 2892 2163 2945 hor-

567 2986 887 3043 todoxorum
923 2984 1142 3041 Patrum
1180 2985 1422 3040 sedulus.
1454 2982 1622 3039 Nemo
1658 2983 1860 3052 justior
1895 2983 1946 3036 in
1974 2982 2154 3045 factis,

2256 1808 2358 1848 nos
2387 1802 2657 1856 tenemus,
2690 1790 3031 1848 stomachato
3056 1789 3278 1845 resistat
3302 1786 3592 1850 exercitui,
3637 1799 3702 1839 ne
3726 1798 3832 1839 aut-

2256 1884 2399 1955 plius
2445 1882 2784 1952 disrumpunt
2812 1880 3049 1951 parietes
3074 1887 3467 1948 conterantque
3517 1876 3693 1932 hostia
3722 1876 3837 1930 tecti

2257 1976 2465 2041 nostri;
2525 1990 2594 2030 ne
2641 1974 2782 2031 forte
2835 1984 3092 2029 nascatur
3128 1972 3369 2044 jurgium
3416 1972 3563 2026 inter
3612 1968 3836 2039 dispares

2260 2069 2547 2138 variosque
2598 2066 2796 2137 linguis
2841 2065 3140 2135 habituque
3166 2073 3221 2121 et
3255 2063 3444 2119 armis.
3483 2080 3503 2113 ι
3534 2060 3659 2115 Mox
3706 2059 3836 2115 Ceno

2257 2160 2565 2231 prosiliens,
2595 2157 2836 2214 obviavit
2862 2156 2982 2211 duci
3014 2153 3302 2210 Guillclmo
3332 2151 3572 2207 venienti
3594 2150 3662 2205 ad
3691 2149 3835 2218 placi-

2262 2260 2398 2317 tum,
2452 2249 2745 2317 retulitque
2792 2247 2841 2301 ei
2879 2260 3000 2316 qua:
3030 2244 3112 2301 sui
3165 2242 3540 2315 praecedentes
3593 2239 3835 2295 fecerunt.

2260 2338 2411 2393 Tunc
2432 2336 2754 2393 Guillclmus
2786 2336 2909 2390 duci
2934 2334 3140 2390 Cononi
3176 2352 3189 2389 :
3222 2352 3240 2385 ι
3263 2333 3340 2388 lte
3366 2339 3441 2398 et,
3471 2340 3534 2385 ut
3564 2345 3683 2385 meo
3702 2327 3838 2399 jussu

2259 2430 2570 2495 discedant,
2625 2428 2706 2484 eis
2776 2428 2965 2481 dicite.
3035 2444 3054 2478 ι
3125 2423 3204 2478 llli
3276 2430 3458 2477 autem
3524 2419 3841 2475 advenientis

2262 2520 2497 2577 Cononis
2532 2518 2714 2583 ducis,
2761 2526 2815 2572 et
2865 2514 3136 2587 precantis
3195 2520 3254 2567 ut
3305 2512 3681 2573 discederent,
3712 2525 3829 2579 pre

2259 2620 2471 2681 ceptum
2549 2624 2657 2665 non
2732 2607 2907 2663 solum
2979 2612 3341 2676 respuerent,
3420 2616 3614 2658 verum
3680 2600 3827 2655 etiam

2263 2703 2401 2758 foris
2467 2700 2559 2772 qui
2610 2700 2917 2767 astabant,
2981 2706 3207 2753 caeteras
3262 2696 3455 2750 domus
3509 2705 3839 2760 cum'magno

2261 2793 2464 2865 impetu
2508 2802 2563 2849 et
2620 2808 2903 2849 murmure
2945 2790 3269 2860 dissipantes
3317 2787 3664 2841 invaserunt.
3710 2782 3835 2850 Qua--

2265 2896 2485 2957 propter
2530 2885 2681 2941 (ἴοιιο
2722 2885 2908 2941 statim
2970 2882 3158 2952 rapido
3207 2878 3495 2951 velocique
3541 2891 3707 2932 cursu
3756 2874 3833 2929 ite-

2263 2992 2381 3031 rum
2431 2976 2658 3047 expetiit
2690 2976 2883 3029 ducem
2934 2971 3312 3034 Guillelmum,
3344 2983 3467 3023 cum
3516 2965 3734 3036 reliquis
3772 2962 3844 3017 le-

566 3092 729 3134 nemo
756 3077 996 3134 sanctior
1044 3076 1100 3131 in
1133 3076 1308 3141 dictis,
1364 3089 1527 3130 nemo
1567 3074 1841 3145 potentior
1882 3072 1935 3127 in
1969 3073 2154 3126 armis.
2182 3042 2230 3107 (ἶ
2260 3067 2513 3140 gionibus
2562 3066 3085 3137 adpropinquantem
3133 3062 3201 3116 ad
3245 3059 3532 3130 placitum,
3577 3056 3838 3125 dixitque:

568 3171 758 3228 Nullus
787 3171 949 3227 audet
989 3169 1080 3229 alii
1120 3170 1178 3225 in
1225 3184 1394 3241 regno
1435 3182 1532 3223 suo
1558 3166 1763 3237 praejnd
1786 3166 1929 3221 cium
1958 3164 2155 3228 facere,

570 3261 752 3321 nullus
809 3262 1012 3316 furtum
1065 3268 1122 3316 et
1168 3258 1511 3329 sacrilegium
1564 3263 1904 3327 perpetrare.
1960 3254 2161 3308 Vtvunt

572 3353 762 3409 incola:
792 3364 951 3409 terrm
977 3352 1123 3407 illius
1150 3352 1357 3422 legibus
1385 3348 1568 3406 alllicti
1617 3346 1941 3411 concordes,
1970 3344 2158 3399 decre-

573 3445 748 3515 tisque
778 3453 1090 3500 sanctorum
1115 3441 1337 3497 Patrum
1372 3439 1594 3496 coerciti
1644 3445 1925 3493 morantur
1964 3435 2159 3490 unani-

575 3553 716 3594 mes.
750 3556 769 3591 ι
817 3537 1063 3607 Cumque
1093 3536 1317 3592 alternis
1342 3531 1890 3591 sermocinationibus
1924 3528 2159 3584 vicissim

573 3632 945 3704 loquerentur,
976 3632 1193 3687 advenit
1216 3628 1538 3687 Guilleltnus
1567 3643 1690 3683 cum
1722 3624 2033 3697 quingentis
2063 3622 2166 3676 mi-

574 3722 778 3777 litibus.
805 3721 953 3779 Cono
980 3722 1090 3777 dux
1139 3730 1199 3775 ut
1243 3719 1449 3776 audivit
1486 3718 1776 3774 adventum
1813 3714 1951 3784 ejus,
2003 3711 2166 3768 citius

574 3813 795 3879 exsiliit,
816 3818 1106 3883 ensemque
1135 3812 1251 3883 ejus
1283 3810 1528 3870 ﬁdeliter,
1568 3808 1790 3878 recepit,
1823 3815 1880 3862 et
1908 3804 1976 3859 ad
2008 3802 2167 3858 Ηιηὶη-

576 3903 749 3957 ricum
777 3919 956 3974 regem
987 3912 1298 3959 reverenter
1344 3900 1625 3957 conduxit.
1672 3898 1958 3955 Heinrieus
1985 3907 2165 3951 autem

577 4009 673 4049 rex
696 3993 856 4048 citius
878 3996 1232 4058 surrexit,‘et
1251 4001 1440 4049 contra
1472 3990 1817 4048 Guillelmum
1853 3989 2045 4047 ducem
2073 3986 2167 4041 ob-

580 4083 698 4139 vius
730 4086 990 4155 perrexit,
1021 4086 1313 4154 osculoque
1340 4084 1465 4139 dato
1492 4093 1720 4152 uterque
1760 4082 1985 4137 resedit.
2017 4078 2169 4134 Tune

577 4174 898 4232 Guilleltnus
943 4191 957 4229 τ
1005 4194 1025 4228 ι
1073 4175 1305 4231 luternae
1356 4173 1664 4230 dilectionis
1712 4180 1767 4228 et
1813 4171 2016 4225 amoris
2072 4184 2165 4223 rex

578 4251 950 4321 Luthdov‘iens
995 4265 1089 4320 tibi
1138 4264 1369 4320 ﬁdeliter
1405 4278 1619 4319 munus.
1653 4262 1845 4317 Misisti
1894 4262 2167 4316 Cononem

582 4361 774 4436 ducem
793 4359 860 4411 ad
889 4371 995 4421 me,
1020 4367 1078 4411 ut
1102 4356 1343 4412 venirem
1371 4356 1435 4411 ad
1467 4363 1542 4423 te,
1575 4355 1730 4426 quasi
1754 4369 1853 4424 pro
1871 4352 2096 4425 pignore
2116 4360 2171 4404 et

579 4449 787 4505 obside.
826 4448 933 4505 Sed
963 4465 1066 4505 non
1098 4449 1173 4504 tui
1205 4447 1471 4516 diﬁidcns,
1502 4463 1625 4503 cum
1667 4463 1733 4501 eo
1776 4463 1876 4518 ego
1904 4460 2049 4502 ecce.
2076 4444 2171 4498 Di-

580 4542 706 4597 xisti
739 4558 846 4598 non
885 4553 938 4599 te
963 4542 1214 4598 amicitiae
1244 4551 1300 4597 et
1331 4541 1582 4614 adjutorii
1614 4539 1807 4609 copula
1841 4537 2169 4606 vinculoque

584 4630 917 4690 Luthdovico
977 4634 1093 4704 regi
1148 4632 1424 4705 coujttngi,
1475 4631 1579 4687 nisi
1632 4631 1952 4686 interessem
1997 4628 2174 4682 factor

584 4724 743 4794 hujus
778 4725 997 4797 negotii.
1028 4725 1304 4781 llemanda
1333 4725 1446 4795 regi
1496 4724 1625 4795 quid
1652 4723 1754 4777 hac
1777 4736 1836 4775 rc
1859 4717 2170 4790 prmscitum

580 4826 668 4874 est
699 4819 816 4874 tibi.
852 4836 870 4869 ι
906 4817 1058 4874 Tunc
1089 4833 1184 4873 rex
1215 4817 1503 4873 lleinrieus
1542 4834 1555 4870 :
1606 4834 1625 4867 ‹
1665 4813 1774 4869 Rex
1806 4810 2174 4868 Luthdovicus

590 4920 644 4964 te
669 4910 806 4967 duce
831 4909 1016 4964 veniat
1056 4908 1293 4964 crastina
1335 4909 1439 4966 die.
1488 4918 1687 4977 tuoque
1734 4913 1957 4961 strenuo
2003 4903 2174 4957 inter-

589 5011 773 5056 vcntu-
799 4999 1149 5072 perﬁciuntur
1188 5001 1392 5066 omnia,
1446 4983 1800 5069 qumeutnque
1834 5004 1959 5052 sunt
1996 5007 2175 5063 prmo-

589 5099 738 5162 ptata
762 5132 782 5159 ,
826 5092 1028 5150 nostris
1080 5102 1135 5149 et
1188 5093 1383 5148 vestris
1430 5089 1680 5147 ﬁdelibus
1737 5086 2027 5144 salubriter
2078 5084 2173 5140 de-

591 5195 766 5242 creta.
814 5205 833 5241 Ι

572 5296 591 5346 ι
663 5278 884 5332 Interim
918 5278 1299 5335 Lotharicnses
1343 5284 1399 5333 et
1433 5260 1677 5333 Saxones
1710 5277 1997 5342 eruperunt
2032 5268 2180 5323 inve-

2266 3176 2287 3210 ι
2321 3157 2604 3214 Guillelmc
2633 3157 2740 3209 dux
2772 3151 3277 3226 praepotentissime,
3314 3148 3609 3203 nohterunt
3646 3146 3716 3198 tui
3741 3157 3845 3197 meo

2257 3247 2414 3318 jussu
2440 3249 2627 3302 domos
2659 3245 2953 3308 dimittere,
2982 3256 3170 3297 verum
3197 3238 3465 3294 festinant
3492 3245 3718 3291 caeteras
3745 3234 3843 3285 dis-

2264 3355 2534 3410 rumpere.
2579 3338 2779 3393 Precor
2822 3336 3153 3391 humotenus
3205 3330 3397 3393 ﬂexus,
3432 3343 3504 3383 ne
3535 3329 3687 3383 sinas
3733 3322 3841 3379 talia

2263 3431 2405 3497 ﬁeri,
2446 3445 2513 3485 ne
2542 3428 2679 3484 forte
2707 3434 2963 3481 nascatur
3010 3423 3185 3479 czedes
3228 3420 3471 3475 inaudita
3515 3417 3573 3470 in
3627 3414 3837 3485 plebe:

2266 3522 2416 3577 Tunc
2443 3520 2766 3576 Gutllelmus
2804 3532 2991 3572 ensem
3039 3531 3101 3571 ex
3137 3512 3253 3568 auri
3288 3526 3383 3567 sex
3411 3508 3567 3564 libris
3603 3507 3656 3561 in
3681 3503 3844 3575 capulo

2263 3594 2657 3682 bratteolisque
2680 3620 2842 3679 atque
2870 3607 3028 3663 bullis
3055 3604 3415 3661 artilicialiter
3437 3600 3845 3665 mirabiliterque

2265 3705 2559 3776 sculptutn,
2596 3702 2744 3757 dedit
2784 3698 3012 3765 Cononi,
3045 3705 3105 3751 ut
3135 3695 3332 3750 indicio
3368 3692 3604 3747 exeundi
3638 3687 3844 3743 deferret

2266 3808 2390 3855 enm
2425 3807 2480 3852 et
2507 3795 2817 3850 ostenderet
2861 3791 3055 3862 legioni
3088 3788 3337 3846 domibus
3366 3783 3629 3840 residenti
3655 3784 3842 3837 domos-

2269 3904 2375 3961 que
2443 3889 2624 3943 adhuc
2678 3884 2984 3956 dissipauti.
3041 3882 3176 3937 Cum
3231 3889 3413 3935 autem
3471 3875 3627 3931 Cono
3678 3876 3845 3928 iterum

2268 3979 2538 4036 festinans
2569 3978 2674 4033 illis
2717 3982 3054 4032 occurreret.
3096 3984 3394 4041 ensemque
3433 3966 3693 4022 Willehui
3720 3963 3843 4019 ducis

2269 4090 2403 4130 auro
2455 4072 2793 4143 gemmisque
2856 4066 3235 4138 prmfulgidum
3292 4061 3402 4116 illis
3456 4060 3841 4115 demonstraret,

2271 4163 2529 4219 continuo
2578 4175 2685 4216 non
2728 4159 3103 4228 adquiescunt,
3155 4166 3343 4208 verum
3384 4148 3681 4204 summisso
3724 4143 3843 4198 vultu

2271 4254 2498 4327 proclivi
2544 4262 2736 4308 contra
2765 4263 2972 4313 ensem,
3004 4247 3192 4301 domos
3240 4240 3595 4301 dimiserunt,
3647 4243 3841 4301 seseque

2273 4325 2498 4402 nimium
2521 4345 2578 4399 in
2599 4342 2747 4398 exitu
2770 4338 3159 4409 Opprimentes,
3184 4333 3301 4387 siue
3323 4341 3611 4385 murmure
3628 4325 3693 4382 ad
3715 4333 3843 4379 suum

2274 4439 2465 4496 ducent
2499 4441 2864 4491 reverterunt.

2345 4528 2670 4586 Guillelmus
2699 4534 2879 4580 autem
2924 4521 3151 4578 veniens
3192 4515 3259 4572 ad
3306 4530 3489 4585 regem
3539 4511 3837 4567 licini-icon.

2274 4622 2411 4678 dixit
2436 4621 2625 4676 adesse
2656 4631 2835 4688 regem
2866 4613 3217 4673 Ludovicum.
3249 4608 3373 4663 Mox
3427 4620 3525 4660 rex
3570 4602 3845 4657 lleinricusn.

2274 4723 2497 4787 cogente
2513 4710 2820 4775 Guillclmo,
2836 4707 3051 4763 obviam
3076 4704 3126 4758 ei
3149 4700 3394 4762 incessit,
3414 4699 3652 4765 datoque
3671 4688 3837 4788 osculo,

2274 4806 2632 4873 manibusque
2666 4801 2731 4855 ad
2765 4801 2995 4855 invtcem
3023 4793 3335 4864 complosis,
3366 4789 3594 4844 domum
3628 4788 3837 4855 ingressu

2275 4909 2506 4967 uterque
2559 4895 2779 4950 resedit.
2837 4890 3126 4960 Multisque
3180 4881 3563 4953 competentiis
3611 4877 3840 4967 variisque

2279 4993 2433 5049 tionis
2461 4998 2516 5046 et
2538 4987 2855 5044 muneribus
2883 4983 3123 5040 vicissim
3152 4978 3329 5042 dilati,
3362 4970 3721 5029 inextricabili
3742 4962 3839 5021 ami-

2278 5089 2401 5145 citaa
2445 5083 2736 5155 solatiique
2793 5088 2850 5137 et
2901 5074 3154 5147 adjutorii
3204 5069 3421 5125 vinculo
3470 5082 3572 5137 per
3599 5061 3837 5155 consilium

2277 5142 2761 5252 prteccllentissitui
2804 5172 3047 5227 omnium
3075 5166 3274 5221 dueum
3319 5160 3475 5215 ducis
3513 5142 3837 5212 Guiilehnial

2281 5247 2510 5327 invicem
2539 5266 2730 5324 conexi
2760 5273 2883 5319 sunt
2928 5271 2983 5317 et
3010 5254 3289 5319 foederati;
3320 5258 3593 5322 praesente
3635 5247 3835 5315 Ilugone,
