4032 6386
135 344 250 399 675

603 344 693 400 DE
714 343 957 401 (.ESTIS
984 335 1413 402 NORNIANNIE
1446 343 1686 402 DULUM
1725 335 1904 401 LIBRI
1944 337 2145 403 TRES.
2177 377 2246 390 -—
2286 340 2416 404 LIB.
2444 342 2529 406 IlI.
2563 342 3001 411 WILLELMUS.

3330 357 3435 417 απ

128 454 531 513 ﬂerimannus.
574 454 716 511 fune
743 455 850 511 dux
882 454 1380 512 Northmannorum
1405 455 1528 511 duci
1572 454 1742 510 Saxo-
1771 461 1816 518 Α
1847 457 1989 513 sedis
2008 458 2297 530 omnisque
2322 459 2550 531 pepulus
2575 476 2697 517 cum
2727 463 2929 535 ingenti
2960 478 3221 538 apparatu
3247 486 3434 530 mona—

131 560 273 605 num
322 545 691 603 Guillelmus:
729 564 750 598 α
796 547 928 615 Quis
956 546 1053 601 tibi
1098 546 1335 601 Daciscae
1364 545 1598 615 regionis
1640 546 1741 601 Iin-

129 658 304 713 gnam
358 640 666 696 Saxonibus
716 640 1047 710 inexpertem
1099 640 1311 696 docuit?
1341 660 1362 694 ι
1397 639 1735 708 Respondit:

136 753 158 786 ι
195 734 526 789 Bellicosum
564 737 951 803 egregiumque
994 748 1165 804 genus
1215 743 1318 789 tuze
1363 735 1740 805 armipotentis

122 825 421 899 progeniei
465 840 549 880 me
591 822 865 880 nolentem
897 826 1175 881 Daciseam
1204 825 1442 895 linguam
1475 827 1678 881 docuit.
1712 847 1732 879 ι

125 912 461 970 Guillelmus
490 934 503 971 :
537 934 555 967 ι
591 915 872 982 Quomodo
922 916 1228 973 nolentem?
1263 938 1280 969 ι
1335 917 1693 973 Ilerimannns
1721 933 1734 969 :

130 1021 154 1053 σ
192 1003 338 1071 Quia
362 1006 621 1061 invadens
657 1006 956 1077 saepissime
980 1007 1209 1077 plurima
1235 1018 1414 1063 castra
1446 1011 1549 1063 mei
1574 1011 1738 1064 duca—

124 1098 324 1163 minis,
360 1097 795 1154 inuumerabillia
828 1100 1014 1168 praelia
1044 1101 1097 1154 in
1130 1115 1215 1154 me
1250 1102 1515 1167 exercuit,
1546 1116 1739 1170 meque

122 1190 325 1258 prmlio
350 1197 566 1258 captum
600 1192 668 1245 ad
699 1205 796 1246 sua
827 1191 1090 1257 detraxit;
1119 1200 1175 1247 et
1204 1192 1325 1247 ideo
1353 1192 1595 1247 uolenter
1614 1207 1734 1247 eam

123 1281 327 1337 didici.
360 1299 379 1333 ι
413 1272 633 1336 Interea
665 1282 774 1336 dux
801 1280 951 1337 Cono
979 1280 1115 1336 fatur
1166 1282 1473 1337 Saxonibus
1503 1281 1735 1337 subsan-

122 1373 319 1430 nando
349 1391 362 1427 :
401 1392 419 1425 ι
462 1374 601 1440 Quid
632 1373 785 1429 vobis
835 1375 1045 1430 videtur
1071 1374 1136 1430 de
1171 1376 1306 1431 duce
1334 1373 1735 1432 Northmanno-

121 1475 252 1516 rum
266 1461 761 1534 Britannorumque
775 1464 1278 1533 Quillelmomounc
1291 1466 1441 1520 mira:
1456 1466 1737 1536 potestatis

121 1563 184 1607 σοι
252 1552 531 1608 facultatis
597 1555 1119 1625 immmerahilisque
1179 1557 1285 1612 dux
1326 1557 1736 1613 multitudinis?

120 1642 374 1714 Excepto
419 1659 546 1715 rege
595 1654 806 1709 nostro,
857 1647 980 1715 quis
1031 1648 1325 1717 patentior,
1384 1648 1509 1717 quis
1548 1648 1731 1715 ditior,

118 1734 257 1804 quis
300 1735 495 1791 melior
535 1736 659 1792 illo?
696 1756 715 1791 ι
757 1736 1174 1807 Responderunt
1203 1738 1485 1795 Saxones:
1526 1760 1542 1791 ι
1578 1740 1734 1810 Igne.

119 1830 388 1884 tabamus
429 1844 610 1885 rerum
649 1829 1026 1891 subicientium
1079 1831 1244 1898 illius,
1295 1835 1526 1902 ideoque
1584 1834 1733 1888 illum

118 1920 339 1990 pridem
408 1920 557 1977 falsa:
600 1923 872 1993 Opinionis
932 1924 1100 1980 verbo
1149 1924 1367 1996 indigne
1412 1925 1737 1995 Vllupetmi~

118 2027 272 2067 mus.
311 2032 330 2064 ι
361 2011 631 2070 Narrante
660 2015 881 2071 Conone
923 2014 1058 2070 duce
1098 2014 1242 2070 facta
1277 2016 1548 2071 mirabilia
1589 2016 1734 2071 sulll-

116 2101 463 2174 cientiasque
490 2103 783 2175 locupletes
806 2103 1080 2160 Guillelmi
1112 2105 1285 2173 ducis,
1322 2118 1601 2178 creperum
1634 2106 1735 2161 Sa-

115 2208 303 2250 xones
342 2196 634 2266 ceterique
679 2205 923 2253 astantes
961 2213 1082 2252 eum
1132 2198 1482 2269 magniﬁcare
1527 2199 1732 2270 pariter

115 2286 471 2341 sermonibus
543 2285 758 2343 Iternis.

190 2375 295 2432 His
318 2378 391 2431 ita
413 2377 807 2433 rationabiliter
827 2377 1070 2434 diliinitis
1097 2388 1151 2433 et
1176 2378 1425 2450 expletis,
1451 2379 1725 2435 Ludovico

115 2467 265 2537 regi,
291 2482 420 2521 cum
456 2464 747 2523 Guillelmo
778 2469 911 2524 duce
934 2469 1255 2539 cmterisque
1284 2471 1618 2541 principibus
1664 2469 1728 2525 ad

116 2555 448 2611 Laudunum
478 2559 797 2625 revertenti,
836 2560 1077 2614 occurrit
1102 2559 1303 2630 legatio
1324 2560 1498 2632 digna:
1519 2561 1732 2616 exulta-

116 2646 310 2714 tionis,
334 2646 665 2703 denuntians
717 2662 838 2703 esse
863 2650 910 2704 ei
942 2648 1109 2704 ﬁlium
1133 2664 1198 2705 ex
1233 2648 1465 2721 conjuge
1491 2650 1732 2706 dilectis.

116 2738 264 2794 sima
309 2740 533 2795 nomine
570 2739 869 2810 Gerherga'
892 2749 1102 2795 natum.
1146 2738 1263 2806 Quo
1289 2741 1473 2796 audito
1504 2740 1733 2797 hilarior

114 2833 375 2898 enectus,
405 2832 541 2887 dixit
571 2831 861 2889 Guillelmo
883 2832 1005 2888 duci
1030 2848 1216 2887 coram
1240 2836 1558 2889 memoratis
1581 2836 1731 2906 prin~

115 2922 338 2993 cipihus
372 2937 387 2977 :
422 2940 444 2975 ι
497 2922 579 2978 Me
623 2938 793 2995 usque
829 2922 989 2979 modo
1028 2922 1213 2978 multis
1254 2924 1598 2979 contumeliis
1643 2925 1730 2979 in-

117 3018 326 3073 fectum
376 3013 644 3084 nequiter,
702 3011 986 3068 afﬂuenter
1030 3013 1257 3083 juvasti,
1304 3014 1434 3068 mihi
1481 3014 1730 3084 plurimis

1841 549 1999 617 sxico,
2027 568 2149 605 eum
2190 554 2462 624 episcopis
2499 555 2939 626 prmpnllentibus
2976 572 3289 618 reverenter
3312 580 3434 622 sus-

1838 642 2001 710 cepit,
2049 657 2383 714 puerumque
2430 653 2795 714 nuncupatum
2834 647 3052 704 nomine
3094 649 3433 722 Lhotarium,

1840 742 2188 789 sacrosancto
2224 751 2347 789 rore
2376 735 2602 806 oleoque
2644 748 2699 792 et
2738 740 3011 793 cr'smate'
3037 741 3348 799 innovatum
3379 757 3437 804 et

1837 821 2200 891 purificatum,
2234 824 2298 878 de
2338 823 2483 882 fonte
2509 829 2762 881 extraxit.
2795 826 3040 899 llincqne
3067 830 3216 886 illum
3246 850 3435 891 mune-

1839 914 1988 970 ribus
2018 918 2381 987 pr:emaximis
2403 927 2458 972 et
2474 919 2636 973 ‘donis
2651 921 3161 989 przecellcutissimis
3181 926 3429 993 d’tatum,

1841 1005 2106 1061 Landuno
2131 1022 2252 1061 cum
2284 1018 2457 1064 matre
2480 1007 2753 1082 Gerberga
2796 1011 3015 1069 nomine
3043 1014 3279 1083 reliquit.
3310 1017 3431 1086 Ipse

1836 1110 1967 1151 vero
1991 1111 2113 1151 cum
2160 1098 2274 1152 suis
2314 1100 2379 1153 ad
2411 1114 2590 1168 regem
2643 1101 2805 1157 citius
2860 1105 3036 1167 rediit.
3088 1115 3141 1157 et
3171 1108 3430 1177 quidqu’d

1838 1189 2140 1243 honestatis
2190 1206 2257 1245 eo
2310 1190 2602 1254 acciderat,
2652 1195 2762 1262 regi
2816 1195 3019 1249 retulit.
3073 1195 3184 1250 Rex
3250 1210 3428 1253 autem

1836 1277 2181 1335 Cuillclmuzn
2200 1296 2297 1351 pro
2318 1281 2568 1337 erunibus
2588 1283 2866 1338 beneficiis
2890 1285 3156 1339 honorare
3177 1289 3244 1342 «'e
3264 1296 3431 1342 enter

1836 1369 2028 1435 voluit,
2072 1371 2165 1425 sed
2203 1370 2319 1440 ipse
2366 1372 2501 1427 nihil
2552 1373 2746 1427 horum
2779 1376 3017 1444 recepit;
3068 1392 3255 1433 verum
3302 1394 3428 1436 cum

1837 1461 2135 1533 gratiarum
2161 1463 2373 1519 actione
2398 1464 2511 1535 regi
2537 1464 2721 1518 omnia
2743 1467 2973 1521 remisit.
3184 1454 3188 1457 ⁷

2452 1592 2824 1634 APOSTROPHA.

1836 1676 1976 1749 Dux,
2013 1699 2185 1756 genus
2213 1685 2490 1757 egregium
2533 1689 2847 1757 praecellens
2881 1705 3071 1745 norma
3104 1701 3339 1762 tuorum,

1767 1801 1808 1858 Β
1836 1775 2067 1832 Fmdere
2089 1779 2418 1849 complacito
2448 1795 2607 1850 rcges
2637 1781 2926 1852 stabilique
2953 1783 3169 1854 ligatus,

1838 1863 2316 1939 Tranquillamque
2341 1878 2494 1927 satus
2520 1886 2710 1941 pacem
2750 1887 2846 1943 per
2877 1878 3109 1945 compita
3141 1877 3350 1947 mundi,

1837 1956 1977 2023 Quin
2005 1967 2060 2012 et
2084 1960 2399 2039 adoptivam‘
2427 1962 2632 2031 prolem
2656 1973 2945 2033 susceptus
2970 1968 3038 2021 ab
3076 1966 3241 2036 alma,

1835 2048 2218 2121 Extollensque
2246 2051 2513 2109 salutiferi
2544 2054 2885 2125 baptismatis
2906 2057 3070 2112 unda.

1835 2138 2068 2198 Gressus
2094 2152 2247 2200 verte
2290 2152 2435 2210 tuos,
2456 2145 2662 2202 celeres
2692 2157 2994 2219 torqueque
3019 2147 3276 2219 caballos,

1834 2231 1903 2286 Et
1924 2232 2093 2303 glebae
2122 2249 2305 2290 remea
2330 2236 2493 2291 citius
2514 2236 2714 2293 natalis
2741 2240 2808 2293 ad
2838 2254 2987 2303 oras,

1835 2321 1950 2390 Qua
1979 2338 2136 2378 sacra
2164 2324 2394 2394 populus
2414 2325 2622 2381 ditione
2649 2336 2739 2381 tua
2766 2328 3100 2384 moderatur.

1835 2414 2059 2486 Spectat
2076 2417 2311 2486 praesidii
2335 2416 2539 2488 iugiter
2563 2420 2758 2475 solatia
2785 2420 2954 2492 digni.

1833 2506 2024 2564 Omnis
2049 2524 2173 2564 nam
2201 2510 2323 2565 sine
2351 2519 2403 2564 te
2431 2526 2616 2565 rerum
2642 2527 2728 2567 res
2755 2511 2897 2568 forte
2927 2512 3166 2570 vacillat.

1907 2599 2001 2655 His
2026 2599 2101 2654 ita
2123 2600 2228 2656 rite
2255 2602 2592 2672 compositis,
2617 2618 2744 2674 rege
2769 2642 2785 2659 .
2819 2642 2834 2659 .
2861 2644 2876 2660 .
2902 2641 2920 2662 .
2945 2643 2962 2661 .
2995 2644 3010 2660 .
3037 2607 3242 2678 pariter
3264 2620 3421 2664 οδω-

1832 2692 1978 2759 latis,
1999 2693 2276 2764 nimiaque
2295 2695 2762 2767 congratulatione
2781 2698 2849 2753 ad
2884 2698 3115 2755 invicem
3138 2699 3415 2771 amplexa-

1833 2784 2059 2855 tis,rege
2085 2783 2405 2841 Lauduuum
2425 2796 2667 2858 petente,
2688 2788 3011 2846 Guillelmus
3047 2791 3119 2848 ad
3137 2791 3415 2864 regionem

1831 2888 1943 2930 suae
1970 2875 2194 2932 ditionis
2229 2876 2398 2946 erepit
2421 2876 2656 2957 celerius
2679 2879 2964 2949 proficisci.

2445 3006 2811 3047 APOSTROPHA.

116 3105 686 3176 inopportunitatibus
728 3112 1041 3175 aggravata,
1072 3108 1459 3161 convenEenter
1504 3122 1727 3165 succur-

1834 3095 1880 3152 Ο
1909 3093 2202 3162 Rothome,
2242 3104 2367 3151 tuus
2390 3095 2489 3151 tibi
2511 3097 2617 3152 dux
2636 3098 2788 3152 venit
2814 3113 2880 3154 en
2911 3097 3260 3167 recolendus,

117 3197 267 3252 risti.
297 3197 443 3265 Quin
486 3199 648 3252 etiam
683 3198 993 3268 largissime
1033 3197 1352 3253 facultatum
1382 3209 1597 3256 tuarum
1624 3202 1725 3255 da-

114 3287 278 3357 pibus
325 3288 605 3343 educando
634 3296 687 3342 et
724 3303 755 3340 a
784 3296 1054 3342 conventu
1088 3288 1507 3358 malignantium
1546 3296 1729 3360 prete-

119 3381 307 3449 gendo
341 3379 539 3435 fovisti.
574 3378 782 3435 Idcirco
826 3395 1040 3450 precor,
1095 3390 1153 3434 ut
1201 3380 1366 3434 filium
1411 3397 1586 3437 meum
1631 3382 1726 3438 be-

111 3482 307 3525 sterna
332 3470 418 3525 die
443 3478 647 3535 natum,
673 3470 1033 3539 nuncupando
1058 3478 1111 3523 et
1142 3470 1479 3525 testificando
1507 3486 1726 3527 nomine

110 3559 462 3625 Lhotarium,
500 3560 641 3615 sacri
673 3561 1016 3630 baptismatis
1043 3560 1109 3615 de
1150 3559 1298 3615 fonte
1329 3562 1593 3633 suscipias
1640 3579 1727 3618 re-

111 3656 461 3719 generatum,
492 3661 763 3721 quatenus
797 3649 1021 3718 majoris
1046 3651 1237 3721 copula
1270 3651 1576 3724 dilectionis
1604 3667 1724 3708 am-

112 3742 420 3813 pliorisquc
450 3743 675 3798 nexibus
703 3744 903 3798 amoris
931 3744 1190 3815 colligati,
1232 3742 1378 3813 quod
1408 3759 1589 3799 meum
1639 3753 1725 3800 est

112 3842 335 3903 tuapte,
372 3834 515 3905 quod
550 3843 701 3889 tuum
739 3842 823 3889 est
851 3844 1082 3903 meapte,
1113 3834 1316 3889 mutuis
1340 3834 1724 3905 competentiis

110 3924 369 3978 fruamur
392 3923 549 3978 unius
575 3924 789 3978 mentis.
826 3941 846 3975 ›
883 3923 1000 3977 Dux
1027 3938 1155 3979 vero
1192 3921 1522 3980 Guillelmus
1562 3926 1725 3996 regia:

50 4061 59 4069 .
110 4016 220 4071 sibi
261 4014 587 4084 congruenti
629 4013 822 4069 favens
858 4014 1131 4085 petitioni,
1178 4016 1525 4086 respondisse
1550 4016 1725 4071 fertur

114 4107 236 4178 regi
266 4124 281 4161 :
322 4124 341 4158 ι
376 4105 531 4163 Nunc
559 4123 713 4175 vero,
740 4117 796 4163 et
817 4108 1075 4179 quamdiu
1096 4118 1371 4179 superstes
1397 4109 1569 4177 fuero,
1604 4126 1723 4181 qua:

107 4199 346 4272 iusseris
387 4200 674 4273 diligenter
725 4202 974 4272 explebo.
1006 4200 1253 4257 Francia:
1301 4202 1472 4273 regi,
1499 4213 1723 4259 caetero-

113 4306 351 4362 rumque
375 4306 689 4363 regnorum,
714 4308 944 4361 quarum
967 4292 1278 4347 dominatus
1297 4301 1380 4347 est
1402 4302 1551 4363 pater
1575 4300 1717 4351 tuus,

113 4402 253 4442 avus
279 4396 336 4441 et
362 4387 796 4456 proavus,etiam
825 4394 1061 4451 attavus,
1086 4402 1169 4440 me
1192 4387 1346 4444 duce.
1376 4384 1719 4454 mcjuvante,

1836 3187 2134 3259 Regnaque
2156 3187 2433 3243 Gallorum
2460 3188 2627 3256 justis
2657 3191 2977 3247 moderatus
3005 3191 3252 3248 habenis.

1829 3276 2049 3332 Semina
2072 3278 2298 3348 justitia:
2325 3278 2719 3336 Northmannis
2745 3291 2964 3353 sparget
2988 3282 3220 3337 abunde.

1827 3367 2030 3423 Callem
2056 3377 2111 3422 et
2134 3368 2323 3438 judicii
2358 3370 2571 3425 meritis
2599 3371 2880 3427 vivacibus
2901 3370 3023 3438 ibit,

1826 3458 2009 3513 Donec
2035 3460 2282 3530 martyrii
2318 3460 2598 3515 redimitus
2625 3477 2852 3517 munere
2874 3462 3043 3532 digni,

1828 3551 2066 3608 Scandet
2095 3551 2161 3606 ad
2186 3551 2409 3607 Elisium
2436 3552 2670 3608 donatus
2696 3562 2987 3609 stemmate
3012 3569 3285 3627 campum.

1827 3646 1885 3701 In
1917 3660 2238 3715 summoque
2261 3646 2405 3700 bono
2431 3645 2633 3701 deitate
2660 3647 2961 3703 merehitur
2982 3648 3079 3703 uti.

1825 3737 2114 3792 Armorum
2144 3745 2198 3791 te
2225 3751 2368 3791 nunc
2389 3737 2591 3807 passim
2619 3737 2819 3794 virtute
2847 3748 3048 3794 tuetur.
3089 3756 3099 3773 ν

1827 3824 1981 3882 Tunc
2010 3825 2264 3898 precibus
2294 3826 2473 3897 dignis
2501 3825 2820 3897 meritisque
2853 3827 3095 3883 tuebitur
3124 3826 3304 3886 almis.

1894 3919 2030 3976 Cum
2075 3930 2255 3977 autem
2309 3919 2454 3975 fama
2506 3920 2652 3976 celer
2697 3910 3059 3977 habitantium
3108 3921 3162 3978 in
3215 3917 3415 3980 ﬁnibus

1823 4010 2263 4067 Northmannicis
2314 4019 2524 4065 mentes
2569 4011 2752 4065 subito
2794 4011 2862 4066 de
2908 4020 3094 4082 optato
3137 4009 3413 4069 Guillelmi

1824 4105 1979 4162 ducis
2019 4103 2195 4160 reditu
2235 4101 2576 4173 percelleret,
2612 4100 2915 4172 ducemque
2950 4117 3106 4158 suum
3150 4113 3259 4158 tam
3298 4118 3415 4158 ma-

1824 4198 2083 4271 gttilicum
2114 4196 2305 4250 adesse
2330 4203 2717 4267 praemoneret;
2763 4203 3036 4250 commota
3070 4194 3242 4249 nimio
3280 4206 3416 4263 gau-

1824 4290 1912 4345 dio
1959 4297 2069 4344 tota
2117 4285 2632 4357 Rothomagensium
2688 4284 2883 4341 civitas
2928 4284 3108 4341 subito
3150 4299 3414 4356 processu

1790 4398 1796 4403 ’
1822 4388 2013 4436 contra
2045 4379 2194 4433 illum
2225 4379 2796 4455 exsiliil,,diversaque
2827 4379 3171 4441 diverticula.
3193 4390 3254 4435 ut
3287 4393 3413 4436 eum

110 4493 203 4535 me
231 4481 288 4533 in
319 4478 570 4533 omnibus
599 4488 893 4548 prmeunte,
925 4476 1317 4543 dominaberis,
1345 4485 1400 4531 et
1450 4492 1718 4547 arrogan-
1748 4485 1795 4544 υ
1823 4473 2005 4529 videre
2031 4481 2214 4544 posset
2238 4473 2483 4544 requirit.
2511 4473 2880 4547 Femineoque
2902 4491 3035 4531 sexu
3062 4483 3242 4531 stante
3269 4474 3411 4532 muri

113 4570 255 4623 tium
286 4567 424 4623 colla
468 4568 820 4639 subjiciemus
843 4567 897 4622 iu
933 4577 985 4622 te
1025 4565 1342 4632 rebellium,
1375 4566 1582 4636 tibique
1607 4582 1723 4621 ser-

111 4663 235 4716 vire
277 4660 669 4727 abdicantimn,
720 4677 809 4717 me
851 4668 1087 4727 astante,
1133 4659 1523 4717 exarmaveris.
1576 4659 1722 4727 Quos

111 4752 416 4807 sublimare
454 4752 859 4823 praeoptaveris,
886 4750 1155 4805 extollam
1181 4766 1198 4817 ;
1226 4765 1364 4821 quos
1410 4748 1719 4816 detrudere,

110 4854 430 4901 terratenus
464 4839 759 4914 proteram.
787 4842 927 4911 Quin
967 4843 1131 4898 etiam
1166 4841 1428 4912 quidquid
1458 4840 1594 4896 velle
1622 4835 1719 4895 tibi

115 4938 306 5006 fuerit,
331 4952 362 4991 a
389 4953 475 4992 me
499 4937 635 4992 scito
658 4935 795 4993 fieri.
827 4955 846 4989 ι
876 4934 970 4991 His
991 4935 1064 4990 ita
1089 4935 1157 4991 ah
1181 4944 1409 5005 utroque
1432 4934 1719 5005 peroratis.

114 5032 196 5085 ira
227 5030 420 5099 corde,
451 5046 556 5086 non
585 5030 758 5096 vultu,
786 5030 1063 5096 commoti,
1094 5038 1417 5099 stupuerunt
1447 5027 1721 5098 principes

114 5136 285 5191 super
307 5121 412 5176 hoc
440 5120 744 5176 Francisca:
770 5122 968 5191 gentis.
998 5120 1207 5175 Abhinc
1234 5135 1469 5199 namque
1492 5118 1720 5174 subdolo

112 5214 285 5270 corde
343 5210 802 5283 fraudulentaque
841 5212 1144 5267 intentione
1193 5222 1356 5282 atque
1428 5210 1720 5282 sophistica

113 5304 578 5374 sermocinatione
607 5314 891 5374 coeperunt
919 5303 1287 5368 Guillclmum,
1315 5318 1472 5357 omen
1502 5300 1722 5374 pestife-

115 5411 263 5459 rum,
287 5372 822 5463 nequiterOtrattare.

185 5485 511 5542 Guillelmus
544 5502 695 5552 vero,
713 5502 838 5558 rege
863 5486 1218 5558 exercituque
1246 5501 1343 5541 suo
1372 5484 1718 5540 Laudunensi

117 5594 257 5651 pago
285 5579 495 5646 relicto,
526 5577 845 5634 Lauduuum
870 5578 1176 5643 Clavatum,
1202 5578 1291 5649 qui
1328 5587 1381 5633 ct
1412 5576 1609 5632 Bibrax
1640 5576 1720 5632 di-

118 5672 284 5735 citur,
326 5671 516 5743 petivit
544 5672 673 5738 cito,
721 5672 1073 5726 antecedente
1115 5671 1497 5741 episcoporum
1537 5667 1715 5723 Fran-

120 5764 281 5822 cisete
302 5769 481 5840 gentis
504 5765 685 5823 choro.
715 5764 884 5832 Quem
915 5764 1094 5821 omnis
1122 5765 1299 5823 clerus
1339 5761 1716 5819 Laudunensis

1824 4563 1878 4621 in
1903 4565 2338 4636 propugnaculis,
2375 4566 2563 4621 senilis
2582 4568 2762 4623 aetatis
2784 4568 2941 4638 vulgo
2972 4568 3025 4621 in
3054 4567 3232 4631 biviis,
3250 4565 3411 4636 juve-

1824 4658 1949 4713 nilis
1998 4657 2295 4729 medimque
2340 4658 2519 4713 aetatis
2553 4657 2710 4730 plebe
2756 4667 3008 4714 currente
3059 4658 3275 4713 obviam
3317 4658 3408 4713 ei:

1824 4749 2016 4806 Clerus
2057 4747 2398 4819 praestolatus
2440 4748 2591 4803 illum
2658 4749 2711 4803 in
2752 4756 2964 4819 portam
3006 4747 3245 4803 civitatis
3283 4761 3409 4803 cum

1824 4844 2128 4902 reverentia
2159 4843 2468 4899 monasticze
2496 4841 2856 4898 institutionis
2890 4850 3116 4897 ovantes
3142 4840 3401 4910 suscepit.

1825 4938 2129 5007 Statimque
2159 4937 2325 5005 cmpit
2350 4950 2607 4992 exercere
2632 4935 2779 5006 leges
2810 4944 2866 4990 et
2887 4934 3035 5006 jura,
3077 4942 3410 5004 paternaqne

1824 5033 2064 5094 decreta,
2103 5042 2223 5099 quae
2261 5036 2438 5092 erant,
2489 5026 2580 5081 illo
2625 5027 2870 5091 absente,
2915 5024 3177 5095 neglecta.
3221 5021 3408 5092 Jurgia

1824 5129 1879 5177 et
1911 5117 2161 5191 querelas
2212 5117 2329 5189 lege
2360 5116 2625 5173 definiens
2670 5114 3085 5177 determinabat,
3113 5122 3410 5180 omnesque

1823 5209 2033 5280 legibus
2080 5215 2173 5262 aut
2198 5206 2488 5262 concordia
2537 5204 2882 5277 paciﬁcabat.
2915 5201 3069 5257 Tune
3102 5199 3412 5256 construxit

1822 5301 2125 5372 Gimegias,
2158 5298 2405 5355 mirabile
2436 5298 2613 5364 dictu,
2669 5297 2901 5367 mirique
2941 5294 3234 5349 schematis
3259 5301 3405 5347 tem-

1821 5394 1967 5466 plum
1991 5391 2313 5448 monachilis
2334 5390 2610 5462 religionis
2633 5387 2782 5443 clero
2801 5384 3079 5458 profusius
3103 5381 3404 5439 suﬂ‘ultum.

1822 5486 1950 5541 Erat
1996 5495 2177 5542 autem
2238 5484 2456 5555 quidam
2507 5481 2773 5537 Martinus
2833 5478 3209 5535 sanctissimus
3240 5474 3409 5530 abbas

1822 5577 1965 5633 illius
1999 5575 2319 5633 monasterii
2366 5574 2679 5630 custodiens
2707 5572 3002 5628 monachos
3032 5570 3133 5625 sub
3158 5566 3407 5638 palaestra

1818 5669 2141 5740 prmstrictai
2187 5666 2387 5737 regulae
2419 5665 2678 5721 theoricze
2728 5659 3219 5734 contemplationis.
3261 5655 3409 5724 Qua-

1821 5763 1945 5820 dam
1987 5774 2221 5831 namque
2266 5757 2351 5816 die
2392 5771 2556 5816 causa
2597 5756 2864 5815 orationis
2905 5752 3185 5828 profectus
3223 5750 3410 5807 Gime-
