4032 6398
584 304 684 360 ϋἹὸ

1467 279 1764 351 bUDOMS
1807 291 2050 346 unum
2093 288 2151 345 s.
2194 287 2496 355 Qt‘lNTtNt
2539 284 2900 342 V'lltOMAND.

3758 286 3865 340 673

583 414 699 481 gias
723 451 739 477 ,
805 410 948 481 quod
990 409 1162 480 gratia
1218 407 1375 479 primi
1424 407 1574 462 tloris
1626 406 1790 461 corde
1848 413 2174 473 conceperat
2203 413 2249 470 Α
2279 403 2550 458 ctionibus
2582 402 2764 456 animo
2795 410 2991 468 motus,
3031 400 3208 455 renuit
3245 400 3456 456 illorum
3481 400 3864 471 petitionibus,

587 503 805 559 volvens
837 505 890 557 in
921 504 1124 566 animo,
1153 500 1384 555 Martino
1413 499 1757 554 sanctissimo
1779 497 1960 551 abbati
1986 495 2173 550 dicens

585 593 1057 649 sermocinabatur
1108 610 1121 644 :
1168 609 1186 643 ι
1226 590 1335 646 Cur
1371 589 1680 644 Christiana
1738 587 1926 656 religio
1974 587 2171 655 triper—

586 683 688 740 tito
746 685 937 741 ordine
980 682 1270 738 ecclesiam
1317 678 1665 749 frequentat?
1717 677 1958 730 Eruntne
2015 675 2174 728 unius

589 780 859 835 mercedis
907 777 1172 846 uniusque
1227 773 1422 837 bravii,
1471 772 1562 840 qui
1612 769 1856 839 dispares
1895 775 2022 821 sunt
2052 764 2172 820 olli-

592 873 693 928 ciis
734 871 1062 927 Christianae
1114 862 1572 936 religiositatis?)
1620 859 1919 930 Respondit
1967 853 2170 911 abbas:

596 984 613 1013 ι
648 958 1029 1031 Unusquisque
1069 974 1222 1014 suum
1257 955 1564 1010 mercedem
1601 953 1832 1022 accipiet
1875 950 2174 1005 secundum

593 1069 751 1108 suum
789 1051 1052 1106 laborem.
1087 1049 1195 1103 Sed
1219 1048 1315 1102 tibi
1349 1047 1554 1100 nutanti
1587 1046 1652 1100 de
1675 1045 1889 1108 talibus,
1920 1044 2174 1098 reserabo

593 1143 711 1196 lucc
751 1140 1104 1195 enucleatius.
1135 1137 1457 1192 Christiana:
1504 1135 1782 1205 religionis
1820 1149 2030 1187 summa
2079 1133 2176 1186 tri-

593 1231 755 1286 modo
796 1238 1013 1285 constat
1040 1228 1230 1282 ordine
1271 1227 1522 1281 distincta
1559 1244 1571 1278 :
1603 1224 1859 1279 munifico
1891 1225 2171 1289 laicorum,

595 1322 1105 1390 canonicorumque,
1142 1330 1308 1388 atque
1354 1315 1748 1372 monachorum
1793 1316 1977 1372 labore
2017 1330 2177 1370 excr-

595 1416 729 1479 cita,
762 1402 1082 1466 Trinitatem
1131 1412 1184 1467 in
1229 1411 1496 1480 personis,
1539 1397 1708 1464 Deum
1735 1424 1901 1462 unum
1951 1408 2004 1461 in
2047 1408 2176 1462 sub-

595 1503 792 1558 stantia
838 1502 1086 1556 articulis
1138 1497 1242 1556 fide
1299 1509 1575 1555 exsecuta.
1637 1499 1878 1565 Quorum
1940 1499 2175 1553 servitus

595 1593 827 1648 feliciter
849 1593 1110 1662 perfecta,
1146 1592 1214 1646 ad
1237 1591 1431 1646 ecelum
1462 1591 1632 1644 tendit
1656 1591 1826 1660 :equis
1855 1589 2172 1646 incessibus.

597 1685 664 1739 Et
707 1693 1020 1754 quanquam
1075 1694 1183 1738 tres
1233 1684 1454 1738 ordines
1499 1683 1643 1747 sint,
1689 1683 1756 1736 ad
1799 1681 2175 1738 excollendum

598 1777 803 1830 cultum
851 1791 992 1831 vera:
1038 1775 1160 1830 fidei
1198 1775 1408 1829 bicallis
1444 1773 1528 1827 via
1561 1782 1646 1828 est
1682 1772 1901 1826 ambivii
1941 1773 2175 1837 itineris,
2208 1742 2251 1812 Β

597 1875 744 1918 certa
774 1880 870 1934 spe
910 1880 1052 1919 vera:
1101 1864 1455 1920 credulitatis.
1497 1863 1734 1929 Quarum
1768 1878 1871 1916 una
1897 1867 2180 1938 πρακτικῆς

599 1955 817 2009 nomine
852 1956 1024 2009 laxius
1058 1957 1223 2018 vehit,
1269 1964 1326 2010 et
1373 1954 1634 2009 canonica
1673 1954 1778 2008 dici
1810 1958 2045 2008 meruit:
2081 1954 2180 2009 sub

599 2047 759 2116 cnjns
801 2047 1004 2102 ditione
1035 2046 1238 2101 laicalis
1277 2047 1411 2101 ordo
1442 2055 1690 2100 moratur
1727 2054 1782 2099 et
1811 2046 1962 2099 vivit.
1991 2044 2180 2100 Altera

601 2153 733 2193 vero
783 2139 1028 2201 nomine,
1070 2139 1367 2212 θεοριτιχὴς
1421 2136 1685 2190 limitibus
1735 2137 1861 2190 hinc
1921 2136 2046 2191 inde
2091 2149 2178 2189 co-

601 2230 738 2282 actis
770 2229 932 2282 allata
964 2244 1070 2281 non
1111 2229 1256 2283 vehit
1285 2244 1381 2297 per
1425 2226 1611 2297 plana,
1643 2227 1738 2281 sed
1788 2241 2006 2281 secessu
2053 2240 2183 2280 con-

600 2321 729 2384 ﬁxa,
779 2333 1094 2390 secretoque
1129 2335 1351 2391 perenni
1393 2321 1546 2383 heta,
1596 2318 1816 2375 molitur
1864 2333 2079 2388 semper
2115 2317 2183 2370 ad

601 2413 789 2463 ardua.
841 2410 964 2464 llaec
1004 2411 1297 2480 apostolica
1338 2419 1421 2464 est
1455 2408 1819 2473 denominata,
1872 2423 2034 2477 quam
2084 2420 2183 2460 nos

609 2510 922 2567 peccatores
953 2502 1197 2570 exsequi,
1237 2509 1292 2554 et
1321 2515 1443 2554 cum
1483 2514 1547 2554 ea
1585 2499 1818 2554 assiduis
1847 2499 2074 2552 interna:
2102 2498 2184 2551 in-

604 2592 860 2645 tentionis
909 2592 1120 2646 nisibus
1143 2607 1408 2646 conamur
1449 2590 1751 2645 colluctari.
1790 2608 1808 2640 ι
1844 2588 1969 2643 Haec
2001 2597 2185 2641 autem

602 2680 924 2735 thllehnus
961 2683 1209 2748 audiens,
1241 2681 1426 2736 retulit
1450 2683 1631 2736 abbati
1661 2681 1909 2750 inquiens
1937 2697 1949 2733 :
1981 2699 1998 2731 ι
2029 2679 2186 2734 Flore

611 2770 881 2838 priinmvte
908 2773 1082 2826 aetatis
1109 2773 1371 2827 laxiorem
1408 2773 1548 2826 viam
1573 2782 1629 2828 et
1658 2772 1906 2826 latiorem
1936 2769 2138 2838 pacisci
2165 2785 2180 2834 ;

608 2861 918 2931 finibusque
941 2865 1300 2932 praestrictam
1331 2873 1386 2920 et
1410 2873 1818 2935 coangustatam
1845 2861 1989 2916 volui
2035 2876 2184 2915 sum-

606 2966 826 3022 mOpere
869 2954 1112 3008 imitari:
1155 2971 1338 3009 verum
1383 2965 1536 3024 pater
1579 2970 1747 3017 meus,
1807 2953 2187 3023 principesque

606 3044 690 3098 sui
725 3045 1123 3098 constituerunt
1152 3061 1236 3098 me
1263 3045 1533 3100 nolentem
1559 3046 1750 3100 ducem
1773 3044 1897 3098 sibi.
1929 3043 2034 3096 Sed
2061 3056 2186 3112 quia

606 3149 754 3190 nunc
782 3138 888 3191 mei
927 3137 1069 3205 juris
1098 3151 1340 3205 meaeque
1371 3153 1490 3191 sum
1543 3137 1850 3207 potestatis,
1893 3134 2187 3204 palestram

614 3227 1027 3283 theorieicollis
1077 3227 1355 3281 hincrinde
1385 3227 1628 3282 strictius
1671 3224 1885 3280 liinitati
1929 3223 2189 3277 mundum

609 3319 990 3388 relinquendo,
1035 3327 1350 3389 mutatoque
1377 3319 1561 3373 habitu
1592 3317 1714 3371 volo
1753 3315 1999 3386 adipisci.
2034 3332 2051 3364 ι
2088 3315 2191 3367 Au-

614 3413 768 3468 diens
792 3421 975 3468 autem
1010 3409 1276 3468 Martinus
1311 3413 1479 3467 abbas
1522 3411 1716 3465 merito
1756 3393 2190 3478 praecellentissi-

613 3523 733 3564 mus
779 3507 939 3576 hujus
982 3507 1244 3562 miranda:
1273 3505 1591 3560 intentionis
1622 3502 1981 3572 propositum,
2015 3500 2188 3569 suspi-

611 3613 740 3652 rans
763 3598 942 3652 subito
965 3597 1169 3666 dirigit,
1197 3597 1412 3663 imoque
1435 3609 1618 3648 vocem
1651 3593 1868 3647 trahens
1897 3606 1927 3645 a
1948 3598 2191 3661 pectore,

617 3691 796 3759 inquit
824 3707 838 3742 :
873 3708 889 3740 ι
923 3687 1190 3743 Defensor
1222 3687 1384 3756 hujus
1421 3685 1633 3756 patriae,
1667 3700 1763 3738 cur
1795 3682 1923 3736 talia
1965 3683 2194 3736 rimatus

611 3797 672 3839 cs
713 3781 927 3837 facere?
958 3781 1091 3848 Quis
1136 3779 1340 3836 fovebit
1389 3779 1594 3834 clerum
1633 3784 1687 3831 et
1735 3775 2031 3846 populum?
2062 3773 2193 3840 Quis

613 3885 802 3931 contra
831 3891 928 3930 nos
967 3874 1331 3945 ingruentium
1357 3886 1690 3944 paganorum
1715 3869 1980 3924 exercitui
2011 3868 2195 3922 obsta-

612 3967 731 4022 bit?
770 3968 904 4034 Quis
942 3968 1187 4038 paternis
1217 3965 1425 4036 legibus
1453 3971 1607 4034 reget
1640 3970 1861 4016 strenue
1900 3957 2194 4028 populum?

612 4059 711 4113 Cui
744 4074 979 4129 gregem
1023 4059 1332 4112 committes
1359 4066 1413 4110 et
1445 4053 1884 4108 eommendabis?
1906 4052 2002 4106 Cui
2031 4050 2194 4104 duca-

613 4168 738 4207 men
787 4152 1076 4205 Britannia:
1112 4149 1666 4217 Northmanniczeque
1706 4146 1944 4216 regionis
1993 4144 2192 4212 largie-

616 4241 722 4295 ris?
751 4241 1110 4296 Sollicitudini
1141 4251 1243 4295 tua:
1280 4241 1475 4295 divina:
1511 4239 1805 4293 volunt.tis
1846 4238 2190 4308 providentia

615 4349 726 4388 non
755 4335 1194 4399 coneordabitur,
1222 4347 1322 4387 nec
1357 4347 1476 4402 quae
1508 4331 1716 4386 moliris
1753 4345 1913 4401 agere
1936 4329 2195 4399 adimple~

2274 509 2374 548 nec
2399 495 2668 564 acquievit
2691 485 2944 547 charitati
2972 493 3037 548 ad
3063 508 3215 548 esum
3241 493 3527 559 ullatenus,
3546 493 3640 550 sed
3671 495 3872 565 petivit

2275 582 2762 655 Rothomagensem
2785 585 2972 638 urbem
3002 583 3252 641 celerius.

2880 679 3268 730 aposrnoent.‘

2275 763 2447 820 Omne
2468 765 2666 820 bonum
2692 765 2907 834 praescit
2935 765 3076 820 Deus
3097 774 3150 819 et
3179 765 3526 835 praedestinat
3557 781 3720 826 unus.

2275 855 2446 911 Omne
2477 855 2676 909 malum
2703 855 2920 924 praescit
2944 855 3106 916 Deus,
3137 871 3202 909 ac
3230 872 3336 910 non
3369 856 3603 910 destinat
3629 874 3794 912 unus.

2275 947 2427 1002 Felix
2463 947 2599 1002 velle
2623 956 2771 1000 tuum
2807 948 3041 1016 prrescit,
3070 948 3418 1016 prtedestiuat
3442 959 3498 1003 at
3529 966 3661 1012 non.

2277 1040 2376 1105 Qui
2401 1039 2504 1092 tria
2525 1054 2733 1092 summa
2755 1046 2954 1101 manet,
2982 1039 3182 1091 trinum
3203 1039 3498 1108 specimen,
3521 1041 3678 1107 vigor
3705 1048 3813 1094 um‘

2275 1130 2423 1184 Felix
2457 1129 2590 1184 velle
2620 1139 2766 1182 tuum
2798 1144 2919 1182 nam
2953 1129 3092 1184 scire
3121 1128 3211 1182 Dei
3241 1131 3598 1200 anticipante,

2276 1217 2516 1273 Palmam
2549 1218 2797 1288 martyrii
2838 1218 3030 1271 merito
3059 1227 3341 1272 crescente
3363 1220 3593 1274 subibis.

2347 1310 2546 1364 Eadem
2587 1311 2784 1380 quippe
2827 1319 2983 1365 nocte
3020 1320 3356 1366 esttuantc
3413 1315 3531 1366 rufo
3573 1312 3700 1370 felle
3747 1331 3871 1369 cum

2278 1405 2491 1459 caeteris
2539 1403 2881 1468 humoribus,
2928 1405 3093 1474 cmpit
3131 1404 3386 1474 gravibus
3420 1406 3646 1479 nimium
3677 1407 3871 1460 torreri

2277 1493 2576 1558 doloribus,
2611 1494 3004 1562 reputans'hoc
3034 1493 3232 1547 malum
3273 1493 3322 1548 ei
3358 1495 3621 1550 accidisse
3643 1507 3874 1566 propter

2275 1583 2575 1654 neglectam
2611 1584 2944 1638 charitatem
2975 1585 3080 1639 cibi
3109 1594 3164 1638 et
3189 1593 3366 1655 potus,
3397 1600 3560 1656 quam
3605 1587 3878 1641 abnuerat

2278 1676 2558 1731 monachis
2571 1665 3003 1746 deprec‘antibUS.
3020 1675 3224 1730 ldcirco
3240 1676 3741 1731 Northmannbrnm
3760 1679 3874 1731 Bri-

2282 1777 2576 1836 tonumquc
2604 1767 2940 1836 principibus
2971 1767 3176 1832 ascitis,
3205 1761 3545 1838 adductoque
3579 1787 3756 1839 puero
3782 1789 3876 1825 uo-

2282 1863 2427 1916 mine
2456 1861 2750 1925 Richardo,
2784 1861 2964 1931 specie
3007 1860 3435 1930 elegantissimo,
3468 1879 3597 1916 cum
3621 1865 3706 1917 eis
3737 1881 3872 1933 pan-

2281 1952 2360 2007 dit
2408 1951 2675 2005 secretius
2716 1950 2966 2005 mirabile
3019 1966 3274 2005 arcanum
3320 1968 3431 2007 suae
3469 1954 3698 2016 mentis,
3732 1955 3875 2010 anol

2281 2045 2481 2100 dudum
2508 2047 2766 2101 retulerat
2785 2047 3018 2103 Martino
3040 2049 3242 2104 abbati.
3274 2047 3520 2120 Cumque
3543 2051 3876 2104 nobilissimi

2281 2139 2554 2207 principes
2583 2138 2870 2194 Britonicm
2898 2138 3448 2209 Northmannicaaque
3495 2133 3744 2210 regionis
3779 2158 3871 2194 ex-

2281 2231 2590 2301 perirentur
2620 2231 2945 2296 inauditum,
2977 2240 3032 2286 et
3060 2231 3216 2300 quasi
3244 2239 3653 2286 monstruoSum
3679 2248 3876 2301 prolic-

2283 2324 2446 2377 situm
2474 2321 2747 2376 Guillehui
2777 2323 2952 2388 ducis,
2994 2322 3048 2376 in
3093 2333 3370 2392 stuporem
3414 2329 3470 2376 et
3505 2337 3561 2375 m
3608 2323 3872 2375 cxstasitn

2283 2413 2550 2477 conversi,
2582 2412 2835 2467 dixerunt
2861 2413 3086 2467 nimium
3109 2412 3376 2483 ejulantes
3405 2413 3481 2466 illi
3507 2429 3525 2468 :
3565 2431 3584 2462 ι
3614 2411 3732 2465 Cur
3753 2412 3872 2464 talia

2285 2515 2464 2560 mente
2485 2505 2664 2560 cordis
2687 2506 2761 2559 tui
2780 2504 3026 2559 rimando
3051 2503 3376 2575 prdposuisti
3398 2503 3422 2557 ἲ
3443 2513 3498 2558 et
3518 2503 3566 2557 si
3586 2503 3873 2572 cogitando

2285 2599 2429 2668 quod
2474 2613 2750 2668 nunquam
2800 2597 2892 2652 fiet
2947 2595 3208 2663 statuisti,
3264 2611 3436 2666 quare
3483 2597 3570 2651 cui
3605 2596 3872 2650 retulisti?

2286 2691 2418 2756 Quis
2446 2705 2543 2744 nos
2575 2687 2876 2744 defensabit
2907 2689 2975 2743 ab
3008 2690 3228 2744 incursu
3273 2688 3548 2759 pestifera:
3574 2687 3867 2742 ferocitatis

2287 2781 2685 2836 imminentium
2716 2796 3070 2858 paganorum,
3099 2780 3288 2850 quisve
3311 2779 3379 2834 ab
3407 2780 3622 2834 insidiis
3647 2779 3861 2833 Franci-

2286 2888 2392 2928 scze
2423 2874 2601 2944 gentis
2645 2889 2744 2928 nos
2806 2872 3072 2926 tuebitur?
3125 2871 3372 2940 Amplius
3421 2872 3566 2941 quod
3594 2884 3863 2940 nunquam

2287 2965 2694 3034 adimplehitur,
2727 2980 2832 3018 non
2859 2973 3158 3035 repntetur.
3199 2981 3218 3014 ι
3245 2964 3275 3017 Ἰ
3293 2978 3397 3018 unc
3421 2961 3763 3028 Guillelmus,
3790 2976 3870 3015 re-

2215 3095 2259 3155 Ο
2289 3055 2608 3126 fragationis
2637 3065 2693 3111 et
2722 3057 3077 3111 dissuasionis
3106 3055 3262 3111 obice
3287 3065 3614 3122 commotus,
3650 3070 3873 3125 respon-

2291 3147 2436 3202 disse
2496 3143 2703 3201 fertur:
2766 3165 2784 3198 ι
2827 3147 2894 3203 Et
2940 3147 3314 3216 reputabitur,
3365 3157 3422 3202 et
3479 3149 3590 3201 Deo
3660 3148 3870 3201 favente

2296 3236 2704 3306 adirnplebitnr.
2759 3235 2978 3302 Verum,
3022 3237 3278 3306 quoniam
3341 3236 3731 3298 omnipotentis
3783 3236 3873 3291 Dei

2292 3325 2554 3381 voluntati
2578 3342 2683 3380 non
2714 3325 2922 3380 debetis
2951 3309 3223 3391 resistere,
3253 3335 3308 3382 et
3329 3342 3508 3381 meum
3537 3327 3870 3396 propositum

2293 3417 2563 3483 refutare;
2598 3431 2787 3486 precor
2810 3431 2904 3472 vos
2949 3423 3007 3470 ut
3051 3416 3294 3472 consiliis
3344 3418 3478 3472 meis
3529 3417 3775 3482 fat-eatis,
3819 3426 3870 3471 et

2295 3508 2563 3578 quomodo
2593 3512 2947 3561 humanarum
2979 3520 3160 3562 rerum
3195 3523 3318 3564 sors
3369 3524 3429 3564 se
3469 3507 3606 3563 forte
3659 3509 3872 3573 habeat,

2294 3601 2464 3657 filium
2494 3617 2670 3658 meum
2701 3601 3030 3655 ltichardum
3057 3602 3248 3656 ducem
3290 3603 3442 3657 vobis
3471 3617 3558 3656 me
3585 3600 3873 3672 superstite

2295 3679 2539 3765 eligatis,
2568 3702 2622 3747 et
2651 3693 2950 3750 intentione
2981 3694 3347 3748 custodiendae
3375 3693 3648 3749 fidelitatis
3682 3705 3735 3748 et
3772 3695 3869 3747 mi-

2293 3781 2574 3847 litationis,
2604 3797 2794 3836 manus
2818 3793 3022 3837 vestras
3045 3783 3432 3853 manibusejus
3457 3783 3608 3838 detis.
3627 3783 3872 3837 {Extem-

2296 3873 2384 3942 plo
2413 3888 2535 3926 cum
2569 3871 2956 3927 Northmannis
2985 3873 3232 3932 Britones
3282 3874 3673 3941 responderunt
3714 3872 3868 3928 Guilo

2296 3964 2456 4018 lclzno
2479 3964 2722 4018 dicentes
2753 3981 2765 4016 :
2799 3982 2818 4014 ι
2867 3963 3011 4022 Huic
3055 3963 3280 4020 consilio
3320 3965 3624 4029 annuimus,
3656 3963 3869 4033 etquod

2296 4073 2454 4128 rogas
2501 4058 2732 4115 fideliter
2769 4057 3048 4113 faciemus.
3090 4078 3109 4110 ι
3157 4057 3323 4128 Igitur
3368 4058 3620 4112 continuo
3669 4056 3868 4111 North-

2296 4150 2479 4205 manni
2535 4159 2590 4203 et
2631 4149 2880 4204 Britones
2934 4151 3455 4204 commendaverunt
3498 4163 3557 4203 se
3604 4147 3868 4202 Richardo

2297 4243 2597 4307 unanimes,
2630 4252 2975 4296 sacramento
3002 4257 3144 4296 verae
3174 4241 3311 4295 fidei
3329 4241 3403 4295 illi
3453 4255 3510 4295 se
3551 4249 3866 4294 connecten-

2299 4342 2396 4388 tes.
2429 4333 2749 4388 Guillelmus
2771 4349 2899 4410 vero
2926 4333 3189 4388 serenatis
3216 4331 3560 4397 humoribus,
3591 4329 3865 4385 imbecilli-

615 4425 733 4490 bis,
748 4441 847 4479 nec
870 4440 956 4480 me
987 4424 1202 4480 favente
1228 4424 1496 4478 ullatenus
1526 4424 1870 4478 tractabitur.
1905 4422 2012 4475 Sed
2055 4421 2101 4474 Si
2137 4420 2186 4473 vi
2222 4435 2268 4494 D
2297 4427 2422 4481 latis
2443 4427 2638 4482 robore
2659 4426 3016 4492 confortatus,
3039 4427 3204 4496 cmpit
3229 4425 3635 4489 convalescere,
3663 4432 3714 4476 et
3741 4424 3866 4492 quid

615 4516 901 4582 potestatis
951 4525 1055 4569 tua:
1096 4515 1371 4586 profes‘sor
1401 4533 1521 4570 esse
1573 4515 1732 4585 hujus
1774 4513 2089 4567 monasterii
2139 4525 2193 4566 et

615 4608 815 4678 regula:
852 4617 1136 4665 auorum:
1162 4610 1280 4674 vite,
1314 4609 1626 4678 relinquens
1667 4608 1947 4672 saeculum,
1986 4606 2192 4660 incum-

613 4698 743 4775 bere
779 4700 1069 4767 malueris;
1094 4702 1141 4754 si
1175 4715 1261 4755 me
1288 4700 1596 4770 quaesieris,
1633 4713 1900 4766 nusquam
1942 4696 2188 4767 regionis

614 4807 724 4848 suae
754 4793 995 4846 invenire
1018 4807 1102 4846 me
1131 4793 1353 4861 poteris.
1381 4811 1398 4843 ι
1433 4791 1639 4846 Contra
1662 4791 2002 4852 istiusmodo,
2031 4805 2194 4843 excu-

615 4883 848 4939 sationis
886 4892 940 4936 et
982 4882 1433 4936 contradictionis
1479 4881 1791 4944 molimina,
1839 4883 1944 4936 dux
1976 4880 2196 4935 Cuillel-

618 4989 738 5028 tuus
783 4973 1126 5040 respondisse
1191 4972 1366 5026 fertur
1424 4973 1599 5026 talia:
1647 4992 1663 5024 ‹
1695 4972 2001 5027 Riehardus
2056 4973 2195 5026 filius

617 5084 771 5123 meus
803 5067 1209 5129 dilectissimus,
1243 5065 1464 5136 puerilis
1490 5068 1664 5120 aetatis
1693 5066 1991 5135 ignorantia
2021 5065 2195 5120 adhuc

618 5161 924 5226 involutus,
949 5161 1288 5230 principibus
1319 5163 1452 5215 meis
1479 5161 1709 5216 libenter
1737 5161 2064 5222 faventibus.
2089 5164 2196 5216 dux

620 5254 725 5304 erit
755 5266 854 5319 pro
902 5267 986 5306 me
1026 5252 1445 5321 potentissimus
1471 5252 1709 5321 regionis
1733 5251 1921 5322 hujus;
1955 5259 2009 5307 et
2053 5253 2199 5322 quod

622 5339 732 5396 Deo
765 5342 882 5396 vovi
913 5343 1077 5398 citius
1127 5359 1289 5412 quam
1320 5351 1509 5412 potero
1541 5343 1866 5412 explebitur.
1901 5361 1918 5394 ι
1949 5342 2198 5396 Exeuute

623 5438 805 5484 autem
835 5431 1122 5500 Guillelmo
1151 5434 1217 5487 de
1256 5433 1442 5503 templi
1472 5434 1620 5488 adito
1649 5449 1772 5488 cum
1817 5433 2013 5487 abbate
2059 5431 2198 5487 Mar-

625 5523 755 5590 tino,
785 5527 852 5578 ad
875 5526 1038 5593 pedes
1059 5527 1173 5593 ejus
1195 5527 1404 5593 proruit
1431 5528 1818 5580 monachorum
1850 5524 2194 5596 phalangula,

623 5617 916 5685 deprecans
944 5629 1002 5672 ut
1033 5619 1303 5688 acciperet
1334 5618 1385 5671 in
1419 5618 1684 5672 charitate
1724 5617 1814 5671 Dei
1855 5617 2047 5682 diaria,
2077 5617 2198 5670 vita:

622 5712 920 5779 corporalis
964 5710 1171 5766 scilicet
1216 5710 1443 5764 cibaria.
1493 5710 1720 5767 Abbatis
1764 5725 1887 5765 vero
1927 5709 2196 5764 contradi-

2293 4521 2421 4576 boni
2476 4528 2688 4590 poterat
2737 4520 2979 4589 quotidie
2999 4514 3184 4574 solerti
3231 4533 3362 4573 cura
3405 4531 3583 4587 agere.
3631 4515 3865 4569 Francia:

2295 4623 2471 4668 autem
2523 4612 2792 4682 principes
2836 4612 3050 4666 invidia:
3098 4611 3310 4681 pondus
3367 4617 3423 4663 ct
3464 4609 3572 4662 odii
3626 4606 3862 4661 ferebant

2295 4705 2554 4757 adversus
2575 4701 2949 4766 'Guillelmum,
2986 4697 3078 4754 sed
3122 4714 3232 4754 non
3276 4699 3545 4752 audebant
3588 4696 3864 4750 estendere

2297 4794 2615 4850 malevolum
2664 4809 2775 4848 sua:
2819 4792 3162 4862 cogitationis
3217 4791 3567 4861 propositum.
3621 4789 3860 4841 Attamen

2297 4886 2538 4939 hortator
2591 4896 2646 4939 et
2701 4889 2952 4938 incensor
3013 4883 3279 4937 scelerum
3331 4879 3519 4935 effudit
3573 4881 3714 4932 virus
3759 4895 3861 4932 sua:

2297 4979 2606 5033 calliditatis
2642 4993 2738 5048 per
2767 4976 2929 5032 corda
2961 4975 3225 5030 malorum
3278 4972 3579 5035 hominum,
3632 4971 3861 5042 gaudeo;

2298 5071 2352 5123 in
2385 5067 2534 5138 pejus
2582 5071 2732 5123 abire
2772 5084 2940 5140 genus
2991 5068 3285 5130 hominum,
3321 5080 3388 5120 ne
3416 5065 3584 5136 possit
3630 5073 3861 5132 repetere

2299 5162 2514 5216 hortum
2539 5161 2879 5216 deliciarum.
2922 5161 3184 5230 Quocirca
3227 5160 3486 5214 excitavit
3531 5157 3671 5219 odia,
3717 5171 3858 5210 com-

2299 5252 2838 5325 movensjurgiorum
2867 5253 3140 5318 incendia,
3167 5253 3421 5323 pacisque
3466 5248 3710 5304 Ecclesia:
3755 5257 3861 5302 tur-

2298 5345 2446 5400 bavit
2473 5344 2698 5410 fmdera,
2731 5345 3134 5400 ﬁrmamentum
3177 5343 3294 5412 ejus
3325 5356 3538 5412 quoues
3583 5338 3858 5394 formidine

2300 5435 2581 5504 impressa.
2618 5436 2789 5493 Rabie
2815 5437 3082 5506 siquidem
3109 5434 3437 5506 cupiditatis,
3464 5431 3702 5487 accendit
3748 5431 3857 5502 plu-

2301 5527 2562 5584 rimorum
2584 5528 2769 5593 corda,
2797 5539 2884 5599 {ne
2929 5527 3342 5582 recordarentur
3374 5522 3690 5592 judiciorum
3745 5520 3856 5583 Dei,

2301 5633 2474 5689 neque
2504 5628 2689 5675 mente
2719 5629 3006 5674 cernerent
3035 5633 3118 5673 ea.
3154 5617 3516 5672 Disseminato
3556 5615 3724 5681 itaque
3769 5627 3859 5681 per

2302 5713 2543 5768 membra
2568 5715 2765 5770 diaboli
2795 5715 3036 5786 graviter
3081 5715 3184 5792 hoc
3219 5725 3446 5776 veneno,
3475 5708 3750 5776 hostilique
3780 5724 3856 5761 ra.
