3952 5346
163 190 265 267 sit

596 192 704 260 ’ΒΕ
723 202 968 260 GESTIS
994 183 1419 259 NORM’AN‘NUE
1455 202 1691 260 DUCUM
1722 204 1901 261 LIBRI
1929 182 2129 262 'i'RES.
2159 236 2227 246 —
2252 206 2379 261 LIB.
2406 202 2493 261 ιιι.
2536 198 2975 264 WIILELML’S.

3302 211 3408 269 678

156 323 250 380 hie
265 322 431 388 magis
451 332 515 373 ac
543 294 715 389 magis
734 317 1030 373 crudeliter
1056 326 1363 388 grassante,
1411 326 1573 387 atque
1621 302 1724 372 iui-
1754 324 1801 382 Α
1830 319 2309 375 Constantinenses
2331 322 2646 377 invaserunt
2672 331 2937 389 castrum,
2975 331 3035 378 ut
3081 324 3191 396 lupi
3240 341 3412 398 agno.

154 413 356 485 quitate
391 425 678 482 pravorum
730 410 979 479 nequiter
1029 410 1469 480 prazvalescente,
1501 410 1729 480 aequitas

153 505 319 561 totius
341 502 489 573 regni
517 502 922 572 profanabatur,
972 501 1247 571 debitique
1296 502 1517 558 honoris
1558 503 1727 573 gradu

150 592 332 661 plures
354 590 509 660 ejecti
537 591 604 645 ab
635 606 690 645 re
710 590 1082 660 privabantur.
1106 590 1446 660 Quapropter
1474 592 1727 661 princeps

147 684 365 754 quidam
418 683 637 738 nomine
682 682 994 751 Arnulphus
1020 722 1035 747 ,
1078 681 1427 737 Flandrensis
1491 684 1728 751 regionis

144 774 387 828 marcbio
412 771 826 836 famosissimas,
850 769 1008 839 hujus
1031 772 1220 826 veneni
1258 771 1509 841 squalore
1538 772 1725 843 profu-

142 868 261 922 sius
290 866 542 931 inlectus,
566 866 785 921 abstulit
816 865 1074 920 llerluino
1109 866 1294 921 comiti
1328 877 1565 921 castrum
1608 865 1725 922 Mo-

143 956 348 1012 sterioli
370 957 463 1026 qui
492 956 708 1011 dicitur.
744 956 836 1011 ille
867 972 996 1011 vero
1037 957 1174 1011 tanti
1219 957 1438 1012 honoris
1483 959 1724 1027 privatus

142 1054 349 1111 castro,
387 1044 625 1115 Hugonis
658 1044 989 1100 Francorum
1022 1046 1173 1100 ducis
1197 1045 1508 1117 suffragium
1554 1061 1718 1116 expe-

142 1136 232 1191 tiit
254 1151 407 1191 cursu
434 1135 741 1201 Celerrime,
769 1143 827 1188 ut
854 1135 1167 1190 subveniret
1195 1134 1243 1190 ei
1269 1136 1322 1190 in
1365 1136 1720 1204 adjutorium,

140 1227 274 1297 quia
300 1236 415 1282 erat
449 1227 566 1297 ejus
588 1241 773 1281 comes
798 1236 963 1296 atque
990 1226 1145 1281 miles
1182 1238 1466 1297 promptus
1493 1227 1546 1281 in
1572 1226 1720 1282 omni

138 1318 382 1374 servitio.
409 1317 583 1385 Quem
611 1317 763 1387 llugo
790 1317 899 1373 dux
940 1332 1045 1371 non
1096 1327 1428 1382 reverenter,
1449 1325 1509 1371 ut
1530 1315 1722 1371 solitus

136 1423 285 1480 erat,
336 1413 623 1484 suscepit:
657 1413 751 1469 sed
796 1413 851 1468 in
902 1413 1172 1483 parilitate
1221 1428 1443 1469 suorum
1486 1413 1720 1467 tironum

138 1506 470 1578 negligenter
499 1505 695 1560 tenuit.
725 1503 1013 1560 llerluinus
1043 1519 1192 1571 vero,
1230 1519 1439 1573 magna:
1485 1502 1720 1561 necessi-

139 1599 266 1653 tatis
307 1596 604 1666 indigentia
667 1596 945 1667 repletus,
996 1595 1424 1667 prosequebatur
1480 1593 1719 1663 quotidie

137 1690 413 1761 Hugonem
454 1688 791 1743 Francorum
837 1686 1071 1753 ducem,
1123 1697 1177 1742 ut
1226 1696 1568 1743 succurreret
1614 1687 1716 1742 sibi

136 1781 427 1850 deprecans
454 1780 663 1836 crebris
684 1780 1043 1837 orationibus.
1085 1778 1338 1835 Dilildeas
1366 1790 1544 1836 autem
1574 1781 1716 1838 illius

133 1872 313 1925 solatii
338 1880 391 1927 et
414 1885 648 1927 cernens
671 1887 732 1927 se
762 1871 1079 1926 destitutum
1113 1872 1232 1942 ejus
1254 1870 1508 1940 adjutorii
1532 1883 1719 1941 patro-

136 1960 309 2030 cinio,
367 1977 657 2036 aggressus
700 1972 784 2019 est
826 1964 1169 2019 Guillelmum
1222 1960 1716 2018 Northmaunorum

134 2052 521 2124 Britonumque
542 2056 758 2119 ducem,
792 2069 955 2109 causa
983 2054 1284 2124 praescripti
1326 2055 1550 2123 negotii,
1570 2065 1621 2109 et
1658 2062 1717 2109 ut

137 2142 413 2215 adjuvaret
442 2162 501 2202 se
523 2148 590 2201 ad
624 2147 790 2216 pedes
807 2147 922 2215 ejus
947 2147 1197 2217 procidit.
1215 2146 1383 2214 Quem
1400 2146 1717 2202 Guillelmus

134 2253 253 2290 cum
280 2237 579 2291 honorilico
603 2244 865 2307 apparatu
895 2235 1149 2305 pratcepit
1170 2235 1433 2307 hostpitari
1460 2275 1476 2299 ,
1513 2246 1569 2289 et
1597 2250 1716 2304 quae

134 2325 436 2381 necessaria
465 2334 649 2391 erant,
680 2343 803 2393 cum
851 2343 1047 2397 magno
1088 2327 1235 2383 cultu
1284 2327 1421 2382 dari.
1455 2326 1714 2397 Sequenti

132 2415 214 2471 die
238 2416 461 2471 veniens
483 2415 773 2473 Herluinus
798 2426 925 2485 ante
954 2418 1143 2473 ducem
1170 2416 1544 2481 Guillelmttm,
1575 2418 1713 2472 mul-

134 2506 347 2562 timodis
376 2508 731 2578 petitionibus
771 2509 1083 2579 requirebat
1117 2509 1432 2579 suppliciter
1469 2510 1585 2580 ejus
1614 2511 1711 2564 ad-

129 2594 407 2663 jutorium.
432 2596 606 2665 Quem
631 2597 918 2653 consolans
964 2600 1075 2653 dux
1115 2597 1431 2653 Gutllelmus
1483 2614 1713 2669 respon-

132 2687 270 2742 disse
299 2686 517 2743 fertur:
565 2706 583 2739 t
623 2686 734 2743 Cur
776 2686 929 2758 Hugo
979 2687 1091 2743 dux
1138 2687 1470 2744 Francorum
1529 2690 1712 2744 senior

133 2787 248 2834 tuus
278 2788 328 2836 te
357 2790 416 2834 ut
447 2795 507 2836 se
530 2795 637 2835 non
668 2779 981 2835 consolatur
1007 2780 1031 2834 ?
1073 2790 1128 2835 et
1168 2796 1336 2850 quare
1385 2780 1711 2836 calamitosae

131 2873 441 2940 perditionis
474 2884 578 2928 tua:
605 2888 712 2928 non
742 2872 923 2943 explet
951 2873 1256 2928 necessaria
1283 2873 1307 2927 ?
1336 2873 1420 2928 Ad
1466 2889 1590 2928 eum
1632 2874 1710 2928 ci-

134 2966 235 3020 tius
262 2966 586 3036 regredere,
618 2975 672 3021 et
718 2966 766 3022 si
812 2975 862 3021 te
904 2980 1143 3035 unquam
1179 2963 1438 3034 adjuvare
1479 2966 1709 3022 voluerit

131 3054 308 3109 multis
344 3054 820 3125 deprecationibus
845 3056 1131 3126 experire;
1160 3065 1214 3111 ct
1240 3055 1284 3111 si
1311 3056 1579 3126 quispiam
1609 3057 1705 3111 tibi

131 3144 477 3207 succurrerit,
512 3144 555 3199 si
580 3145 761 3199 animo
807 3145 948 3201 ferat
988 3160 1152 3216 aegre.
1184 3165 1202 3197 ι
1233 3146 1534 3201 Confestim
1571 3145 1708 3201 Her-

131 3234 303 3292 luinus
361 3239 427 3293 ad
488 3238 768 3310 llugonem
816 3238 1007 3295 ducem
1061 3253 1350 3304 reversus,
1404 3239 1711 3309 inquirebat

131 3329 349 3398 supplex
399 3330 446 3384 si
500 3344 561 3385 se
609 3330 844 3399 juvaret,
882 3328 1069 3384 multis
1097 3329 1584 3399 prosecutionibus.
1610 3327 1708 3384 Cui

128 3416 316 3474 obnixe
345 3420 552 3489 petenti
579 3422 687 3475 dux
703 3419 855 3491 llugo
882 3420 1061 3474 intulit
1090 3437 1104 3473 :
1136 3437 1154 3471 α
1187 3419 1297 3490 Ego
1322 3428 1376 3474 et
1394 3419 1705 3490 Arnulphus

129 3510 415 3581 coniurata:
445 3512 698 3566 amicitia:
745 3511 983 3566 intricati
1040 3511 1235 3582 copula
1290 3510 1542 3565 nolumus
1575 3526 1708 3566 con-

129 3602 319 3657 cordia:
371 3610 428 3657 et
476 3601 777 3658 dilectionis
805 3641 822 3667 ,
869 3611 1032 3671 atque
1090 3600 1462 3671 competentia:
1507 3610 1706 3655 nostrte

128 3701 340 3762 propter
364 3699 416 3747 te
442 3693 692 3748 scindere
727 3692 964 3747 vincula.
1001 3710 1019 3744 ι
1051 3689 1221 3759 Hujus
1274 3692 1570 3761 deSperatze
1620 3705 1706 3746 re-

129 3784 428 3849 sponsionis
479 3782 678 3849 verbo,
715 3795 897 3837 mente
946 3789 1219 3847 mutatus,
1271 3780 1512 3852 llugonis
1552 3781 1706 3838 ducis

133 3872 417 3928 subintulit
468 3871 796 3928 Berluinus:
835 3891 854 3926 t
890 3872 1155 3940 Quoniam
1196 3874 1411 3943 quidem
1465 3874 1704 3930 necessi-

127 3963 217 4018 tati
279 3979 421 4020 mea:
486 3980 850 4030 succurrere,
913 3974 973 4020 ut
1011 3964 1324 4032 decuisset,
1396 3965 1738 4023 nullomodO'

128 4062 338 4122 restitas,
371 4056 524 4111 decet
547 4064 620 4122 te,
650 4066 711 4111 ut
744 4058 788 4112 si
816 4056 938 4127 quis
964 4057 1097 4112 mihi
1126 4056 1416 4113 auxilietur
1457 4073 1562 4113 non
1590 4072 1704 4113 mo-

124 4143 250 4204 leste
274 4148 444 4205 feras.
479 4168 500 4202 r
533 4150 669 4205 Tum
703 4148 855 4222 Hugo
882 4150 992 4205 dux
1034 4149 1368 4204 Francorum
1412 4157 1701 4204 autumans

130 4250 239 4292 eum
259 4239 445 4295 omnis
472 4239 753 4296 solaminis
800 4240 963 4295 tutela
987 4255 1108 4295 esse
1142 4241 1409 4312 privatum
1434 4283 1448 4307 ,
1483 4240 1657 4310 inquit
1682 4257 1697 4294 :

135 4345 152 4378 ι
175 4329 429 4401 Quisquis
458 4332 552 4387 tibi
584 4332 841 4386 auxilium
869 4332 1148 4402 praebebit,
1178 4347 1286 4385 non
1314 4330 1443 4385 tnihi
1473 4329 1700 4398 iujurius

129 4422 237 4474 erit.
272 4440 292 4473 ι
320 4421 548 4491 Expleto
571 4422 738 4491 igitur
765 4422 924 4491 hujus
969 4422 1316 4477 desolationis
1335 4421 1534 4485 verbo,
1567 4418 1699 4473 Her-

130 4508 295 4570 luinus
326 4515 395 4567 ad
421 4512 768 4568 Guilleltnum
794 4514 987 4568 ducem
1018 4512 1301 4577 remeavit,
1342 4519 1397 4566 et
1442 4510 1702 4580 quidquid

133 4601 275 4671 hujus
314 4604 395 4660 rei
429 4606 699 4672 audierat,
749 4604 1032 4661 Guillelmo
1075 4605 1381 4676 diligenter,
1435 4617 1704 4674 proruens

132 4693 341 4760 pedibus
394 4696 535 4766 ejus,
595 4696 881 4751 intimavit.
926 4695 1076 4751 lllico
1127 4694 1446 4751 Guillelmus
1485 4708 1701 4750 omnem

133 4782 411 4845 Britanniae
437 4789 891 4859 Normauniazque
932 4788 1231 4845 exercitum
1282 4789 1493 4854 ascivit,
1520 4797 1575 4842 et
1602 4802 1703 4858 pro

134 4878 427 4947 przejudicio
438 4881 701 4951 Arnulphi
716 4881 1059 4938 Flandrensis
1071 4881 1242 4946 ducis,
1257 4881 1324 4937 ad
1337 4878 1701 4949 adjuvandum

137 4965 433 5028 llerlutnum
472 4972 769 5029 festinavit.
792 4966 1052 5044 Cumque
1080 4984 1247 5040 prope
1294 4978 1534 5028 castrum
1589 4968 1702 5026 Μοι

135 5062 391 5118 nasterioli
419 5061 832 5138 adesset,idque
856 5060 1252 5137 supervideret.
1284 5062 1499 5117 vocaVil
1521 5067 1581 5116 ιιι
1605 5075 1698 5117 V8-

137 5151 296 5208 nireat
318 5155 383 5210 ad
414 5171 472 5211 se
501 5148 1005 5223 Constantinenses',
1033 5151 1232 5223 quibus
1255 5153 1331 5211 ait
1356 5174 1369 5209 :
1401 5175 1419 5206 ι
1455 5155 1511 5209 Si
1534 5154 1696 5225 primi

137 5247 289 5311 gratia
321 5248 781 5317 mea'militiaeque
801 5244 1348 5321 palma,’majoreque
1376 5249 1616 5313 honore,
1641 5256 1697 5304 et

1832 410 2143 470 unanimes;
2178 409 2543 481 diripiuntque
2566 421 2624 466 et
2651 412 2968 468 defecerunt
2991 424 3255 484 castrum,
3281 429 3409 473 ante

1830 498 2174 554 Guillelmum
2199 500 2348 570 palos
2371 501 2507 555 muri
2532 502 2900 571 deportantes,
2931 514 3227 577 captosque
3245 509 3407 564 simul

1828 592 2175 647 adducentes.
2199 591 2433 647 Castello
2463 607 2592 648 vero
2621 594 2985 651 Monasterioli
3013 606 3206 668 capto,
3241 600 3410 669 pesti-

1827 681 2061 749 feraeque
2086 681 2364 736 seditionis
2407 696 2685 737 murmure
2713 685 2935 740 sedato.
2983 687 3271 756 prandium
3306 689 3408 743 sibi

1828 772 1967 826 infra
1992 772 2153 841 jussit
2174 772 2490 829 Guillelmus
2512 777 2827 846 praeparari,
2854 779 3230 851 regalibusque
3257 781 3409 850 gazis

1826 864 1930 918 sibi
1962 863 2225 919 Herluino
2260 864 2494 930 illatore,
2524 866 2824 922 honoriﬁce
2846 868 3239 925 administrari.
3261 870 3408 940 Epu-

1825 954 1943 1009 lans
1968 955 2075 1008 dux
2101 953 2422 1010 Guillelmus
2443 956 2496 1010 in
2542 966 2746 1023 castro,
2779 958 2918 1013 dixit
2950 959 3165 1030 dapium
3208 959 3408 1014 illatori

1824 1045 2009 1100 comiti
2056 1044 2312 1100 Herluino
2348 1063 2361 1098 :
2400 1065 2419 1098 ι
2468 1046 2609 1102 Ecce
2632 1042 2739 1104 tibi
2763 1049 2929 1104 reddo
2953 1058 3225 1115 castrum,
3263 1048 3409 1120 quod

1826 1136 1920 1190 tibi
1967 1136 2164 1207 injuste
2213 1137 2436 1192 abstulit
2489 1138 2599 1193 dux
2629 1139 3041 1196 Flandrensium
3071 1180 3085 1195 .
3114 1159 3134 1194 ι
3178 1141 3246 1197 Ει
3267 1141 3407 1196 Here

1822 1223 2040 1279 luinus:
2074 1243 2095 1277 ι
2128 1224 2372 1291 Domine,
2401 1242 2508 1282 non
2533 1228 2789 1298 recipiam
2826 1231 2928 1285 hoc
2963 1240 3224 1296 castrum,
3280 1230 3407 1300 quia

1824 1331 2037 1387 nequeo
2064 1319 2361 1385 custodire,
2402 1334 2501 1375 nec
2524 1322 2663 1375 tueri
2694 1322 2822 1377 illud
2846 1332 3035 1377 contra
3068 1324 3259 1379 ducem
3300 1323 3406 1376 Ar-

1822 1407 2104 1476 nulpbum.
2138 1426 2157 1459 ι
2191 1408 2341 1464 Tunc
2363 1410 2563 1479 pietate
2591 1421 2789 1478 motus,
2833 1413 2969 1468 dixit
3006 1413 3262 1469 Herluino
3293 1414 3402 1470 dux

1820 1497 2138 1554 Guillelutus
2163 1516 2179 1553 :
2213 1518 2232 1550 ε
2261 1499 2337 1555 Te
2358 1500 2667 1558 auxiliaudo
2690 1512 2992 1574 protegam,
3020 1511 3072 1559 te
3096 1505 3402 1574 adjuvaudo

1821 1598 1875 1643 et
1911 1591 2266 1645 custodiendo
2311 1590 2619 1647 defendam.
2669 1594 2816 1648 Istud
2860 1595 3058 1649 iterum
3112 1594 3404 1650 reﬁciendo

1751 1672 1792 1731 Β
1822 1689 2157 1747 construam,
2190 1682 2285 1738 tibi
2314 1691 2555 1739 castrum
2602 1684 3101 1756 ineXpugnabilium
3151 1686 3403 1755 praesidio

1822 1773 2053 1827 turrium
2079 1776 2458 1842 przemunitum
2479 1814 2494 1839 ,
2530 1775 2764 1845 vallique
2795 1776 3130 1832 ﬁrmitudine
3159 1790 3261 1832 nec
3311 1790 3403 1831 ca-

1819 1866 2094 1935 piendum,
2126 1881 2227 1921 nec
2255 1867 2664 1934 destruendum,
2699 1869 2958 1923 frumenti
2982 1870 3205 1939 vinique
3240 1870 3399 1938 copia

1817 1957 1976 2028 pleno
1998 1971 2166 2012 cornu
2192 1958 2425 2029 replens,
2453 1959 2593 2015 istud
2623 1959 2877 2024 farciam,
2905 1968 3184 2031 totumque
3210 1960 3419 2016 resedi;

1819 2048 2031 2103 licando
2062 2048 2155 2104 tibi
2183 2050 2441 2103 muniam.
2462 2050 2841 2120 Quoscumque
2871 2051 2963 2105 tibi
2985 2052 3216 2122 elegeris
3241 2064 3395 2106 meo-

1818 2156 1936 2195 rum
1959 2141 2283 2211 principum,
2317 2143 2674 2197 morabuntur
2704 2152 2879 2197 tecum
2909 2144 3090 2213 stipati
3139 2142 3397 2214 frequen-

1818 2233 1889 2287 tia
1912 2230 2131 2287 suorum
2162 2233 2419 2288 ﬁdelium.
2453 2232 2513 2290 Si
2542 2235 2805 2305 Arnulphi
2831 2236 3095 2307 ingruerit
3119 2246 3309 2291 contra
3340 2248 3394 2291 te

1813 2321 2035 2387 bellum,
2064 2337 2165 2392 ego
2188 2339 2476 2379 succuram
2511 2326 2745 2380 celerius
2772 2327 2865 2381 tibi
2903 2341 3025 2381 cum
3056 2326 3399 2382 multitudine

1816 2427 2062 2468 mearum
2101 2415 2461 2468 exercituum.
2491 2414 2548 2470 Si
2579 2424 2760 2470 autem
2800 2426 3099 2488 sequestra:
3125 2418 3274 2485 pacis
3304 2416 3391 2470 in-

1813 2507 1998 2562 ducias
2025 2507 2292 2577 petiverit,
2319 2517 2630 2564 nostrorum
2682 2510 2910 2566 consilio
2957 2508 3194 2565 ﬁdelium
3243 2510 3397 2565 dabi-

1811 2613 1933 2653 mus
1966 2599 2050 2665 ei;
2088 2598 2171 2653 sin
2200 2613 2330 2653 vero
2362 2600 2804 2670 interimjudicio
2827 2609 2883 2656 et
2921 2600 3130 2669 justitia
3168 2601 3395 2670 legeque

1811 2703 2012 2743 usurus
2037 2688 2220 2742 venire
2250 2688 2479 2745 voluerit
2498 2698 2685 2744 contra
2733 2706 2833 2746 nos
2884 2692 2952 2746 ad
2996 2690 3276 2761 placitum,
3308 2705 3396 2745 ve-

1812 2778 2023 2833 niemus
2047 2786 2267 2847 prapter
2316 2789 2366 2834 te
2411 2790 2603 2836 contra
2646 2796 2773 2835 eum
2813 2779 3112 2849 iudicaturi
3162 2796 3394 2837 censura

1811 2878 2143 2923 nostrorum.
2166 2869 2224 2924 Si
2248 2870 2449 2939 prtedia
2477 2880 2578 2925 tuae
2602 2870 2919 2925 hereditatis
2939 2870 3212 2927 obstinato
3229 2872 3395 2927 corde

1813 2958 2219 3027 devastaverit,
2277 2962 2528 3016 universa
2586 2976 2700 3016 sua:
2767 2962 2989 3017 ditionis
3072 2962 3396 3033 conglobate

1736 3022 1780 3085 (ἶ
1813 3050 2058 3104 exercitu
2100 3022 2469 3106 cremabimus
2512 3051 2585 3106 ei.
2645 3050 2992 3108 Voluntarius
3039 3053 3136 3107 tibi
3176 3022 3394 3123 adjutor

1808 3139 2127 3205 benevolus,
2152 3150 2342 3195 contra
2370 3141 2715 3197 adversarios
2759 3141 2857 3197 tibi
2901 3143 3174 3207 defensor,
3199 3142 3392 3197 docilis

1812 3238 2027 3285 tuarum
2052 3232 2532 3299 quaerimoniarum
2563 3233 2801 3299 auditor,
2826 3242 3067 3289 attentus
3099 3234 3380 3289 Calamita-

1810 3323 1878 3377 tis
1906 3332 2009 3377 tua:
2032 3322 2258 3389 solator,
2282 3324 2411 3394 quin
2434 3324 2603 3378 etiam
2626 3325 2890 3380 bonorum
2942 3326 3038 3381 tibi
3076 3340 3386 3396 congruen-

1809 3414 1944 3469 tium
1994 3429 2156 3470 verus
2200 3414 2446 3483 largitor.
2479 3413 2623 3471 illis
2672 3416 2896 3482 auditis,
2947 3431 3074 3471 mox
3099 3415 3391 3472 Herluinus

1806 3509 2040 3580 procidit
2057 3524 2179 3565 cum
2199 3509 2312 3565 stris
2336 3508 2582 3565 ﬁdelibus
2603 3511 2670 3566 ad
2690 3510 2855 3582 pedes
2875 3511 3012 3582 ejus.
3037 3512 3230 3567 Castra
3254 3527 3387 3568 vero

1807 3598 2038 3654 llrruite‘r
2067 3600 2335 3654 remunito
2386 3598 2664 3666 frumenti,
2722 3601 2972 3672 vinique,
3006 3610 3170 3671 atque
3206 3611 3388 3672 tergo-

1808 3703 1926 3743 rum
1980 3703 2207 3744 suorum
2249 3689 2522 3744 atlluentia
2577 3690 2908 3746 cumulatius
2953 3692 3199 3763 repleto,
3250 3694 3386 3763 quin

1804 3780 1970 3834 etiam
2001 3780 2263 3837 militibus
2292 3782 2658 3857 praemaxitnis
2707 3783 3039 3839 sutlieienter
3077 3785 3386 3857 honestate,

1805 3870 1849 3927 (ἶ
1859 3871 2125 3927 uillelmus
2136 3872 2298 3928 celeri
2322 3873 2567 3943 equitatu
2580 3890 2703 3947 cum
2718 3875 2832 3930 suis
2847 3891 3096 3931 reversus
3110 3876 3175 3930 ad
3193 3877 3386 3931 mantia

1805 3965 1957 4020 urbis
1985 3960 2456 4037 Rothomagensis.
2491 3966 2621 4021 Erat
2643 3977 2826 4023 autem
2853 3968 2993 4023 idem
3022 3969 3130 4023 dux
3164 3968 3218 4023 in
3261 3983 3383 4025 ser-

1796 4070 1965 4111 mone
1989 4072 2172 4125 verus,
2199 4066 2254 4112 in
2274 4057 2477 4128 judicio
2498 4070 2780 4129 promptus
2809 4069 2865 4115 et
2883 4058 3085 4128 justus,
3133 4061 3187 4115 in
3217 4060 3386 4117 collo-

1803 4150 1933 4218 quio
1960 4149 2448 4216 mansuetissimus,
2479 4150 2532 4204 in
2564 4151 2976 4208 conversatione
3027 4151 3381 4207 humillimus.

1806 4240 2540 4311 Refulgebatinsupertitulis
2568 4244 2811 4298 omnium
2844 4245 3128 4309 bonorum,
3153 4259 3385 4315 reusque

1813 4332 2116 4386 adornabat
2142 4341 2363 4388 strenue
2390 4333 2762 4389 ecclesiarum.
2784 4334 2919 4389 Cum
2947 4344 3124 4391 autem
3152 4338 3384 4391 eniteret

1805 4421 2168 4491 augmentatis
2216 4423 2411 4477 studiis
2458 4424 2724 4478 universa:
2771 4424 3055 4489 bonitatis,
3107 4433 3383 4494 totamque

1805 4524 1901 4578 per
1951 4509 2258 4575 Franciam,
2312 4527 2514 4582 perque
2548 4521 2745 4568 caetera
2794 4527 2960 4585 regna
3012 4515 3383 4570 crebresceret

1805 4601 2083 4670 propalata
2116 4603 2259 4658 f..ma
2301 4606 2434 4659 tanti
2472 4606 2730 4671 hono'uis,
2778 4605 3030 4676 legesque
3064 4617 3120 4660 et
3161 4608 3381 4664 decreta

1804 4690 2088 4765 diligenter
2122 4703 2402 4750 exerceret
2425 4696 2852 4751 ortltodoxorum
2880 4704 3164 4751 auctorum
3211 4707 3268 4753 et
3298 4706 3384 4756 sul

1804 4785 2009 4852 patris:
2045 4784 2474 4855 Arnulphusdux
2505 4786 2919 4845 Flandrensium
2969 4801 3134 4856 supra
3168 4803 3384 4849 memo-

1805 4888 1974 4951 ratus,
2007 4892 2216 4933 veneno
2240 4878 2471 4948 viperea:
2504 4877 2818 4934 calliditatis
2845 4878 3095 4947 nequiter
3126 4864 3407 4956 repletus;

1801 4981 2044 5041 aestuque
2081 4969 2361 5047 diabolica;
2389 4969 2597 5026 fraudis
2646 4970 2941 5029 cxitialiter
2990 4968 3221 5035 illectus,
3260 4994 3396 5049 gen.

1802 5062 1978 5134 tisque
2036 5059 2342 5118 Franciscae
2395 5060 2752 5132 quorumdam
2801 5059 3110 5134 principum
3161 5064 3404 5131 subdolo

1800 5153 2027 5211 consilio
2056 5161 2113 5208 et
2155 5154 2489 5226 malignitate
2523 5151 2781 5209 atrociter
2829 5155 3180 5222 exhortatus,
3221 5165 3408 5241 εωμίι

1800 5248 2053 5309 meditari
2081 5258 2137 5304 et
2181 5256 2420 5305 tractare
2469 5246 2751 5320 lugubrem
2798 5258 3039 5307 mortem
3077 5246 3196 5318 ejus
3236 5256 3408 5322 cui]-
