4032 6388
588 312 692 374 679

1487 299 1792 366 DUDONIS
1814 296 2070 368 DEGANI
2101 295 2159 358 S.
2192 295 2495 370 QUINTINI
2528 294 2905 356 “ROMANO.

3739 301 3818 358 680

591 445 803 487 manus.
838 425 1080 495 Cumque
1105 423 1172 478 ad
1200 417 2185 489 essent‘anteGuillelmum,proclivo
2212 426 2262 483 Α
2313 489 2315 491 ι
2361 414 2672 484 Arnulphus
2693 428 2822 467 vero
2845 410 3066 467 nefarize
3087 404 3392 466 dolositatis
3418 409 3587 467 livore
3613 411 3821 485 infectus,

591 519 740 573 vultu
771 559 786 584 ,
845 515 1227 581 submissaque
1277 525 1411 566 voce
1488 509 1811 580 suppliciter
1865 507 2192 576 compellare

594 612 773 667 verbis
801 609 1040 674 pacificis
1069 613 1351 674 coeperunt
1379 618 1502 657 eum
1529 621 1543 656 :
1584 621 1602 653 ‹
1632 600 1830 656 Noster
1871 600 2056 656 senior
2081 600 2189 653 Ar-

596 702 850 770 nulpbtts,
901 697 1086 752 fideles
1121 697 1216 750 tibi
1265 696 1318 749 in
1376 693 1593 749 Christo
1642 691 1953 746 famulatus.
1996 690 2194 745 Nolcns

598 803 787 848 contra
812 789 1117 859 tejurgimn
1151 784 1374 848 initiari,
1405 787 1540 855 petit
1577 782 1894 838 humillimis
1941 780 2197 852 precibus

601 884 834 952 spatium
881 881 1032 950 pacis
1083 887 1399 947 sequestrate.
1456 875 1791 944 interimque
1845 883 1897 928 te
1950 873 2016 926 ad
2073 871 2195 941 pla-

603 975 770 1028 citum
819 982 1010 1027 contra
1064 985 1124 1024 se
1165 968 1384 1032 venire,
1431 975 1488 1022 et
1530 979 1624 1021 tuo
1672 980 1862 1020 amore
1912 963 2193 1024 Herluiuo,

602 1081 725 1134 quae
781 1064 1010 1119 offendit
1069 1070 1258 1116 contra
1314 1075 1373 1114 se
1427 1059 1542 1113 vult
1591 1059 1892 1122 dimittere,
1938 1071 2106 1127 seque
2153 1056 2199 1110 si

593 1154 778 1222 .placet
826 1151 1066 1222 colligari
1123 1151 1217 1204 tibi
1287 1148 1594 1205 insolubilis
1657 1149 1911 1202 amiciti-.e
1970 1145 2196 1201 foedere.

607 1246 850 1315 Podagra
907 1256 1213 1310 extet-aque
1272 1240 1586 1294 infirmitate
1627 1240 1883 1295 nimirum
1945 1236 2200 1303 afllictus,

609 1354 717 1392 non
774 1337 945 1390 ambit
1005 1336 1220 1404 litigare
1287 1343 1477 1387 contra
1553 1347 1880 1402 quem-quam
1943 1330 2198 1400 amplius.

610 1431 862 1487 Coerceri
892 1429 1007 1499 lege
1035 1429 1115 1482 vel
1151 1412 1445 1482 concordia
1490 1441 1616 1480 suos
1646 1423 1941 1487 desiderat,
1991 1437 2206 1491 pacem-

607 1538 718 1592 que
743 1520 980 1590 quandiu
1011 1531 1287 1590 superstes
1302 1527 1405 1583 est,
1440 1533 1600 1585 agere
1636 1515 1858 1570 festinat
1879 1515 2209 1569 monarehiaa

614 1623 720 1666 tuie
767 1612 988 1665 ditionis
1043 1620 1100 1665 et
1135 1626 1283 1675 suze;
1335 1609 1591 1678 quoniam
1638 1607 1898 1661 continuo
1944 1615 1999 1658 et
2043 1605 2208 1659 finiti-

610 1720 703 1758 mo
732 1703 903 1757 limite
930 1711 1059 1756 sunt
1079 1716 1328 1764 annexze,
1359 1713 1545 1770 pacein
1586 1707 1642 1752 et
1672 1695 2022 1751 concordiam
2065 1696 2208 1750 inter

2296 507 2444 562 venit
2465 521 2627 575 super
2657 505 2899 561 Corbeiae
2929 503 3158 558 rivulum
3187 518 3310 559 cum
3336 504 3455 560 suis
3483 507 3730 572 omnibus.
3750 515 3826 568 tui~

2296 600 2472 668 sitque
2501 598 2893 654 internuntium
2930 597 2997 650 ad
3026 596 3215 650 (lu-ient
3248 596 3598 652 Guillelmum
3626 640 3639 664 ,
3670 601 3827 671 depre~

2297 706 2426 745 cans
2447 701 2636 746 contra
2665 706 2722 744 se
2748 689 2930 744 venire
2956 689 3128 754 illum,
3157 704 3326 758 usque
3350 691 3419 744 ad
3450 689 3828 764 Pinchintacum,

2299 790 2357 834 ut
2386 779 2585 834 fluenta
2623 778 2873 850 Somettae
2907 789 3091 834 essent
3115 780 3396 835 obstacula
3432 781 3574 837 inter
3597 793 3834 856 utrumque

2299 873 2621 938 exercitum,
2649 887 2716 926 ne
2744 871 2882 926 forte
2905 881 3216 941 perpetrato
3247 872 3392 941 quod
3437 873 3738 928 decernebat
3775 878 3836 930 in-

2303 962 2431 1017 felix
2461 963 2586 1016 dolo
2614 977 2794 1032 agere,
2828 961 3181 1032 impediretur
3209 977 3237 1015 a
3277 961 3695 1017 Nurtbmannico
3717 981 3834 1019 exer-

2301 1055 2414 1110 citu
2441 1055 2871 1125 superveniente.
2897 1055 3049 1108 Tunc
3087 1068 3216 1108 vero
3253 1055 3363 1108 dux
3397 1052 3719 1123 Guillelmus,
3744 1072 3836 1125 pcr-

2305 1162 2480 1201 versa:
2540 1145 2849 1200 dolositatis
2901 1145 3155 1216 legationi
3210 1148 3488 1210 credens,
3543 1148 3839 1217 prsetbusqo

2308 1239 2497 1293 favens
2547 1237 2941 1302 fraudulentis,
2996 1253 3214 1293 suarum
3273 1238 3549 1309 legionum
3596 1240 3837 1296 exercitum

2307 1328 2416 1382 illic
2445 1327 2525 1380 ire
2547 1328 2742 1396 coegit.
2766 1327 2865 1380 Ast
2885 1326 3194 1395 Arunlphtts
3215 1342 3380 1396 super
3405 1330 3709 1383 renuntiatis
3729 1329 3839 1384 laztus

2309 1430 2361 1472 et
2392 1417 2601 1482 hilaris,
2627 1432 2790 1485 super
2816 1420 2989 1487 eram
3019 1417 3267 1472 Someuaz
3289 1417 3549 1480 fluminis,
3583 1420 3661 1474 bic
3687 1435 3841 1492 many.

2310 1511 2566 1564 rizandus
2598 1511 2732 1564 citra
2759 1527 2774 1576 ;
2815 1509 2902 1564 ille
2930 1509 3148 1564 dolosas
3173 1521 3225 1564 et
3252 1513 3494 1580 perfidus
3517 1511 3648 1564 ultra
3670 1524 3842 1580 uterque

2314 1603 2536 1657 resedit.
2572 1601 2666 1656 Est
2689 1616 2922 1670 namque
2953 1602 3024 1656 ibi
3057 1591 3232 1656 insula
3264 1601 3561 1671 pntculano
3599 1613 3840 1656 exaestuan-

2316 1693 2385 1745 tis
2418 1691 2666 1745 Somenrc
2699 1701 2909 1762 gurgtte
2959 1693 3085 1746 hinc
3136 1692 3261 1746 inde
3309 1700 3366 1747 et
3425 1692 3727 1746 altrinsecus
3764 1692 3840 1746 cir-

616 1809 718 1848 nos
761 1803 819 1848 et
865 1802 1078 1847 vestros
1129 1793 1285 1846 decet
1326 1806 1482 1856 esse,
1518 1799 1579 1844 ut
1629 1789 1826 1844 talibus
1876 1788 2214 1858 principibus
2244 1798 2288 1856 Β
2317 1787 2592 1848 cumdata,
2617 1801 2778 1855 quam
2810 1785 2944 1854 petit
2980 1787 3192 1856 navigio
3242 1787 3560 1856 Arnulpbus
3604 1801 3711 1839 eum
3746 1801 3842 1853 qua-

617 1889 892 1958 gaudeaut
935 1887 1099 1941 vestri
1154 1885 1384 1950 incolae,
1433 1893 1488 1939 et
1539 1892 1598 1938 ut
1633 1898 1792 1937 nemo
1844 1895 2085 1938 vestrum
2119 1882 2212 1937 udi

619 1989 933 2034 nostrorum
959 1977 1333 2047 praeiudicium
1371 1977 1557 2040 faciat,
1591 1974 1878 2044 nullusque
1910 1974 2079 2029 nostri
2117 1974 2214 2028 ulli

623 2083 933 2128 vestrorum
962 2073 1180 2140 aliquod
1204 2072 1460 2126 damnum
1489 2070 1540 2123 vi
1571 2079 1626 2123 et
1657 2075 1927 2138 potestate
1951 2065 2212 2134 impellat.

625 2169 749 2222 Sint
774 2167 1072 2226 concordes
1102 2175 1156 2219 et
1181 2165 1465 2219 unanimes
1510 2164 1562 2218 in
1607 2164 1748 2234 lege,
1773 2164 1864 2232 qui
1897 2169 2020 2216 sunt
2053 2159 2217 2215 vieini

623 2257 679 2310 in
711 2255 919 2309 telluris
953 2255 1231 2309 affinitate.
1272 2253 1387 2306 Dux
1430 2261 1595 2307 tanta:
1635 2253 1915 2316 bonitatis,
1949 2259 2220 2319 tantaeque

626 2346 1086 2408 mansuetudinis,
1110 2360 1216 2399 non
1243 2344 1404 2398 debet
1430 2343 1666 2398 abnuere
1692 2343 2020 2398 necessaria:
2049 2349 2104 2396 et
2125 2355 2221 2409 op-

627 2447 874 2506 portunre
907 2436 1184 2506 petitioni;
1220 2451 1411 2490 verum
1446 2437 1630 2490 favere
1657 2435 1860 2489 viribus
1887 2433 2120 2496 cunctis,
2154 2446 2232 2486 ne.

630 2543 721 2583 res
753 2527 964 2598 publica
1001 2528 1273 2582 annullata
1305 2535 1453 2580 tanta
1495 2525 1825 2597 prcedatione
1850 2534 1905 2580 et
1933 2523 2219 2590 incendiis,

633 2620 845 2674 labatur
865 2621 1160 2675 exitialiter
1179 2620 1454 2689 peioribus
1484 2620 1679 2674 ruinis.
1707 2618 1883 2687 Supra
1915 2617 2050 2672 satis
2081 2615 2236 2671 mala,-

635 2721 864 2780 urgente
898 2712 1013 2774 lite,
1050 2718 1449 2765 concreveruut
1476 2711 1671 2764 amodo
1699 2709 1750 2762 in
1777 2709 1930 2778 pejus
1961 2707 2205 2775 plurima:

629 2809 690 2853 et
716 2800 954 2867 nequitia
986 2809 1210 2868 cogente
1234 2798 1623 2869 praeVaIebunt.
1648 2797 1838 2852 Judica
1871 2803 2012 2866 quod
2037 2797 2230 2852 melius

637 2899 742 2954 est,
776 2900 868 2944 aut
907 2891 1105 2945 bonum
1158 2891 1347 2944 rimari
1397 2899 1452 2945 ct
1495 2901 1738 2958 patrare,
1775 2897 1871 2942 aut
1917 2888 2022 2943 hoc
2078 2887 2228 2957 quod

639 2993 894 3038 creatura
935 2999 1038 3037 non
1070 2993 1174 3047 est,
1206 2998 1394 3038 verum
1422 2982 1665 3037 absentia
1710 2980 2001 3044 bonitatis,
2040 2979 2229 3034 adhae-

640 3089 764 3130 rere
816 3075 1094 3139 obscwue,
1127 3083 1182 3128 et
1226 3073 1486 3144 perlicere
1529 3071 1918 3126 nefandissimo
1963 3084 2148 3138 opere.
2205 3086 2224 3120 ι

2321 1885 2444 1930 tuor
2465 1875 2704 1946 perfidis,
2734 1875 2995 1929 simulans
3040 1890 3100 1928 se
3137 1891 3258 1928 cum
3299 1874 3586 1930 Guillelmo
3613 1874 3729 1928 duce
3748 1889 3840 1928 saa-

2316 1968 2562 2031 etissiino
2585 1966 2924 2021 concordat'i.
2955 1965 3206 2035 Misitque
3236 1966 3304 2019 ad
3337 1967 3534 2020 ducem
3560 1964 3842 2019 Guillelmum

2318 2059 2371 2114 in
2400 2058 2522 2113 dolo
2550 2057 2730 2111 verbis
2760 2056 3024 2125 pacificis,
3055 2065 3117 2110 ut
3141 2056 3349 2109 veniret
3390 2055 3515 2109 illuc
3557 2069 3670 2109 cum
3694 2054 3842 2108 duodco

2318 2151 2423 2206 cim
2466 2149 2726 2204 militibus
2767 2148 2902 2202 suis.
2955 2146 3405 2217 Transgredienti
3455 2160 3586 2199 nave
3625 2142 3844 2198 Guilidmo

2319 2256 2444 2296 cum
2471 2237 2757 2293 duodecim
2787 2236 2923 2300 suis,
2959 2236 3108 2288 venit
3134 2234 3451 2304 Arnulphus
3472 2232 3652 2286 obvius
3693 2229 3845 2284 claudi-

2321 2347 2452 2386 cans
2483 2370 2497 2395 ,
2525 2337 2579 2383 et
2605 2327 2869 2382 subnixus
2900 2326 3109 2380 duobus
3139 2323 3292 2390 suis;
3329 2324 3600 2394 C(Bpilque
3628 2321 3692 2374 illi
3715 2321 3843 2372 dixre

2323 2421 2627 2478 simulando
2656 2430 2712 2473 et
2745 2419 3002 2485 decipere
3049 2433 3172 2472 eum
3224 2415 3671 2488 propositionibus
3706 2409 3844 2465 humil-

2323 2513 2506 2568 limis:
2537 2533 2557 2565 ι
2587 2514 2668 2568 Ad
2693 2521 2744 2568 te
2777 2512 2936 2566 venio
2963 2509 3208 2581 supplex,
3248 2521 3308 2564 ut
3360 2525 3510 2565 meos
3530 2517 3731 2576 tuosque
3749 2517 3841 2557 con-

2325 2606 2498 2671 cilies,
2529 2606 2721 2673 sicque
2750 2605 2879 2658 mihi
2905 2603 3119 2667 adutor
3158 2602 3425 2658 adversus
3457 2616 3601 2656 meos
3647 2595 3844 2660 inlidelct,

2327 2697 2452 2766 quia
2481 2695 2788 2751 humilitate
2808 2695 3067 2750 subactus
3097 2709 3308 2764 nequeo
3335 2691 3599 2750 dominari
3639 2700 3684 2746 et
3716 2687 3845 2757 Oppri-

2329 2802 2480 2843 mere
2523 2785 2684 2855 hujus
2738 2795 2900 2840 terrae
2951 2786 3195 2858 rebelles.
3242 2785 3439 2839 Totius
3487 2783 3673 2837 ctenim
3714 2778 3845 2834 Gallia

2335 2877 2669 2932 monarcbiae
2701 2876 2904 2930 salubri
2937 2874 3168 2931 concilio
3196 2875 3498 2928 dominaris
3520 2913 3536 2939 ,
3571 2874 3761 2940 ideoque
3784 2882 3844 2920 ειιυ

2335 2986 2432 3040 per
2462 2985 2548 3023 me
2571 2983 2828 3038 meosque
2855 2968 2964 3022 dux
2991 2977 3046 3022 et
3082 2967 3331 3022 marebio
3362 2965 3606 3020 desidero
3630 2972 3680 3016 ut
3704 2958 3847 3014 haben.

2332 3061 2429 3113 ris.
2458 3059 2588 3114 Esto
2621 3059 2751 3112 mihi
2780 3058 3032 3112 defensor
3069 3067 3124 3112 et
3153 3059 3451 3112 advocatus
3476 3063 3652 3110 contra
3680 3047 3843 3106 Ladon-

643 3163 1069 3219 Exsecrabilium
1093 3139 1250 3230 hujus
1282 3164 1583 3232 legatorum
1619 3161 1926 3216 dolositatis
1951 3159 2138 3214 fraude
2165 3159 2234 3215 de
2260 3151 2304 3214 C
2337 3165 2458 3204 cum
2484 3165 2687 3218 regem,
2727 3146 3180 3218 Hct‘ibcrtumque
3213 3147 3515 3217 principem
3552 3153 3694 3212 atque
3718 3139 3846 3207 3030‘

644 3261 835 3324 ceptus
860 3254 965 3307 dux
993 3265 1299 3322 prmpoteus
1325 3251 1641 3306 Guillelmus
1673 3250 1812 3305 dixit
1857 3248 2116 3304 Hei-luino
2146 3263 2239 3305 co-

646 3345 768 3400 miti
800 3345 1108 3400 secretius:
1145 3363 1162 3396 ι
1199 3344 1337 3410 Quid
1367 3343 1462 3398 tibi
1517 3343 1730 3398 videtur
1772 3341 2037 3397 sententia
2080 3340 2240 3409 huius

647 3438 1036 3507 propositionis
1064 3447 1119 3492 et
1168 3437 1486 3506 legationis?
1515 3456 1535 3490 ι
1575 3435 1879 3504 Respondit
1907 3433 2239 3490 Herluinus:

655 3547 674 3580 ι
707 3529 904 3584 Horret
923 3532 1137 3586 animus
1153 3547 1216 3585 ne
1238 3530 1597 3600 decipiamur,
1618 3545 1752 3585 neve
1780 3528 2100 3584 lmmillimis
2121 3543 2245 3598 prc-

651 3621 805 3676 cibus
827 3623 1019 3677 horum
1045 3623 1316 3677 illidamur
1331 3625 1585 3692 ,quortim
1607 3622 1836 3693 perlidia
1860 3621 2018 3676 toties
2033 3622 2152 3675 decr
2168 3619 2247 3690 pti

654 3732 862 3771 sumus.
901 3735 922 3770 ι
955 3717 1018 3773 Et
1051 3717 1373 3772 Gnillelmus
1411 3717 1598 3771 ascitis
1629 3717 1842 3772 caneris
1873 3715 2245 3784 principibus:

658 3825 680 3860 ι
719 3809 984 3876 Quoniam
1016 3809 1218 3864 labanti
1256 3809 1447 3864 activa:
1490 3809 1615 3863 vitae
1651 3824 1812 3863 cursu
1853 3824 1942 3861 me
1977 3807 2248 3862 irretitum

659 3902 1096 3971 contemplativa;
1143 3902 1268 3955 vita:
1312 3901 1550 3956 claustro
1579 3900 1716 3955 velle
1759 3899 2105 3969 coangustari
2144 3913 2250 3952 non

661 3992 953 4062 ignoratis,
1001 3993 1164 4047 citius
1209 4007 1371 4061 quam
1421 3991 1650 4062 potestis
1693 4006 1922 4059 usquam
1977 3999 2249 4044 terrarum

659 4097 872 4137 mecum
918 4098 1104 4151 pacem
1153 4086 1405 4146 struatis,
1459 4083 1585 4150 quia
1636 4082 1842 4136 nullum
1880 4080 2255 4136 holocausrum

663 4185 839 4240 neque
900 4172 1230 4227 sacriﬁcium
1294 4181 1406 4226 tam
1471 4171 1800 4239 acceptabile
1857 4170 1997 4240 apud
2056 4171 2252 4234 Deum,

666 4281 832 4335 quam
889 4267 1039 4336 pacis
1085 4267 1498 4322 incrementum.
1535 4285 1554 4317 ι
1590 4265 1670 4319 Ad
1711 4264 2033 4320 Herluinum
2075 4271 2255 4317 autem

664 4356 805 4411 dixit
835 4371 852 4410 :
895 4375 913 4408 ι
947 4357 1065 4412 Noli
1096 4359 1308 4425 timere,
1342 4374 1515 4428 neque
1543 4357 1796 4422 turberis,
1832 4358 1957 4429 quia
1981 4371 2259 4425 nunquam

671 4449 782 4505 mei
817 4465 1170 4520 meorumque
1208 4451 1488 4506 salaminis
1529 4451 1830 4520 patrocinio
1877 4449 2194 4520 privaberis.
2232 4468 2250 4500 ι

2341 3259 2464 3300 nem
2490 3242 3039 3314 prmpoteutissimum
3064 3244 3275 3296 ducem.
3308 3241 3375 3296 Et
3400 3239 3626 3310 quandiu
3646 3240 3845 3303 superstet

2341 3332 2516 3400 fuero,
2547 3349 2642 3387 ero
2671 3333 2766 3386 tibi
2799 3332 3141 3395 tributarius,
3192 3332 3414 3400 meique
3441 3328 3665 3384 servient
3684 3322 3848 3382 tibi,ut

2345 3423 2564 3479 domino
2601 3437 2814 3478 servus.
2861 3421 2990 3475 Post
3036 3436 3169 3476 mea:
3219 3419 3566 3475 resolutionis
3613 3422 3845 3471 excessum.

2345 3515 2650 3588 possidebis
2674 3528 2806 3568 mea;
2833 3513 3053 3567 ditionis
3076 3528 3319 3580 regnum.
3357 3511 3606 3566 Herluino
3625 3517 3702 3561 tuo
3716 3499 3846 3558 comiti

2346 3624 2466 3677 qua:
2496 3615 2689 3661 contra
2747 3621 2833 3659 me
2873 3601 3096 3659 offendit
3121 3603 3430 3657 voluntarie
3459 3600 3716 3658 dimittam,
3739 3595 3849 3660 eique

2346 3699 2609 3772 pacificus
2629 3705 2683 3750 et
2714 3695 3004 3750 benevolus
3025 3694 3170 3749 omni
3209 3703 3456 3762 tempore
3479 3691 3703 3745 existam.
3730 3704 3746 3736 ι

2421 3792 2540 3845 Dux
2564 3803 2696 3842 vero
2723 3785 3040 3842 Guillelmus
3069 3797 3265 3856 putans
3299 3783 3448 3854 quod
3475 3781 3627 3839 corde
3658 3768 3849 3832 benevolo

2351 3889 2408 3936 et
2433 3880 2690 3951 perfecto,
2719 3879 2926 3947 fideque
2958 3878 3187 3947 integra,
3211 3892 3316 3930 non
3352 3874 3570 3945 perfidia
3593 3870 3847 3938 loqueretur.

2351 3973 2661 4045 paeificavit
2687 3969 3005 4026 Herluinum
3034 3984 3158 4024 cum
3188 3967 3472 4039 Arnulpho
3501 3962 3683 4035 perfido
3713 3951 3850 4011 etsuis

2353 4069 2624 4123 omnibus.
2657 4064 2791 4118 Tota
2824 4064 2908 4118 die
2934 4077 3072 4133 pene
3111 4061 3270 4115 ducta
3318 4058 3548 4114 morosis
3591 4046 3847 4118 ambagibus

2351 4171 2622 4230 pactaque
2649 4173 2780 4228 pace
2809 4158 2875 4212 ab
2905 4165 3135 4225 utroque
3161 4153 3408 4224 principe
3431 4193 3448 4218 ,
3480 4145 3729 4206 Guillelmo
3747 4133 3848 4193 scili-

2357 4265 2445 4312 cet
2473 4255 2596 4317 fide,
2613 4263 2776 4322 atque
2798 4251 2866 4305 ab
2882 4251 3160 4321 Arnulpbo
3178 4248 3385 4318 perfido
3400 4246 3557 4302 corde
3575 4255 3678 4297 cum
3698 4251 3722 4290 a
3737 4238 3848 4286 ciete-

2359 4349 2437 4404 ris
2458 4345 2818 4418 principibus,
2834 4343 3150 4399 Guillelmus
3167 4358 3289 4396 cum
3311 4338 3584 4396 duodecim
3603 4326 3847 4402 regreditur.

2360 4441 2487 4495 dato
2511 4435 2695 4492 osculo
2719 4434 3015 4504 Arnulpho,
3042 4434 3315 4502 intratque
3337 4447 3461 4487 cum
3489 4427 3668 4496 remige
3686 4420 3847 4474 classem

669 4538 931 4594 Consultu
988 4500 1118 4608 ergo
1178 4539 1494 4596 Guillelmus
1529 4500 1650 4595 rdux
1707 4500 1928 4596 suorurrn
1983 4538 2253 4606 fidelium,
2285 4500 2333 4558 Β
2363 4530 2532 4596 δοὶιιεν
2583 4525 2864 4582 (ίυοάθείηι
2917 4524 3206 4579 “omnibus
3258 4523 3427 4578 “ne”
3475 4505 3847 4608 “made”???

671 4632 820 4686 dedit
869 4632 1152 4700 Arnulpbo
1211 4632 1397 4687 comiti
1455 4641 1792 4703 sequestram
1847 4646 2034 4702 pacem
2093 4631 2253 4685 trium

672 4723 962 4791 mensium,
993 4741 1156 4794 seque
1202 4725 1268 4779 ad
1315 4727 1719 4781 denominatum
1765 4726 1950 4781 venire
1981 4723 2257 4778 mandavit

673 4817 962 4884 placitum.
1005 4817 1224 4872 Statuto
1253 4819 1583 4872 imminentis
1614 4819 1796 4888 placiti
1846 4827 2085 4886 tempore
2111 4813 2260 4870 Guil-

678 4905 871 4961 lelmus
917 4909 1025 4963 dux
1070 4911 1594 4979 praepotentissimus
1629 4911 1871 4965 omnium
1896 4950 1911 4975 ,
1941 4907 2262 4964 convocavit

675 4997 1173 5054 Nurtbmannorum
1213 5001 1602 5070 Britonumque
1627 5002 1949 5065 exercitum,
1995 5008 2051 5054 et
2085 4996 2265 5068 profe-

677 5097 803 5144 ctus
829 5099 915 5146 est
940 5091 1007 5146 ad
1032 5090 1454 5147 Ambianensem
1480 5107 1651 5160 usque
1683 5107 1899 5162 pagum.

1081 5181 1083 5183 ’
1299 5196 1665 5236 Ανοετιιοιιιιλ.

685 5268 930 5326 Nominis
958 5270 1110 5327 επιιεί
1141 5289 1172 5326 a
1198 5272 1436 5336 Christo,
1472 5273 1601 5337 dux,
1631 5282 1778 5327 tutor
1799 5281 1855 5325 et
1879 5277 2090 5335 auctor,

686 5357 882 5414 Auxilii
918 5362 1170 5433 indignus
1199 5363 1414 5426 nullius,
1446 5366 1500 5416 ni
1532 5377 1744 5432 quoque
1765 5363 2005 5428 Christi;

689 5448 927 5506 Muneris
952 5454 1162 5507 aitberii
1192 5455 1606 5524 praedignusque
1627 5453 2010 5509 emolumento.

691 5540 924 5598 Amittes
948 5553 1177 5599 mortem
1207 5545 1511 5616 lugubrem,
1543 5560 1640 5614 pro
1660 5561 1767 5614 qua
1791 5542 2126 5614 properabis,

694 5632 853 5691 Pacis
875 5648 1149 5707 perpetua:
1179 5637 1397 5706 dignam
1427 5639 1594 5690 vitam
1627 5637 1970 5699 inveniendo,

696 5725 879 5782 Palma
907 5729 1151 5795 martyrii
1182 5729 1428 5785 diadema
1473 5727 1680 5784 ferente
1703 5729 1950 5798 tmpbzni.

2367 4589 2776 4683 TUHC'ElI‘lCllS,
2803 4617 3096 4684 Balzoque,
3124 4625 3178 4670 et
3209 4614 3530 4675 Rotbertus,
3561 4618 3702 4676 atque
3720 4589 3849 4653 Bidul-

2366 4714 2452 4768 fus
2503 4711 2736 4782 perfidi,
2778 4717 3062 4779 eruperunt
3106 4705 3328 4762 subdola
3381 4703 3727 4786 reciprocaque
3761 4691 3850 4786 γοοθ

2367 4806 2607 4861 diecntes
2651 4799 2936 4856 Guillelmo
2984 4798 3129 4861 duci,
3177 4797 3364 4852 dolose
3413 4794 3509 4848 fari
3545 4831 3557 4844 .
3601 4807 3618 4840 ι
3656 4784 3846 4836 Domine.

2369 4894 2616 4956 Domine,
2642 4890 2882 4946 melioris
2911 4888 3124 4942 consilii
3174 4886 3362 4952 obliti,
3395 4894 3577 4952 torque
3616 4874 3848 4946 pamntPe"

2367 4997 2675 5054 precamur,
2707 4996 2917 5044 navim,
2945 4982 3072 5048 quia
3116 4985 3364 5032 volumus
3419 4984 3469 5030 te
3510 4968 3693 5042 paucis.
3716 4959 3851 5054 Neslﬂ

2369 5043 2550 5128 senior
2571 5071 2758 5141 nequit
2783 5079 2836 5125 te
2858 5043 3090 5139 amplius
3110 5067 3349 5140 aggredi,
3373 5066 3496 5138 quia
3516 5060 3728 5147 podagra:

2369 5168 2558 5224 mitate
2613 5134 2720 5220 seis
2769 5179 2892 5219 eum
2931 5134 3207 5226 detineri,
3259 5161 3353 5216 sed
3390 5134 3614 5212 imandat
3657 5134 3848 5201 mirabile.

2372 5260 2526 5328 cujus
2559 5258 2760 5314 oblitus
2783 5264 2887 5319 est,
2917 5255 3035 5310 tibi.
3070 5274 3089 5308 ι
3129 5254 3282 5308 Tunc
3310 5248 3609 5308 Guillelmus
3644 5237 3730 5294 fide
3760 5231 3852 5328 iule'

2373 5352 2662 5422 gerritnus,
2689 5347 3015 5418 perfidorum
3035 5344 3344 5416 precatibus
3359 5337 3590 5396 crebrius
3606 5319 3850 5422 εοηξνυίξυῗξ

2375 5417 2595 5511 torquet
2624 5417 2807 5493 navim
2837 5437 3092 5503 celerius,
3122 5437 3376 5505 venitque
3400 5433 3465 5487 ad
3502 5429 3654 5499 ripam
3683 5417 3851 5511 fluminis

2377 5547 2651 5589 armorum
2682 5545 2910 5586 securus
2937 5528 3056 5584 sine
3081 5529 3217 5596 suis,
3260 5541 3382 5582 cum
3433 5521 3510 5578 eis
3553 5515 3789 5571 locuturus.
3807 5494 3853 5547 Αί

2377 5626 2452 5682 illi
2495 5627 2594 5681 sub
2625 5623 2842 5694 pellium
2876 5621 3114 5692 tegmine
3150 5620 3262 5692 jam
3298 5611 3542 5673 abconsis
3564 5601 3851 5698 quatuor

2379 5720 2636 5777 cronibus
2664 5719 2914 5775 celeriter
2939 5715 3218 5784 extractis,
3251 5712 3396 5769 rabie
3437 5687 3757 5764 immanissimj
3792 5679 3846 5734 [θ’

3957 763 3959 910 i
