4032 6402
235 395 338 450 681

654 387 742 445 DE
777 385 1020 444 GESTIS
1061 385 1489 443 NORMANNIAE‘.
1529 383 1770 442 DUCUM
1810 383 1990 441 LIBRI
2029 383 2229 440 TRES.
2274 412 2342 424 -—
2369 381 2498 438 LlB.
2539 381 2624 438 Ill.
2667 379 3082 438 RICIIARDL'S.

3403 381 3505 437 (382

240 505 392 560 nium
437 503 768 574 nequissimo
820 500 986 558 celeri
1027 499 1202 556 claSse
1251 501 1564 566 transvecti,
1617 514 1822 570 suoque
1854 489 1897 543 Α
1931 499 2062 556 Vilis
2089 499 2184 556 sed
2213 499 2338 570 quia
2362 507 2490 554 sunt
2515 497 2757 569 ﬁgmenti
2787 512 2913 551 vasa
2944 495 3116 550 lutosa
3137 535 3151 560 ,

235 594 508 652 exercitui
560 593 778 658 annexi,
829 601 1064 664 praepete
1113 591 1357 662 equitatu
1395 592 1676 662 potiuntur
1705 591 1826 662 fuga

234 685 397 758 lapsi.
429 684 788 744 Northmanni
816 697 947 740 vero
977 693 1032 740 et
1059 684 1309 739 Britones
1343 693 1518 739 morte
1554 683 1826 740 Guillelnti

233 775 326 832 sui
357 775 588 832 senioris
616 775 842 829 nimium
889 773 1165 844 lugubres,
1216 773 1403 828 ulcisci
1443 781 1825 843 praeoptantes,

231 882 505 936 nusquam
533 873 854 936 repererunt
878 867 1038 930 vada,
1065 865 1170 919 hac
1202 873 1256 921 et
1282 865 1405 920 illac
1439 865 1692 920 celeriter
1719 864 1831 918 dis-

231 964 544 1012 currentes.
579 955 672 1010 Sic
699 955 968 1025 pretiosus
1011 955 1258 1010 marchio
1299 954 1622 1010 Gttilleltnus
1649 955 1828 1010 testis-

228 1061 345 1118 que
373 1045 574 1101 Christi
630 1044 1077 1116 gloriosissitnus,
1131 1045 1272 1100 felici
1326 1044 1588 1116 martyrio
1640 1059 1829 1100 conse-

227 1151 445 1195 cratur.
476 1137 788 1208 Taliterque
815 1153 1043 1210 regnum
1071 1137 1334 1193 caelorum
1360 1177 1375 1203 ,
1404 1137 1547 1208 quod
1579 1137 1670 1192 diu
1699 1153 1828 1194 con-

226 1231 461 1302 cupivit,
479 1230 928 1301 adeptus,vivens
953 1230 1004 1284 in
1025 1231 1241 1286 Christo
1263 1230 1498 1286 feliciter
1515 1242 1823 1288 coronatur.

225 1325 523 1381 Perfusum
554 1325 754 1394 quippe
797 1323 880 1378 sui
905 1313 1135 1379 cruoris
1166 1339 1288 1379 rore
1323 1324 1465 1379 beati
1499 1325 1597 1379 viri
1627 1341 1824 1396 corpus

230 1416 418 1488 jacuit
443 1416 712 1470 exanime.
749 1413 948 1470 Verum
995 1415 1174 1470 anima
1212 1415 1264 1469 in
1301 1413 1496 1469 caelum
1527 1415 1596 1468 ab
1621 1414 1826 1485 angelis

227 1509 505 1573 deducta,
566 1507 710 1562 inter
763 1507 958 1562 choros
1012 1507 1322 1577 angelorum
1379 1505 1826 1560 inmsﬁmabiliter

223 1590 650 1654 est'collo;-ata.
706 1596 961 1663 Quaedam
1017 1595 1160 1651 illico
1215 1595 1452 1667 phalanx
1496 1595 1706 1666 decepti
1771 1602 1827 1650 et

222 1687 859 1761 martyrisatiGuillcltni
892 1688 1134 1743 cucurrit
1159 1688 1226 1742 ad
1258 1702 1406 1753 eum,
1452 1697 1507 1742 et
1559 1696 1710 1742 trans
1751 1687 1826 1741 ri-

221 1797 356 1853 pam
419 1779 656 1836 ﬂuminis
714 1779 962 1835 Somena:
1033 1779 1360 1834 altrinsecus
1429 1795 1551 1834 cum
1628 1795 1824 1849 magno

221 1852 436 1946 ejulatu
464 1889 601 1928 nave
631 1872 965 1928 detulerunt.
1003 1871 1344 1942 lnquirentes
1369 1880 1549 1925 atttem
1584 1872 1817 1942 ingenti-
1851 1852 1897 1914 Β

221 1966 338 2022 bus
389 1965 631 2021 cordium
681 1963 931 2034 suspiriis
997 1977 1298 2034 magnoque
1344 1961 1625 2017 oculorum
1692 1961 1819 2014 ﬂetu

219 2057 434 2113 livores
455 2057 592 2128 ejus,
610 2066 770 2126 atque
785 2053 1031 2111 deﬂendo
1047 2054 1458 2126 sanguinolenta
1485 2051 1822 2108 revblventes

217 2151 559 2204 vestimenta
600 2147 769 2212 illius,
811 2155 1132 2217 repererunt
1175 2145 1549 2215 parvissimam
1589 2143 1821 2198 clavium

221 2250 544 2312 argenteam
575 2239 968 2310 dependentem
995 2238 1049 2292 in
1083 2237 1328 2308 strophio
1358 2236 1663 2291 lumborum
1682 2235 1820 2306 ejus.

221 2331 648 2386 Sciscitantibus
663 2330 766 2384 illis
781 2345 810 2382 a
826 2326 1563 2399 domigeuisquampluribus,
1579 2325 1733 2394 cujus
1748 2326 1826 2382 rei

217 2421 408 2492 gratia
431 2420 698 2475 cinctorio
722 2419 891 2474 clavis
912 2419 1000 2472 illa
1019 2419 1414 2488 dependeretur
1436 2418 1576 2487 (εἰς),
1604 2431 1828 2488 respon—

221 2513 308 2566 dit
334 2511 553 2581 quidam
585 2508 923 2564 camerarius
946 2547 961 2573 ,
999 2515 1332 2562 secretorum
1365 2507 1482 2577 ejus
1525 2507 1776 2561 conscius
1811 2524 1823 2560 :

227 2621 248 2653 ι
284 2600 485 2656 Noster
526 2600 709 2655 senior
735 2599 1052 2654 Guillelmus
1085 2599 1231 2654 vovit
1280 2615 1338 2654 se
1385 2600 1489 2653 hoc
1534 2598 1694 2653 labile
1723 2613 1826 2654 sa:-

221 2693 412 2748 culum
444 2693 856 2758 derclicturum,
888 2701 944 2747 et
975 2707 1034 2747 se
1061 2691 1179 2747 fieri
1207 2701 1325 2762 post
1353 2693 1456 2746 hoc
1485 2691 1660 2747 ﬂebile
1700 2691 1812 2764 pla-

215 2788 402 2867 _citum
431 2784 704 2858 Cimegias
736 2787 1079 2841 monachum.
1109 2785 1176 2840 Et
1230 2786 1345 2841 lucc
1381 2785 1549 2841 clavis
1586 2786 1824 2841 custodit

222 2881 283 2934 in
315 2880 549 2950 quodam
583 2880 877 2944 scrinio,et
897 2886 1144 2935 coarctat
1165 2878 1526 2933 monachilem
1549 2877 1816 2944 habitum,

218 2971 439 3030 scilicet
463 2969 730 3028 cut-ullam
755 2969 1044 3028 etJaneum
1081 2984 1397 3041 supparum.
1423 2987 1440 3020 ι
1470 2967 1662 3023 Statim
1690 2981 1818 3023 vero

219 3082 427 3137 corpus
453 3074 859 3120 sacrosanctum
895 3063 1098 3120 feretro
1119 3062 1379 3119 velociter
1420 3060 1731 3132 impositum
1762 3068 1816 3114 ct

217 3157 652 3228 Bothomageusi
677 3157 796 3213 urbi
823 3172 947 3212 cum
989 3171 1187 3228 magno
1238 3154 1440 3224 ejulatu
1491 3153 1726 3208 delatum
1758 3151 1812 3206 in

221 3255 519 3310 ecclesiam
555 3251 616 3305 Β.
649 3250 835 3306 Maria:
879 3249 1159 3322 genitricis
1187 3249 1281 3304 Dei
1311 3247 1608 3326 honorifice
1656 3260 1814 3318 sepe-

220 3347 448 3402 lierunt.
475 3344 742 3403 Convenit
766 3344 930 3401 etiam
956 3344 1137 3399 omnis
1165 3358 1302 3414 pene
1325 3340 1602 3412 provincia
1625 3339 1818 3410 lugens

222 3435 488 3492 ineffabili
520 3436 800 3500 maestitia,
832 3444 889 3492 et
915 3433 984 3490 ad
1008 3434 1178 3490 ccelos
1214 3447 1383 3504 usque
1413 3432 1522 3488 alta
1559 3431 1818 3486 emittens

221 3529 482 3600 suspiria,
532 3529 662 3600 quin
725 3529 892 3584 etiam
945 3527 1218 3584 adducens
1252 3541 1438 3583 secum
1486 3524 1654 3580 tilium
1703 3521 1818 3591 ejus

224 3622 563 3678 Bit-liardum
603 3622 820 3678 nomine
849 3620 1112 3678 luctuosa.
1137 3619 1330 3688 Quem,
1360 3628 1653 3689 antequam
1682 3631 1813 3673 cou-

224 3715 452 3770 deretur
507 3729 704 3785 corpus
760 3713 1008 3778 tumulo,
1063 3712 1312 3767 videntes
1364 3709 1708 3779 Berengerus
1761 3715 1817 3762 et

224 3806 494 3870 Alannus,
523 3807 811 3876 ceterique
844 3805 1112 3871 Britones,
1158 3818 1368 3859 necnon
1415 3801 1818 3856 Northmanno—

227 3915 354 3952 rum
385 3898 659 3969 principes
693 3897 946 3953 dixerunt
984 3897 1209 3952 nimiutn
1239 3893 1539 3966 ejulantes:
1569 3915 1587 3940 ι
1629 3892 1819 3948 Senio-

227 3992 533 4059 rent,proh
586 3988 775 4044 dolor!
806 3988 1161 4060 perdidimus,
1210 3987 1480 4044 seniorem
1534 3986 1818 4041 unanimes

227 4082 514 4137 faciamus.
553 4101 572 4134 ι
607 4080 758 4136 Illico
794 4089 1001 4136 sancta:
1048 4079 1444 4136 recordationis
1471 4093 1698 4150 puerum
1729 4091 1819 4132 no-

227 4173 379 4227 mine
404 4170 736 4227 Richardum
763 4169 1216 4237 inthronizantes,
1241 4170 1492 4239 illiusque
1514 4167 1818 4224 voluntarie

227 4263 411 4318 effecti
442 4261 646 4330 ﬁdeles,
678 4262 922 4318 fecerunt
951 4275 1020 4318 ex
1048 4277 1114 4318 eo
1135 4263 1326 4318 ducem
1358 4261 1459 4316 sibi
1508 4260 1815 4316 unanimes.

229 4354 535 4425 Complevit
579 4354 760 4424 itaque
789 4353 1192 4410 sacratissimus
1237 4353 1347 4408 dux
1399 4351 1720 4408 Cuillelmus
1764 4357 1821 4406 et

228 4457 442 4517 martyr
487 4444 691 4500 Christi
736 4445 1162 4518 gloriosissimus
1215 4444 1404 4517 agonis
1455 4443 1537 4498 sui
1597 4456 1817 4497 cursum

228 4554 376 4593 anno
424 4536 493 4593 ab
543 4537 922 4595 lncarnatione
969 4537 1181 4594 Domini
1240 4536 1366 4602 945,
1394 4550 1489 4590 xm
1547 4533 1816 4589 Kalendas

226 4629 496 4694 Januarii,
531 4644 656 4701 rege
707 4629 986 4686 Ludovico
1032 4643 1257 4700 regnum
1287 4627 1528 4682 Francize
1577 4633 1812 4689 tenente,

230 4721 344 4774 Deo
379 4721 498 4774 vivo
525 4729 578 4774 et
606 4735 733 4776 vero
762 4730 1026 4792 regnante
1075 4721 1130 4776 in
1179 4718 1461 4774 Trinitatis
1483 4716 1816 4788 plenitudine

229 4820 287 4866 et
320 4811 544 4867 unitatis
565 4810 868 4882 majestate.

854 4919 1154 4961 APOSTROPII
1162 4922 1188 4958 Δ
1199 4944 1212 4958 .

233 4996 438 5052 Erutus
471 4997 709 5068 mquorei
735 5007 1015 5054 crescente
1049 4996 1278 5052 tumoris
1305 4997 1372 5052 ab
1401 5003 1532 5050 testu
1551 5035 1565 5059 ,

236 5088 491 5160 Syrtibus
514 5100 569 5148 et
613 5089 824 5157 nocuis,
852 5091 1056 5160 pariter
1088 5089 1340 5145 sorbente
1360 5087 1662 5160 Charybde,

232 5182 547 5254 Multiplicis
577 5185 798 5241 cumulo
824 5185 1016 5242 diﬂ'uso
1040 5185 1289 5251 turbinis,
1319 5193 1480 5255 atque

236 5275 429 5331 Ventis
457 5277 805 5348 mixturaque
834 5273 993 5332 simul
1020 5275 1285 5331 volventis
1307 5289 1507 5330 arente.

239 5368 380 5425 Vasa
407 5370 586 5426 ferens
618 5371 810 5442 figulus
838 5369 1066 5442 fragilis,
1095 5370 1198 5426 heu
1231 5369 1244 5423 !
1281 5365 1552 5434 materiei,

237 5462 319 5516 Ad
348 5470 565 5532 portum
595 5460 737 5517 latus
757 5477 876 5517 sum
914 5469 1235 5532 tempestate
1263 5461 1529 5532 privatum
1561 5477 1575 5513 :

238 5550 371 5619 Quae
406 5551 515 5619 via,
556 5552 686 5617 vita.
716 5551 882 5618 salus,
911 5553 1164 5607 meritum
1196 5550 1432 5615 culmen,
1462 5549 1584 5605 lldci
1611 5563 1752 5620 spes.

239 5642 466 5711 Quoque
492 5657 692 5697 corona
723 5643 884 5698 datur
915 5659 1122 5699 merces
1147 5643 1358 5698 sudoris
1383 5643 1628 5709 honesta,

239 5735 374 5790 (Σωιί
410 5734 728 5790 muneribus
758 5736 901 5804 quod
930 5734 1075 5806 digni
1103 5733 1504 5800 mttnilicaatttr,

240 5827 456 5883 Octava!
482 5825 645 5881 sortis
668 5825 867 5880 natalia
897 5841 1110 5897 quoque
1134 5834 1416 5883 novantur.

406 5940 684 6001 Pnnor.
734 5937 952 6000 CXLI.

1839 3212 1888 3277 ο

1848 4582 1893 4642 D

1931 593 1999 648 Ut
2035 608 2158 648 rcor
2184 601 2276 646 aut
2307 592 2558 664 cuiquam
2583 590 2738 655 dare,
2772 605 2874 645 nec
2899 589 3106 644 licitare
3136 587 3342 644 vah-lo.

1929 684 2129 740 Verum
2166 684 2440 740 littoribus
2461 683 2612 753 ponti
2650 682 2879 738 contrita
2900 679 3179 752 jacebunt.

1928 776 2024 832 Est
2050 776 2187 832 alias
2218 785 2407 848 portus
2434 776 2650 831 diverso
2678 775 2796 847 (sic)
2827 791 3005 830 merce
3030 774 3289 844 repletus,

1928 871 2046 936 Quo
2071 870 2224 925 vario
2253 869 2398 940 digni
2431 879 2742 924 mercantur
2767 867 2982 933 fenore,
3011 880 3276 939 Sumptus.

1928 958 2046 1024 Quo
2068 959 2225 1012 datur
2248 959 2534 1030 imperium
2556 959 2874 1014 certaminis
2899 959 3344 1025 emolumentum,

1927 1053 2218 1108 Exanimes
2243 1064 2394 1108 artus
2419 1052 2638 1107 Christo
2665 1067 2772 1122 quo
2804 1051 3166 1118 vivificantur,

1929 1147 2082 1202 llunc
2110 1162 2328 1218 pergam
2363 1147 2522 1217 plena
2549 1147 2765 1203 diverso
2793 1163 2975 1204 merce
3000 1148 3210 1203 carina.

1931 1237 2018 1294 Sit
2042 1239 2155 1308 jam
2183 1238 2406 1294 fortuita
2440 1240 2644 1310 digesta
2669 1241 2783 1305 diu,
2808 1239 3171 1310 excipientur,

1928 1332 2004 1387 Ne
2034 1333 2210 1402 patiar
2238 1332 2432 1403 ﬁgulus
2455 1348 2680 1388 sannam
2714 1341 2822 1388 tam
2851 1333 3198 1388 ridiculosum
3225 1333 3372 1404 (sic),

1923 1422 2102 1493 Atque
2131 1423 2331 1494 operis,
2361 1424 2640 1494 nostrique
2663 1425 2864 1480 laboris
2901 1425 3308 1480 detrimentum.

2013 1532 2362 1573 EXIIORTATIO
2400 1533 2467 1571 AD
2506 1532 2694 1583 MUSAS,
2736 1534 2805 1572 UT
2845 1533 3054 1573 CANANT
3094 1528 3423 1572 κιειιλιιυωι.

1996 1608 2211 1664 Florida
2238 1609 2523 1664 clarisona:
2548 1610 2718 1664 solitae
2743 1619 2829 1666 sat
2858 1610 3100 1666 carmina
3132 1608 3320 1674 Musae,

2138 1699 2390 1755 Tinnitus
2415 1700 2633 1755 modulo
2662 1701 2894 1771 psallere
2918 1699 3192 1756 multilidi.

1995 1792 2134 1861 Clio,
2164 1793 2514 1866 Melpomene,
2539 1795 2915 1868 Polyhymnia,
2939 1798 3124 1862 Erato,
3154 1795 3362 1852 Thalia.

2137 1886 2516 1959 Terpsichore,
2545 1889 3080 1962 Euterpe,Calliope,
3108 1890 3339 1946 Eurauia
3366 1889 3506 1962 (at).

1994 1977 2334 2048 Praecipuum
2364 1981 2533 2052 lyrico
2559 1998 2754 2037 munus
2787 1992 3078 2038 resonante
3109 1983 3270 2038 beatu

2139 2069 2413 2124 Dulcisoni
2443 2082 2656 2128 cantus.
2692 2072 2840 2128 vocis
2863 2083 2920 2130 et
2952 2072 3203 2128 altivolte.

1996 2157 2232 2216 Patricio
2256 2160 2473 2228 celebri,
2503 2163 2796 2233 comitique
2825 2164 3058 2234 ducique
3081 2163 3341 2230 verendo,

2136 2250 2236 2318 Qui
2264 2251 2469 2307 studuit
2491 2268 2710 2308 summo
2748 2255 2849 2310 rite
2875 2255 3093 2324 placere
3121 2255 3248 2311 Dco.

1997 2341 2235 2412 Quaeque
2261 2353 2422 2398 canat
2448 2353 2688 2400 vestrum
2719 2345 3034 2416 singillatim
3062 2357 3186 2417 peto
3213 2347 3365 2402 dulce
3384 2387 3399 2413 ,

2137 2432 2348 2488 Alterni
2377 2435 2536 2490 metri
2566 2447 2807 2508 syrmate
2829 2437 3100 2515 dissimili.

2621 2544 2741 2585 (ΖΜΟ
2777 2545 2816 2584 ι.

2069 2615 2132 2671 Ni
2161 2626 2345 2674 nostra
2372 2633 2438 2675 en
2468 2619 2660 2676 stolida
2688 2635 2845 2678 sensa
2867 2620 3142 2678 silentium

2069 2708 2408 2779 'l‘orpescens
2430 2723 2705 2782 promeret
2739 2721 2794 2767 et
2815 2713 3160 2768 taciturnitas
3174 2755 3187 2779 ,

2064 2798 2442 2872 interpresque
2471 2803 2610 2859 foret
2638 2803 2879 2859 historia:
2906 2819 3082 2860 sacrae

2064 2890 2233 2946 Plano
2263 2893 2532 2964 digereret
2556 2894 2650 2965 qui
2681 2895 2870 2951 ordine
2901 2899 3129 2967 mystica
3155 2913 3169 2949 :
3239 2886 3250 2895 ’

2059 2985 2364 3044 Richardus
2387 3004 2574 3046 comes
2601 2999 2655 3047 et
2678 2992 2922 3051 marcbio
2955 3004 3232 3059 Strenuus,

2064 3077 2177 3132 Dux
2205 3089 2260 3134 et
2280 3080 2539 3150 patricius
2567 3082 2827 3139 emeritus
2856 3085 3081 3154 probus,

2061 3171 2190 3238 Quae
2211 3172 2376 3243 gestit
2403 3187 2600 3231 canere
2627 3176 2931 3233 collibitum
2954 3177 3095 3234 foret

2066 3262 2322 3321 Mortales
2337 3279 2500 3322 curas
2529 3267 2763 3323 disserui
2787 3269 2935 3339 quia.

2060 3355 2208 3412 Juris
2237 3372 2470 3429 namque
2490 3361 2594 3416 mei
2628 3363 2873 3420 credibili
2900 3365 3113 3430 ordine,

2061 3446 2264 3503 Rerum
2297 3449 2557 3508 historias
2580 3454 2804 3510 reddere
2828 3457 3061 3525 posteris

2061 3538 2290 3595 Factum
2317 3557 2462 3598 nunc
2494 3544 2732 3614 typicum
2763 3547 3007 3602 carmine
3033 3546 3254 3604 dissono

2065 3633 2268 3691 Dedam
2292 3634 2622 3708 doctiloquis
2653 3639 2853 3710 quippe
2881 3641 3178 3697 sororibus.

2681 3744 2744 3786 ιι.

2063 3817 2314 3877 Delector
2335 3819 2507 3893 lyrico
2533 3821 2635 3878 boa
2648 3837 2704 3877 re
2731 3830 2930 3886 metro,

2063 3913 2115 3969 ls
2143 3914 2324 3984 qualis
2347 3913 2512 3970 fuerit
2534 3930 2718 3970 comes
2748 3915 3018 3972 verendus

2060 4007 2130 4062 Et
2153 4017 2356 4078 quanta
2383 4008 2554 4079 viguit
2583 4007 2864 4064 beatitate.
2949 3999 2967 4004 ’

2058 4101 2219 4156 Adsit
2244 4097 2583 4158 conceleb’ris
2613 4103 2847 4173 phalanx
2869 4115 3142 4166 sororum,

2060 4190 2266 4247 Mecum
2294 4190 2410 4261 ejus
2434 4193 2686 4248 meritum
2724 4202 3130 4263 recenseatque.
3203 4213 3206 4216 ~

2062 4280 2282 4340 Turmis
2311 4285 2572 4356 angelicis
2601 4284 2814 4342 fatebor
2838 4294 3003 4356 atque

2062 4373 2221 4447 Jungi
2250 4391 2348 4446 pro
2377 4376 2586 4432 meritis
2617 4373 2894 4432 beatitatis

2064 4464 2219 4520 Hunc
2249 4465 2450 4522 Christi
2479 4463 2761 4532 famulum,
2788 4465 3038 4536 probum,
3061 4463 3382 4538 benignum;

2064 4559 2272 4614 Censor
2296 4574 2418 4614 cum
2445 4558 2676 4614 famulos
2705 4559 3100 4626 remunerabit,

2066 4651 2305 4707 Perdens
2335 4649 2613 4720 suppliciis
2639 4666 2758 4706 reos
2785 4647 3057 4721 malignis.

2066 4840 2230 4896 Istum
2253 4839 2364 4908 jam
2397 4838 2690 4893 mediatum
2719 4831 3061 4894 conciliarier

2067 4930 2305 4996 Turmis,
2337 4930 2703 5001 archipatrutn
2727 4944 2826 5001 pro
2863 4926 3072 4984 meritis
3098 4925 3213 4984 suis
3233 4966 3249 4992 ,

2067 5029 2174 5084 Pro
2202 5027 2564 5095 mirabilibus,
2588 5042 2798 5099 proque
2822 5026 3131 5098 vigentibus

2064 5118 2243 5174 Factis
2272 5118 2533 5182 mirificis,
2568 5133 2772 5189 proque
2794 5113 3140 5182 monasticis,

2067 5210 2236 5282 Digne
2257 5225 2376 5280 qua:
2401 5209 2642 5275 rutilant,
2672 5224 2902 5280 quaeque
2924 5217 3144 5264 manent
3171 5205 3368 5264 adhuc.

2064 5303 2276 5358 Archos
2306 5302 2588 5358 melliﬂuus
2607 5317 2833 5374 corpore
2860 5301 3083 5371 sospite.

2066 5394 2199 5450 Nam
2238 5396 2452 5452 decreta
2478 5403 2690 5465 patrum
2714 5411 2834 5465 qua:
2865 5395 3105 5450 retinent
3129 5409 3308 5460 sacra,

2065 5485 2263 5540 Mundo
2289 5484 2416 5539 dum
2439 5485 2628 5554 viguit,
2657 5493 2852 5540 cuncta
2879 5493 3138 5556 operatus
3156 5494 3259 5541 est.

2067 5576 2263 5632 Dilexit
2296 5575 2582 5631 Dominum
2609 5576 2772 5632 corde
2802 5575 2890 5646 pio
2920 5576 3109 5642 Deum,

2071 5667 2242 5738 Digno
2270 5677 2354 5724 ast
2375 5675 2432 5722 ut
2465 5682 2680 5738 quoque
2709 5682 2768 5723 se
2797 5667 3001 5724 lmdere
3030 5667 3354 5738 proximam.

2683 5775 2754 5816 IV.

2068 5849 2124 5906 Si
2154 5848 2335 5906 cﬂieav
2367 5846 2550 5909 nostra
2580 5860 2633 5910 et
2668 5861 2886 5912 caneret
2915 5851 3181 5913 voluntas,

2477 5949 2481 5954 ’
2955 5955 2962 5970 ⁸
3107 5950 3188 6004 22
