4032 6388
1509 352 1810 412 DUDONIS
1847 352 2101 411 θερΑΝι
2139 352 2198 410 S.
2244 352 2550 422 QUINTINI
2583 352 2960 413 VIROMAND.
3724 364 3800 421 ou

754 465 993 535 Qualiter
1010 466 1168 535 vixit,
1197 466 1493 540 viguitque.
1521 466 1667 535 fecit,
2210 457 2258 512 Α
2429 471 2681 544 Gougruo
2713 473 2861 529 cultu
2898 470 3173 544 repereris
3203 470 3341 542 iam,

754 555 1083 623 Scrilterem,
1115 573 1305 614 sensus
1334 558 1458 614 licet
1481 558 1758 628 improbus
1788 557 1888 624 sit,
2432 563 2672 633 Usquam
2702 573 2758 620 et
2781 564 3067 635 patricium
3091 564 3345 633 conspice
3368 577 3695 634 quemquam.

758 644 983 702 Vatibus
1011 648 1152 717 quod
1184 650 1445 706 condecet
1474 650 1615 705 hunc
1643 648 1817 704 natari
2426 654 2623 711 Nostro
2657 671 2890 727 namque
2925 657 3065 726 patri
3093 669 3327 727 congrua
3358 664 3551 711 cuncta

753 734 1141 801 Marchiouem,
1170 738 1809 808 patriciumquejustum,
2430 744 2486 798 lu
2518 745 2730 800 cunctis
2755 754 3008 799 constant
3036 745 3249 800 actibus
3270 744 3397 798 ista.

756 825 819 879 Et
846 825 1037 882 ducem
1067 837 1337 894 sanctum,
1369 830 1624 884 comitem
1650 832 1965 885 verendum.
2430 837 2675 906 Cumque
2699 847 2920 908 cogetur
2941 839 3155 905 agmine
3183 851 3382 908 magno

757 914 995 986 Mysticis
1026 932 1150 971 nam
1187 920 1329 988 quod
1354 919 1601 974 retulere
1623 919 1802 974 verbis
2433 930 2687 985 Censoris
2716 929 2860 984 rutili
2892 930 3121 984 mundus
3148 930 3217 983 ad
3244 945 3338 983 ora
3367 945 3382 983 :

758 1006 931 1062 Corde
959 1023 1201 1079 praesago
1231 1010 1515 1081 typ'moque
1537 1020 1708 1074 vates,
2436 1020 2681 1089 Cumque
2709 1030 2763 1077 et
2786 1021 3115 1093 apostolicus
3143 1020 3232 1077 ille
3261 1029 3487 1077 senatus

757 1097 1000 1153 Credidit
1026 1100 1220 1167 solers,
1252 1102 1504 1158 recitavit
1535 1112 1696 1173 atque
2436 1112 2650 1168 Sederit
2677 1114 2730 1168 in
2757 1115 2883 1169 sede
2903 1112 3183 1181 iudiciali;

759 1189 1042 1263 Menteque
1064 1193 1288 1261 audivit,
1314 1193 1665 1265 meminitque
1686 1207 1862 1249 sacra.
2436 1202 2746 1260 Richard“
2777 1205 2939 1261 mmo
2965 1206 3079 1275 ipse
3109 1204 3261 1261 sedili

1376 1299 1433 1342 νο
2437 1293 2712 1349 Subnixus
2737 1296 2965 1360 meritis,
2992 1295 3258 1358 moribus,
3287 1302 3454 1366 atque

760 1372 1062 1430 Memorans
1086 1389 1250 1430 vocer
1271 1391 1581 1447 quanquam
1612 1375 1788 1447 placet
1812 1389 1933 1446 quae
1955 1389 2156 1441 uicere,
2440 1387 2516 1441 De
2547 1402 2742 1458 magno
2770 1387 2901 1442 orbe
2936 1386 3078 1442 feret
3100 1386 3336 1458 juraque
3363 1386 3526 1457 leges.

760 1463 1051 1521 Sororibus
1080 1466 1279 1534 dicam,
1304 1467 1427 1523 licet
1445 1469 1557 1538 jam
1588 1467 1828 1531 stultior,
2437 1477 2681 1547 Cumque
2709 1477 3042 1549 martyribus
3068 1477 3227 1533 fortia
3260 1477 3436 1531 sacris

759 1557 1078 1616 Perenniter
1106 1560 1287 1632 fruges
1306 1560 1496 1617 salutis
1524 1569 1743 1626 nostrae,
1774 1558 1972 1631 quibus
2438 1568 2690 1635 Praemia,
2714 1568 3011 1639 prudenter
3029 1568 3213 1637 judice
3236 1567 3463 1625 Christo

759 1651 1012 1709 Adolevit
1038 1653 1170 1709 orbe
1192 1654 1295 1710 isto
1321 1663 1375 1709 et
1399 1654 1551 1717 lides,
1574 1668 1700 1723 spes
1719 1663 1774 1707 et
1797 1653 1991 1724 gloria,
2440 1658 2684 1714 Portabit
2706 1674 2914 1715 roseam
2938 1660 3027 1715 ille
3053 1674 3314 1715 coronam

755 1741 1133 1854 apostolorum
1162 1746 1390 1801 coetibus
1413 1744 1843 1817 splendentibus,
2228 1795 2272 1854 Β
2437 1750 2545 1806 Pro
2572 1766 2677 1820 qua
2705 1750 2990 1821 pertulerit
3014 1750 3150 1806 calle
3170 1750 3437 1805 secundo.

829 1848 1005 1854 ______#
1038 1834 1205 1854 ,μω
1711 1833 1903 1854 ,μμ-μ
1944 1831 2167 1854 __-.__-_.
2448 1842 2484 1854 ..
2896 1844 2907 1854 .
2952 1851 2960 1854 Α
3347 1842 3361 1854 .

759 1831 1009 1904 Magnum
1022 1831 2272 1905 ducem,sanctutn,pium,justum,probum,,"
2444 1842 2689 1910 Cumque
2717 1844 3030 1898 sacerdotes
3062 1857 3243 1899 merce
3274 1840 3498 1908 calenti,

761 1928 949 1983 Ausim
977 1926 1308 1982 Ricbardum
1334 1927 1971 1999 marehioncmjungere,
2440 1931 2548 1987 Pro
2573 1948 2738 1987 carne
2765 1932 3022 1999 edomita,
3053 1931 3238 1988 fenore
3264 1932 3410 1987 lucri

761 2020 999 2078 Numero
1027 2021 1152 2077 licet
1176 2020 1221 2076 si
1253 2037 1384 2087 non,
1408 2036 1512 2077 nco
1530 2021 1636 2076 ullo
1656 2032 1933 2091 compottt,
2442 2022 2646 2079 Ordine
2674 2040 2772 2095 pro
2798 2025 2978 2079 meriti
3005 2023 3120 2093 jam
3150 2024 3435 2096 penetrale

763 2112 954 2170 Merito
982 2123 1163 2169 tamen
1188 2113 1439 2175 mirabili,
1468 2128 1623 2169 sacer
1652 2113 1778 2183 quia
2444 2118 2718 2173 intrarent
2750 2119 2900 2189 regni
2926 2117 3050 2187 jure
3070 2118 3314 2189 superni,

761 2203 968 2261 Meritis
995 2204 1187 2260 Petrus
1212 2218 1320 2260 non
1359 2204 1561 2260 invidet
1588 2217 1742 2275 mque
1768 2202 1895 2274 piis.
2445 2208 2632 2263 Palma
2657 2209 2868 2263 victrici
2904 2223 3051 2264 ecce.
3096 2247 3112 2263 .
3154 2247 3171 2264 .
3211 2244 3230 2264 .
3271 2245 3292 2265 .

1370 2310 1445 2351 γι.
2128 2314 2132 2317 ‘
2444 2298 2682 2369 Optime,
2709 2299 2940 2366 dicetur,
2970 2299 3184 2371 excipe,
3210 2312 3394 2365 serve,

763 2385 1046 2443 lnveniens
1064 2384 1296 2441 similem
1322 2386 1507 2442 comiti
2445 2390 2678 2448 Maxima
2701 2407 2798 2463 pro
2821 2393 3025 2463 parvis,
3053 2407 3207 2465 euge,
3240 2392 3437 2449 ﬁdelis.

760 2478 957 2535 Lector
978 2477 1173 2544 amice,
1197 2477 1327 2547 mihi
1354 2491 1535 2533 resera
1561 2493 1576 2544 ;
3052 2500 3127 2541 rx.

762 2570 853 2626 ille
884 2571 1007 2641 quis
1039 2578 1123 2625 est
1150 2573 1312 2626 modo
1340 2569 1635 2640 terrigena,
2450 2576 2618 2633 Terra
2652 2576 2805 2633 ferax
2839 2576 3070 2633 trimoda
3099 2579 3225 2633 beat
3254 2576 3461 2632 almum

761 2662 829 2717 Ut
854 2662 1050 2734 populo
1080 2663 1220 2720 bona
1248 2664 1340 2734 qui
1364 2662 1569 2730 tulerit,
2443 2668 2673 2725 Profuse
2708 2671 2959 2726 ubertate
2984 2669 3259 2726 colonum.

761 2755 972 2825 Totque
994 2770 1204 2823 cruces,
1229 2756 1452 2826 probra,
1475 2754 1708 2811 tormina
1728 2760 1884 2823 quot,
2442 2760 2535 2816 Sic
2566 2775 2728 2816 verus
2754 2761 2940 2816 docuit
2965 2770 3116 2817 sator
3143 2761 3272 2816 almi

764 2847 995 2902 Numine
1019 2860 1119 2916 pro
1153 2844 1277 2901 lidei
1305 2844 1493 2902 habili.
2452 2850 2613 2907 Verbi
2639 2851 2839 2906 mundo
2862 2852 3070 2907 semina
3096 2853 3345 2907 mittens.

763 2937 887 2993 Rite
915 2936 1154 2993 coercuit
1181 2934 1492 3002 indomitos,
2443 2944 2576 2999 Cum
2600 2943 2836 3000 referent
2856 2943 2947 3000 alii
2972 2943 3259 2999 rutilantes

767 3030 986 3087 Restiti!
1007 3029 1208 3085 acriter
1235 3036 1397 3100 atque
1424 3027 1608 3093 03039,
2444 3034 2573 3091 Jama
2589 3035 2787 3092 nitidos
2813 3051 2977 3108 super
3002 3046 3153 3092 astra
3184 3032 3508 3106 manipulos,

763 3123 1094 3196 llartyribus
1113 3122 1290 3178 socius
1318 3118 1529 3177 meritis
2228 3149 2276 3212 ε
2446 3124 2676 3182 Praemia
2708 3127 2942 3198 quisque
2967 3127 3051 3183 sui
3078 3128 3381 3197 repetendo

764 3215 1029 3286 Perpetua
1059 3214 1255 3271 fruitur
1283 3213 1490 3284 requie.
2444 3217 2732 3272 Certantes
2755 3232 2854 3289 pro
2880 3226 3036 3288 parte
3063 3215 3292 3283 laboris,

1363 3321 1461 3360 νη.
1940 3292 1944 3298 ’
2447 3307 2784 3365 Richardum
2813 3323 3009 3365 cernes
3034 3308 3253 3364 radiare

762 3400 1062 3456 lnstruetus
1090 3396 1382 3469 sapientia,
2450 3398 2644 3455 Ternis
2672 3399 2726 3455 in
2751 3399 2984 3456 sublime
3009 3399 3249 3456 coronis.

763 3488 1050 3544 Delectaus
1074 3486 1500 3556 religionemque
1814 3494 1817 3497 '
2449 3490 2567 3561 Ipse
2595 3491 2650 3545 in
2679 3505 2951 3561 sexagena
2979 3490 3255 3561 profectus

765 3582 978 3650 Quanto
1007 3577 1321 3650 pontiﬁcum
1351 3590 1538 3631 sacras
2449 3583 2492 3637 Δ
2522 3590 2606 3637 ter
2630 3581 2785 3638 denis
2810 3581 3031 3638 numine
3054 3581 3180 3637 divo
3242 3646 3245 3649 η

763 3672 985 3728 Ornavit
1017 3670 1302 3727 cathedras
1327 3665 1470 3732 vide,
2446 3675 2492 3729 Α
2520 3672 2655 3729 laeva
2684 3672 2911 3745 vestigia
2934 3671 3090 3728 duxit

764 3762 865 3819 Hic
892 3763 1018 3828 (Ιιιιν
1042 3759 1319 3833 Pallidus,
1342 3771 1547 3813 comes-
2445 3765 2503 3820 in
2532 3765 2782 3823 dextram
2812 3764 2942 3822 hinc
2973 3779 3187 3836 semper
3211 3762 3491 3820 luculento

764 3858 906 3926 Quot
932 3864 1015 3912 sat
1039 3868 1271 3925 namque
1295 3851 1450 3907 vides
1478 3849 1676 3906 adhuc.
1718 3928 1725 3935 Ι
2334 3900 2341 3905 ,
2453 3856 2705 3929 Virginea
2732 3857 3036 3914 diademate
3066 3855 3192 3914 felix
3209 3873 3225 3922 ;

763 3946 879 4004 Non
909 3946 989 4001 las
1017 3944 1196 4001 dicere
1225 3942 1480 4014 plurima,
2446 3947 2760 4021 Virginibus
2787 3947 3003 4005 dabitur
3027 3952 3212 4004 comes
3237 3946 3347 4010 ille,

2451 4043 2666 4114 Agnum
2705 4041 3211 4112 praepulcbrumque
3236 4046 3516 4111 sequatur,

2448 4133 2518 4189 Et
2538 4143 2727 4205 perget
2750 4148 2994 4205 gressum
3028 4132 3209 4189 tulerit
3232 4147 3365 4202 quo,

2450 4228 2653 4285 Psallet
2679 4229 2823 4300 quod
2849 4226 3031 4284 natale
3051 4226 3265 4298 pudicis

766 4310 883 4365 Dux
908 4317 965 4364 et
991 4304 1235 4362 marcliio
1262 4312 1503 4359 sanctus.
2452 4324 2713 4381 Ᾱειιιει-εε
2742 4322 3023 4378 dulcedine
3050 4334 3270 4379 ωτηιοιι

766 4400 1026 4470 θυιδαμ-ξε
1045 4397 1157 4467 jam
1186 4395 1482 4468 pepigisset

2436 4417 2502 4472 in
2525 4416 2708 4488 quinis
2739 4429 2992 4471 resonam
3024 4410 3428 4468 tetrachordis:

764 4492 911 4548 Casti
935 4489 1141 4546 foedera
1164 4486 1309 4556 lecti,
2238 4497 2287 4556 Il
2451 4486 2657 4563 Tantus
2681 4516 2741 4561 ut
2774 4505 2860 4561 bis
2886 4504 3041 4560 ﬂeret
3069 4511 3182 4569 tua,
3203 4501 3442 4561 Christe.

766 4581 999 4648 Sinceri,
1021 4578 1289 4650 licitique,

2452 4597 2683 4652 Exstant
2705 4594 2911 4660 munia,
2943 4593 3035 4663 qui
3059 4605 3221 4662 super
3244 4598 3427 4646 exstas

764 4037 866 4106 Qui
889 4036 1033 4101 nullo
1056 4034 1281 4091 inferior
1307 4031 1432 4099 fuit,

764 4129 872 4185 Sed
901 4124 1242 4199 praestantior
1262 4121 1501 4194 exstitit.f

765 4216 1179 4275 Confessoribus
1206 4214 1421 4270 additus

766 4675 942 4731 Causa
976 4669 1333 4744 posteritatis,

765 4768 929 4824 Serto
955 4764 1219 4839 virgineo,
1243 4762 1365 4832 quis

767 4859 923 4916 Nune
952 4849 1254 4913 subducere
1282 4850 1495 4907 tentet?

767 4950 885 5006 Non
914 4964 1067 5004 meus
1092 4945 1308 5002 conseia
1333 4940 1495 5007 recti,

767 5045 970 5101 Labem
999 5056 1156 5114 passa
1181 5037 1426 5111 pudoris.

767 5137 969 5192 Verum
1008 5140 1158 5190 casta
1185 5130 1468 5187 remansit.

1347 5235 1467 5277 VIII.

767 5319 1034 5385 Adducta,
1054 5316 1256 5380 lector,
1288 5328 1432 5369 nunc
1458 5309 1689 5376 ratione,

770 5412 873 5469 Per
901 5420 1124 5466 cunctos
1146 5409 1385 5463 animum
1410 5406 1597 5461 ordine
1622 5409 1842 5457 sanctos

770 5502 1048 5573 Propenso
1082 5515 1240 5556 sensu
1268 5497 1485 5569 porrige
1516 5493 1726 5550 solers:

772 5595 830 5651 Si
865 5603 1048 5649 nostro
1078 5591 1215 5663 patri
1247 5589 1678 5651 convenientem,

772 5685 977 5750 Factis,
1005 5693 1060 5738 ct
1090 5682 1316 5745 meritis,
1345 5687 1399 5734 et
1426 5676 1705 5732 famulatu.

773 5776 947 5833 Divini
980 5772 1224 5844 obsequii
1261 5771 1390 5824 orbe
1425 5767 1649 5833 labenti,

2451 4688 2518 4742 Et
2546 4685 2624 4742 nil
2649 4695 2857 4741 rectum
2888 4699 2996 4755 quo
3021 4684 3126 4739 line
3154 4687 3392 4747 constat,

2449 4779 2510 4834 Et
2532 4792 2653 4834 cum
2684 4791 2792 4847 quo
2817 4782 2944 4831 sunt
2971 4774 3155 4830 omnia
3183 4782 3354 4830 recta.

2555 4924 2836 4965 PREFATIO
2872 4924 2941 4964 Αἰ)
2978 4923 3266 4964 Ρκεευιειι
3304 4915 3623 4964 ΒΟΤΙΕΙΠΕΙ.

2589 5020 2745 5078 Licet
2774 5022 3023 5092 imperita
3049 5019 3193 5077 fandi

2592 5120 2880 5188 llabearis,
2901 5133 2957 5178 et
2980 5123 3233 5195 priveris,

2598 5211 2803 5291 Exsors
2825 5213 3179 5284 scientiaeque

2592 5300 2830 5368 Maneas,
2861 5304 3111 5368 moreris,
3138 5311 3337 5371 exstes,

2592 5392 2887 5451 Rhetorica
2918 5411 3132 5468 sapore,

2592 5485 2659 5539 Et
2686 5484 2871 5555 hebes,
2898 5501 3104 5553 seeors,
3134 5487 3414 5555 inersque;

2594 5576 2878 5643 Phaleras,
2905 5593 2938 5633 ο
2964 5591 3232 5643 ca-mtnna,
3261 5590 3420 5646 parvo

2592 5668 2788 5723 Nostro
2814 5683 2942 5739 para
2970 5666 3167 5723 libello.

2594 5761 2857 5832 Eliuguis,
2878 5750 3049 5829 atque
3074 5760 3237 5816 stulta
