4032 6388
562 320 652 376 DE
687 319 932 378 GESTIS
971 315 1402 376 ΝΟΒΜΑΝΝΙΑΞ
1440 315 1681 376 DUCUM
1717 310 1898 372 LIBRI
1939 307 2137 374 TBES.

1835 310 1898 372 Rl
1939 307 2137 374 TBES.
2182 346 2252 358 -κ
2287 268 2415 373 LIB.
2455 317 2540 376 111.
2583 316 3000 375 RlCllARDUS.
3325 318 3427 376 686

426 423 681 489 Rationis
715 430 1004 488 universae.

427 526 640 582 Resera
667 527 820 582 ducis
847 527 1016 591 sacri.

430 618 761 689 Patriciique
783 617 936 688 justi,

428 713 494 768 Et
520 711 851 767 marchionis
883 709 1012 764 almi

427 802 731 858 Luculenta
761 809 909 872 gesta
945 800 1172 870 scripto.

430 893 598 951 Velut
629 910 689 950 es
719 903 1018 965 potensque
1043 893 1205 959 scitu,

423 987 578 1044 Bona
601 1000 722 1058 qua:
749 986 959 1058 peregit
989 986 1125 1056 ipse,

423 1077 698 1150 Operatus
728 1088 812 1134 est
839 1086 1139 1147 superstes,

426 1169 671 1224 Memora
700 1169 915 1224 calente
934 1181 1084 1222 vero.

424 1261 699 1328 Quoniam
735 1261 892 1316 decet
920 1273 1017 1329 per
1043 1268 1206 1316 omne

420 1353 626 1408 Comiti
659 1369 819 1408 sacro
851 1352 1148 1419 Richardo,

421 1444 605 1510 Justo,
633 1447 746 1517 pio,
775 1447 1044 1513 modesto,

419 1533 634 1592 Jubilos
664 1537 869 1593 referre
895 1551 1162 1594 summos.

427 1626 640 1694 Exstet,
667 1643 955 1699 precemur
974 1644 1184 1695 omnes,

425 1721 501 1775 illi
527 1737 627 1792 per
650 1737 812 1777 omne
839 1713 1096 1778 satcu‘lum

433 1816 699 1888 Requies,
733 1818 902 1884 salus,
931 1819 1204 1889 decusque

424 1908 494 1964 Et
520 1908 712 1980 gloriae
744 1909 1171 1964 incrementum.

427 2001 641 2058 Deitate
668 2002 957 2058 Trinitatis

425 2092 764 2149 Moderantis
793 2108 955 2149 omne
983 2091 1246 2164 quidquid

434 2184 654 2253 Exstat,
691 2185 856 2254 valet,
885 2185 1162 2256 vigetque.

703 2296 835 2337 ΙΤΕΜ
883 2296 1187 2338 ΡΒᾸΞΈΑΠοι

426 2371 547 2430 Ulla
580 2388 689 2428 non
716 2373 863 2430 canit
895 2387 1170 2428 camoeua.

423 2466 524 2521 Cui
555 2466 814 2536 loquendi
848 2465 1008 2538 copia

429 2554 722 2611 Blaterans
747 2554 962 2618 stridet,
994 2551 1079 2610 vel
1106 2549 1246 2609 desit

425 2645 673 2713 Pusioni,
708 2655 766 2700 ut
803 2646 1035 2702 adsolet.

429 2735 665 2802 Inscius,
693 2750 901 2800 socors,
934 2735 1232 2806 hebesque,

429 2827 811 2899 Omnibusque
839 2827 1082 2892 stultior,

430 2917 795 2989 Frivolusque
828 2919 1077 2990 quamvis
1099 2928 1334 2983 exstcm,

438 3011 704 3082 lmpedite
730 3011 1013 3082 garriens:

423 3101 593 3157 Gesta
618 3100 815 3172 digessi
844 3100 994 3156 vides
1022 3107 1081 3155 ut

433 3194 685 3266 lmpolito
711 3193 915 3248 famine

432 3285 653 3356 Inclyti,
677 3285 913 3356 bonique
947 3284 1080 3355 justi

435 3374 770 3432 Marchionis
795 3377 1026 3440 strenui,

429 3463 645 3520 Parvus
673 3465 817 3521 inter
848 3467 992 3521 dicta
1021 3474 1196 3522 vates.

436 3553 598 3612 Nunc
626 3553 774 3611 feror
799 3556 1158 3628 dicendaque,

431 3645 562 3701 llam
583 3655 803 3702 movent
832 3650 1017 3702 rudem
1051 3649 1291 3718 poetam,

439 3737 536 3792 Illa
567 3747 765 3809 cogunt
793 3739 1055 3796 scribere.

437 3829 542 3884 llir.
566 3836 747 3886 tamen
770 3832 1005 3888 subsiste
1031 3847 1264 3900 mecum,

427 3921 552 3989 Quo
576 3921 815 3978 locorum
848 3923 1020 3981 ivero.

433 4013 716 4085 lmpolitus
745 4015 872 4071 licet
898 4026 1102 4083 exstes,

438 4103 476 4167 Ι,
518 4119 737 4174 precor,
770 4105 1079 4161 salubriter.

441 4197 528 4255 tle
554 4207 744 4270 stupor
771 4198 1017 4269 percellit
1046 4213 1197 4266 ecce,

445 4292 624 4363 Atque
654 4291 807 4362 plura
836 4291 1114 4357 territant,

443 4383 510 4440 Et
542 4383 696 4441 novis
721 4393 952 4456 surgunt
973 4383 1161 4454 ﬁguris

445 4478 578 4546 Quae
612 4477 782 4534 taceri
808 4493 916 4533 non
950 4476 1031 4532 fas
1057 4486 1161 4532 est.

448 4567 598 4623 Mens
627 4568 765 4640 fugit
792 4570 984 4624 mirata
1018 4567 1274 4632 multum;

446 4658 612 4715 Fasce
638 4672 828 4730 pectus
853 4661 1084 4731 cogitur.

445 4748 880 4806 Christianorum
912 4763 1209 4820 peragrans

445 4839 681 4898 Circuivi
708 4843 1003 4911 exercitus,

451 4931 683 5006 Repperi
711 4935 1024 5004 nullumque
1051 4934 1235 4999 talem,

454 5025 720 5082 Omnibus
748 5026 1118 5098 prmcognitis.

455 5121 523 5177 Ut
549 5121 820 5176 Richardo
849 5119 1173 5186 marchioni,

452 5212 549 5268 Cui
576 5223 722 5268 tanta
747 5211 1054 5268 coaliluant.

454 5304 608 5362 Hunc
633 5305 875 5362 feremus
903 5315 986 5361 ter
1011 5307 1250 5367 beatum,

457 5397 524 5455 Et
555 5409 750 5470 quater
772 5398 919 5455 hunc
947 5397 1180 5462 millies;

457 5492 606 5548 llunc
635 5493 950 5563 benignum,
983 5492 1129 5545 hunc
1157 5488 1480 5547 modestum.

457 5581 820 5652 Concrepabit
849 5580 1066 5651 pagina.

462 5669 616 5728 l‘lunc
640 5676 812 5745 pium,
835 5671 1151 5742 iustumque
1178 5677 1446 5733 sanctum,

462 5765 525 5823 Et
551 5769 835 5840 probatum
867 5778 922 5823 et
945 5767 1257 5824 maximum.

1763 436 1818 496 Α
2129 432 2399 488 Almitatis
2431 433 2590 502 hujus
2621 443 2774 488 actus

2129 523 2310 581 Testis
2337 536 2422 582 est
2449 526 2864 595 Northmannia,

2128 615 2424 688 Largitatis
2447 629 2611 688 atque
2634 620 2796 690 hujus

2125 707 2306 764 Testis
2335 721 2420 765 est
2447 720 2498 764 et
2528 709 2760 766 Francia
2789 726 2807 768 ι

2130 799 2638 872 Fortitudinemque
2664 801 2781 872 ejus

2116 889 2452 962 Comprobat
2479 893 2808 962 Burgundia.

2123 982 2338 1051 Regna,
2370 983 2536 1049 facta,
2579 993 2770 1039 sancta
2797 984 2963 1051 dicta,

2118 1074 2263 1142 Quin
2291 1085 2515 1147 stupent
2545 1086 2599 1132 et
2623 1086 2826 1134 extera
2847 1095 2866 1134 :

2127 1165 2405 1237 Cogitatu,
2438 1167 2604 1231 facto,
2634 1169 2785 1225 dicto

2131 1255 2302 1314 Nemo
2326 1261 2497 1331 major
2515 1261 2812 1332 splenduit.

2127 1349 2186 1405 ln
2215 1349 2358 1407 b‘ono
2387 1365 2600 1409 summo
2625 1355 2784 1425 quies
2815 1353 2964 1421 huic,

2129 1445 2474 1520 Sempiterna
2500 1450 2696 1520 gloria.

2522 1555 2749 1598 ORATIO.

2130 1633 2402 1690 Dacorum
2439 1632 2566 1690 olim
2600 1634 2839 1689 themate
2865 1633 2957 1689 vili

2135 1728 2318 1783 Ardua
2345 1727 2587 1782 currenti
2619 1726 2751 1781 mihi
2780 1737 2956 1797 gesta,

2136 1819 2428 1892 Consurgit
2453 1820 2624 1875 moles
2651 1822 2813 1876 modo
2840 1829 3014 1876 torva.

2133 1913 2384 1970 Pondere
2409 1914 2609 1984 quippe
2637 1928 2762 1980 suo,
2787 1913 2913 1984 quia
2944 1929 3052 1968 non
3078 1919 3164 1969 est

2137 2007 2392 2064 Nostrum
2425 2021 2641 2078 quoque
2665 2015 2912 2077 tempore
2941 2007 3124 2078 prisco

2096 2097 2105 2107 ”
2134 2100 2425 2166 Exaudita,
2457 2101 2760 2170 rudineque
2785 2101 2924 2168 visa,

2136 2190 2369 2262 Propter
2401 2193 2505 2248 hoc
2531 2207 2635 2247 non
2663 2191 2879 2263 cognita
2902 2191 3136 2248 cunctis.

2132 2281 2357 2337 Credita
2392 2297 2514 2348 nec,
2542 2290 2856 2352 tentataque
2879 2283 3071 2352 paucis

2137 2375 2377 2446 Spiritus
2398 2378 2564 2442 alme,
2588 2376 2732 2440 veni,
2759 2386 2888 2448 peto
2909 2376 3157 2447 supplex,

2139 2465 2370 2523 Nectare
2389 2509 2404 2533 ,
2425 2467 2673 2539 septiﬂue
2698 2467 2978 2523 radiando.

2141 2557 2242 2613 Ast
2281 2559 2332 2612 id
2359 2573 2463 2627 qua
2495 2560 2700 2613 virtute
2727 2558 2928 2614 dedisti

2142 2647 2263 2704 Jam
2292 2649 2431 2716 ﬁeri,
2462 2650 2528 2705 da
2561 2664 2724 2722 posse
2745 2649 2976 2722 profari.

2096 2797 2376 2840 PR£FATIO
2414 2799 2483 2838 AD
2522 2798 2815 2838 PR£SULEII
2853 2799 3206 2842 ROTBERTUH.

1855 2897 2083 2955 Fomitis
2108 2898 2332 2954 aetherei
2362 2899 2604 2969 regimen
2622 2939 2636 2961 ,
2668 2898 2948 2956 terrestris
2971 2898 3199 2964 Averni,

1926 2988 2088 3044 Orbis
2113 2989 2280 3043 totius
2308 2999 2483 3055 Non,
2513 2989 2702 3058 decus,
2734 2989 3049 3061 imperium.

1857 3080 2144 3137 Sidereum
2186 3081 2471 3150 columen,
2509 3082 2822 3153 specimen,
2849 3085 3007 3156 vigor
3041 3094 3206 3158 atque
3252 3103 3444 3160 super»

3238 3179 3378 3252 [nus

1927 3259 2223 3318 Uranicum
2263 3279 2465 3321 numen
2492 3275 2716 3336 perpete
2739 3276 2937 3324 cuncta
2961 3277 3174 3328 tenens.

1853 3353 2151 3410 Causarum
2175 3357 2367 3424 series,
2397 3369 2576 3414 motus
2599 3376 2696 3431 per
2729 3364 2946 3419 condita
2971 3380 3177 3431 rerum,

1923 3447 2252 3519 Compactor
2280 3451 2560 3508 hominum
2585 3452 2756 3523 gloria
2781 3453 3101 3512 divicolum.

1851 3541 2174 3610 Quanquam
2203 3552 2398 3600 cuncta
2431 3545 2527 3600 tibi
2555 3545 2877 3616 depromant
2900 3549 3082 3604 munia
3113 3548 3308 3616 laudis,

1925 3632 2208 3689 Coneentu
2235 3636 2410 3702 vario,
2438 3645 2680 3707 syrmate
2707 3637 2960 3696 dissimili
2985 3654 3001 3696 :

1855 3721 1968 3778 llac
1987 3724 2088 3778 oda
2116 3734 2166 3780 te
2195 3735 2513 3782 cunctorum
2545 3733 2756 3800 regem'
2787 3731 3156 3799 cantavimus.

1925 3817 2212 3874 Continuis
2235 3819 2400 3887 votis,
2426 3820 2765 3892 supplicibus
2789 3825 3068 3893 precibus.

1853 3901 1934 3961 Tu
1961 3906 2190 3964 fecunda
2218 3909 2400 3976 Trias,
2422 3911 2764 3984 simplexque
2796 3913 2985 3972 Menas
3013 3916 3298 3986 vncltaris,

1926 4011 2201 4060 ιΛΛΗΝΔΣ
2227 4005 2424 4062 ΚΔΤΔ¹
2446 4020 2543 4060 seu
2575 4013 2627 4062 te
2657 4022 2872 4078 quoque
2895 4009 3229 4076 distribuant

1855 4107 2240 4164 monui-:12,
2264 4108 2485 4157 orsum
2509 4099 2679 4156 solam
2705 4109 2852 4158 MAN
2875 4114 2961 4160 six
2983 4114 3172 4171 TPEIS,

1930 4186 2038 4242 Seu
2063 4191 2145 4244 sic
2168 4199 2226 4244 ut
2248 4191 2412 4247 latius
2433 4194 2582 4248 orhis
2605 4193 2658 4248 in
2687 4209 2784 4250 ore
2807 4203 2973 4278 tenet.

1857 4279 2053 4338 Veram
2075 4293 2402 4343 most-Astu
2423 4294 2594 4355 MIAN,
2616 4297 2751 4345 TPIA
2775 4303 2967 4362 nempe
2996 4299 3288 4363 promus,

1925 4369 2070 4429 Idem
2096 4390 2313 4448 semper
2336 4379 2492 4444 ades,
2523 4379 2664 4435 idem
2694 4381 2740 4436 is
2763 4390 2821 4436 et
2847 4382 2964 4452 ipse
2994 4400 3204 4441 manes.

1782 4482 1834 4544 ι)
1861 4462 1940 4518 Tu
1963 4464 2124 4530 Pater
2152 4466 2442 4536 ingenitus,
2465 4469 2692 4541 gignens
2717 4479 2776 4526 tu
2797 4473 3041 4530 crederis
3065 4491 3230 4544 unus,

1930 4558 2022 4614 Sic
2048 4559 2242 4618 Natum
2279 4562 2521 4632 genitum
2552 4563 2751 4634 Sophia
2775 4564 2985 4634 plaudit
3005 4580 3200 4624 ovans.

1858 4649 2077 4708 Flamen
2111 4662 2341 4723 utroque
2364 4651 2538 4709 ﬂuens
2559 4669 2690 4710 vere
2715 4655 2876 4711 vivax
2902 4657 3190 4727 paraclite.

1927 4742 1985 4798 ln
2021 4742 2193 4798 tribus
2221 4744 2306 4800 his
2327 4761 2490 4802 unam
2522 4760 2621 4801 nos
2645 4746 2873 4804 colimus
2892 4750 2910 4768 '
2938 4757 3190 4808 830nm
3213 4752 3354 4825 (sic).

1856 4834 1988 4903 Qua:
2010 4839 2090 4894 sic
2113 4837 2256 4894 dicta
2286 4839 2482 4910 placet,
2509 4840 2653 4913 quod
2679 4855 2910 4898 cernens
2939 4855 3128 4901 currat
3159 4847 3213 4903 in
3246 4863 3433 4914 omne,

1929 4929 1996 4984 Et
2022 4943 2288 5001 nusquam
2316 4941 2472 4988 extra
2499 4945 2560 4989 se
2591 4934 2759 5004 possit
2787 4936 2981 4994 adesse
3003 4937 3228 5009 aliquid.

1855 5019 1994 5084 Cum
2017 5032 2196 5080 motus
2217 5023 2450 5089 stabilis,
2475 5033 2648 5081 status
2669 5026 2740 5081 sit
2763 5027 3001 5092 mobilis,
3025 5035 3190 5099 atque

1927 5111 2266 5170 Cathollcum
2293 5116 2397 5172 hoc
2418 5116 2543 5174 ﬁdei
2564 5118 2787 5174 veridici
2812 5119 3122 5190 perhibent.

1855 5215 1936 5262 0N
1975 5205 2431 5274 substantiticum,
2459 5224 2640 5266 rerum
2663 5213 2682 5232 ⁶
2715 5221 2930 5278 ΤΥῙΙΟΣ,
2959 5212 3081 5270 idea
3103 5211 3286 5271 mundi

1928 5296 2032 5352 Per
2054 5297 2293 5368 seipsum
2326 5300 2543 5358 bonitas
2576 5312 2856 5373 permanet
2876 5313 3039 5374 atque
3061 5304 3228 5377 viget.

1858 5385 1972 5444 Hoc
2001 5403 2108 5443 non
2131 5399 2238 5455 est,
2264 5405 2365 5446 nec
2392 5391 2496 5449 hoc
2528 5404 2630 5457 est,
2651 5402 2831 5449 exstat
2855 5410 3043 5451 verum
3068 5406 3222 5455 osos
3249 5412 3438 5467 omne,

1927 5479 2046 5536 Non
2076 5482 2182 5547 hic,
2212 5498 2318 5538 non
2347 5484 2442 5550 ibi,
2469 5486 2563 5541 sed
2593 5495 2740 5542 totus
2765 5489 2830 5543 ad
2857 5504 3022 5546 omne
3053 5490 3218 5547 valet.

1839 5587 2058 5633 cunnos
2080 5585 2181 5633 KAI
2217 5588 2492 5636 MEPMOE
2517 5587 2748 5636 muro:
2772 5589 3002 5638 testatur
3031 5566 3328 5651 “suos,

1931 5677 2145 5736 Multos
2175 5671 2300 5725 dum
2323 5669 2735 5742 iugiter-intima
2759 5688 2972 5746 quaque
2997 5677 3154 5748 regit,

1859 5773 2074 5819 tume
2099 5764 2224 5818 dum
2255 5764 2497 5820 minimis
2522 5764 2750 5838 largitur
2779 5782 2937 5839 opem
2979 5778 3142 5839 atque
3185 5769 3446 5837 salutem.

1779 3133 1828 3198 (Ξ
