3952 5346
610 201 710 255 687
746 154 751 159 ἡ

678 316 732 369 lu
759 316 967 385 ntagnis
989 328 1264 375 ΜΕΓΔΛΟΣ
1300 319 1535 375 maxima
1561 322 1687 376 dum
1716 332 1951 393 vegetat.

605 402 698 461 Sic
723 407 955 478 magnis,
980 409 1197 473 mediis,
1224 411 1405 479 parvis
1429 422 1626 480 praeest
1649 427 1866 483 quoque
1888 425 2122 483 semper,

673 495 789 566 Ipse
811 496 1121 553 individuus
1147 509 1292 555 totus
1314 501 1513 572 ubique
1537 517 1781 558 manens.

598 598 683 644 0N
711 595 884 645 Arxal
911 597 1115 647 MEZON
1138 603 1221 649 ωε
1242 602 1438 648 ΤΕΔΟΣ
1462 599 1637 659 .(tN...,
1667 606 1884 664 quoque
1910 599 2180 658 nANTﬂN,

671 679 752 735 Ex
786 681 903 751 ipso
931 683 1186 751 quoniam
1213 685 1394 739 omnia
1425 699 1653 754 qumque
1678 685 1881 755 vigent.

596 770 776 841 Ipsum
801 779 1200 830 nmrorrnox
1221 773 1448 829 nihilum
1473 784 1794 845 proteantur
1811 778 1826 793 '
1851 777 2125 841 eumdem,

673 861 744 918 Ut
764 872 1007 934 stupeas,
1032 865 1226 931 lector,
1249 865 1576 922 catholicum
1613 866 1715 922 hoc
1744 882 2073 923 memorans.

552 1002 559 1009 .
595 952 1108 1026 lmcomprensibilis
1138 966 1330 1014 natura
1366 959 1511 1029 quod
1540 960 1682 1031 viget
1710 961 1880 1027 omni,

668 1050 1011 1123 Exsuperans
1038 1052 1197 1123 plane
1220 1062 1446 1110 NOEP02
1470 1063 1634 1126 atque
1658 1064 1876 1113 ΛΟΓΟΣ.

595 1136 698 1204 Qui
727 1139 856 1195 dum
893 1156 999 1196 non
1030 1142 1138 1197 ttllo
1169 1143 1405 1212 capitur,
1430 1144 1564 1199 nihil
1589 1145 1703 1215 ipse
1732 1155 1975 1201 vocatur.

663 1230 732 1284 At
754 1232 1005 1301 quotiens
1026 1243 1199 1305 paret,
1230 1249 1425 1291 ecce...
1466 1240 1482 1259 '
1511 1245 1840 1293 excessus.

591 1320 667 1376 Ex
696 1322 865 1378 nihilo
888 1324 941 1378 in
964 1325 1220 1395 quiddam
1252 1340 1466 1396 semper
1494 1343 1843 1384 succrescere
1872 1328 2066 1396 fertur,

661 1411 918 1470 Scribunt
948 1417 1050 1471 huc
1080 1416 1249 1471 nihilo
1266 1428 1466 1474 cuncta
1498 1428 1680 1474 creata
1704 1418 1885 1474 simul.

588 1499 725 1558 llinc
749 1514 855 1570 est,
883 1506 1025 1575 quod
1057 1507 1294 1563 tenebrae
1330 1509 1626 1576 vocitatur,
1657 1511 1858 1567 dicitur
1886 1519 2051 1583 atque
2084 1529 2096 1566 :

653 1604 989 1653 γΔΛΜΙΣΤΗΣ
1017 1598 1222 1654 etenim
1254 1599 1334 1655 sic
1361 1615 1521 1656 sacer
1551 1600 1810 1658 intonuit.

584 1684 738 1742 Sicut
759 1699 886 1743 sunt
905 1690 1024 1762 ejus
1043 1692 1304 1760 tenebrae,
1325 1693 1407 1749 sic
1433 1694 1619 1751 lumen
1631 1706 1685 1752 et
1700 1697 1840 1767 ejus,

652 1778 751 1834 Est
777 1781 1020 1852 reprobis
1042 1783 1279 1840 tenebra:
1299 1783 1481 1841 lumen
1504 1795 1558 1842 et
1581 1786 1694 1856 ipse
1714 1788 1920 1859 probis.

581 1867 716 1923 Cum
744 1885 802 1925 se
834 1872 913 1927 sic
942 1873 1181 1930 habeant
1209 1877 1322 1931 veri
1348 1876 1558 1947 digesta
1587 1878 1815 1946 ﬂuenta,

658 1960 809 2018 Ultro
848 1965 1126 2035 concipias
1154 1980 1284 2022 ecce
1312 1982 1536 2025 necesse
1569 1971 1774 2027 subest.

580 2047 752 2108 Nullis
790 2067 887 2115 nos
912 2056 1133 2123 aminis,
1171 2057 1426 2129 nulloque
1453 2059 1632 2131 lepore
1662 2062 1904 2133 superbi,

649 2144 931 2205 Prteliuire
958 2150 1267 2222 Deojudice
1290 2153 1420 2224 quid
1442 2155 1743 2225 proprium,
2035 2154 2164 2228 [τηεν

579 2237 690 2294 Nec
731 2251 1040 2311 promptum
1067 2243 1345 2315 cuiquam,
1375 2261 1477 2302 nec
1515 2246 1734 2318 dignum
1772 2247 2033 2318 pandere,
2066 2264 2166 2305 nec

646 2331 801 2399 Quis,
829 2334 1029 2404 qualis,
1055 2347 1294 2406 quantus
1324 2346 1539 2394 Kl‘Ptox
1571 2339 1616 2394 is
1640 2348 1859 2393 maneat

577 2421 801 2492 Dignius
825 2433 1006 2490 oratu,
1032 2425 1353 2497 meliusque,
1384 2428 1739 2499 propinquius
1769 2440 1930 2498 atque

649 2513 800 2570 llunc
832 2526 1017 2573 nectes
1051 2517 1256 2583 animo,
1284 2534 1453 2588 purus
1473 2530 1530 2576 et
1560 2519 1944 2590 ipse-manens.

574 2605 729 2662 Orari
758 2609 939 2663 verbis
967 2609 1178 2665 devotis
1217 2611 1350 2676 vult,
1375 2611 1734 2682 placidisque,

648 2699 856 2771 Largiri
888 2701 1084 2770 facilis,
1114 2702 1309 2759 cedere
1341 2712 1626 2775 promptus
1648 2704 1822 2758 adest.

574 2787 670 2845 llis
700 2805 830 2858 ergo
856 2791 1089 2848 modulis
1117 2793 1405 2849 credendis
1436 2794 1821 2865 veridicisque,

640 2885 959 2956 Amplectur
986 2888 1152 2953 votis,
1184 2888 1459 2943 continuis
1489 2887 1763 2958 precibus.

570 2978 869 3050 Ingenitum
898 2979 1113 3035 Patrem
1148 2995 1297 3046 vere,
1329 2981 1582 3035 Soboletn
1608 2981 1976 3050 genitamque,

618 3046 876 3125 signeuma
915 3071 985 3127 ab
1015 3081 1245 3140 utroque
1269 3070 1442 3125 fluens
1467 3069 1653 3126 fomite
1681 3073 1953 3126 sensilica.

567 3160 761 3218 Omnia
790 3163 875 3218 cui
908 3177 1028 3234 quae
1053 3172 1180 3218 sunt
1214 3162 1374 3232 digne
1405 3161 1732 3233 profitentur
1758 3173 2005 3227 ovautcr,

640 3254 707 3310 Et
728 3254 867 3326 regit
902 3255 1127 3326 imperio
1158 3269 1319 3310 omne
1346 3255 1488 3325 quod
1513 3263 1597 3310 est
1628 3255 1868 3326 proprio.

567 3348 674 3405 Ter
702 3350 807 3406 tria
841 3365 1000 3420 quem
1026 3349 1181 3406 cmlis
1211 3350 1538 3405 conlaudant
1565 3351 1783 3422 agmina
1811 3364 2048 3419 semper,

636 3443 806 3510 Quem
833 3442 1119 3497 recolendo
1140 3451 1362 3506 canunt,
1388 3458 1549 3513 quem
1572 3442 1883 3497 venerando
1909 3442 2097 3496 colunt

567 3532 740 3601 Quem
765 3533 1198 3604 patriarcharum
1230 3533 1533 3602 clangendo
1554 3541 1730 3588 cretus
1760 3533 1812 3587 in
1835 3548 2025 3596 unum,

639 3625 964 3680 Exhilarans
982 3626 1115 3681 edas
1149 3625 1389 3681 concinit
1426 3625 1569 3681 haud
1607 3625 1869 3680 modicas.
1947 3684 1951 3688 ,

565 3718 802 3777 Veridici
836 3729 990 3776 vates
1014 3720 1104 3776 cui
1125 3729 1383 3791 promunt
1412 3728 1654 3793 syrmate
1683 3719 1888 3783 laudes,

636 3812 900 3885 Alloquiis
929 3814 1101 3869 sacris
1129 3824 1251 3882 quae
1274 3814 1528 3868 cecinere
1554 3811 1760 3881 vigent.

564 3905 736 3972 Quem
758 3907 1002 3963 duodena
1035 3907 1270 3978 phalanx
1298 3905 1617 3962 recolens...
1650 3907 1668 3927 '
1695 3913 2010 3973 veneratur,

636 3999 830 4056 Omnia
860 4000 1181 4066 contemnit,
1214 4009 1378 4071 atque
1406 3998 1687 4069 sequendo
1713 3997 1865 4055 colit.

577 4092 748 4161 Quem
775 4092 991 4149 testium
1027 4093 1371 4156 innumerosa
1396 4092 1596 4147 cohors
1624 4099 1887 4147 :eternnm
1912 4090 2154 4147 concinit

1816 4182 2078 4257 [hymnis.

633 4275 714 4331 Ac
742 4274 938 4346 jubilat
966 4284 1215 4349 gratans,
1247 4275 1474 4331 verbera
1507 4274 1832 4347 despiciens.

568 4367 908 4440 \‘irginitatis
933 4383 1095 4439 apex,
1126 4382 1194 4424 ex
1225 4383 1335 4433 quo
1359 4368 1629 4423 sumendo
1655 4367 1908 4423 decorem

631 4458 935 4531 Conspicue
965 4458 1224 4528 modulat,
1254 4459 1484 4514 mirifice
1519 4457 1728 4514 reboat.

562 4552 733 4620 Quem
756 4552 953 4609 coelum
980 4567 1167 4624 supra,
1192 4551 1351 4607 tellus
1375 4566 1536 4622 quem
1562 4550 1748 4606 laudat
1772 4557 1827 4604 et
1849 4547 2015 4603 infra.

630 4645 868 4717 Quaeque
884 4646 1152 4704 elementa
1173 4646 1434 4711 serviunt,
1461 4645 1605 4700 hunc
1623 4645 1932 4699 venerando
1945 4644 2146 4698 colunt.

561 4736 714 4805 Quod
739 4738 1213 4808 restatsiquidem,
1232 4737 1483 4808 quodque
1497 4737 1664 4792 instat
1683 4735 1933 4791 conditor
1952 4734 2147 4803 almus,

634 4828 863 4899 Respice
888 4828 1177 4900 propitius,
1200 4842 1384 4898 quaeso
1400 4868 1415 4895 ,
1447 4826 1631 4882 favens
1653 4825 1926 4898 precibus.

562 4921 865 4977 Prtescntes
900 4933 1093 4991 operas
1115 4919 1382 4975 miserans
1408 4932 1696 4988 compone,
1715 4929 2028 4987 precamur,

634 5011 701 5066 Et
721 5026 916 5069 sensus
941 5009 1201 5076 cumules,
1229 5024 1435 5080 oraque
1457 5008 1773 5063 fructifices.

568 5101 838 5156 Richardo
864 5100 1079 5156 titulum
1099 5101 1259 5158 celsae
1286 5113 1615 5171 componere
1649 5095 1843 5164 laudis,

642 5189 807 5258 Urget
827 5191 1101 5258 materies,
1141 5200 1305 5261 atque
1328 5199 1545 5246 coarcat
1570 5202 1746 5244 amor.

565 5280 667 5346 Qui
697 5281 792 5334 tibi
816 5281 1073 5337 mirificus
1092 5282 1265 5346 viguit
1285 5297 1383 5346 per
1418 5280 1614 5338 saecula
1635 5294 1828 5336 servus
1845 5319 1860 5344 ,

1498 204 1796 266 DUDONIS
1836 206 2085 264 DECANI
2126 206 2184 263 S.
2226 205 2533 274 QL’INTINI
2570 205 2949 262 “ROMANO.
3756 205 3844 265 688

2212 328 2264 386 Α
2292 320 2413 391 gnia
2453 320 2609 376 bonis
2657 318 3044 375 intentionibus
3098 316 3284 371 sedulo
3308 316 3666 373 insistentium
3694 332 3846 389 opera

2290 411 2561 481 praecipue
2606 410 2951 465 omnifariam
3000 410 3295 481 priettigna,
3329 425 3546 465 cassqu
3591 411 3843 466 estsilcn-

2292 502 2445 566 tiarc,
2477 501 2605 571 quin
2637 511 2931 556 exarentur
2956 510 3116 570 prout
3145 514 3305 570 posse
3343 499 3608 555 elucidata
3635 518 3649 553 :
3674 512 3846 571 quate-

2287 606 2391 646 nus
2433 592 2840 647 succedentium
2873 591 3147 647 tnemoriaa
3187 590 3430 662 apicibus
3463 590 3846 657 enuelea:a,iu-

2285 680 2523 737 furment
2570 692 2626 737 et
2662 682 2938 739 instruant
2973 682 3043 737 ad
3071 681 3267 738 melius
3293 682 3506 737 animos
3526 680 3677 753 fruge
3713 682 3844 736 salu-

2284 774 2463 840 tifera,
2495 785 2551 831 et
2583 791 2650 830 ex
2701 776 2784 830 his
2809 774 2997 831 solerti
3044 776 3334 831 conamine
3377 775 3672 830 metiantur
3693 776 3843 830 vitam

2282 862 2590 930 honestam,
2623 873 2787 935 atque
2816 864 2976 935 hujus
3019 865 3405 936 speculationis
3426 864 3676 935 exemplo
3694 866 3844 921 beati-

2283 955 2413 1009 tudo
2434 955 2751 1024 acquiratur
2776 952 3007 1013 feliciter
3033 966 3258 1011 aeterna.
3305 955 3573 1023 Quocirca
3594 956 3843 1026 benignis-

2280 1045 2403 1101 sitni
2429 1048 2580 1101 ducis
2609 1046 2864 1101 Riebardi
2911 1048 3075 1104 vitam
3098 1048 3494 1120 aggrediamur,
3514 1050 3704 1104 hebete
3733 1050 3842 1106 licet

2278 1136 2436 1207 stylo,
2465 1137 2554 1206 qui
2579 1137 2630 1192 iu
2650 1149 2979 1195 sacrosantzc
3001 1140 3257 1196 Ecclesiae
3287 1152 3443 1212 prato
3461 1139 3645 1197 floruit
3666 1143 3837 1213 praedi-

2278 1229 2399 1299 guis
2443 1229 2723 1297 Operibus,
2774 1232 3016 1312 emicans
3054 1240 3112 1286 ut
3143 1232 3293 1288 sidus
3319 1232 3373 1286 iu
3419 1232 3579 1288 ccclo.
3626 1232 3839 1289 Donetur

2277 1322 2433 1378 nobis
2459 1324 2622 1377 etiam
2652 1321 2769 1392 ejus
2795 1324 3006 1379 meritis
3031 1324 3199 1379 vitam
3222 1323 3364 1379 illius
3391 1335 3706 1380 reverenter
3732 1341 3838 1395 pro-

2274 1411 2490 1481 palare;
2546 1412 2638 1483 qui
2673 1429 2883 1468 summa
2912 1415 3242 1479 reverentia,
3272 1430 3657 1487 summumque
3695 1415 3836 1470 dctus

2274 1502 2528 1558 Ecclesiae
2548 1505 2776 1559 exstitit.
2797 1505 2865 1561 Ut
2886 1506 3040 1577 cujus
3056 1506 3237 1560 tutela:
3262 1514 3316 1561 et
3342 1505 3595 1561 beneficii
3620 1504 3832 1561 salubri.

2276 1605 2358 1651 ter
2404 1594 2721 1652 fruebantur
2758 1599 3059 1668 patrocinio
3105 1599 3159 1653 in
3224 1600 3408 1666 terris,
3457 1599 3578 1667 ejus
3607 1599 3833 1668 precibus

2196 1676 2245 1738 Β
2272 1696 2327 1740 et
2351 1688 2561 1742 meritis
2580 1696 2929 1760 protegantur
2955 1688 3364 1745 defcnsabiliter
3392 1689 3461 1745 ab
3482 1688 3832 1760 importunita-

2276 1780 2418 1836 tibus
2442 1781 2673 1837 cunctis.

2340 1871 2510 1943 Igitur
2536 1873 2860 1928 venerabilis
2880 1872 3002 1929 vita:
3035 1873 3339 1930 Richardus
3368 1873 3475 1929 dux
3501 1874 3720 1945 insignis
3741 1893 3829 1931 tuc-

2270 1964 2458 2018 morite
2512 1965 3055 2034 prmpotentissimus,
3105 1976 3414 2036 sanctaque
3461 1969 3827 2025 recordationis

2269 2054 2532 2123 patricius
2559 2055 2938 2121 nitidissimus,
2967 2064 3131 2126 atque
3158 2059 3585 2112 rememorandae
3607 2059 3823 2129 benigni-

2270 2146 2397 2199 tatis
2424 2146 2668 2200 tnarchio
2715 2144 3130 2213 famosissimus,
3176 2147 3548 2218 insignissimo
3570 2149 3826 2206 luculenta:

2267 2244 2322 2289 ct
2341 2237 2693 2293 nobilissima!
2718 2238 2983 2309 prosapia:
2997 2239 3204 2294 semine
3230 2249 3477 2307 exortus,
3498 2255 3604 2311 qua
3629 2241 3824 2313 Belgica:

2266 2324 2512 2379 Francia:
2562 2328 2796 2382 extimos
2844 2328 3144 2399 exporrigit
3196 2339 3402 2385 traCtus
3447 2330 3617 2386 maris
3669 2333 3824 2388 afﬁnes

2264 2414 2540 2473 Calcensis
2564 2434 2750 2489 pagus,
2779 2419 3030 2476 Fiscanni
3054 2421 3219 2476 castri
3242 2423 3464 2487 mmuia,
3496 2439 3724 2494 ruraque
3746 2440 3821 2495 ge-

2263 2505 2449 2559 nitalia
2481 2522 2639 2563 sacro
2666 2509 2962 2565 nativitatis
2987 2525 3097 2565 sum
3120 2513 3344 2567 exordio
3370 2513 3549 2567 beavit
3571 2516 3822 2570 Ot‘ittlidttS.

2263 2595 2428 2666 Cujus
2460 2607 2689 2653 matrem
2741 2608 2894 2668 pater
2936 2599 3043 2655 dux
3089 2601 3391 2656 Willelmus
3430 2612 3482 2656 et
3518 2614 3718 2673 martyr
3736 2604 3820 2675 glo-

2263 2689 2594 2745 riosissimus
2647 2690 2959 2750 felicissimo
2996 2692 3221 2765 pignore
3271 2697 3585 2765 gravidam,
3635 2712 3699 2752 ac
3743 2696 3819 2750 atl-

2261 2781 2444 2850 nptivo
2474 2780 2757 2837 illustratm
2791 2782 2994 2839 sobolis
3038 2793 3196 2854 partu
3237 2795 3497 2856 expertus
3539 2788 3815 2852 fecundam,

2264 2875 2540 2930 transvelti
2567 2874 2697 2930 fecit
2724 2876 2933 2931 decenti
2961 2877 3247 2949 insigniter
3266 2880 3508 2949 equitatu
3541 2882 3607 2936 ad
3629 2880 3820 2936 Fiscan-

2263 2964 2398 3019 nica:
2419 2966 2564 3021 sedis
2584 2966 2762 3021 aulam
2803 2984 2815 3021 :
2859 2979 2925 3047 ut.
2949 2969 2996 3025 si
3046 2969 3186 3025 forte
3216 2969 3433 3028 Riulfus
3458 2971 3699 3028 omnium
3724 2970 3815 3027 bel-

2185 3026 2229 3089 C
2261 3056 2470 3112 luarum
2528 3042 2940 3117 crudelissimus
2993 3060 3429 3120 Nortbmanuica:
3469 3065 3704 3137 regionis
3726 3080 3818 3118 ωει-

2259 3152 2540 3206 narchiatn
2589 3168 2709 3207 cum
2762 3155 2875 3209 suis
2901 3155 3258 3225 complicibus
3297 3158 3402 3212 sibi
3432 3156 3743 3221 vindicaret,
3770 3164 3816 3209 ut

2257 3242 2648 3307 aestimabatur,
2664 3260 2733 3299 ne
2756 3261 2877 3299 eam
2902 3256 3137 3317 raperet,
3168 3249 3235 3301 atl
3256 3247 3458 3319 Anglos
3480 3248 3641 3303 citius
3662 3257 3812 3302 trans-

2258 3331 2570 3389 fretaretur.
2626 3335 2722 3389 Die
2784 3352 3018 3407 namque
3056 3354 3164 3409 quo
3204 3338 3348 3394 inter
3387 3337 3709 3393 Willelinum
3733 3338 3812 3391 du-

2257 3444 2374 3485 ccm
2421 3429 2747 3496 emeritum,
2792 3428 3142 3502 liiulfumque
3189 3431 3545 3488 multifariam
3597 3431 3811 3500 blasphe-

2258 3539 2405 3579 tuum
2456 3532 2510 3579 et
2541 3522 2837 3594 pcrjurum,
2887 3534 2946 3581 ut
2972 3526 3300 3582 recensitum
3339 3536 3447 3592 est,
3478 3526 3809 3595 eastititpra-

2257 3615 2411 3683 lintn,
2442 3627 2685 3672 matrona
2724 3617 3048 3674 venerabilis
3068 3618 3229 3673 enixa
3252 3618 3390 3673 divae
3412 3617 3685 3673 memoriae
3705 3629 3809 3686 pue-

2258 3725 2399 3775 rum,
2424 3710 2565 3764 misit
2588 3712 2876 3781 quemdam
2904 3714 3133 3767 tironem
3160 3712 3381 3767 nomine
3405 3710 3739 3774 Fuleardum,
3760 3717 3807 3761 ut

2255 3801 2510 3870 proderet
2558 3800 2680 3855 duci
2728 3801 2999 3859 Willelmo
3052 3813 3410 3874 pramptatum
3455 3806 3651 3875 genita:
3672 3800 3807 3873 prolis

2258 3890 2555 3960 negotium.
2620 3889 2889 3946 Willelmo
2942 3906 3073 3948 vero
3115 3902 3242 3949 cuin
3283 3909 3378 3950 ccc
3412 3894 3589 3963 potito
3616 3890 3804 3947 victoria

2257 3981 2323 4037 de
2352 3983 2605 4048 inimicis,
2662 3993 2715 4037 et
2738 4000 2835 4054 per
2882 3984 3050 4055 [melii
3080 3998 3297 4056 pratum
3334 3988 3520 4057 tepido
3542 4002 3722 4041 cruore
3742 3984 3805 4036 in-

2255 4072 2455 4129 fectum
2484 4075 2771 4145 cquitanti,
2803 4075 3078 4146 ntilliaque
3121 4077 3346 4132 millium
3378 4078 3685 4133 exanimum
3704 4088 3801 4146 pro-

2255 4172 2425 4219 strata
2485 4166 2739 4232 intuenti,
2779 4175 2943 4237 atque
2972 4182 3159 4239 regum
3185 4166 3317 4240 Regi
3341 4178 3528 4240 grates
3558 4166 3801 4239 pnemaxt-

2256 4272 2373 4312 mas
2428 4267 2706 4328 gratanter
2763 4259 3045 4329 referenti,
3072 4262 3281 4332 legatus
3311 4270 3453 4318 naue
3481 4261 3675 4318 sobolis
3697 4272 3799 4331 gall-

2182 4375 2231 4438 ι)
2258 4354 2402 4409 dium
2435 4356 2757 4411 denuntians
2782 4355 2974 4415 adfuit.

2863 4508 2892 4546 Α
2900 4507 3200 4550 ροετῐιοινιιι
3209 4532 3225 4550 ο
3300 4517 3305 4520 ’

2253 4628 2298 4685 O
2324 4643 2540 4699 semper
2562 4629 2785 4685 meritos
2807 4628 2899 4686 tali
2928 4630 2995 4687 de
3021 4630 3172 4701 prole
3193 4638 3481 4700 parentes,

2253 4721 2419 4791 Cujus
2447 4724 2498 4777 in
2526 4731 2718 4777 exortu
2743 4737 2972 4793 superos
2992 4723 3229 4793 ingentia
3254 4724 3425 4790 cives,

2253 4812 2579 4884 Terrigenas
2605 4812 2813 4883 pariter
2848 4813 3145 4884 perﬂarunt
3169 4816 3364 4887 gaudia
3386 4815 3589 4887 plures.

2251 4904 2488 4961 (loelicus
2507 4904 2641 4960 ordo
2664 4903 2853 4960 hilaris
2876 4914 3026 4962 tanto
3057 4907 3283 4962 concive
3310 4906 3513 4974 futuro,

2252 4995 2532 5053 Humanus
2562 4999 2789 5053 meritus
2824 5007 3071 5070 gratatur
3085 4999 3273 5071 judice
3308 5016 3486 5057 sacro.

2251 5087 2411 5145 Orbis
2437 5088 2537 5144 sub
2557 5088 2711 5158 cujus
2736 5104 2952 5162 semper
2978 5090 3348 5146 moderamine
3372 5090 3543 5156 lactus,

2253 5181 2581 5252 Tranquilla:
2601 5182 2756 5254 pacis
2788 5184 3066 5254 praedigna
3091 5183 3221 5239 dote
3247 5185 3476 5239 fruetur.

2321 5272 2472 5329 Tunc
2502 5274 2609 5329 dux
2633 5274 2827 5329 utcrito
2870 5274 3288 5346 fantosissimus,
3344 5284 3561 5346 peracto
3589 5267 3784 5328 mirabili
