4032 6430
160 446 275 501 68'9

602 442 690 498 DE
723 441 967 499 GESTIS
1005 442 1432 500 NORMANNL/E
1474 442 1707 502 DUCUM
1741 443 1915 500 [ΑΒΜ
1956 444 2152 502 TRES.
2186 477 2254 486 —
2284 443 2409 500 LIB.
2451 443 2535 499 lll.
2577 442 2990 500 lilCllARDUS.

3305 442 3397 498 69f
3437 429 3442 440 '

159 561 466 615 salutifera:
492 557 640 628 pacis
667 573 892 628 puerum
917 609 924 614 ,
953 560 1284 614 sacrosancti
1328 559 1430 614 olei
1470 560 1737 614 chrisma-
1767 565 1814 622 Α
1845 559 2148 630 intelligens
2171 600 2185 622 ,
2237 568 2554 628 aetatemque
2610 541 2846 612 infantia:
2900 555 3398 613 incrementabilit‘ei

160 651 353 720 lisque
403 648 613 718 liquore
652 647 936 718 insigniter
979 647 1314 713 innovatum,
1353 649 1512 720 typici
1541 649 1740 702 lavacri

160 740 705 812 regenerationisque
763 737 912 792 fonte
939 738 1179 793 delatum
1203 741 1562 808 susciperent,
1595 741 1741 794 voci-

153 832 338 886 tando
384 829 733 884 Richardum.
783 829 884 896 Qui
909 829 1067 898 hujus
1097 832 1450 900 expeditionis
1485 831 1740 887 mandato

153 918 384 983 hilaris,
406 919 712 988 mumiaque
742 917 1009 973 Fiscanna
1033 929 1264 990 praepete
1286 922 1526 992 equitatu
1552 935 1756 990 aggrc-v

152 1008 402 1074 dientes,
423 1023 454 1062 a
483 1009 631 1063 clero
652 1009 956 1078 populoque
981 1011 1217 1079 suscepti
1248 1021 1393 1075 sunt,
1427 1011 1742 1066 monasticis

151 1098 334 1153 rebus
357 1099 672 1168 praeparatis
722 1107 1050 1155 reverenter.
1087 1101 1342 1171 Sequenti
1395 1117 1627 1172 namque
1654 1103 1740 1156 die

152 1190 338 1244 totius
377 1188 526 1246 clero
571 1191 884 1259 provincia},
919 1191 1222 1262 populoque
1267 1207 1426 1248 sexus
1459 1194 1744 1261 utriusque

152 1280 398 1349 pramati
444 1281 690 1349 pusionis
738 1281 1075 1352 baptismatis
1117 1283 1476 1353 gratulatione
1506 1283 1742 1353 undique

152 1381 328 1422 secus
347 1370 686 1436 adveniente,
712 1371 954 1444 mystica:
979 1371 1267 1426 ablutionis
1293 1372 1574 1428 benedicta
1594 1373 1742 1428 fonte

153 1456 231 1512 ab
293 1457 530 1515 Henrico
590 1461 1032 1517 reverentissimo
1087 1462 1434 1533 Bajocacensi
1489 1465 1738 1533 prmsule,

151 1561 290 1600 eum
316 1549 532 1603 exteris
555 1550 821 1620 episcOpis
864 1550 1004 1605 illius
1045 1560 1220 1616 terrai,
1255 1563 1629 1622 regeneratum
1657 1569 1744 1608 sa-

152 1633 392 1690 lutifera
437 1637 594 1693 trina:
644 1639 1008 1695 immersionis
1059 1641 1440 1706 inunlatione,
1489 1643 1742 1713 sacrique

154 1728 486 1784 chrismatis
509 1729 818 1802 insignitum
846 1741 1085 1798 nectare,
1123 1733 1434 1805 deificatque
1460 1733 1746 1791 Trinitatis

155 1820 414 1886 nomine,
439 1823 712 1877 veterrimi
750 1823 985 1880 hominis
1003 1825 1221 1896 dempto
1241 1828 1511 1897 squalore,
1540 1829 1740 1898 praedi—

160 1918 296 1964 ctus
345 1911 543 1979 praesul
603 1927 722 1967 cum
755 1911 999 1971 Bothone
1031 1917 1230 1973 comite
1255 1896 1488 1988 suscepit
1516 1896 1739 1988 puerum
1773 1896 1815 1955 Β

154 1997 500 2054 ῐιίοιηι-ἀωῐι
523 2002 760 2069 nomine,
792 2003 858 2057 de
907 2005 1077 2059 sancti
1111 2005 1309 2061 lavacri
1341 2008 1736 2076 purificatione.

155 2087 264 2144 llis
292 2103 424 2144 vero
452 2106 574 2146 cum
607 2108 800 2163 magna
847 2097 1145 2151 reverentia
1205 2099 1460 2168 peractis,
1492 2098 1743 2169 cleroque

156 2177 339 2234 Deum
382 2181 724 2238 collaudante
769 2199 930 2253 super
955 2185 1089 2241 duce
1126 2197 1272 2252 nato,
1315 2190 1742 2260 regredientibus

156 2271 492 2341 populorum
519 2275 729 2340 turmis,
753 2276 945 2344 praesul
977 2293 1101 2331 cum
1133 2278 1372 2333 Bothone
1415 2279 1744 2334 renuntiavit

155 2365 227 2420 dc
257 2380 432 2436 puere
452 2382 572 2437 quae
595 2377 744 2440 gesta
775 2378 901 2424 sunt
932 2369 1198 2427 Willelmo
1219 2373 1362 2428 duci.

775 2477 1134 2518 APOSTROPHA.

453 2551 623 2614 Felix,
646 2568 679 2609 o
705 2553 957 2609 meritum
989 2555 1083 2609 fati

455 2643 652 2716 lnsigni
691 2655 844 2715 patre
871 2659 1174 2718 matreque,

449 2735 676 2792 Infantis
699 2738 909 2794 celebre
936 2741 1098 2801 sacri,

452 2825 710 2884 Ricbardi
733 2843 946 2900 quoque
976 2831 1215 2889 neruine.

454 2915 619 2985 Cujus
651 2934 716 2988 pu
729 2920 977 2982 rilicatio,

453 3010 519 3067 Et
544 3012 697 3081 cujus
724 3016 1002 3069 renovatio

453 3098 510 3153 ln
548 3101 719 3169 patris
742 3102 951 3157 Domini
977 3105 1090 3168 Dei,

449 3193 520 3245 At
542 3192 700 3260 hujus
731 3195 944 3250 Sobolis
973 3195 1091 3261 Dei,

453 3279 601 3336 Sacri
641 3280 898 3339 Flaminis
918 3296 970 3339 et
995 3285 1084 3340 Dci
1113 3303 1127 3339 :

454 3371 624 3428 Unius
657 3383 835 3430 tamen
857 3386 910 3431 et
935 3376 1050 3442 Dei,

455 3462 573 3520 Veri
606 3467 823 3522 nomine
852 3470 1078 3537 perpeti.

453 3553 644 3611 Castro
666 3556 805 3616 facta
827 3561 1107 3616 decentius

453 3641 497 3703 Ο
521 3646 786 3703 Fiseanne
813 3657 924 3714 tuo,
947 3651 1112 3705 maris

456 3734 628 3806 Prope
661 3737 840 3794 littora
869 3741 1011 3808 quod
1042 3743 1218 3810 viget.~

451 3829 650 3887 Omnes
671 3833 906 3903 undique
933 3835 1179 3899 clericos,

452 3924 642 3981 Plebes
668 3935 722 3982 et
752 3927 974 3996 p0pulos
1006 3927 1146 3986 sciat
1176 3927 1306 4000 [ciat
1338 3929 1412 3985 vel
1439 3928 1594 4001 ciet],

455 4017 652 4071 Sacros
679 4026 738 4072 ut
756 4017 958 4088 jubilos
990 4019 1124 4075 ferat

453 4106 623 4174 Patri,
656 4118 711 4164 ct
737 4111 1039 4182 Verbigena:
1061 4113 1172 4170 Deo

455 4197 619 4256 Partu
647 4201 888 4274 virgineo
912 4204 1076 4270 edito,

455 4328 472 4345 .
500 4328 515 4342 .
542 4328 554 4344 .
579 4290 818 4348 Flamine
841 4309 962 4350 cum
985 4309 1162 4350 sacro.

234 4378 542 4435 Transacta
573 4382 804 4451 denique
841 4385 1065 4443 duarum
1109 4386 1364 4440 horarum
1391 4386 1748 4456 intercapedi-

161 4486 233 4525 ne
257 4469 716 4541 mirabilibusque
735 4473 1088 4528 incrementis
1104 4484 1452 4544 augmentato
1475 4477 1748 4545 profusius

162 4559 451 4616 Bichardo
505 4561 733 4626 infante,
783 4563 949 4633 coepit
999 4564 1105 4618 dux
1152 4565 1455 4621 Willelmus
1487 4566 1553 4622 de
1597 4567 1742 4636 regni
1780 4577 1826 4634 ι)

163 4652 458 4706 commodo
477 4652 765 4709 salubriter
819 4663 1073 4720 tractare,
1099 4657 1268 4725 deque
1311 4657 1394 4712 sui
1449 4658 1749 4712 ducamiuis

163 4759 494 4800 siiccessore
535 4746 757 4816 cupiens
798 4747 1092 4818 adimplere
1136 4748 1276 4819 quod
1319 4748 1640 4802 volvebatur
1695 4749 1747 4801 iu

164 4838 290 4908 ejus
329 4838 515 4893 corde.
555 4837 724 4907 llujos
769 4839 952 4911 itaque
981 4841 1328 4911 cogitationis
1372 4841 1672 4898 diutissime
1696 4854 1752 4897 et

165 4931 378 4986 acriter
417 4930 867 4988 sollicitudinibus
900 4934 1226 5004 exagitatus,
1256 4935 1512 5004 omnique
1535 4935 1747 4990 deside-

164 5023 253 5078 rio
313 5023 511 5078 intueri
558 5023 845 5092 diligenter
881 5025 1123 5093 gestiens
1175 5025 1329 5094 cujus
1383 5023 1747 5089 valetudinis,

160 5114 400 5184 eujusve
427 5114 718 5184 sospitatis,
745 5115 874 5184 quin
903 5115 1066 5170 etiam
1105 5126 1384 5172 crescente
1404 5127 1563 5173 :etate
1593 5118 1750 5188 cujus

165 5205 364 5261 forma:
390 5207 477 5262 vel
505 5206 679 5276 qualis
708 5215 927 5262 statura:
954 5216 1241 5277 exoptatus
1268 5208 1408 5262 filius
1432 5208 1591 5264 fuerit
1621 5223 1749 5263 suus

166 5297 514 5363 Riehardas,
566 5297 713 5366 misit
765 5297 1077 5369 domigcnas
1123 5299 1313 5354 secreti
1357 5299 1438 5353 sui
1481 5300 1744 5364 conscios,

166 5398 232 5441 ut
273 5387 340 5441 ad
369 5386 549 5442 villam
584 5404 703 5457 qua:
739 5388 938 5444 dicitur
966 5388 1222 5443 Chevillei
1251 5388 1388 5443 clam
1436 5389 1748 5458 deportare-

167 5488 287 5537 tur.
323 5478 506 5535 Delato
548 5481 712 5551 igitur
743 5481 944 5536 infante
988 5483 1054 5535 ad
1082 5482 1352 5552 praedicta:
1386 5481 1523 5536 villae
1548 5480 1747 5547 locum,

168 5571 578 5639 assumptisqne
607 5569 778 5625 tribus
799 5570 920 5624 fidis
949 5569 1258 5624 sccretariis
1283 5569 1418 5635 suis,
1450 5570 1746 5633 Bernardo,

167 5657 419 5713 Bothonc
450 5668 505 5715 et
537 5661 754 5724 Anslce,
779 5659 1051 5730 profectus
1071 5668 1154 5715 est
1179 5659 1285 5720 dux
1313 5660 1378 5714 ad
1407 5677 1551 5716 eum.
1579 5661 1750 5732 Quem
1799 5657 1802 5660 ’

169 5751 294 5832 ipse
331 5751 636 5822 diligentius
688 5754 924 5818 intuens,
974 5762 1029 5808 et
1073 5768 1332 5824 compage
1380 5756 1746 5815 membrorum

170 5842 580 5926 iibtt_s_tmaiiilitts
602 5854 909 5918 attrectata,
930 5855 1091 5917 prout
1115 5849 1288 5905 :ctatis
1313 5857 1427 5906 erat
1454 5847 1744 5902 formosum

1847 649 2234 703 transcendere
2266 663 2386 702 cum
2426 647 2879 708 animadvertens,
2921 643 3252 714 amplexatus
3283 660 3405 719 eum

1843 739 2171 803 amabiliter,
2222 747 2277 792 et
2320 737 2594 791 osculatus
2644 735 2893 798 dulciter,
2920 733 3089 788 tribus
3122 735 3408 790 comitibus

1841 845 2002 899 supra
2031 829 2348 884 memoratis
2376 827 2476 881 fari
2503 827 2689 896 ctrpit,
2713 827 2854 897 quod
2876 825 3039 880 corde
3067 825 3154 878 diu
3182 825 3408 880 rimatus

1841 929 1922 976 est
1951 919 2189 974 referens
2215 936 2226 972 :
2269 937 2286 970 ε
2311 921 2502 974 Vestro
2529 918 2773 983 consilio,
2818 917 3012 987 inquit,
3052 916 3154 971 hoc
3186 929 3407 986 regnum

1841 1019 2060 1064 strenue
2084 1025 2254 1079 usque
2283 1009 2442 1064 modo
2465 1009 2608 1073 rexi;
2635 1008 2881 1062 Britones
2899 1016 3085 1061 contra
3123 1022 3208 1061 me
3237 1007 3408 1062 rebelc

1842 1100 1920 1154 les
1949 1098 2220 1153 hostiliter
2249 1097 2453 1160 devici;
2482 1107 2716 1167 paganos
2740 1105 3046 1151 nostrorum
3074 1094 3260 1148 finium
3288 1105 3410 1162 per.
3438 1097 3446 1108 "

1842 1203 2064 1243 vasores
2112 1187 2360 1255 redargui
2389 1203 2403 1252 ;
2442 1185 2824 1251 Flaudrenses,
2860 1194 3193 1254 ea‘terasque
3223 1192 3411 1256 gentes

1842 1277 1896 1332 in
1937 1277 2200 1332 afﬁnitate
2228 1289 2425 1332 nostra:
2486 1278 2773 1346 potestatis
2800 1283 3290 1331 commemorantes
3316 1289 3412 1327 au-

1843 1370 2029 1426 dacter
2071 1369 2255 1438 subegi
2300 1386 2314 1422 :
2372 1368 2500 1437 quin
2547 1368 2708 1423 etiam
2758 1368 2800 1421 si
2850 1367 2978 1436 quid
3013 1366 3134 1420 boni
3159 1373 3414 1434 operatus

1843 1477 1988 1527 sum,
2017 1470 2194 1516 vestra
2219 1460 2604 1530 benignissima
2627 1461 2997 1514 exhortatione
3020 1467 3236 1512 coactus
3265 1454 3409 1507 blan-

1844 1554 1909 1608 de
1935 1553 2232 1622 leniterque
2262 1551 2462 1622 peregi.
2486 1550 2636 1605 Nunc
2663 1566 2790 1605 vero
2821 1567 2884 1605 ex
2917 1551 3018 1605 hoc
3046 1551 3188 1619 quod
3221 1547 3414 1601 molior

1844 1659 2027 1716 agere,
2051 1658 2329 1699 assensum
2359 1643 2591 1713 praebete
2632 1640 2797 1705 mihi;
2827 1640 2953 1710 quia
2991 1653 3151 1694 omne
3184 1653 3408 1707 regnum

1847 1735 2191 1792 baereditario
2237 1748 2435 1790 carens
2460 1733 2678 1789 domino
2725 1732 2997 1787 desolatur
3043 1740 3096 1785 et
3129 1729 3411 1792 dividitur,

1843 1839 1898 1884 et
1935 1829 2232 1885 seditiones
2271 1825 2702 1898 quamplurimas,
2752 1826 2988 1893 rixaeque
3012 1820 3410 1884 inanditae,im-

1845 1919 2124 1992 placabilis
2145 1917 2482 1988 querimonia
2506 1915 2868 1984 multipliciter
2889 1922 3235 1986 generantur.
3266 1912 3416 1966 Ideo.

1844 2026 1948 2081 (me
1979 2012 2080 2065 iste
2105 2007 2361 2080 puerulus
2387 2007 2558 2060 haeres
2582 2006 2724 2060 mihi
2745 2017 3133 2073 successorque
3157 2003 3208 2056 iu
3241 2001 3410 2054 nostri

1843 2104 2146 2158 ducaminis
2199 2101 2401 2156 ultione
2456 2098 2610 2153 vobis
2670 2096 2986 2151 faventibus.
3030 2094 3412 2150 constituatur.

1847 2191 1978 2246 Volo
2003 2201 2058 2247 et
2087 2192 2328 2246 obtestor
2357 2197 2434 2254 ut,
2465 2187 2570 2241 fide
2593 2195 2794 2241 nostra;
2819 2184 3150 2241 credulitatis
3173 2182 3254 2237 sui
3288 2181 3422 2236 fide-

1845 2283 1922 2336 lrs
1952 2280 2144 2341 effecti,
2181 2280 2526 2334 securitatem
2553 2276 2708 2331 istius
2733 2275 2882 2344 regni
2918 2273 3006 2329 isti
3031 2273 3220 2328 infanti
3246 2271 3416 2326 facia-

1848 2376 1938 2440 tis,
1989 2375 2115 2444 quia
2167 2373 2474 2442 ignoramus
2521 2369 2651 2440 quid
2707 2369 2946 2422 futurum
2998 2365 3176 2436 pariet
3209 2373 3448 2433 tempus

1846 2464 2067 2520 erroris.
2091 2462 2278 2518 iTunc
2305 2458 2785 2532 respouderuntilli
2815 2458 3015 2514 seniori
3043 2466 3150 2511 tam
3189 2454 3418 2509 alfabili-

1847 2567 1930 2612 ter
1957 2555 2194 2626 loquenti
2213 2571 2260 2610 ε(
2279 2553 2449 2609 Jussis
2474 2553 2579 2608 tuis
2604 2553 2860 2607 continuo
2875 2550 2996 2604 vita:
3027 2556 3224 2603 nostra:
3250 2561 3415 2600 cursu

1846 2651 2148 2720 paruimus,
2177 2657 2233 2703 et
2260 2645 2508 2718 quandiul
2530 2645 2847 2716 superstites
2875 2642 3158 2706 fuerimus,
3190 2640 3294 2695 iste
3314 2639 3421 2691 erit

1849 2741 2006 2797 nobis
2049 2754 2320 2810 congruos
2348 2754 2548 2802 comes,
2600 2739 2814 2807 duxque
2843 2734 3105 2806 patricius
3132 2730 3420 2786 haeredita-

1848 2835 1982 2897 rius,
2011 2833 2236 2902 ejusque
2266 2838 2534 2902 prarcepto
2575 2844 2672 2900 per
2698 2828 2882 2884 omnia
2906 2822 3420 2893 obtemperabimus.

1847 2924 1962 2980 line
2003 2939 2236 2994 namque
2279 2923 2566 2979 consilium
2623 2917 2980 2988 cctnplacebit
3023 2914 3275 2971 omnibus
3321 2911 3422 2965 sub

1848 3029 1953 3074 tua:
1983 3016 2334 3089 protectionis
2362 3009 2525 3070 tutela
2577 3009 3057 3068 commorantibus.
3112 3025 3131 3057 ι
3168 3005 3318 3060 Tunc
3347 3003 3424 3057 illi
3451 3039 3453 3043 ι

1851 3110 2212 3181 adimplentes
2236 3108 2387 3178 jussa
2437 3106 2769 3163 marehionis
2800 3098 3143 3164 nobilissimi,
3169 3097 3316 3166 regni
3340 3111 3424 3150 se-

1849 3203 2135 3257 caritatem
2182 3201 2452 3257 Richardo
2487 3215 2653 3270 puero
2686 3195 3087 3269 elegantissimo
3135 3190 3417 3250 facientes,

1849 3300 2191 3348 sacramento
2247 3307 2388 3346 verm
2443 3290 2580 3344 fidei
2626 3289 2873 3342 ntauibus
2920 3282 3217 3340 voluntarie
3256 3278 3417 3342 datis,

1847 3385 2368 3440 commendaverunt
2392 3395 2450 3436 se
2476 3381 2569 3434 illi.

2451 3485 2824 3527 APOSTROPHA.

1994 3565 2037 3621 0
2072 3565 2343 3622 Rieharde
2371 3571 2583 3635 potens,
2614 3571 2669 3616 et
2698 3563 2918 3632 probus,
2950 3566 3002 3612 et
3031 3557 3169 3626 pius,

2068 3659 2206 3725 Dux,
2239 3667 2551 3727 martyrque
2580 3653 2778 3709 future.

1989 3751 2206 3807 Pollens
2227 3750 2328 3806 iste
2352 3764 2484 3819 puer
2511 3754 2856 3803 matresatus
2891 3759 3066 3807 sacra,

2059 3844 2087 3899 ΙΙ
2096 3852 2229 3899 ustae
2255 3841 2535 3913 progeniei

1991 3935 2196 4000 Haeres,
2225 3949 2330 3988 non
2357 3932 2696 4003 importunus
2716 3927 2822 3985 erit
2846 3927 2978 3991 Deo.

2058 4027 2215 4082 Clero
2239 4039 2340 4080 nec
2364 4022 2686 4094 populoque.

1990 4118 2190 4173 Verum
2221 4114 2570 4185 congruus'et
2599 4111 2926 4170 conveniens
2956 4116 3129 4179 pater,

2059 4207 2267 4273 Justus,
2294 4206 2679 4278 patriciusque.

1992 4300 2225 4357 Sanctus
2258 4297 2520 4364 marrhio,
2567 4302 2821 4351 constans
2849 4306 3033 4348 eomes
3061 4297 3116 4347 et
3149 4289 3342 4352 bonus,

2061 4392 2177 4445 Dux
2200 4398 2252 4445 et
2281 4385 2738 4444 Christicolarum.

1989 4481 2222 4551 Fulgens
2249 4488 2412 4549 atque
2437 4484 2766 4548 prepagator
2789 4473 2894 4534 erit
2918 4488 3082 4530 sacer.

2065 4573 2217 4627 Vera:
2243 4569 2573 4625 credulitatis

1992 4666 2072 4719 Ac
2100 4665 2295 4734 legum.
2324 4659 2526 4730 Populo
2553 4657 2838 4714 distribuet
2861 4655 2998 4727 pius.

2065 4755 2246 4810 Justas
2277 4761 2456 4822 rector
2479 4751 2736 4807 habenas.

1990 4847 2056 4902 Et
2091 4845 2273 4916 plebes
2298 4841 2521 4898 soboles.
2539 4849 2595 4896 ut
2621 4841 2908 4898 moderans
2935 4847 3060 4909 pate

2064 4937 2214 4992 Juste
2243 4933 2567 5005 paciﬁeabit.

1991 5029 2066 5086 llli
2089 5029 2160 5084 sit
2185 5041 2350 5098 puero
2379 5025 2570 5096 gloria,
2598 5039 2722 5095 pax,
2745 5025 2930 5088 decus,

2061 5118 2188 5178 Jesu
2212 5128 2267 5173 et
2304 5116 2474 5189 gratia
2498 5114 2718 5173 Christi.

1921 5209 2093 5279 Hujus
2134 5225 2369 5279 namque
2398 5207 2608 5262 consilii
2642 5213 2862 5276 peracto
2899 5202 3112 5273 negotio
3133 5241 3148 5263 ,
3181 5199 3424 5271 quinimo

1850 5285 2234 5372 omnipotentis
2282 5300 2373 5356 Dei
2419 5300 2732 5368 disponente
2775 5296 3030 5360 arbitrio,
3062 5293 3228 5364 etrapit
3271 5299 3425 5363 pater.

1850 5395 2027 5464 sagaci
2090 5401 2269 5447 mente
2327 5391 2575 5446 meditari
2633 5405 2739 5458 quo
2785 5388 2904 5444 loco
2949 5387 3211 5457 quibusve
3244 5391 3424 5454 posset

1850 5483 2076 5541 enutriri
2099 5481 2388 5538 salubriter
2429 5491 2484 5536 et
2521 5480 2760 5537 educari.
2787 5478 2881 5538 His
2914 5477 3229 5532 incumbens
3262 5489 3425 5530 rima-

1856 5575 2115 5641 tionibus,
2143 5573 2260 5627 iniit
2285 5572 2684 5642 praanominatis
2709 5571 2882 5628 tribus
2913 5587 2925 5623 :
2965 5587 2982 5620 ‹
3013 5567 3276 5640 Quoniam
3306 5565 3424 5637 qui-

1854 5665 1972 5719 dem
2010 5663 2460 5732 Rothomagcnsis
2508 5663 2700 5719 civitas
2755 5661 2996 5715 Romana
3021 5659 3213 5730 potius
3260 5672 3420 5727 quam

1852 5757 2043 5812 Dacica
2097 5757 2265 5809 utitur
2313 5755 2651 5824 eloquentia,
2695 5764 2750 5811 et
2803 5754 3181 5836 Bajocacensis
3226 5751 3422 5807 fruitur

1854 5848 2189 5917 frequentius
2232 5848 2418 5901 Dacica
2453 5847 2628 5919 lingua
2666 5863 2825 5918 quam
2865 5847 3136 5914 Romana;
3175 5845 3292 5901 volo
3332 5853 3419 5898 tua
