3952 5346
554 150 650 206 69f

1463 148 1758 205 DUDONIS
1808 147 2055 204 DECANI
2094 149 2152 203 S.
2195 145 2499 218 QUINTINI
2540 144 2915 207 VlllOMA‘NDt

3704 142 3817 202 69?.

553 262 797 319 custodia
832 269 886 317 et
919 261 1221 318 enutriatur
1244 268 1300 318 et
1341 260 1602 318 educetur
1631 278 1755 320 cum
1788 279 1982 335 magna
2009 261 2134 320 dili-
2160 269 2212 328 Α
2239 271 2438 327 autem,
2469 261 2766 318 secundum
2787 260 2932 314 vires
2952 259 3148 322 artatis,
3173 258 3436 330 quidquid
3459 257 3586 314 boni
3603 270 3818 328 poterat

552 353 757 424 gentia,
793 351 1011 409 fervens
1037 350 1368 424 loquacitate
1406 353 1635 421 Dacica,
1672 363 1889 424 tamque
1919 355 2134 410 discens

554 445 732 501 tenaci
758 444 1044 511 memoria,
1067 453 1126 500 ut
1146 453 1309 516 queat
1329 446 1682 504 sermocinari
1710 447 1978 518 profusius
2005 447 2132 503 olim

554 545 748 592 contra
781 535 1099 608 Dacigenas.
1130 555 1152 590 ι
1185 535 1338 592 Tunc
1363 536 1540 592 Botbo
1568 539 1922 608 acquiescens
1951 539 2134 595 senio-

557 627 636 684 ris
688 625 1009 683 voluntariae
1053 627 1328 698 petitioni,
1373 637 1429 684 et
1463 629 1763 700 suscipiens
1805 630 2135 700 praecipuum

557 717 823 775 infantem
857 720 926 776 ad
947 735 1136 776 curam
1165 719 1458 788 educandi,
1489 721 1606 777 urbi
1633 737 1756 777 eum
1783 722 1973 779 detulit
2000 737 2133 779 con-

555 809 664 868 cito
685 809 1054 879 Bajocacensi,
1078 825 1308 882 eumque
1327 812 1617 868 custodivit
1638 821 1696 866 ut
1716 813 1972 885 pupillam
1993 813 2136 870 oculi

551 903 662 958 sui.
706 900 824 958 Dux
876 917 1005 958 vero
1050 901 1354 959 Willelinus
1399 903 1470 960 ob
1515 919 1753 959 amorem
1795 904 2136 960 dilectissimi

549 991 655 1048 filii
707 994 824 1057 sui,
861 991 1069 1052 Pascha
1127 993 1298 1064 ipsius
1359 995 1487 1050 anni
1541 995 1764 1066 Bajocas
1809 996 2134 1063 celebravit,

555 1080 876 1138 coadunatis
913 1083 1265 1154 optimatibus
1297 1083 1624 1140 Britannica:
1667 1084 2140 1142 Nortbmaunicaa-

555 1189 663 1245 que
711 1175 964 1246 regionis.
1017 1175 1086 1231 Et
1134 1176 1243 1232 illic
1310 1189 1552 1233 moratus
1600 1185 1683 1233 est
1743 1178 1916 1234 donec
1957 1188 2140 1234 essent

558 1267 822 1323 transacti
851 1281 1022 1323 sacrae
1043 1267 1403 1324 soleinnitatis
1427 1267 1776 1326 Pentecostes
1801 1269 1916 1324 dies
1936 1268 2136 1325 festivi.

555 1359 792 1430 Cupiens
830 1369 1014 1416 autem
1052 1361 1318 1418 infantem
1362 1361 1692 1419 Richardutn
1739 1377 1961 1420 suorum
2004 1362 2140 1418 fide-

557 1451 692 1509 lium
739 1461 1084 1508 sacramento
1114 1452 1496 1521 etjuramento
1532 1453 1586 1508 in
1620 1467 1787 1524 regno
1824 1451 2139 1509 confirmari

557 1551 615 1596 et
641 1541 958 1610 sublimari,
1005 1545 1300 1615 assumpsit
1339 1553 1545 1614 septem
1587 1545 1875 1614 optimates
1916 1543 2140 1615 majoris

555 1633 833 1703 potentia,
861 1642 916 1689 et
935 1634 1123 1705 pandit
1145 1635 1252 1691 illis
1274 1651 1398 1691 eum
1424 1635 1592 1692 tribus
1620 1651 1781 1707 supra
1804 1637 2021 1706 scriptis
2048 1652 2137 1692 se-
2169 1615 2215 1674 Β

558 1730 770 1778 cretum
799 1723 1092 1780 voluntatis
1115 1739 1254 1780 suae:
1284 1743 1302 1776 ι
1323 1725 1525 1781 Rerum
1547 1726 1765 1784 fortuna
1779 1727 1994 1782 casibus
2014 1727 2140 1798 quia

557 1813 862 1870 innumeris
900 1829 1113 1886 semper
1140 1823 1372 1882 rotatur,
1408 1831 1645 1885 raroque
1671 1816 1762 1871 ulli
1793 1827 1976 1873 certus
2014 1833 2143 1872 cau-

556 1922 743 1965 sarum
769 1917 1022 1974 eventus;
1055 1909 1336 1979 quocirca,
1371 1911 1524 1965 vobis
1566 1909 1905 1977 faventibus,
1937 1911 2058 1966 Volo
2086 1918 2144 1967 ut

557 2017 650 2061 tne
695 2003 986 2073 superstite
1041 2003 1184 2060 filius
1230 2019 1382 2060 meus
1428 2004 1735 2060 Ricbardus
1780 2005 1955 2060 haeres
2008 2019 2143 2059 mea:

560 2094 783 2151 ditionis
810 2110 842 2150 a
869 2094 1020 2152 vobis
1045 2096 1423 2163 constituatur,
1453 2112 1754 2167 manusque
1781 2106 1991 2152 vestras
2027 2096 2145 2150 vice

559 2187 743 2246 cordis
787 2184 904 2254 ejus
952 2187 1260 2242 concedatis
1295 2187 1579 2248 manibus,
1611 2197 1876 2256 pactaque
1911 2185 2145 2241 fidelitas

557 2290 706 2334 vera:
749 2275 873 2331 ﬁdei
900 2285 1097 2334 vestrae
1132 2275 1410 2350 jurainine
1437 2278 1637 2334 obnixe
1682 2277 1950 2342 firmetur,
1979 2285 2145 2346 atque

558 2377 745 2427 vestro
785 2368 1014 2426 consilio
1056 2367 1342 2429 utilissimo
1369 2369 1484 2442 ipsa
1512 2377 1622 2422 tota
1647 2367 1819 2438 patria
1849 2367 2146 2437 prudenter

558 2469 804 2532 regatur.
832 2480 852 2516 ι
889 2444 986 2518 His
1022 2461 1483 2533 propositionibus
1517 2461 1718 2517 hilares
1748 2460 2146 2531 responderunt

558 2559 771 2619 septem
805 2552 1096 2624 optimates
1129 2569 1142 2606 :
1178 2573 1198 2606 ι
1231 2551 1288 2608 Si
1317 2553 1618 2623 praerimari
1660 2563 1712 2608 et
1761 2552 2141 2626 przecogitare,

558 2641 805 2709 quinimo
861 2643 1156 2712 praedicere
1210 2645 1355 2716 quod
1410 2643 1742 2715 proposuisti
1795 2643 1980 2698 animo
2037 2657 2144 2702 non

559 2735 832 2805 wStuaris,
860 2752 1156 2808 congruum
1181 2747 1236 2793 et
1256 2753 1593 2808 consequens
1621 2751 1963 2808 sunimOpere
1989 2735 2146 2791 nobis

557 2834 732 2893 esset,
763 2837 823 2890 ut
848 2837 1039 2884 nostro
1066 2837 1288 2899 precatu
1311 2869 1327 2896 ,
1367 2839 1662 2898 nostraque
1683 2829 1916 2884 sollicita
1947 2828 2145 2882 exhor-

2236 355 2565 426 adimplebat
2577 353 2742 424 gestis
2753 350 2990 422 optimis.
3009 348 3266 406 Utautem
3283 349 3536 404 adolebat
3548 351 3815 421 vegetabi.

2235 445 2617 502 literbuinanis
2629 443 3072 509 increinentis,ita
3089 442 3482 498 fecundabatur
3497 443 3728 500 feliciter
3744 447 3818 502 vi-

2239 548 2305 596 tae
2321 539 2452 593 meri
2462 537 2788 608 tis.Qu:eque
2801 536 2924 594 boni
2940 535 3189 592 audiebat
3201 537 3421 593 memori
3431 545 3512 591 ter
3523 546 3816 594 retractans

2238 631 2539 697 retinebat;
2568 630 2708 688 mala
2751 644 2878 689 vero
2908 643 3167 699 respuens
3187 627 3635 698 floccipendebat.
3663 629 3818 697 Qua:-

2239 739 2452 793 cunque
2488 723 2622 791 legis
2655 721 2978 792 tegebantur
3015 720 3268 784 obscura,
3303 728 3550 775 reserata
3573 720 3818 775 enuclea-

2240 818 2348 874 tius
2374 816 2616 872 solvebat
2648 815 2852 871 ouinia.
2883 813 3042 868 Patre
3067 827 3195 867 vero
3223 809 3521 875 Willelmo,
3549 820 3610 864 ut
3636 826 3819 866 necti-.-

2238 909 2404 963 situm
2444 915 2532 963 est
2577 906 2703 963 licet
2740 905 2932 960 hebete
2958 903 3120 976 stylo.
3149 902 3389 972 perfidia:
3418 917 3575 956 naevo
3604 910 3816 973 marty-

2240 1001 2432 1063 risato,
2463 1007 2519 1054 et
2542 999 2594 1054 in
2616 997 2878 1054 stellifero
2905 1011 3072 1068 regno
3096 994 3324 1049 feliciter
3349 1002 3643 1057 coronato,
3667 1003 3819 1047 ante-

2239 1109 2402 1164 quam
2439 1093 2759 1149 bumaretur
2791 1104 2989 1160 corpus
3017 1087 3134 1156 ejus
3165 1085 3446 1157 sepulcro,
3476 1084 3816 1138 adduxerunt

2240 1185 2578 1244 liichardum
2614 1197 2840 1255 puerum
2872 1181 2965 1250 qui
2995 1181 3195 1236 residui
3228 1179 3448 1239 fuerunt
3471 1176 3525 1236 in
3550 1190 3738 1247 regno,
3767 1184 3820 1232 et

2240 1277 2331 1348 qui
2360 1291 2464 1331 non
2490 1275 2663 1330 ierant
2689 1274 2755 1328 ad
2786 1272 3086 1329 luctuosum
3109 1269 3373 1340 placitum,
3393 1281 3517 1322 cum
3557 1280 3648 1320 eo.
3673 1265 3821 1320 Tune

2240 1366 2601 1424 Northmanni
2634 1373 2691 1419 et
2711 1363 2960 1421 Britones
2998 1370 3160 1416 tanta:
3191 1358 3609 1430 pulchritudinis
3633 1369 3690 1412 et
3727 1356 3809 1409 di-

2242 1458 2470 1530 gnitatis
2522 1471 2747 1527 puerum
2798 1454 3078 1517 videntes,
3120 1451 3331 1523 lugubri
3377 1448 3656 1518 flebilique
3693 1461 3824 1504 voce

2242 1547 2649 1618 singultientes,
2704 1546 2921 1613 altaque
2961 1545 3296 1600 diversorum
3337 1542 3559 1597 ululatu
3593 1541 3818 1610 suspiria

2243 1641 2581 1703 emittentes,
2615 1639 2861 1693 dixerunt
2897 1636 3215 1690 unanimes:
3254 1654 3272 1685 ε
3301 1633 3440 1688 Ecce
3469 1633 3557 1687 cui
3592 1632 3815 1695 servire,

2241 1747 2369 1789 ecce
2411 1733 2497 1788 cui
2548 1732 2805 1789 militare.
2840 1745 2967 1785 ecce
3000 1728 3087 1785 cui
3135 1738 3287 1798 patre
3320 1727 3620 1797 superstite
3667 1726 3819 1779 fidem

2243 1824 2493 1882 fecimus.
2534 1842 2554 1877 ι
2591 1823 2742 1878 Tunc
2766 1823 3088 1892 Beringerus
3116 1819 3441 1874 Britannica:
3471 1817 3710 1889 regionis
3736 1830 3822 1872 co-

2244 1933 2360 1973 mes
2402 1917 2724 1987 przecipuus,
2765 1915 2883 1970 infit
2921 1913 3112 1968 ﬂebilis
3156 1922 3211 1967 et
3258 1924 3484 1968 mmstus
3532 1912 3686 1981 prior
3728 1923 3822 1980 pro

2244 2011 2532 2067 omnibus:
2573 2030 2591 2062 ι
2619 2009 2664 2065 Ο
2707 2009 2951 2064 seniores
2992 2015 3050 2061 et
3085 2005 3300 2068 domui,
3342 2004 3555 2061 Arnulli
3605 2001 3821 2071 perfidia

2243 2105 2428 2160 dolose
2463 2101 2704 2173 decepti,
2734 2109 3029 2156 mmrentes
3073 2105 3128 2153 et
3173 2098 3359 2152 tristes
3397 2095 3648 2167 plorabili
3694 2107 3820 2148 nece

2245 2197 2475 2269 piissimi
2511 2195 2864 2257 marcbionis,
2903 2195 3217 2263 priusquam
3247 2190 3596 2245 lamentabile
3631 2203 3820 2258 corpus

2248 2289 2452 2345 tumulo
2500 2288 2794 2349 condatur,
2842 2285 3112 2340 seniorem
3162 2282 3427 2339 faciamus
3494 2280 3673 2334 nobis.
3726 2277 3820 2332 lste

2244 2397 2397 2454 puer,
2431 2388 2492 2433 ut
2514 2381 2620 2434 dux
2646 2377 2800 2432 nobis
2822 2379 2896 2432 sit
2916 2386 2969 2431 et
2995 2374 3281 2445 patricius,
3310 2373 3362 2427 in
3389 2373 3518 2428 sede
3546 2371 3720 2442 patris
3743 2379 3820 2424 est

2245 2475 2640 2544 subrogandus.
2671 2472 2748 2527 Ne
2775 2482 2975 2527 exterae
3004 2478 3194 2539 gentes
3223 2482 3385 2538 super
3413 2481 3512 2520 nos
3537 2466 3820 2526 irruentes,

2246 2569 2457 2636 hocque
2486 2566 2700 2636 negotio
2729 2562 2888 2630 hujus
2920 2559 3226 2616 traditionis
3258 2559 3506 2613 inaudito
3534 2555 3818 2627 principari

2245 2675 2406 2730 super
2430 2673 2530 2714 nos
2550 2656 2933 2719 deliberantes,
2951 2652 3223 2708 vindicent
3243 2651 3343 2706 sibi
3370 2649 3824 2704 Norlhmannicas

2245 2751 2694 2820 Britannicasque
2745 2748 2898 2812 fines,
2929 2747 3030 2802 iste
3079 2761 3214 2816 puer
3260 2745 3635 2800 constituatur
3675 2742 3818 2796 istius

2247 2844 2396 2914 regni
2437 2843 2710 2912 princeps.
2761 2840 3094 2907 Scutunique
3151 2836 3420 2906 perditum
3454 2835 3632 2905 patris
3677 2843 3820 2888 scuto

559 2918 767 3023 ξ³¹ί⁰¹¹θ
811 2918 1121 3023 θξίηοηίωδ
1161 2921 1287 3023 ¹¹⁰ίξ
1309 2919 1552 3023 “Feres:
1587 2921 1725 3023 .‘IUia
1777 2917 2142 2974 "ecessarium
2173 2960 2218 3023 ρ
2249 2935 2628 2999 reformantcs,
2677 2939 3154 3000 restaurautesque
3189 2927 3307 2997 ejus
3331 2926 3524 2990 soboli,
3557 2926 3823 2981 obstenirs

555 3008 666 3071 hoc
698 3011 1000 3081 negotium,
1028 3021 1086 3068 et
1115 3012 1445 3085 peculiarius
1475 3013 1631 3068 nobis
1665 3022 1766 3069 est.
1800 3031 1821 3066 ι
1865 3012 1960 3067 llis
1985 3013 2144 3069 dictis

557 3097 836 3162 liicbardo
887 3102 1080 3160 infanti
1131 3105 1382 3162 manibus
1410 3105 1524 3162 suis
1555 3105 1715 3170 datis,
1760 3120 1923 3176 super
1963 3120 2146 3162 sacro-

557 3203 782 3249 sanctas
810 3193 1073 3267 reliquias
1101 3195 1262 3252 fidem
1285 3195 1941 3269 obsequentisl‘amulatus
1965 3203 2021 3250 et
2043 3194 2148 3249 iiii-

557 3283 824 3341 litationis
843 3284 1134 3355 facientes,
1177 3287 1588 3362 spoponderunt
1615 3295 1670 3343 et
1696 3295 1962 3347 voverunt
1987 3285 2066 3344 illi
2088 3300 2149 3342 se

557 3389 660 3450 per
688 3377 870 3432 omnia
889 3392 1010 3434 esse
1033 3377 1239 3440 fideles.

1174 3496 1541 3543 APOSTROPBA.

705 3568 861 3626 Sacri
889 3579 945 3628 et
975 3571 1202 3639 ordinis,
1231 3581 1286 3627 et
1313 3573 1710 3642 graduumque,

705 3660 848 3716 Puer
875 3662 1094 3734 inclyte,
1119 3673 1173 3720 et
1195 3663 1389 3719 indolis
1413 3665 1570 3717 almae

706 3752 866 3809 Patre
894 3755 960 3811 de
981 3756 1150 3821 nitido
1175 3764 1311 3819 sate,
1345 3756 1542 3822 matris

703 3848 916 3906 Genere
942 3866 1010 3909 ex
1034 3852 1214 3915 rutilo,
1245 3852 1605 3922 ingenuoque.

707 3944 900 4002 Merito
931 3944 1028 4009 tibi
1059 3944 1308 4001 subditur
1331 3943 1431 3998 ista

706 4037 893 4093 Patria
923 4047 978 4094 et
1003 4036 1173 4108 regio,
1204 4035 1380 4094 editus
1405 4049 1465 4089 es
1494 4046 1620 4104 qua.

706 4132 843 4200 Quia
868 4131 978 4197 dux
1005 4131 1204 4198 bonus,
1227 4137 1277 4184 et
1310 4141 1496 4184 comes
1524 4111 1702 4182 almus

707 4224 828 4279 Eris
855 4221 1120 4294 indigena:
1145 4217 1440 4281 morulanti
1461 4218 1568 4283 hic,

705 4317 829 4374 Eris
855 4323 911 4373 et
931 4316 1099 4372 decus
1126 4314 1496 4375 Ecclesiarum

705 4411 875 4468 Sacra
904 4409 1093 4483 gloria,
1119 4423 1244 4481 spes
1270 4408 1577 4465 recolenda.

706 4509 908 4579 Vagus,
934 4506 1231 4578 orphanus,
1255 4503 1427 4570 exsul,
1458 4501 1743 4574 inopsque,

705 4601 938 4672 Cupiens
964 4599 1083 4676 opis
1110 4598 1372 4660 auxilium
1399 4612 1430 4653 a
1460 4606 1515 4653 te

703 4694 908 4752 Hilaris
937 4705 1215 4758 saturatus
1243 4695 1437 4753 obibit.

636 4788 736 4844 llis
757 4803 992 4868 namque
1011 4789 1212 4861 sagaci,
1239 4787 1596 4860 prudentique
1625 4795 1679 4841 et
1698 4783 1900 4840 salubri
1924 4784 2149 4839 consitio

567 4882 837 4951 dellnitis,
873 4885 1144 4956 rebusque
1175 4880 1418 4953 pluribus
1455 4895 1624 4935 sacrae
1668 4877 1922 4934 Ecclesia:
1961 4877 2150 4947 reique

568 4973 797 5042 publica:
841 4975 1134 5031 salubriter
1173 4974 1470 5038 adornatis,
1500 4970 1657 5028 rediit
1678 4971 1904 5040 quisque
1946 4968 2011 5022 ad
2052 4984 2148 5022 sua

571 5059 725 5120 ianus
747 5075 802 5120 et
835 5065 1042 5123 hilaris.
1079 5066 1288 5122 Interea
1321 5064 1499 5125 infans
1527 5063 1681 5120 bonte
1709 5062 1925 5121 indolis.
1956 5061 2148 5132 primi-

570 5173 678 5227 que
705 5157 876 5228 gratia
891 5157 1368 5223 floris,Richardus
1391 5150 2146 5216 scilicetcelebris,formaba-

573 5249 882 5318 turcapsim
911 5249 980 5306 ab
1000 5250 1174 5306 annis.
1193 5249 1379 5306 Gratia
1405 5258 1585 5302 autem
1605 5244 1837 5316 Spiritus
1863 5243 2036 5300 sancti
2057 5242 2152 5296 ad-

2257 3028 2618 3099 repugnando
2658 3025 2964 3081 volentibus
2991 3022 3258 3079 dominari
3285 3005 3457 3075 nobis.
3494 3039 3513 3072 ι
3552 3019 3649 3072 llis
3677 3019 3821 3072 dict‘s

2252 3123 2587 3179 unanimiter
2615 3120 2988 3176 collaudantcs
3030 3117 3134 3172 hoc
3171 3113 3478 3172 consilium.
3514 3113 3822 3184 aggrediun-

2253 3221 2339 3267 tur
2373 3212 2600 3267 comites
2629 3226 2752 3265 cuin
2786 3224 2978 3280 magna
3014 3205 3315 3275 frequentia
3343 3203 3656 3274 principum
3684 3215 3820 3256 com-

2250 3313 2399 3359 moto
2429 3304 2630 3372 impetu
2665 3309 2721 3356 et
2753 3313 3030 3354 murmure
3053 3296 3371 3353 ululantium
3404 3294 3645 3365 ingentis
3680 3307 3821 3347 reveo

2250 3395 2439 3450 rentia:
2470 3391 2798 3448 liicltardum
2841 3403 3088 3461 puerum.
3141 3385 3609 3442 Tumultuantium
3658 3392 3820 3436 autem

2250 3487 2568 3561 pepulerum
2622 3497 2902 3540 murmure
2951 3481 3170 3545 sedato,
3202 3480 3293 3534 vix
3346 3478 3544 3548 adepto
3593 3474 3819 3532 silentio.

2250 3581 2576 3648 Beringerus
2627 3585 2680 3631 et
2744 3575 3025 3638 Alannus,
3093 3570 3385 3640 czeterique
3453 3566 3820 3625 Nnthmannia:

2249 3670 2650 3738 Britanniasque
2670 3667 2920 3733 comites,
2950 3663 3092 3718 datis
3114 3661 3364 3717 manibus
3390 3660 3504 3714 suis
3535 3655 3816 3717 Ricbardo,

2251 3762 2608 3818 subdiderunt
2653 3773 2713 3814 se
2763 3757 2994 3813 libenter
3040 3752 3137 3817 illi,
3190 3759 3250 3806 ut
3292 3749 3660 3820 promiserant
3703 3743 3819 3798 olim

2249 3854 2389 3927 patri
2413 3852 2631 3908 viventi.
2657 3847 3084 3920 Pignoribusque
3107 3845 3468 3914 pretiosorum
3518 3847 3818 3892 sanctorum

2249 3947 2463 4012 delatis,
2488 3945 2740 4000 sanciunt
2769 3942 2843 3999 illi
2876 3950 3116 3995 tenorem
3141 3936 3508 4007 integerrimas
3557 3927 3819 3986 fidelitatis

2248 4047 2304 4096 et
2343 4033 2706 4099 inilitatiouis,
2738 4041 2915 4089 morte
2938 4029 3253 4088 christiana:
3289 4022 3700 4094 conjurationis.
3732 4018 3818 4072 His

2249 4129 2502 4187 ﬂebiliter
2528 4126 2779 4199 expletis,
2824 4121 3176 4194 pluribusque
3207 4118 3272 4174 ad
3301 4132 3398 4172 sua
3442 4113 3708 4175 reversis,
3731 4107 3817 4164 Ri-

2249 4223 2484 4277 cbardus
2520 4234 2656 4290 puer
2693 4223 3023 4286 exspectatis:
3049 4209 3372 4273 nobilitatis,
3401 4205 3816 4270 fortitudineque

2176 4309 2226 4370 D
2254 4315 2506 4380 celebris,
2529 4313 2868 4384 Rotbomago
2888 4306 3154 4365 remansit
3181 4319 3304 4362 cum
3326 4299 3620 4364 tironibus,
3643 4294 3820 4368 patris-

2256 4423 2361 4482 que
2387 4407 2712 4479 domigenis.

2859 4508 3220 4554 APOSTROPBA.

2252 4594 2584 4662 Rotliomage
2613 4605 2777 4661 super
2797 4589 2961 4643 missa
2983 4601 3117 4657 vage
3142 4584 3322 4639 littora
3355 4582 3645 4652 Sequanae,

2255 4687 2394 4746 Urbs
2421 4685 2648 4741 fecunda
2681 4682 2836 4738 bonis
2861 4679 3132 4744 omnibus,
3162 4685 3218 4732 et
3246 4674 3508 4731 militibus
3539 4671 3670 4727 feris

2253 4779 2483 4848 Semper
2517 4775 2624 4832 feta
2653 4775 2795 4838 laon,
2826 4773 2976 4827 dives
3003 4784 3187 4839 opum,
3213 4767 3478 4838 plenaque
3499 4773 3790 4823 munerum,

2252 4871 2460 4926 Vcnatu
2489 4864 2771 4930 exbilaris,
2799 4860 3089 4927 sufﬁciens,
3125 4869 3182 4915 et
3201 4856 3524 4927 locupletior

2255 4964 2544 5020 Multarum
2571 4960 2896 5032 specierum,
2935 4968 3217 5028 generum,
3246 4952 3504 5022 pisceqne
3538 4946 3722 5003 ditior.

2253 5056 2392 5114 Altis
2419 5055 2764 5123 alitibusque.
2789 5047 3145 5120 accipitrique
3167 5041 3387 5113 ancipiti
3411 5043 3548 5094 scio.

2253 5147 2410 5204 Omni
2438 5145 2567 5217 quin
2599 5142 2807 5206 melior,
2832 5140 2960 5210 quin
2984 5137 3180 5207 potior,
3195 5132 3330 5197 urbe
3359 5131 3658 5202 petentior,

2252 5238 2452 5294 Portus
2482 5250 2642 5308 quam
2669 5228 3165 5303 vegetatBelgicus,
3185 5236 3242 5281 et
3265 5222 3526 5286 Celticus,
3555 5217 3816 5290 Anglicus.

2809 5323 2950 5346 I--.2n
2966 5337 3084 5346 _-....
3139 5317 3446 5346 -..Ι-ιιιηιηηρ
3497 5314 3621 5346 ,ιηῖσι
