4032 6386
655 320 741 376 DE
777 322 1019 378 GLS'ltS
1058 320 1486 380 NORMANNLE
1530 323 1764 381 DUCUM
1800 325 1826 380 1.

1922 325 1979 380 Rl
2016 325 2217 383 TRES.
2258 357 2328 368 --
2352 326 2477 384 LIB.
2519 327 2602 383 111.
2635 327 3046 385 ιιιρηΑιιυυε.

3369 328 3471 384 691

225 445 482 504 Sanctus,
515 437 934 510 religiosusque,
959 437 1253 511 benignus,
1278 455 1434 498 sacer
1462 449 1520 497 et
1559 441 1792 512 probus,
1822 450 1871 508 Α
1900 443 2228 500 Bernardunt
2284 444 2582 515 principem
2627 443 3036 498 Northmannici
3081 443 3371 507 exercitus,
3413 452 3473 499 ut

219 529 517 596 Solemnis,
537 529 765 584 celebris
792 544 890 598 pro
912 530 1140 595 meritis,
1172 531 1384 602 dignus,
1420 531 1689 599 amabilis,

229 623 498 686 Dilectus,
527 619 870 684 recolendus,
901 622 1251 685 reverendus,
1283 623 1668 688 memorabilis,

223 713 400 768 Saacla
425 712 549 783 jure
577 710 780 773 valens,
822 709 946 779 jure
976 721 1190 781 potens,
1217 713 1338 783 jure
1368 730 1465 784 per
1492 715 1695 768 omnia.

220 803 328 870 Qui
358 813 410 858 te
436 802 564 858 olim
593 803 880 858 moderans
902 813 1171 874 proteget,
1202 817 1261 860 et
1289 806 1637 860 auxiliabitur

219 896 295 952 Et
317 894 469 963 cujus
495 895 705 951 meritis
731 895 1004 951 continuis
1026 896 1182 952 saecla
1212 912 1310 974 per
1339 898 1521 952 omnia

219 987 558 1060 Praefulgens
586 987 1020 1058 locupletaberis,
1043 995 1100 1043 et
1129 988 1548 1044 munificaberis.

219 1079 298 1134 Et
317 1078 474 1148 cujus
504 1078 739 1146 bonitas,
765 1087 820 1136 et
841 1078 1034 1151 pietas.
1061 1087 1114 1135 et
1139 1077 1460 1140 reverentia.

220 1168 462 1240 Campos
489 1169 685 1226 Elisios
705 1169 968 1225 scandere
991 1178 1042 1226 te
1062 1179 1218 1242 coget
1243 1172 1310 1225 ad
1338 1170 1605 1224 ultimum.

299 1261 541 1317 Audiens
606 1268 784 1316 autem
844 1275 939 1316 rex
992 1259 1237 1316 Francia:
1289 1260 1594 1316 Ludovicus
1639 1261 1805 1331 quod,

216 1351 440 1410 Arnulfi
479 1352 830 1409 Flandrensis
867 1353 1084 1408 comitis
1117 1354 1356 1409 versutia
1399 1354 1679 1425 deceptus,
1711 1370 1809 1426 pro

219 1443 528 1499 stabilitate
563 1453 926 1498 sacrosancta:
961 1443 1237 1510 Ecclesite,
1267 1455 1574 1514 sanctasque
1603 1446 1724 1500 fidei
1752 1454 1810 1501 et

218 1535 414 1605 paris,
442 1549 647 1604 proque
689 1534 947 1590 ﬁdelitate
987 1534 1070 1589 sui
1117 1535 1498 1606 tnartyrizatus
1533 1544 1678 1591 esset
1701 1535 1807 1590 dux

218 1622 736 1680 Northmannorum
764 1626 1106 1691 Willelmus,
1146 1627 1374 1682 multum
1416 1627 1720 1692 condoluit,
1755 1635 1811 1682 et

215 1715 522 1785 optimates
547 1717 696 1786 regni
734 1717 977 1787 exceptis
1018 1717 1213 1772 mortis
1261 1715 1380 1786 ejus
1427 1717 1811 1772 tractatoribus

1901 543 2214 589 succureret
2257 534 2308 588 ei
2348 549 2446 604 pro
2487 549 2672 588 amore
2709 531 2802 587 Dei
2831 533 3082 588 velocius.
3119 531 3222 599 Qui
3265 535 3476 589 concito

1904 625 2111 680 remisit
2140 625 2205 680 ad
2233 639 2356 680 eum
2385 627 2498 681 htec
2535 624 2698 680 verba
2724 625 2988 679 dicturum
3017 642 3031 678 :
3060 644 3079 676 ι
3107 623 3220 679 Non
3248 640 3353 688 me,
3377 640 3476 681 nec

1904 717 2051 774 illum
2085 716 2355 783 liberabo;
2384 718 2476 773 sed
2499 718 2600 773 bac
2623 717 2885 772 seditione
2910 718 3122 783 oborta,
3147 727 3204 771 ut
3234 727 3474 781 autumo,

1905 808 2156 863 interibo.
2189 827 2206 860 ι
2248 808 2412 885 Tunc.
2447 809 2640 863 iterum
2689 823 2780 862 rex
2822 808 2966 862 misit
3006 807 3072 861 ad
3097 822 3240 870 eum,
3277 817 3334 861 ttt
3371 823 3481 877 quo

1905 897 2122 953 liberari
2153 907 2334 968 posset
2363 898 2518 953 daret
2545 898 2592 952 ei
2616 897 2925 952 consilium.
2961 896 3270 953 Bernardus
3300 906 3481 952 autem

1906 988 2102 1044 timens
2129 1004 2196 1044 ne
2219 989 2557 1044 occideretur
2585 989 2697 1058 ipse
2722 998 2776 1043 et
2805 1003 2918 1052 rex,
2943 989 3224 1043 remandat
3253 998 3312 1044 ut
3332 990 3487 1044 acci-

1906 1081 2058 1150 piens
2091 1081 2143 1135 in
2176 1081 2319 1136 ulnis
2355 1080 2680 1135 Ricltardum
2725 1080 2962 1151 praeeclsi
2994 1079 3182 1134 auxilii
3215 1095 3442 1150 puerum
3465 1121 3480 1144 ,

1907 1170 2116 1224 veniret
2143 1171 2366 1242 supplex
2387 1171 2454 1225 ad
2479 1171 2900 1227 misericordiam
2931 1171 3160 1226 militum
3183 1180 3236 1227 et
3258 1171 3479 1226 civium.

1908 1259 2020 1314 ltex
2071 1269 2251 1316 autem
2289 1261 2372 1316 sui
2418 1260 2693 1325 difﬁdens,
2724 1276 3052 1331 suorumque
3099 1262 3383 1316 interitum
3431 1269 3487 1314 et

1909 1351 2336 1408 internecionem
2386 1362 2662 1416 metuens,
2709 1355 2947 1424 suscepit
2989 1355 3040 1408 in
3091 1353 3332 1410 brachiis
3373 1355 3488 1409 suis

1911 1443 2240 1499 Richardum
2293 1453 2455 1498 tatttce
2506 1444 2843 1500 liberationis
2890 1461 3148 1514 puerum,
3195 1455 3251 1501 et
3294 1445 3489 1500 detulit

1910 1546 2036 1590 ante
2080 1545 2429 1606 conSpectum
2459 1546 2828 1600 armatorum,
2857 1551 2916 1591 se
2950 1546 3006 1591 et
3047 1551 3208 1604 suos,
3257 1535 3484 1606 supplici

1910 1644 2042 1684 voce
2067 1645 2293 1700 poscens
2315 1628 2740 1684 misericordiam
2771 1629 3006 1694 illorum,
3037 1629 3287 1684 occideae
3306 1629 3492 1684 volen-

1914 1721 2066 1775 tium.
2105 1739 2123 1772 ι
2161 1721 2300 1776 Ecce
2331 1734 2432 1791 ego
2465 1729 2520 1775 et
2549 1730 2728 1775 vester
2752 1722 2954 1787 senior,
2985 1719 3244 1792 quidquid
3291 1720 3359 1775 de
3401 1735 3493 1774 me

216 1807 445 1864 concite
461 1808 854 1882 Rotltomagum
876 1811 1184 1881 properavit
1210 1825 1330 1866 cum
1356 1811 1471 1865 suis
1498 1810 1809 1875 comitibus,
1843 1796 1887 1854 Β
1919 1809 2078 1864 vultis
2124 1810 2283 1865 facite
2314 1810 2456 1875 cito,
2485 1818 2692 1864 tantum
2739 1825 2808 1863 ne
2838 1825 2924 1864 me
2951 1823 3208 1878 meosque
3230 1807 3494 1864 occidatis

219 1913 396 1968 super
426 1900 510 1956 bis
547 1915 667 1970 quae
709 1901 916 1956 nefario
948 1901 1153 1956 Amulli
1188 1902 1404 1957 comitis
1437 1911 1557 1955 astu
1601 1901 1813 1958 accide-

221 2001 357 2047 rant
381 1993 745 2049 consulturus.
771 1993 1236 2065 llothomagenses
1261 2010 1390 2050 vero
1413 1994 1644 2049 advehtu
1670 1994 1814 2061 regis

219 2083 492 2140 Ludovici
521 2083 722 2140 hilares
749 2095 1106 2156 susceperunt
1125 2101 1246 2142 eum
1277 2085 1538 2149 volenter,
1563 2093 1814 2152 putantes

222 2183 295 2228 ut
306 2175 578 2244 equitaret
598 2191 763 2247 super
787 2176 1171 2242 Flandrcnses,
1188 2176 1550 2247 acerbamque
1570 2186 1624 2231 et
1646 2176 1812 2245 pesti-

223 2261 409 2319 feram
435 2264 692 2322 ultionem
713 2283 810 2337 pro
837 2269 1079 2323 inaudito
1109 2269 1324 2338 piaculo
1365 2269 1507 2340 quod
1537 2267 1813 2334 fecerant,

226 2355 346 2413 illis
388 2357 612 2414 reddere
641 2359 822 2415 vellet.
857 2359 970 2415 Rex
1001 2369 1182 2416 autem
1222 2359 1529 2415 Ludovicus
1551 2361 1616 2415 ad
1642 2377 1701 2416 se
1729 2375 1818 2416 ve-

231 2447 365 2502 nire
396 2447 528 2503 fecit
557 2448 890 2504 Ricbardum
935 2461 1098 2504 tanta;
1127 2450 1544 2520 pulchritudinis
1567 2466 1812 2520 puerum,

227 2534 650 2610 lacrymansque
690 2539 883 2595 affectu
913 2540 1096 2596 doloso
1124 2551 1178 2596 et
1205 2541 1549 2597 fraudulento
1579 2542 1818 2611 suscepit

229 2635 290 2682 et
331 2627 608 2683 osculatus
638 2639 722 2684 est
749 2645 870 2684 eum
891 2670 906 2694 ,
938 2631 1287 2702 retinensque
1322 2631 1487 2702 empit
1525 2631 1734 2701 epulari
1763 2641 1820 2686 et

231 2717 504 2772 recubare
550 2732 778 2775 secum.
832 2718 1091 2792 Sequenti
1143 2737 1375 2792 namque
1429 2721 1516 2777 die
1563 2721 1818 2776 nutritari

231 2809 377 2863 tanti
422 2809 642 2866 honoris
671 2824 898 2880 puerum
929 2813 1128 2868 volenti
1172 2814 1440 2870 deducere
1478 2813 1547 2867 ad
1589 2811 1816 2867 alteram

231 2900 487 2968 domum,
517 2911 572 2956 ut
603 2903 889 2958 balncaret
924 2914 977 2958 et
1018 2905 1318 2959 custodiret
1357 2919 1514 2970 cum,
1545 2902 1824 2972 prohibuit

233 3005 362 3054 rex,
393 3000 450 3046 et
476 2991 707 3047 detinuit
729 3008 934 3050 secum.
969 2994 1218 3050 Secundo
1256 3003 1312 3050 et
1342 2995 1500 3049 tcrtio
1523 2995 1608 3048 die
1636 2993 1821 3048 itidem

233 3082 403 3138 aiteti
430 3085 682 3140 aestuanti
705 3085 908 3153 facere,
925 3101 1027 3141 non
1051 3086 1182 3141 sinit
1206 3102 1320 3152 rex,
1336 3102 1521 3141 verum
1547 3085 1822 3156 prolubuit

231 3281 364 3323 esse
409 3276 572 3325 tantae
616 3271 918 3326 dulcedinis
963 3287 1208 3341 puerum,
1237 3272 1304 3326 ad
1346 3271 1549 3327 nullum
1594 3279 1822 3327 conatus

234 3371 324 3415 est
359 3370 542 3431 postea
575 3363 772 3418 ducere
798 3363 995 3418 locum.
1026 3363 1198 3432 llujus
1235 3363 1401 3434 igitur
1441 3364 1517 3418 rei
1543 3363 1682 3416 fama
1713 3371 1822 3416 tota

235 3452 440 3506 civitas
482 3454 810 3509 tumultuosa
848 3454 1140 3518 excitatur,
1179 3467 1530 3522 murmurque
1560 3450 1823 3520 captionis

235 3560 343 3618 per
369 3554 535 3600 totam
568 3547 755 3602 urbem
791 3547 1044 3603 diffusum
1079 3546 1308 3616 Sparsim
1343 3546 1653 3600 ventilatur.
1680 3545 1823 3598 Teu-

237 3644 370 3692 ttem
415 3653 544 3696 vero
584 3640 880 3694 suburbani
930 3640 1241 3710 conglobati
1287 3653 1409 3692 cum
1452 3637 1686 3702 civibus,
1714 3636 1822 3705 ple-

237 3731 479 3800 bcioque
510 3748 659 3788 more
708 3734 979 3788 irruentes
1009 3734 1074 3789 ad
1112 3734 1330 3788 domum
1359 3733 1660 3804 principum
1694 3732 1824 3786 civi-

238 3826 377 3881 tatis
407 3824 573 3893 itlius,
617 3835 898 3897 cmperunt
936 3827 1318 3896 blasphemare
1357 3841 1476 3891 eos,
1514 3826 1826 3882 emittentes

238 3918 496 3986 ingentes
522 3919 774 3989 gemitus,
799 3929 854 3973 et
875 3919 1114 3975 dicentes
1136 3919 1262 3973 altis
1290 3919 1514 3973 vocibus
1539 3935 1554 3972 :
1581 3938 1598 3970 ι
1630 3917 1826 3974 Nostra

239 4009 576 4080 negligentia
606 4009 933 4067 Willelmum
970 4012 1160 4066 ducem
1198 4012 1530 4082 praecipuum
1579 4021 1824 4066 nostrum

241 4100 574 4157 advocatum
595 4103 878 4158 amisimus
910 4120 924 4157 :
961 4113 1140 4158 vestro
1162 4112 1338 4160 tamen
1367 4105 1596 4160 consilio
1622 4104 1827 4175 perfido

243 4209 357 4248 non
381 4193 468 4248 hic
483 4193 638 4248 exsul
654 4195 1126 4250 exterminabitur.
1156 4195 1265 4251 Nos
1291 4212 1482 4253 omnes
1503 4197 1748 4268 perjuros
1772 4204 1828 4251 et

245 4303 436 4359 regem
454 4289 614 4359 digne
645 4289 994 4352 necabimus,
1026 4299 1080 4341 et
1110 4286 1440 4343 Richardum
1477 4296 1640 4341 tantae
1667 4287 1828 4342 ditio—

247 4380 338 4436 nis
359 4395 583 4449 puerum
607 4395 673 4434 ne
701 4380 911 4436 exsulet
935 4380 1303 4434 liberabimus.
1340 4399 1360 4432 ι
1393 4378 1617 4433 Plurimi
1645 4389 1826 4433 autem

1916 1901 2229 1972 suppliciter
2250 1901 2514 1970 imploro:
2546 1902 2672 1971 quia
2701 1913 2878 1955 vester
2902 1902 3150 1958 dominus
3182 1915 3287 1955 non
3314 1915 3494 1954 mora-

1917 1999 2003 2046 tus
2029 2000 2109 2046 est
2137 2007 2303 2062 penes
2333 2006 2418 2045 me
2447 1999 2503 2045 ut
2543 2002 2732 2061 captus
2760 2001 3053 2058 teneretur,
3085 1992 3180 2047 sed
3203 1999 3260 2046 ut
3289 1992 3494 2044 notitiis

1917 2082 2218 2152 regalibus,
2254 2082 2614 2153 palatinisque
2648 2081 2918 2139 facundiis
2953 2084 3332 2138 instrueretur.
3367 2100 3386 2132 ι
3424 2083 3495 2136 At

1916 2171 1991 2227 illi
2032 2173 2356 2243 recipientes
2396 2172 2726 2228 Richardutn
2781 2182 2943 2230 tantae
2987 2172 3202 2227 virtutis
3245 2185 3491 2240 puerum,

1918 2280 2098 2335 regem
2145 2263 2456 2318 humillimae
2503 2263 2900 2333 deprecationis
2937 2263 3178 2334 plenum,
3218 2262 3286 2317 ad
3315 2261 3496 2316 aulam

1917 2371 2028 2412 sua:
2058 2356 2405 2411 habitationis
2433 2366 2489 2410 et
2513 2356 2580 2410 ad
2607 2370 2735 2411 suos
2766 2356 2940 2410 redire
2966 2355 3346 2424 permiserunt.
3379 2351 3497 2407 ilex

1919 2456 2096 2500 autem
2120 2445 2424 2501 Ludovicus
2448 2447 2643 2502 anxius
2665 2462 2827 2517 super
2855 2446 2940 2502 his
2973 2445 3496 2516 importunitatibus,

1917 2552 2184 2609 superque
2208 2538 2449 2594 venturis
2477 2547 2673 2594 nutans
2690 2548 2744 2593 et
2769 2539 3028 2604 incertus,
3050 2536 3252 2592 salubri
3279 2551 3500 2592 suorum

1920 2631 2296 2700 episcoporum
2338 2639 2395 2686 et
2439 2630 2701 2686 comitum
2735 2629 3010 2696 consultu,
3046 2629 3193 2684 misit
3233 2637 3292 2683 ut
3331 2628 3398 2682 ad
3441 2642 3503 2681 se

1921 2718 2240 2774 festinarent
2267 2719 2559 2789 optimates
2587 2719 2822 2774 civitatis
2853 2719 3026 2783 illius,
3053 2719 3266 2774 scilicet
3296 2716 3499 2774 Rodulo

1921 2809 2005 2866 fus
2031 2819 2084 2866 et
2113 2811 2328 2876 Anslec,
2371 2819 2534 2882 atque
2579 2810 2904 2866 Bernardus.
2945 2809 3150 2876 Quibus
3186 2808 3492 2870 accersitis,

1921 2917 2214 2973 coramque
2261 2903 2541 2967 adductis,
2591 2919 2684 2958 rex
2726 2901 3060 2973 principibus
3109 2900 3228 2957 inlit
3280 2900 3498 2955 tristis:

1927 3013 1946 3048 ι
1985 2995 2218 3050 Terrore
2260 2996 2453 3051 mortis
2487 2996 2690 3051 domini
2735 2995 2898 3051 vestri
2935 2994 3135 3050 acriter
3173 2992 3502 3054 admonitus.

1869 3144 1889 3162 η
1923 3102 2127 3158 vosque
2159 3102 2323 3158 super
2352 3088 2493 3159 quod
2524 3087 2731 3144 occidit
2771 3087 3077 3151 solaturus,
3110 3086 3215 3141 huc
3255 3083 3502 3147 accessi;

231 3175 516 3233 obstinato
578 3179 761 3235 corde.
809 3179 1258 3235 Animadvertens
1308 3180 1543 3234 nutritor
1600 3185 1820 3248 captum
1849 3175 1890 3202 “

1923 3183 2016 3236 sed
2047 3181 2276 3237 acrioris
2315 3183 2549 3237 tristitia:
2593 3180 2814 3237 maerori
2855 3168 3060 3236 tt‘istior
3099 3177 3340 3242 obviavi,
3378 3177 3506 3246 quia

1925 3273 2091 3327 vestri
2129 3274 2426 3330 suburbani
2455 3289 2578 3328 cum
2609 3273 2843 3337 civibus,
2869 3281 2925 3327 et
2959 3272 3160 3326 milites
3185 3284 3307 3326 cum
3343 3268 3507 3323 rusti-

1925 3381 2112 3421 corum
2141 3376 2308 3431 ctetu,
2349 3381 2436 3420 me
2471 3379 2731 3434 meosque
2769 3364 3058 3419 voluerunt
3099 3371 3410 3425 conterere,
3454 3368 3512 3414 et

1927 3459 2227 3513 dilacerare
2274 3458 2556 3526 repentino
2606 3455 2853 3511 interitu.
2897 3455 3003 3510 Sed
3046 3451 3301 3524 pestifero
3346 3460 3510 3506 tanta

1927 3547 2498 3618 seditionishostedtuo
2523 3547 2771 3611 consilio,
2789 3545 3084 3609 Bernarde,
3114 3544 3396 3606 liberatus,
3419 3542 3509 3596 die

1925 3642 2053 3712 quid
2095 3658 2212 3696 sum
2247 3641 2509 3696 facturus.
2541 3639 2611 3696 Et.
2637 3639 2940 3694 Bernartius
2969 3651 2984 3690 :
3015 3634 3186 3690 Nimis
3210 3649 3354 3705 tegre
3383 3644 3508 3690 tuus

1925 3733 2031 3788 fert
2055 3735 2268 3787 animus
2314 3733 2457 3802 quod
2484 3730 2729 3786 fecerunt
2755 3731 2808 3784 in
2841 3739 2890 3784 te
2920 3727 3106 3783 rustici
3129 3741 3251 3782 cum
3277 3724 3509 3782 civibus.

1927 3824 2154 3894 Oportet
2179 3823 2340 3894 igitur
2368 3823 2575 3879 salvum
2615 3831 2666 3878 te
2697 3822 2845 3877 reddi
2873 3836 2902 3876 a
2933 3818 3225 3890 propalatat
3255 3817 3513 3887 nequitia

1929 3918 2134 3974 fraude.
2177 3917 2417 3988 Denique
2451 3916 2577 3988 quia
2617 3924 2799 3970 noster
2829 3913 3012 3969 senior
3045 3913 3152 3968 dux
3177 3908 3504 3972 Willelmus,

1929 4010 2054 4065 felix
2073 4026 2168 4080 per
2196 4011 2378 4065 omnia
2403 4009 2610 4064 exstitit
2639 4017 2785 4072 tuus,
2810 4006 2962 4061 decet
2985 4019 3093 4076 quo
3117 4013 3314 4059 terram
3333 4003 3510 4058 ωπον

1928 4102 2123 4158 ditario
2145 4102 2270 4172 jure
2306 4100 2580 4158 Ricltardo
2603 4115 2812 4170 magnae
2837 4097 3169 4168 posteritatis
3191 4110 3357 4166 puero
3385 4110 3504 4164 pos-

1928 4193 2229 4260 sidendam,
2252 4200 2590 4247 sacramento
2608 4205 2776 4246 sacrae
2804 4188 2949 4253 fidei,
2977 4187 3331 4256 manibusque
3347 4199 3511 4253 super

1930 4295 2278 4340 sacrosancta
2316 4282 2649 4356 pbylacteria
2685 4280 2874 4352 positis
2902 4279 3153 4336 sanciens
3180 4275 3510 4340 auctorizes,

1931 4387 2090 4447 teque
2116 4392 2237 4433 esse
2265 4377 2462 4433 abhinc
2492 4375 2798 4430 indemnem
2827 4373 2932 4437 illi,
2959 4383 3013 4427 et
3041 4371 3316 4439 deinceps,
3348 4377 3508 4437 atque

247 4473 526 4545 principes
567 4473 880 4542 asperrimis
907 4473 1103 4528 civium
1139 4473 1320 4527 verbis
1348 4472 1623 4542 exagitati,
1658 4472 1828 4525 l'erro-
1856 4487 1905 4546 υ
1932 4471 2231 4538 adjutorem
2276 4478 2330 4526 et
2375 4469 2715 4524 defensorem
2749 4474 2800 4520 te
2839 4479 2960 4520 esse
2989 4472 3179 4520 contra
3206 4461 3512 4532 terrigenas

247 4579 361 4637 que
406 4563 577 4618 induti
626 4563 882 4620 velociter
921 4572 976 4620 et
1014 4562 1202 4628 armis,
1251 4562 1480 4616 miscent
1509 4576 1567 4616 se
1609 4571 1832 4615 armata:

251 4657 420 4730 plebi.
473 4656 693 4712 Plurimi
741 4671 871 4712 vero
909 4657 1238 4711 rusticorum
1273 4655 1670 4710 animositatem
1713 4667 1832 4705 me-

253 4762 468 4811 tuentes
494 4753 740 4809 domibus
765 4752 877 4807 suis
900 4759 1314 4814 remanserunt,
1344 4749 1482 4804 ostia
1506 4747 1703 4802 obnixe
1739 4746 1836 4799 ob-

255 4843 564 4899 firmantes.
615 4842 761 4898 Illico
801 4857 931 4897 vero
964 4840 1115 4911 plebs
1144 4855 1266 4896 cum
1309 4839 1534 4893 armatis
1577 4835 1835 4890 militibus

258 4933 492 4990 ferventi
537 4933 717 4988 animo
747 4941 803 4988 et
826 4931 1006 4986 citatis
1051 4931 1326 5002 gressibus
1376 4928 1628 4982 festinant
1656 4940 1836 4996 regem

259 5025 524 5082 invadere
550 5039 672 5079 cum
701 5025 818 5079 suis
854 5023 1162 5077 comitibus.
1201 5020 1314 5076 Rex
1346 5027 1524 5074 autem
1557 5027 1614 5071 ut
1642 5016 1838 5071 tumul-

262 5117 430 5173 tuarii
484 5115 744 5186 strepitus
797 5129 1040 5170 murmur
1086 5112 1309 5177 audivit,
1355 5110 1521 5181 cmpit
1568 5109 1840 5178 inquirere

264 5222 486 5262 causam
532 5206 675 5260 illius
710 5205 808 5260 rei.
850 5205 1168 5272 Dictumque
1201 5215 1285 5257 est
1310 5202 1362 5256 ei
1393 5219 1406 5255 :
1441 5219 1459 5252 ι
1496 5199 1655 5256 Urbis
1687 5199 1842 5253 istius

264 5297 563 5370 principes,
595 5297 722 5368 quia
769 5296 1098 5350 Richardum
1141 5301 1303 5348 tantae
1354 5293 1467 5362 spei
1518 5307 1742 5361 puerum
1788 5291 1842 5345 in

266 5389 521 5460 captione
551 5398 721 5454 tenes,
751 5387 986 5459 gestiunt
1007 5395 1060 5442 te
1083 5383 1338 5440 invadere
1366 5383 1706 5440 festinanter.
1743 5381 1841 5436 Vix

270 5488 471 5542 evades
496 5483 784 5540 imminens
803 5480 1122 5553 periculum,
1155 5479 1241 5533 vix
1275 5473 1595 5532 liberaberis
1615 5490 1644 5528 a
1675 5474 1844 5528 turbis

273 5579 471 5633 civium
495 5586 549 5631 et
568 5591 864 5630 armorum.
888 5593 905 5626 ι
931 5573 1082 5628 Tunc
1104 5587 1196 5627 rex
1219 5569 1396 5631 aleido
1418 5581 1615 5638 pavore
1637 5580 1844 5635 prame-

274 5680 524 5740 cupatus,
547 5667 982 5734 imminentisque
1004 5655 1174 5720 milia:
1203 5677 1329 5719 casu
1360 5658 1619 5716 tremulus
1643 5665 1696 5711 et
1718 5671 1848 5711 con-

275 5776 485 5820 cussus.
531 5759 747 5816 tandem
795 5759 848 5816 in
895 5755 1242 5826 semetipsum
1284 5765 1552 5818 reversus,
1585 5747 1732 5804 misit
1779 5745 1847 5802 ad

1933 4575 2140 4616 omnes.
2174 4559 2265 4614 Sic
2303 4559 2543 4628 quiveris
2581 4557 2751 4614 laetari
2783 4564 2970 4611 nostro
3005 4553 3228 4610 servitio
3265 4561 3320 4607 et
3363 4551 3512 4606 mili-

1939 4653 2161 4714 talione,
2193 4665 2290 4704 nos
2313 4658 2403 4701 tua
2435 4647 2600 4702 tutela
2633 4655 2688 4700 et
2715 4646 3125 4716 gubernatione.
3153 4643 3212 4697 Si
3235 4643 3357 4712 quis
3382 4656 3513 4694 vero

1893 4779 1896 4782 .
1938 4739 1990 4794 in
2019 4747 2070 4794 te
2094 4739 2300 4792 rixatus
2334 4735 2520 4800 fuerit,
2549 4744 2892 4789 conteremus
2926 4748 3068 4794 eum,
3100 4741 3155 4786 et
3179 4731 3222 4786 si
3245 4730 3512 4800 quispiam

1938 4827 2292 4884 insurrexerit
2323 4827 2375 4881 in
2417 4839 2535 4890 nos,
2565 4823 2764 4879 virtute
2808 4835 2910 4878 tute
2938 4823 3192 4892 potentiae
3231 4829 3516 4890 prosterne

1938 4921 2104 4976 humo
2155 4928 2310 4974 tenus
2361 4933 2506 4974 eum.
2551 4935 2569 4968 ι
2618 4916 2770 4973 Tunc
2821 4931 2916 4971 rex
2963 4915 3016 4971 in
3057 4914 3180 4970 dolo
3237 4913 3517 4982 respondit

1940 5013 2216 5068 Bernardo
2244 5026 2260 5066 :
2297 5030 2315 5064 ι
2345 5012 2714 5080 Quodcunque
2740 5009 2972 5065 retulisti
3001 5005 3227 5072 faciam,
3261 5017 3517 5072 meosque

1940 5107 2188 5162 volenter
2223 5113 2316 5160 aut
2357 5103 2603 5159 nolenter
2644 5103 2825 5158 facere
2862 5101 2930 5156 ad
2972 5111 3210 5170 praesens
3253 5110 3459 5167 cogam.
3490 5111 3512 5145 ι

1941 5199 2090 5255 illico
2116 5198 2387 5254 Richardo
2415 5197 2699 5268 praedignae
2735 5193 3057 5250 innocentia:
3087 5205 3256 5260 puero
3291 5187 3520 5258 largitus

1942 5302 2027 5348 est
2054 5302 2252 5346 terram
2287 5289 2630 5344 hmreditario
2657 5286 2742 5340 avi
2774 5285 3051 5356 patrisque
3076 5283 3198 5354 jure
3235 5281 3518 5352 possiden-

1945 5383 2068 5439 dam
2095 5399 2110 5437 :
2138 5380 2437 5449 delatisque
2456 5386 2766 5434 sanctorum
2781 5375 3133 5445 reliquiarum
3147 5372 3518 5444 phylacteriis,

1945 5475 2199 5530 manibus
2227 5488 2388 5543 super
2415 5471 2529 5542 ipsa
2560 5470 2849 5540 impositis,
2872 5467 2983 5523 Deo
3009 5467 3286 5523 nominato
3333 5464 3386 5520 in
3411 5464 3521 5535 pri-

1947 5567 2048 5621 mis
2091 5563 2295 5634 jnravit
2336 5577 2396 5619 se
2437 5570 2625 5618 contra
2645 5545 2843 5617 omnes
2871 5560 2947 5615 illi
2985 5558 3255 5623 auxiliari,
3288 5571 3522 5624 suosque

1948 5656 2203 5728 praesules
2248 5663 2304 5709 et
2346 5651 2573 5709 comites
2613 5650 2753 5706 idem
2791 5649 2972 5706 facere
2995 5649 3190 5721 coegit.
3224 5646 3317 5702 His
3346 5645 3524 5699 taliter

1950 5747 2152 5806 sedatis
2209 5756 2262 5802 et
2319 5742 2570 5814 expletis,
2625 5756 2717 5796 rex
2771 5740 3139 5796 fraudulenter
3194 5737 3525 5802 urit-ciuibus
