4032 6392
543 337 647 394 693

1453 337 1752 398 DUDONIS
1791 335 2040 394 DECANI
2080 333 2144 389 S.
2177 323 2478 398 QUlNTlNl
2519 315 2892 379 VIROMAND.

540 452 970 508 Northmanuicis
999 451 1115 508 inﬁt
1140 471 1154 511 :
1193 470 1212 503 ι
1242 452 1508 522 Quoniam
1543 455 1930 526 pollicitatione
1953 453 2108 524 jura-

2285 443 2482 501 Comes
2511 455 2639 496 vero
2681 434 2943 493 Amulius
2988 431 3228 490 inaudita
3260 433 3592 491 fraudulenti
3617 432 3787 492 benti.

534 544 702 600 menti
725 543 933 600 veracis
953 543 1109 600 ﬁdem
1136 545 1468 616 integerrimi
1494 549 1695 603 tenoris
1715 555 1896 605 vestro
1913 543 2112 601 seniori

533 637 793 706 vobisque
846 637 1063 709 peregi;
1100 643 1557 708 perseverantem
1630 640 1882 696 ﬁduciam
1946 636 2113 692 vestri

534 724 785 793 adjutorii
816 726 1012 782 obnixe
1054 728 1120 782 de
1160 743 1244 783 me
1280 728 1552 796 habeatis,
1587 739 1642 786 et
1673 729 1853 784 nullus
1875 736 2112 783 vestrum

534 815 810 873 ullatenus
846 826 1002 873 nutet
1039 817 1242 872 auxilio
1269 818 1569 874 solaminis.
1606 819 1800 875 Verum
1842 818 2112 874 seniorem

531 907 697 964 sinite
717 920 926 963 mecum
950 908 1169 974 morari,
1197 917 1272 975 ut,
1297 907 1541 964 facundae
1561 909 1829 965 ubertatis
1848 907 2116 978 colloquio

530 999 775 1067 edoctus,
801 1001 974 1057 discat
996 999 1254 1069 delinire,
1284 1010 1339 1056 et
1365 1003 1524 1058 detur
1544 1001 1752 1057 minare
1774 1000 1936 1056 verba
1963 1012 2114 1054 scru-

529 1089 737 1160 pulosus
767 1092 867 1146 rei.
891 1090 1252 1146 Plurimarum
1279 1107 1407 1147 vero
1434 1107 1614 1148 rerum
1645 1091 1892 1147 notitiam
1923 1089 2115 1145 melius

529 1181 705 1238 discet
730 1184 781 1238 in
811 1182 1010 1252 palatio
1035 1196 1350 1254 meo,quam
1367 1198 1712 1240 commorans
1740 1185 1792 1238 in
1813 1199 1908 1238 sua
1931 1183 2110 1238 domo.

533 1273 868 1346 Quocunque
911 1274 1255 1345 proﬁciscar,
1285 1290 1496 1331 mecum
1527 1276 1905 1346 proﬁciscetur
1933 1291 1947 1328 :
1980 1287 2114 1344 quo.

531 1379 744 1436 cunque
797 1366 1081 1434 morabor,
1133 1369 1456 1424 morabitur.
1519 1366 1734 1424 Etﬁcaci
1785 1367 1958 1438 patris
1995 1364 2113 1435 ejus

532 1454 865 1512 adminiculo
907 1459 1146 1530 regimen
1191 1460 1358 1515 totius
1402 1459 1652 1515 Francia:
1690 1468 1745 1514 et
1791 1457 2114 1529 Burgundiat

530 1555 689 1601 teneo
716 1563 728 1600 :
755 1545 878 1604 ideo
892 1548 1105 1619 adjutor
1122 1559 1177 1604 et
1210 1549 1416 1605 solator
1437 1549 1556 1616 isti,
1581 1550 1819 1619 quandiu
1838 1559 2114 1619 superstes

528 1637 706 1703 fuero,
732 1653 848 1694 ero.
891 1640 1024 1708 Quia
1056 1650 1216 1710 pater
1245 1642 1404 1698 istius
1440 1657 1538 1713 pro
1577 1656 1663 1697 me
1695 1650 1869 1698 morte
1910 1657 2114 1712 praeoc-

529 1738 759 1795 cupatus
797 1727 926 1795 fuit,
953 1731 1131 1786 bellua
1159 1731 1431 1788 crudelior
1455 1747 1574 1798 ero,
1604 1733 1649 1789 si
1687 1747 1796 1788 non
1820 1733 2112 1788 auxiliatus

527 1815 682 1872 fuero
707 1816 818 1872 isti.
861 1839 881 1872 ι
920 1819 1016 1876 llis
1045 1821 1210 1892 igitur
1245 1821 1604 1879 fraudulentis
1632 1824 1775 1895 regis
1801 1823 2111 1880 simulantis

529 1907 782 1978 alloquiis
816 1911 1087 1983 principes
1113 1909 1613 1972 Northmannorum
1639 1915 1872 1988 decepti,
1901 1917 2111 1974 manci-

525 2009 792 2070 paverunt
820 2002 1172 2072 ltichardum,
1195 2005 1641 2079 desideratazjspei
1665 2023 1914 2078 puerum,
1940 2007 2112 2065 Ludo-

525 2094 654 2149 vico
678 2095 789 2166 regi
817 2096 882 2150 ad
915 2097 1275 2153 educandum.
1311 2099 1427 2156 Rex
1459 2115 1590 2155 vero
1628 2100 1758 2157 hinc
1782 2117 1904 2156 cum
1942 2116 2110 2171 puero

527 2185 598 2240 ad
629 2185 1040 2244 Ebi-oicacensis
1062 2189 1212 2244 urbis
1238 2189 1514 2260 profectus
1539 2192 1759 2256 mmnia,
1791 2191 2112 2262 disponebat

526 2276 843 2347 reipublicae
863 2277 1007 2348 jura.
1039 2280 1339 2337 Simulabat
1357 2297 1454 2338 ore
1477 2293 1533 2340 et
1555 2298 1717 2353 opere
1747 2283 1900 2339 bonae
1920 2283 2110 2339 volun-

523 2370 659 2423 tatis
694 2368 1050 2439 adjutorium,
1074 2389 1262 2428 venturi
1295 2373 1350 2429 in
1385 2376 1548 2431 corde
1579 2375 1802 2446 gerebat
1835 2374 1990 2429 malm
2024 2375 2107 2428 in-

523 2460 813 2517 tentionis"
838 2464 1194 2534 propositum.
1240 2466 1336 2521 Diu
1384 2467 1663 2523 morulans
1700 2467 1979 2533 Ebroieas,
2013 2481 2108 2522 co-

524 2565 768 2623 gensque
811 2554 1035 2610 subdolo
1061 2557 1224 2612 corde
1263 2558 1330 2611 ad
1365 2556 1676 2614 ﬁdelitatem
1711 2557 1866 2628 pueri
1908 2556 2108 2611 civium

522 2650 754 2709 turmas,
773 2646 969 2715 repetit
992 2645 1448 2719 Rothomagensis
1464 2650 1613 2705 urbis
1642 2649 1862 2719 palatia.
1878 2649 2107 2704 Postera

523 2732 635 2796 die,
666 2733 1005 2804 principibus
1046 2737 1285 2792 civitatis
1315 2738 1616 2803 accersitis,
1649 2738 1993 2794 fraudulenta
2049 2746 2106 2793 et

523 2824 711 2879 dolosa
739 2827 905 2881 verba
934 2827 1118 2882 retulit
1146 2847 1158 2882 :
1191 2846 1209 2880 ι
1240 2828 1416 2898 Super
1435 2829 1617 2885 damni
1640 2837 1694 2884 et
1715 2829 1920 2885 doloris
1937 2828 2108 2883 nostri

525 2925 805 2973 auctorem
823 2957 838 2982 ,
873 2921 1198 2990 properandi
1225 2921 1396 2977 habeo
1423 2921 1803 2986 intentionem.
1844 2922 2110 2978 Revertar

523 3010 592 3064 ad
615 3009 958 3079 Laudunum,
991 3014 1261 3070 deducens
1287 3031 1499 3071 mecum
1535 3016 1866 3072 Richardum
1897 3016 2108 3071 ﬁducia:

519 3111 720 3159 vestrae
781 3118 1050 3174 puerum;
1089 3106 1324 3176 hincque
1375 3105 1846 3176 Burgundionibus
1897 3107 2105 3174 ascitis,

519 3191 981 3265 Francigeuisque
1028 3197 1389 3269 conglobatis,
1421 3198 1683 3254 obsidebo
1745 3200 2104 3254 Attrabatum

521 3286 696 3341 donec
735 3289 943 3357 capiam
982 3289 1154 3344 illum.
1200 3289 1399 3346 Omnes
1425 3304 1556 3345 vero
1585 3289 1898 3346 subvertam
1929 3291 2108 3344 muni-

520 3376 702 3432 tiones
748 3377 1196 3445 Flandrensium,
1223 3387 1278 3434 et
1320 3378 1596 3450 dissipabo
1645 3379 1915 3434 hostiliter
1964 3380 2107 3434 bona

520 3467 756 3524 illorum.
808 3470 1141 3544 Quocunque
1193 3472 1479 3528 Arnulfum
1525 3473 1768 3538 scivere,
1823 3474 1950 3529 illuc
2000 3474 2106 3528 mei

520 3562 797 3619 exercitus
846 3578 1096 3634 gressum
1139 3564 1460 3621 festinanter
1502 3565 1798 3636 protelabo.
1833 3566 2104 3622 Ultionem

521 3670 684 3722 quam
717 3666 955 3712 meretur
975 3658 1024 3713 ei
1047 3659 1267 3713 reddam
1291 3699 1306 3724 ,
1345 3659 1389 3714 si
1430 3659 1567 3714 forte
1590 3659 1740 3714 illum
1769 3675 1995 3730 usquam
2027 3659 2108 3713 in-

519 3747 761 3802 veniam.
793 3748 903 3804 Vos
955 3758 1136 3804 autem
1176 3757 1351 3806 estote
1398 3751 1711 3821 praeparati,
1757 3759 1818 3804 ut
1865 3761 2105 3805 vestrum

521 3838 793 3893 seniorem
824 3855 1038 3896 mecum
1065 3841 1372 3896 vindicetis.
1405 3861 1423 3894 ι
1461 3840 1672 3895 Talium
1708 3841 2103 3910 sophismatum

521 3912 959 3988 situulationibus
977 3933 1259 4003 exotecati,
1275 3931 1723 3989 siveruntfuturae
1737 3933 1855 4003 opis
1878 3949 2104 4009 puerum

522 4025 593 4082 ab
619 4039 687 4080 eo
710 4025 922 4081 deduci.

1136 4136 1501 4178 APOSTROPBA.

662 4208 1002 4281 Rotltomage
1027 4219 1150 4266 tuus
1179 4213 1340 4268 modo
1369 4227 1528 4281 puer,

662 4299 906 4356 Marchio
927 4303 1050 4373 jure
1071 4312 1262 4374 potens
1291 4304 1382 4359 tibi
1409 4305 1566 4359 datus
1588 4345 1602 4364 .

660 4392 864 4462 Captus
889 4396 1041 4451 adest
1065 4397 1216 4466 quia,
1245 4394 1437 4467 plango
1463 4395 1759 4450 tremulans

664 4485 938 4557 l’tegeque,
969 4488 1430 4560 Francigenisque
1457 4487 1704 4560 Satrapis

659 4576 901 4643 Ducitur,
935 4580 1036 4634 heu
1069 4580 1255 4636 dolor!
1287 4582 1490 4636 advena
1522 4581 1669 4636 velut

663 4668 947 4742 Dacigenis
968 4674 1175 4730 stolidis
1199 4674 1536 4750 proceribus.

858 4861 1221 4905 APOSTROPHA.

656 4982 698 5039 0
726 4982 999 5042 Ludovico
1014 5026 1032 5050 ι

658 5073 715 5127 Si
742 5073 878 5129 bene
903 5073 1064 5134 corde

656 5162 793 5219 Vota
819 5173 1060 5228 teneres,

657 5253 893 5324 Quaeque
917 5253 1177 5321 sacrasti,

660 5343 775 5398 ltex
804 5344 1110 5412 recolende,

657 5433 788 5486 Cum
809 5432 961 5494 bene.
973 5450 1203 5508 regnans

658 5523 987 5593 lmperitasti
1009 5543 1030 5596 ί

655 5611 986 5678 Auxiliante,

656 5704 1084 5776 Pracsidiumque

661 5797 830 5856 mlite
861 5797 1076 5859 salubre

1777 4989 2068 5062 Rcligioso,

1773 5083 2118 5156 Innocuoque

1774 5441 2104 5502 Muniﬁcato.

1781 4809 2004 4865 Vindice
2037 4818 2207 4876 tuulo,

1777 4898 1939 4956 Patre
1967 4899 2230 4956 Richardi

1777 5169 1858 5225 Ma
1868 5181 2012 5244 rtyre
2040 5171 2267 5238 Christi,

1774 5259 2158 5332 Simplicitate.

1771 5351 1837 5408 Et
1863 5352 2130 5422 probitate
2160 5423 2169 5438 .

1771 5532 1984 5604 Belgica
2013 5550 2118 5604 qua
2145 5549 2316 5601 nunc,

1775 5625 1976 5683 Celtica
2009 5639 2197 5691 necne,

1777 5715 1873 5773 Ast
1909 5715 2175 5784 Aquitana

1781 5805 1948 5862 Gallia
1984 5808 2162 5882 porgit

2216 536 2342 591 cidii
2387 531 2775 603 lue;.foedatus,
2831 528 3133 595 timensque
3159 525 3371 581 futuros
3396 526 3717 582 vindieatri
3745 528 3789 585 sl

2215 626 2354 681 bene
2384 624 2586 694 egisset
2631 621 2774 691 regis
2822 618 3106 684 adventus,
3139 617 3287 672 misit
3316 617 3382 672 ad
3413 634 3538 673 eum
3570 615 3787 690 legatos,

2215 715 2306 784 qui
2331 711 2715 783 subsequentia
2743 710 3004 773 dicerent,
3022 723 3143 764 cum
3166 708 3420 764 maximis
3450 711 3788 766 muneribus:

2222 827 2240 859 ί
2279 805 2509 861 Domine
2535 819 2628 860 rex
2654 803 2929 874 piissime,
2960 809 3146 857 noster
3174 801 3356 857 senior
3390 801 3626 873 plurima
3668 804 3790 857 sub-

2217 908 2369 953 actus
2397 895 2733 960 inﬁrmitate,
2749 893 2976 949 mandat
3001 893 3096 948 tibi
3116 892 3258 949 ﬁdeli
3297 895 3604 960 servitium,
3619 894 3662 950 si
3683 895 3793 964 pla-

2217 999 2303 1045 cet
2334 989 2596 1058 recipere.
2620 987 2776 1042 Falsa
2794 984 3088 1057 propala’tte
3115 984 3274 1041 fama:
3288 986 3547 1057 opinione
3575 988 3792 1053 audisti,

2217 1082 2468 1138 indebitae
2500 1079 2761 1136 Richardi
2810 1078 2964 1134 ducis
3012 1078 3176 1135 morti
3224 1088 3472 1134 nostrum
3525 1079 3793 1135 seniorem

2219 1173 2506 1229 Arnulfum
2529 1172 2788 1238 .favisse,
2817 1187 2926 1242 qua
2961 1187 3020 1228 se
3050 1179 3240 1228 contra
3275 1179 3327 1226 te
3355 1171 3472 1226 vult
3497 1173 3720 1243 expiare
3746 1181 3795 1228 et

2215 1264 2526 1330 emendare,
2539 1261 2744 1332 judicio
2769 1271 2999 1326 tuorum,
3027 1262 3168 1331 igne.
3201 1261 3398 1317 Milites
3425 1277 3577 1326 vero,
3601 1263 3794 1333 quibus

2216 1354 2520 1409 Richardus
2553 1352 2784 1424 plurima
2812 1351 2952 1407 mala
2978 1351 3181 1418 intulit,
3213 1353 3414 1423 quique
3447 1353 3607 1407 morti
3646 1351 3792 1408 illum

2215 1447 2621 1518 applicuerunt,
2649 1461 2718 1502 ex
2746 1455 2872 1502 tunc
2895 1446 3156 1513 minabit,
3189 1446 3234 1501 si
3269 1445 3472 1502 talibus
3498 1445 3657 1501 factis
3679 1460 3796 1516 grao

2217 1542 2348 1596 tiam
2393 1549 2541 1596 tuam
2580 1540 2782 1611 poterit
2825 1539 3148 1611 promereri.
3181 1538 3467 1606 Quatenus
3508 1540 3795 1594 annuendo

2215 1631 2565 1705 petitionibus
2593 1630 2712 1702 ejus
2741 1631 3036 1687 benevolus
3064 1630 3268 1697 faveas,
3299 1630 3468 1686 mittit
3502 1630 3600 1685 tibi
3633 1629 3795 1686 libras

2217 1723 2334 1778 auri
2364 1723 2639 1794 purissimi
2681 1723 2764 1778 his
2801 1723 3012 1792 quinas.
3047 1721 3187 1789 Quin
3219 1721 3383 1777 etiam
3417 1720 3689 1776 universae
3715 1708 3796 1776 re-

2141 1798 2390 1887 Bgionis
2439 1831 2550 1870 suae
2581 1814 2780 1870 tributa
2820 1814 3100 1869 annuatim
3126 1813 3254 1868 dum
3291 1813 3490 1868 vixerit
3521 1813 3618 1868 tibi
3650 1812 3789 1867 ultro

2214 1904 2404 1961 solvet.
2440 1904 2734 1959 Servitium
2765 1913 2913 1958 tuum
2960 1904 3040 1959 sui
3096 1918 3194 1975 per
3232 1902 3420 1960 omnia
3471 1902 3708 1967 facient,
3737 1910 3795 1956 et

2212 2013 2535 2070 quocunque
2564 1999 2874 2068 perrexeris
2902 1998 3173 2054 hostiliter
3210 2007 3458 2070 pergant.
3489 1998 3611 2069 ipse
3645 2013 3796 2053 acce-

2211 2091 2340 2146 dere
2371 2089 2438 2144 ad
2483 2098 2539 2143 te
2583 2089 2800 2158 nequit,
2829 2089 2954 2157 quia
2997 2088 3232 2158 podagra
3277 2088 3389 2144 scis
3415 2103 3537 2143 eum
3571 2087 3794 2142 irretiri.

2211 2180 2454 2236 Foveaut
2499 2194 2690 2250 preces
2739 2189 2939 2234 nostrae
2982 2179 3372 2249 indulgentiam
3419 2189 3525 2234 tum
3553 2178 3791 2250 pictatis,

2210 2273 2304 2330 tali
2354 2272 2608 2328 afﬂictum
2656 2273 2994 2329 inﬁrmitatis
3035 2272 3281 2338 vulnere,
3334 2273 3538 2343 talique
3586 2275 3707 2327 sine
3741 2286 3798 2327 re

2211 2363 2480 2434 culpatum
2525 2364 2786 2429 crimine,
2825 2365 3155 2419 miserantis.
3202 2363 3478 2419 Miseratio
3526 2365 3794 2435 condigna

2209 2464 2554 2527 praeoccupet
2597 2455 2834 2510 furorem
2882 2462 3030 2509 tuum
3054 2495 3070 2521 ,
3096 2463 3157 2509 ut
3185 2471 3292 2509 non
3323 2455 3548 2510 deseras
3577 2471 3798 2510 servum

2213 2557 2396 2615 tuum,
2435 2549 2554 2604 sine
2583 2563 2746 2603 causa
2789 2563 2817 2600 a
2857 2557 2910 2602 te
2949 2560 3195 2602 exosum.
3238 2545 3353 2601 Tua
3393 2555 3478 2602 est
3519 2547 3792 2616 potentia,

2210 2650 2470 2712 tuumque
2509 2656 2734 2710 regnum
2768 2655 2782 2694 :
2818 2639 2926 2696 noli
2955 2640 3184 2710 perdere
3217 2639 3363 2710 quod
3407 2640 3502 2694 tibi
3534 2648 3618 2695 est
3647 2654 3797 2694 com-

2210 2733 2457 2788 missum.
2519 2731 2758 2788 Facilius
2815 2739 2972 2802 potes
3025 2744 3215 2785 omnes
3265 2729 3625 2786 Flandrenses
3684 2745 3798 2800 per-

2209 2823 2339 2880 dere
2360 2840 2524 2895 quam
2549 2840 2677 2879 vasa
2705 2825 2876 2878 vitrea
2906 2822 3104 2878 malleo
3124 2835 3431 2880 conterere.
3469 2841 3488 2875 )
3521 2822 3676 2878 Tunc
3705 2839 3796 2878 re-

2209 2919 2290 2992 gis
2311 2919 2610 2974 consiliarii
2636 2918 2950 2974 muneribus
2971 2917 3228 2974 excmcati
3251 2917 3503 2972 dixerunt
3531 2917 3608 2970 ei:
3642 2937 3662 2969 ‹
3683 2916 3798 2971 Non

2209 3020 2424 3082 oportet
2447 3019 2500 3066 te
2526 3009 2618 3065 ulli
2640 3011 3014 3081 pratjudicium
3043 3009 3248 3075 facere,
3277 3009 3369 3078 qui
3393 3023 3452 3063 se
3478 3009 3572 3063 tibi
3598 3008 3801 3080 satagit

2206 3101 2527 3173 justiﬁcare.
2575 3101 2874 3155 Immunem
2904 3116 2962 3157 se
3009 3115 3040 3154 a
3083 3099 3274 3155 doloso
3319 3099 3530 3154 scelere
3557 3099 3797 3160 mandat,

2211 3209 2445 3264 suosque
2490 3192 2796 3263 justiﬁcare
2826 3201 2918 3248 aut
2959 3193 3325 3247 exterminare
3373 3191 3660 3248 deliberat.
3695 3190 3801 3245 Pro

2208 3300 2315 3341 non
2362 3286 2735 3355 recuperando
2778 3299 2886 3355 quo
2931 3284 3163 3354 indiges,
3203 3298 3313 3338 non
3360 3283 3526 3338 debes
3566 3285 3800 3352 perdere

2208 3393 2368 3448 quem
2396 3387 2568 3443 tenes,
2600 3392 2774 3446 neque
2803 3388 2853 3430 te
2879 3375 3150 3430 ullatenus
3174 3374 3265 3430 illo
3292 3374 3562 3429 frustrari.
3587 3371 3798 3428 Omnes

2206 3471 2299 3542 qui
2321 3469 2638 3526 oc'cidentur
2661 3486 2766 3525 non
2799 3469 2894 3523 tibi
2917 3479 3001 3523 est
3018 3469 3108 3539 jus
3131 3468 3433 3532 vindicare,
3461 3466 3712 3523 residuos
3733 3466 3799 3520 ob

2207 3573 2439 3619 mortem
2469 3563 2709 3617 rixantes
2749 3560 3056 3632 paciﬁesre.
3107 3559 3479 3616 Reminiscere
3533 3557 3799 3614 malorum

2207 3662 2262 3710 et
2295 3653 2549 3724 pudoris,
2576 3667 2697 3723 quat
2729 3651 2781 3705 in
2806 3659 2860 3706 te
2885 3650 3244 3704 Northmanni
3273 3649 3608 3718 Rothomago
3638 3665 3799 3704 exer-

2208 3754 2468 3810 cuerunt,
2499 3753 2553 3799 et
2587 3758 2832 3813 praecave
2885 3758 2953 3797 ne
2998 3742 3187 3812 pejora
3251 3741 3346 3796 tibi
3397 3741 3795 3812 impertientes,

2207 3837 2692 3894 Northmannicum
2722 3836 2974 3890 auferant
2999 3835 3095 3890 tibi
3135 3849 3383 3906 regnum.
3413 3853 3433 3886 ι
3465 3833 3614 3888 Tunc
3641 3833 3798 3887 Fian-

2206 3929 2471 3984 drenscs:
2509 3948 2527 3980 c
2557 3928 2763 3983 Praeter
2813 3929 2928 3982 ha-c
2980 3926 3204 3981 mandat
3242 3936 3431 3981 noster
3477 3925 3668 3980 senior
3703 3925 3795 3980 tibi

2206 4023 2613 4094 pra'maximum
2640 4019 2924 4077 consilium
2958 4018 3119 4088 hujus
3147 4019 3247 4075 rei.
3273 4019 3420 4074 Tene
3456 4017 3794 4072 Richardum

2208 4116 2376 4172 ﬁlium
2424 4115 2478 4170 in
2524 4116 2944 4184 sempiternum,
2998 4121 3052 4167 et
3096 4127 3229 4167 usus
3283 4111 3496 4166 fructus
3543 4110 3697 4179 regni
3743 4109 3793 4163 in

2206 4190 2490 4267 aaternum.
2529 4208 2787 4278 Opprime
2821 4206 2940 4261 diro
2971 4205 3106 4277 legis
3140 4204 3270 4276 jugo
3291 4213 3346 4260 et
3377 4204 3598 4260 servitio
3631 4211 3792 4257 terra:

2209 4304 2352 4359 illius
2396 4301 2767 4367 habitatores,
2816 4307 2872 4354 et
2919 4313 3052 4366 coge
3095 4297 3217 4352 illos
3265 4295 3471 4351 servire
3518 4295 3615 4349 tibi
3665 4295 3793 4349 obe-

2209 4397 2443 4452 dienter.
2493 4412 2513 4448 »
2571 4393 2740 4464 Cujus
2800 4391 2953 4463 pravi
3016 4389 3227 4445 consilii
3289 4388 3674 4444 exhortatione
3737 4394 3792 4439 et

2135 4497 2186 4554 ι)
2213 4485 2526 4541 muneribus
2565 4497 2662 4538 rex
2703 4481 2962 4550 deceptus
3001 4489 3057 4535 et
3092 4486 3402 4535 excmcatus
3429 4476 3661 4533 detinuit
3695 4474 3788 4530 Ri-

2213 4578 2475 4634 cltardnm
2525 4574 2662 4630 tanti
2710 4574 2871 4644 pretii
2906 4587 3164 4643 puerum,
3190 4580 3248 4627 et
3293 4570 3500 4626 dimisit
3543 4567 3784 4646 Amulio,

2213 4688 2334 4742 quas
2363 4668 2735 4729 fraudulenter
2767 4667 2832 4724 de
2856 4665 3134 4723 Willelmo
3174 4665 3355 4721 fuerat
3399 4674 3619 4736 propter
3645 4678 3782 4718 eum.

2893 4800 3273 4872 Multiplicatos

2896 4896 3149 4965 Undique
3181 4903 3385 4952 tractus

2891 4989 3002 5044 Cur
3029 4987 3200 5042 abicis
3223 4988 3367 5058 quod

2893 5080 3010 5138 Jam
3035 5089 3378 5140 sacramento

2895 5175 3194 5246 Religionis

2891 5265 3332 5324 Christicolarum

2888 5355 3018 5414 lure
3052 5357 3253 5413 tulisti?

2892 5448 3000 5505 Cur
3029 5450 3301 5506 resolutus

2892 5541 3034 5612 Lego
3065 5541 3237 5598 ferina

2885 5633 3062 5702 Alme
3083 5633 3334 5694 nefanda.

2887 5724 3331 5798 Muneribusque,

2883 5815 3138 5873 Proditus
3161 5826 3303 5887 astu.
