3952 5346
187 152 281 210 697

310 266 530 337 Linguis
564 266 871 331 honestum,

305 355 535 429 Jamque
562 359 772 414 revulsa

306 449 446 506 Pace
472 459 712 506 tenorem

303 538 695 595 Credulitatis?

302 630 414 687 Cur
436 632 786 702 sobolemque

301 728 450 783 Illius
475 726 625 791 almi,

301 820 442 876 Lore
466 820 685 893 ligatam

304 914 628 986 lmpietatis,

576 150 665 206 DE
708 146 951 207 CESTIS
980 146 1412 205 NORMANNIE
1440 148 1680 205 DUCUM
1716 148 1895 205 LIBRI
1940 150 2139 208 TRES.
2176 180 2247 191 —-
2281 148 2408 205 LIB.
2449 114 2534 204 lli.
2577 146 2993 203 RIClIARDUS.

1420 262 1633 319 Fomite
1660 278 1848 333 pravo,

1422 354 1566 411 Heu!
1602 356 1959 425 vegetaudum

1417 448 1550 503 Atra
1584 448 1780 517 cupido

1420 535 1580 593 Sorte
1606 538 1787 608 cupita

1423 630 1639 685 Detinet
1669 630 1863 686 exlex?

1423 725 1616 781 Desine
1643 741 1891 796 pravum,

1420 817 1626 888 Sperne
1660 826 1844 873 tenere

1418 911 1654 981 Qumque
1680 909 1912 966 nefanda

3331 139 3435 198 698

2536 261 2685 317 Mitte
2714 260 3069 325 Richardum,
3113 247 3127 259 '
3410 244 3415 251 '

2538 352 2777 419 Postulo,
2814 352 3105 422 ephebum,

2536 450 2656 519 Quo
2690 466 2785 504 sua
2816 449 2941 519 jura

2538 544 2760 616 Impleat
2787 543 2950 598 alma.

2534 636 2651 703 Quo
2675 636 2824 707 capis
2850 634 3022 703 illum,

2542 728 2622 784 Tu
2650 727 2904 797 capieris,

2535 821 2603 878 Et
2627 820 2744 877 vice
2770 822 2931 894 digna

2536 912 2900 985 Regredieris.

236 1028 363 1084 Erat
393 1038 575 1084 autem
600 1026 816 1097 quidam
850 1028 954 1082 tiro
982 1025 1200 1082 nomine
1247 1023 1614 1089 llosmundus,
1657 1023 1755 1078 Bi-
1780 1030 1827 1086 Α
1859 1024 1960 1079 bus
1994 1024 2226 1082 libenter
2265 1026 2627 1096 insignibant;
2656 1034 2713 1081 et
2740 1023 2999 1082 mellilluo
3045 1023 3301 1094 palatina
3322 1039 3441 1082 sero

168 1098 349 1176 chardi
382 1134 611 1175 summae
637 1118 969 1173 celebritatis
995 1116 1149 1188 pueri
1177 1117 1458 1182 educator,
1505 1124 1560 1171 et
1606 1115 1751 1170 altor

169 1211 571 1284 sagacissimus.
597 1209 697 1283 Qui
726 1210 958 1281 quadam
995 1209 1080 1264 die
1121 1210 1345 1264 absente
1391 1222 1516 1279 rege
1563 1207 1754 1262 imme-

169 1305 283 1359 riiae
314 1302 584 1374 captionis
608 1317 834 1372 puerum
877 1301 1123 1373 equitare
1153 1299 1283 1356 fecit
1329 1300 1396 1356 ad
1439 1300 1751 1370 aucupium,

168 1405 226 1452 ut
261 1396 501 1451 disceret
542 1393 698 1450 alites
742 1408 939 1464 capere
975 1408 1074 1450 suo
1127 1393 1408 1463 accipitre.
1455 1394 1590 1451 Cum
1625 1409 1752 1449 vero

166 1502 258 1544 rex
303 1493 688 1549 reverteretur,
722 1494 777 1541 et
808 1485 1008 1557 reginae
1045 1486 1227 1541 verbis
1256 1484 1543 1554 Gerbergre
1590 1485 1754 1540 sciret

168 1584 308 1652 quod
338 1579 569 1653 puerilis
595 1579 972 1636 delectationis
1020 1580 1199 1635 studio
1229 1579 1539 1639 memoralis
1576 1579 1754 1634 scien-

166 1672 250 1727 tiae
295 1687 434 1743 puer
474 1670 781 1727 Richardus
823 1680 976 1727 extra
1019 1671 1338 1728 Laudunum
1382 1670 1755 1743 proﬁciscere.

166 1771 272 1828 tur,
304 1761 520 1832 rogavit
549 1761 616 1816 ad
668 1776 727 1818 se
774 1762 962 1818 venire
1010 1759 1383 1819 Hosmundum
1432 1761 1750 1832 magistrum

163 1855 296 1926 ejus.
341 1853 437 1909 Illo
466 1868 652 1910 coram
703 1853 902 1909 astanti
955 1850 1111 1909 furiis
1162 1854 1459 1910 bacchatus
1512 1850 1750 1918 acerbis,

165 1947 547 2003 demonstrans
576 1946 851 2001 obtectum
880 1945 969 2000 diu
1001 1945 1223 2001 nefariae
1262 1945 1529 2017 captionis
1572 1959 1755 2000 secre-

165 2045 274 2093 tum
314 2037 476 2093 iniit:
524 2037 803 2107 «Nequior
843 2034 1135 2102 omnibus,
1175 2052 1432 2107 quorsum
1484 2035 1752 2093 deduxisti

165 2128 432 2184 seniorem
461 2136 613 2183 tuum
658 2128 1088 2184 nudiustertius?
1120 2127 1367 2183 Seuioris
1414 2127 1491 2183 tui
1535 2127 1752 2199 pepliti-

163 2224 261 2278 bus
284 2223 474 2285 coctis,
506 2222 735 2294 privabo
759 2231 810 2277 te
833 2222 1027 2287 oculis,
1050 2222 1096 2279 si
1123 2221 1304 2276 forsan
1332 2235 1454 2276 eum
1476 2205 1747 2291 quoquam

165 2313 394 2383 amplius
423 2314 701 2369 duxeris.»
743 2312 896 2368 Tunc
928 2312 1050 2368 aliis
1098 2311 1361 2368 tironibus
1392 2314 1596 2383 pariter
1626 2327 1748 2367 cum

165 2420 229 2461 eo
263 2405 665 2461 commendavit
688 2421 937 2476 puerum,
980 2414 1040 2461 ut
1077 2406 1415 2462 custodirent
1444 2406 1749 2478 diligenter,
1784 2377 1825 2437 Β

163 2508 214 2552 et
255 2514 325 2553 ne
365 2507 550 2567 posset
578 2498 704 2569 fuga
735 2496 875 2553 elabi
902 2498 1258 2569 praevidereut
1306 2510 1449 2552 eum.
1488 2495 1752 2551 llosmun-

164 2587 261 2644 dus
302 2599 485 2644 autem
536 2590 980 2647 animadvertens
1024 2601 1238 2661 captum
1270 2605 1390 2645 esse
1418 2589 1750 2645 Richardum

165 2689 326 2735 tantae
347 2679 653 2736 dulcedinis
692 2696 945 2752 puerum,
993 2682 1142 2738 misit
1171 2685 1241 2739 ad
1290 2682 1753 2755 Rotbomagenses

164 2771 252 2839 qui
303 2771 588 2827 nuntiaret
637 2771 1012 2843 blasphemum
1061 2782 1223 2831 tantm
1265 2776 1599 2847 deceptionis
1656 2792 1753 2831 nc-

165 2863 393 2934 gotium.
419 2859 888 2937 Botbomagenses
908 2881 1039 2922 vero
1060 2877 1324 2924 mutatum
1357 2869 1583 2925 maleﬁci
1608 2871 1753 2942 regis

167 2963 453 3027 stupentes
481 2956 900 3032 propositum,a
948 2956 1060 3015 Deo
1106 2952 1394 3030 requirunt
1437 2961 1755 3033 suppliciter

164 3048 300 3103 tanti
363 3048 581 3106 consilii
628 3049 912 3118 auxilium.
962 3050 1184 3106 Mittunt
1234 3066 1363 3125 ergo
1412 3052 1479 3106 ad
1536 3067 1753 3108 omnem

164 3135 467 3193 Ecclesiam
495 3136 936 3195 Northmannica:
963 3139 1359 3213 Britonicaeque
1398 3143 1665 3212 regionis,
1695 3153 1755 3198 ut

163 3226 363 3283 missas
392 3228 774 3285 concelebrent
802 3230 993 3286 devote
1034 3246 1134 3302 pro
1165 3247 1231 3288 eo
1274 3232 1600 3304 presbyteri,
1639 3234 1755 3289 'cle-

164 3333 256 3373 rus
292 3319 613 3390 psalmodiis
660 3330 853 3386 vacet,
908 3322 1245 3394 populusque
1294 3324 1454 3379 nudis
1506 3324 1752 3395 pedibus,

166 3425 439 3481 saccoque
472 3410 691 3467 indutus
727 3410 954 3483 jejunet.
989 3412 1398 3470 Northmannici
1426 3429 1555 3470 vero
1583 3414 1760 3471 Brito-

132 3503 387 3574 -nicique
439 3504 702 3576 praesules
755 3502 915 3574 hujus
978 3506 1150 3562 tristis
1202 3506 1490 3580 legationis
1554 3506 1755 3564 famam

168 3595 475 3661 audientes,
495 3594 803 3653 triduanum
826 3594 1093 3667 jejunium
1124 3598 1178 3653 in
1204 3614 1313 3654 uno
1334 3614 1545 3671 quoque
1570 3615 1757 3658 mense

168 3686 369 3787 populo
420 3685 766 3754 indicentes,
817 3690 1181 3758 deprecantur
1238 3689 1525 3746 Dominum
1585 3691 1752 3746 Drum
1780 3722 1831 3787 α

169 3777 306 3835 fusis
362 3780 618 3851 precibus
644 3821 660 3847 ,
714 3780 1180 3854 eleemosynisque
1227 3782 1368 3838 datis
1428 3785 1756 3855 pauperibus

174 3871 519 3942 suppliciter,
552 3880 613 3927 ut
638 3871 832 3929 reddat
861 3874 941 3930 eis
969 3873 1299 3929 Ricbardum
1339 3875 1472 3930 tanti
1504 3875 1759 3934 desiderii

171 3978 424 4035 puerum.
472 3963 859 4022 Monacborum
904 3966 1413 4037 ,canonicorumque
1461 3968 1638 4025 clerus
1663 3959 1785 4039 pro:

172 4069 235 4111 eo
259 4055 503 4130 psalmos
546 4056 772 4127 supplex
804 4046 1075 4124 concinit,
1124 4058 1462 4129 pepulusque
1520 4059 1760 4115 lustrans

173 4149 401 4205 devotus
426 4148 709 4217 ecclesias,
748 4150 1123 4222 deprecativos
1149 4152 1382 4222 gemitus
1423 4152 1643 4208 emittit.
1675 4153 1762 4208 ln—

172 4250 323 4298 terea
348 4241 657 4298 Richardus
687 4242 1079 4299 tanti-decoris
1108 4257 1264 4314 puer,
1312 4243 1542 4315 insignis
1571 4258 1762 4315 prosa-

173 4333 295 4404 piae,
326 4333 620 4391 honestate
670 4333 925 4401 celeber,
977 4334 1349 4391 instruebatur
1396 4335 1649 4391 omnibus
1706 4335 1761 4391 in

176 4436 393 4500 captura
423 4426 644 4485 notitiis
688 4425 1037 4483 sullicienter.
1076 4427 1320 4484 Ducebat
1348 4428 1576 4484 solidam
1616 4427 1763 4485 illius

176 4522 340 4576 artatis
363 4530 580 4593 partem
610 4517 806 4574 robore
849 4518 1164 4586 cumulato,
1194 4527 1422 4591 eratque
1447 4519 1764 4576 commodus

175 4622 228 4666 et
251 4614 395 4669 utilis
423 4611 688 4669 omnibus
708 4612 864 4682 quasi
911 4620 1162 4670 maturus
1203 4626 1340 4668 aevo.
1372 4612 1649 4683 Arguebat
1677 4627 1765 4668 se-

175 4709 401 4765 cundum
431 4708 587 4765 vires
617 4706 795 4761 artatis
819 4705 1078 4777 quidquid
1124 4714 1246 4761 erat
1293 4705 1563 4762 illicitum.
1608 4705 1766 4762 Floc-

178 4802 495 4872 cipeudebat
527 4797 795 4871 quidquid
822 4806 942 4855 erat
973 4799 1167 4857 animae
1194 4798 1546 4855 incentivum.
1580 4798 1765 4856 Vivaci

178 4894 359 4965 lepore
419 4893 715 4952 abluenter
770 4892 1021 4950 armabat
1077 4892 1312 4964 linguam
1339 4930 1358 4959 ,
1412 4891 1767 4961 facundaque

178 4986 439 5042 ubertatis
462 4983 737 5056 colloquio
767 4982 1061 5057 insignibat
1108 4999 1249 5040 eam.
1298 4983 1630 5056 Peragrabat
1652 4993 1765 5040 stu-

179 5078 291 5145 dio,
319 5087 376 5135 et
398 5079 739 5135 retractabat
763 5092 882 5147 qua:
910 5079 1234 5153 ignorabat,
1279 5092 1381 5134 nec
1423 5078 1764 5136 abdebantur
1788 5077 1842 5139 Β

179 5168 229 5226 ei
257 5183 376 5240 qua:
419 5178 550 5226 sunt
587 5168 841 5225 obscura.
881 5168 1133 5228 Pueritia:
1178 5182 1290 5226 suae
1318 5168 1591 5227 aetatulam
1629 5167 1760 5227 Jesu

180 5261 398 5320 Christo
420 5261 804 5327 consecrabat,
830 5276 996 5335 seque
1022 5272 1196 5321 totum
1222 5261 1422 5319 divinis
1448 5263 1759 5335 praeceptis,

1855 1119 2238 1175 mocinationis
2263 1119 2574 1176 dulcamine
2611 1118 2954 1175 erudiebant.
3001 1115 3268 1174 Processu
3312 1132 3440 1174 vero

1857 1213 2141 1283 temporis,
2196 1211 2696 1268 Northmannorum
2734 1219 2792 1266 et
2850 1208 3134 1265 Britonum
3188 1209 3441 1278 precibus

1854 1305 2148 1369 continuis,
2168 1303 2498 1375 jejuniisque
2536 1301 2765 1374 singulis
2790 1301 3070 1357 mensibus
3092 1300 3442 1356 devotissime

1853 1396 2174 1455 exercitatis
2223 1397 2470 1468 placatus
2526 1411 2711 1467 regum
2744 1394 2859 1451 Rex
2910 1393 3190 1457 Dominus,
3239 1392 3443 1463 eripuit

1855 1485 2189 1545 Richardum
2222 1487 2617 1544 inaestimabilis
2664 1483 3163 1543 incrementationis
3210 1497 3440 1553 puerum

1856 1582 2044 1638 taliter
2085 1583 2153 1639 de
2202 1582 2347 1654 regis
2388 1581 2664 1638 manibus.
2704 1580 3004 1638 Praedictus
3051 1590 3286 1647 namque
3335 1575 3442 1631 tiro

1855 1673 2223 1742 Hosmuudus,
2277 1675 2528 1746 provisor
2572 1673 2719 1731 illius
2759 1671 3219 1737 honestissimus,
3247 1666 3441 1725 videns

1853 1769 2081 1826 detineri
2113 1784 2269 1824 suum
2294 1768 2565 1825 seniorem
2596 1768 2828 1834 diutius,
2875 1775 2931 1822 et
2966 1763 3154 1819 vallari
3199 1763 3441 1818 vicissim

1854 1859 1941 1916 die
1970 1869 2242 1929 noctuque
2288 1873 2358 1914 ne
2397 1869 2581 1929 posset
2628 1857 2876 1913 subtrahi
2931 1855 3223 1920 tironibus,
3273 1852 3444 1923 erepit

1854 1952 2105 2008 meditari
2134 1951 2408 2022 quomodo
2429 1950 2662 2021 eriperet
2701 1964 2827 2005 eum
2876 1947 2943 2003 de
2987 1945 3163 2002 tantis
3194 1943 3440 2000 custodi-

1853 2045 1976 2102 bus.
2016 2044 2262 2115 Quadam
2300 2043 2463 2114 igitur
2487 2043 2577 2098 die
2605 2041 2781 2112 coegit
2812 2039 2973 2110 hujus
3016 2038 3098 2093 rei
3144 2035 3318 2107 gratia
3360 2034 3439 2091 si-

1852 2141 2055 2198 mulata
2082 2139 2454 2197 imbecillitate
2479 2136 2796 2194 recumbere
2831 2142 2994 2190 tantae
3016 2132 3278 2190 custodiae
3302 2146 3442 2202 pue-

1853 2252 1998 2300 rum,
2021 2243 2077 2291 et
2096 2234 2253 2303 quasi
2279 2230 2620 2288 dissimulata
2658 2228 2909 2299 corporis
2928 2227 3212 2297 sospitate,
3240 2223 3443 2279 emisso

1854 2328 2198 2400 lrequentius
2246 2325 2461 2397 planctu
2519 2322 2806 2397 aggravari
2869 2337 3015 2379 eum.
3067 2319 3233 2390 Cujus
3288 2316 3443 2372 falsae

1853 2418 2123 2489 opinionis
2154 2430 2374 2472 rumore
2400 2415 2595 2471 civitas
2624 2413 2897 2484 impletur,
2931 2421 2989 2467 et
3030 2410 3146 2466 haec
3188 2406 3442 2463 simultas

1849 2522 1952 2579 pro
1978 2509 2207 2563 veritate
2257 2505 2403 2561 fama
2450 2504 2740 2560 nuntiante
2788 2501 3124 2573 propalatur.
3176 2496 3442 2555 Custodes

1850 2613 1984 2654 vero
2014 2598 2172 2653 tertia
2197 2597 2284 2652 die
2312 2594 2648 2652 aestimantes
2673 2603 2849 2649 morte
2870 2589 3238 2664 praeoccupari
3271 2594 3445 2642 tantae

1852 2691 2149 2762 diligentiae
2196 2704 2468 2761 puerum,
2519 2686 2629 2743 huc
2680 2685 2915 2755 illucque
2967 2682 3297 2738 necessitate
3345 2693 3442 2734 sua

1852 2798 2048 2844 euntes
2071 2785 2454 2842 discesserunt.
2477 2779 2824 2837 Hosmuudus
2849 2778 3012 2849 igitur
3038 2780 3291 2830 coenante
3314 2784 3445 2841 rege

1851 2887 1907 2934 et
1934 2878 2169 2943 civibus,
2200 2876 2468 2944 nudisque
2498 2873 2695 2943 plateis
2722 2871 2790 2926 ab
2815 2869 3152 2932 hominibus,
3184 2866 3348 2935 byrro
3381 2870 3441 2918 et

1857 2979 2023 3027 tantae
2067 2966 2405 3024 liberationis
2437 2980 2575 3037 puer
2611 2965 2852 3027 indutus,
2883 2959 3066 3017 citatis
3095 2954 3271 3026 equis,
3300 2953 3441 3008 Lau-

1855 3062 2000 3116 duuo
2023 3059 2196 3116 exivit
2222 3057 2412 3122 citius,
2450 3055 2749 3126 rapidoque
2772 3066 2937 3108 cursu
2962 3056 3201 3105 castrum
3229 3042 3441 3114 appulit

1855 3151 2224 3207 Codiciacum.
2258 3149 2376 3204 illic
2408 3145 2676 3202 alllueutis
2720 3141 3012 3215 probitatis
3035 3136 3307 3194 commisit
3343 3135 3441 3189 ca-S

1856 3245 2104 3302 stellanis
2132 3258 2379 3314 puerum,
2408 3249 2460 3296 et
2501 3239 2780 3311 profectus
2806 3245 2894 3292 est
2939 3236 2993 3291 iu
3039 3233 3157 3304 ipsa
3184 3238 3346 3286 nocte
3374 3227 3441 3283 ad

1856 3335 2117 3390 comitem
2163 3332 2503 3387 Bernardum
2532 3331 2652 3401 ejus
2706 3327 3062 3391 avunculum,
3114 3323 3208 3395 qui
3262 3333 3444 3377 mora-

1856 3430 2017 3484 batur
2044 3425 2264 3483 mmniis
2289 3422 2801 3481 Silvanectensium.
3396 3430 3411 3441 ‘

2457 3529 2821 3571 APOSTROPIM.

1998 3609 2414 3668 Northmannia:
2444 3625 2591 3664 nunc
2618 3607 2900 3680 praesules,

2000 3702 2254 3772 Belloque
2279 3701 2332 3755 in
2358 3700 2506 3756 omni
2532 3699 2809 3771 principes

2004 3793 2175 3864 Regni
2203 3790 2558 3863 triumphales
2587 3791 2774 3855 simul,

2001 3885 2069 3943 Et
2091 3884 2271 3941 clerus
2295 3883 2475 3939 omnis
2497 3884 2727 3948 ordinis,

2001 3977 2241 4046 Populus
2270 3975 2429 4032 simul
2455 3975 2776 4047 plorabilis:

2002 4070 2183 4136 Pueri,
2217 4086 2397 4136 senes,
2426 4078 2484 4125 et
2506 4069 2768 4142 virgines,

2005 4161 2374 4232 Juvenesque,
2401 4169 2611 4218 cuncta:
2638 4161 2877 4227 feminae,

2003 4253 2316 4325 Vulgusque
2342 4253 2396 4308 in
2424 4252 2607 4309 vicum
2634 4254 2901 4318 concitus,

1998 4343 2184 4400 Fletus
2206 4344 2464 4415 lugubres
2492 4343 2692 4399 mittite

2004 4435 2213 4491 Moestis
2233 4435 2408 4490 modis
2430 4444 2486 4490 et
2508 4435 2736 4504 parcite.

2004 4527 2141 4583 Nam
2163 4528 2417 4600 gaudium
2450 4526 2604 4582 vobis
2633 4527 2762 4582 datu

2005 4617 2211 4683 Vinclis
2235 4616 2447 4673 solutus
2473 4615 2659 4687 regiis,

2008 4710 2239 4780 Elapsus
2266 4718 2324 4765 et
2347 4708 2664 4767 custodibus

2008 4805 2319 4862 Richardus
2349 4804 2544 4871 almus,
2576 4803 2868 4874 innocens,

2009 4898 2254 4955 Prudens
2277 4913 2415 4969 puer
2444 4894 2859 4965 sanctissimus,

2012 4989 2246 5046 Pulchre
2277 4989 2529 5055 decorus,
2554 4983 2909 5059 splendidus,

2012 5079 2176 5137 Liber
2206 5079 2383 5135 tenaci
2410 5074 2699 5149 compede,

2011 5171 2182 5229 Vobis
2205 5170 2312 5228 erit
2336 5171 2445 5228 dux
2474 5173 2791 5245 praepotens

2015 5267 2213 5325 Grates
2239 5264 2353 5322 Deo
2376 5280 2524 5323 nunc
2553 5255 2774 5319 reddite
