4032 6388
629 324 730 384 699
1543 327 1843 387 DUDONIS
1875 331 2122 388 DECANl
2157 333 2216 390 S.

636 436 972 504 «Domine,si
991 445 1177 493 erua‘m
1198 452 1319 492 eum
1337 438 1403 495 de
1425 455 1584 495 manu
1603 444 1744 514 regis
1763 445 2126 516 atrocis,qoid
2143 448 2217 502 fa-

633 528 746 583 cies
766 527 832 582 de
849 527 968 581 eo?»
994 527 1057 580 Et
1074 526 1400 584 Bernardos:
1422 529 1527 586 iTe
1549 531 1736 587 multis
1759 533 2054 590 honoribus
2074 537 2216 592 dita-

635 628 748 673 tum
773 618 1097 684 sublimabo,
1115 628 1166 672 te
1183 619 1856 692 beneficiislocupletatum
1881 625 2042 681 nimis
2067 628 2215 682 exal-

634 713 781 766 tabo.
798 711 1058 781 Nepotem
1082 726 1211 766 vero
1236 728 1411 768 meum
1431 714 1482 768 iu
1502 730 1669 784 regno
1692 717 1859 784 patris
1882 719 1963 771 sui
1989 719 2216 775 haeredi-

635 804 774 858 tario
795 804 1098 865 restituam,
1125 803 1641 872 Northtnannorum,
1661 808 2044 878 Britonomqoe
2068 812 2213 879 prin-

631 894 780 964 cipes
831 895 906 948 illi
957 895 1163 950 servire
1211 912 1422 967 cogant.
1454 916 1472 949 i
1525 899 1606 952 Ad
1659 900 1774 954 haec
1829 898 2211 957 llosmundos:

637 983 802 1039 «Sero
831 983 1089 1038 Laodono
1115 994 1262 1039 tuum
1292 995 1538 1054 nepotem
1569 987 1706 1041 clam
1733 987 2004 1054 subtraxi,
2028 1001 2082 1045 et
2110 991 2214 1046 C0-

629 1075 1028 1131 diciaceusibos
1057 1077 1364 1132 castellanis
1400 1094 1546 1142 cuiu,
1579 1088 1639 1133 ut
1673 1080 2031 1148 custodirent,
2062 1098 2211 1137 com-

631 1170 902 1225 mendavi.
934 1190 953 1223 I
1005 1172 1126 1225 Mox
1156 1173 1459 1226 tternardus
1499 1175 1660 1229 solito
1692 1175 1864 1231 laetior
1899 1178 2062 1232 citius
2093 1195 2213 1233 sur-

630 1265 797 1328 rexit,
844 1274 896 1318 et
943 1263 1014 1318 ad
1068 1263 1346 1334 Hugonem
1403 1282 1658 1337 magnum
1719 1269 1908 1324 ducem
1972 1270 2212 1324 Parisios

629 1365 866 1426 praepete
886 1356 1800 1430 equitatufestinan:erproperavit.
1822 1362 2212 1435 llngomagnus

629 1445 818 1499 videns
867 1461 990 1500 eum
1045 1449 1220 1500 dixit:
1275 1468 1293 1499 ιι
1326 1451 1464 1515 Quid
1515 1451 1581 1504 ad
1626 1468 1723 1506 nos
1757 1463 1862 1507 tam
1899 1457 2210 1524 repentinus

627 1547 683 1591 et
711 1539 1008 1592 matutinus
1040 1539 1388 1594 accelerasti?
1415 1561 1432 1592 ι
1465 1542 1532 1595 At
1579 1544 1666 1598 ille
1695 1563 1707 1598 :
1745 1565 1762 1596 ι
1793 1546 1902 1601 liex
1943 1549 2070 1616 quia
2108 1547 2212 1601 Lu-

627 1629 851 1684 dovicus
906 1647 1084 1686 meum
1141 1646 1388 1702 nepotem
1447 1637 1691 1692 strictius
1735 1647 1790 1694 et
1829 1639 2211 1711 praevidentius

627 1721 882 1785 custodit,
917 1723 1068 1775 venio
1103 1727 1168 1776 ad
1201 1739 1250 1778 te
1277 1735 1336 1779 ot
1366 1727 1459 1780 des
1486 1743 1648 1797 super
1681 1746 1802 1784 cum
1835 1733 2051 1802 aliquod
2083 1749 2208 1786 con-

629 1813 812 1866 silium
849 1816 1004 1869 mihi.
1050 1817 1116 1870 Et
1161 1818 1203 1871 si
1246 1817 1384 1871 forte
1438 1820 1634 1890 aliquis
1678 1840 1801 1877 eum
1850 1826 1916 1879 de
1963 1827 2210 1881 manibus

633 1904 779 1973 regis
823 1907 1046 1970 eruerit,
1103 1907 1260 1969 quale
1315 1908 1640 1977 adiutorium
1685 1914 1730 1967 ei
1785 1924 1874 1968 tua
1925 1915 2210 1970 clementia

631 1993 1000 2062 impertietur?
1021 2015 1039 2049 ι
1070 1997 1220 2052 Tunc
1250 1998 1400 2070 llugo
1433 2017 1692 2070 magnus:
1723 2021 1741 2053 ι
1764 2003 1955 2058 Mirum
1980 2014 2062 2060 est
2091 2021 2210 2060 ont-

629 2085 792 2140 nibus
834 2089 976 2156 qttod
1028 2091 1138 2158 agit
1193 2106 1282 2142 rex
1329 2090 1652 2146 Ludovicus.
1693 2095 1854 2150 Pater
1893 2099 2042 2167 pueri
2068 2097 2212 2154 illius

632 2193 729 2248 pro
758 2178 1016 2235 ﬁdelitate
1043 2183 1184 2250 regis
1213 2183 1468 2253 deceptus
1508 2195 1590 2239 est
1630 2195 1684 2239 et
1721 2188 2074 2259 interemptus
2105 2231 2118 2252 ,
2155 2199 2210 2244 et

630 2272 743 2341 ipse
788 2284 932 2328 leuet
960 2285 1174 2344 captum
1225 2276 1392 2330 filiutn
1441 2281 1576 2348 ejus.
1622 2279 1836 2334 Utinam
1879 2284 1944 2337 de
1985 2283 2212 2338 vinculis

631 2366 775 2435 regis
800 2382 921 2418 eum
952 2369 1158 2421 eruerit
1187 2367 1402 2437 aliquis,
1437 2380 1493 2424 et
1542 2373 1675 2426 mihi
1725 2375 2038 2429 adduxerit!
2075 2395 2094 2428 ι
2145 2377 2212 2431 Et

630 2455 978 2512 Bernartius:
1017 2478 1035 2509 ι
1071 2459 1314 2524 Domine,
1363 2462 1490 2530 quid
1537 2464 1702 2518 facies
1726 2465 1770 2518 si
1800 2468 1942 2536 quod
1977 2467 2208 2522 relulisti

629 2547 982 2616 adimpletum
1037 2550 1238 2606 fuerit?
1269 2572 1286 2604 ι
1325 2553 1385 2606 Et
1424 2553 1574 2624 llugo
1601 2572 1864 2626 magnus:
1901 2575 1918 2606 ι
1949 2557 2060 2627 Ego
2089 2559 2213 2627 qui-

628 2639 752 2693 dem
800 2640 1205 2698 Northmannos
1240 2653 1294 2699 et
1337 2645 1585 2701 Britones
1620 2647 1912 2718 subjogans
1937 2651 2006 2712 ei,
2039 2652 2214 2721 possi-

627 2728 758 2783 dere
790 2730 980 2784 faciam
1028 2733 1175 2786 illum
1211 2750 1546 2803 quascunque
1585 2748 1738 2805 pater
1778 2739 1967 2790 tenuit.
2010 2738 2210 2793 Contra

626 2823 906 2891 regemilli
934 2825 1260 2890 auxiliabm,
1303 2838 1598 2896 contraque
1643 2829 1944 2893 Arnolfum,
1988 2846 2209 2887 omnes-

625 2930 731 2984 que
764 2915 1110 2973 insidiatores
1136 2919 1363 2974 viriliter
1390 2921 1612 2991 juvabo.
1644 2941 1661 2973 ›
1695 2922 1846 2978 Tunc
1874 2939 2058 2978 comes
2083 2923 2209 2978 Ber-

626 3005 830 3062 nardus
867 3009 1119 3076 precibus
1162 3012 1512 3066 accutnulans
1543 3027 1751 3081 preces,
1789 3014 1854 3066 ad
1887 3014 2050 3084 pedes
2077 3029 2206 3084 supr

623 3097 838 3168 pliciter
875 3116 1136 3158 corruens
1165 3104 1339 3159 dixit:
1379 3125 1397 3156 ι
1432 3105 1654 3160 Domine
1685 3107 1794 3160 dux
1829 3110 2204 3176 praepotentis-

623 3191 785 3255 sime,
829 3208 899 3246 ne
939 3194 1197 3250 irascaris
1243 3196 1288 3250 si
1339 3208 1576 3267 repetam
1627 3199 1769 3267 quod
1817 3199 1993 3253 voloa
2025 3209 2095 3255 te.
2139 3201 2206 3256 Ut

623 3285 878 3337 credulus
911 3295 1124 3342 tuarum
1155 3290 1573 3358 promissionum
1597 3291 1924 3346 conlitenter
1949 3295 2201 3360 existam,

622 3375 1031 3443 pollicitationis
1070 3383 1358 3436 verborum
1393 3393 1606 3438 tuorum
1640 3383 1727 3440 fac
1771 3386 1900 3440 milti
1945 3395 2032 3441 tua
2070 3389 2208 3458 peti-

622 3465 770 3520 tione
824 3469 984 3524 lidem
1035 3469 1464 3542 integerrimam.
1514 3474 1697 3530 Habeo
1730 3477 1874 3532 enim
1920 3477 2206 3534 Codiriaco

624 3558 762 3612 tanti
813 3561 1016 3624 amoris
1075 3579 1301 3633 puerum
1367 3568 1618 3636 captione
1681 3569 1824 3638 regis
1890 3571 2078 3640 perfidi
2138 3571 2207 3626 ab

623 3644 938 3704 Hosmundo
968 3649 1272 3707 liberatum.
1297 3673 1326 3706 ,ι
1361 3655 1472 3710 Dux
1508 3671 1633 3711 vero
1669 3674 1897 3729 magnos
1919 3661 2204 3730 gratulans

623 3739 691 3793 de
711 3754 879 3808 puero
892 3754 1066 3806 eroto,
1093 3745 1230 3799 dixit
1251 3749 1434 3802 comiti
1462 3747 1764 3802 Bernardo:
1801 3769 1819 3800 ι
1853 3750 1921 3806 Ut
1948 3749 2060 3822 [de]
2083 3768 2206 3821 pro—

620 3833 908 3900 positionis
949 3853 1082 3892 mea:
1128 3840 1407 3909 propOsito
1449 3842 1770 3898 liducialitet‘
1809 3844 2058 3898 securior
2107 3845 2203 3911 sis,

619 3922 815 3979 faciam
843 3927 933 3980 tibi
964 3937 1018 3981 et
1047 3929 1116 3982 illi
1145 3946 1266 4001 qua:
1289 3934 1514 4002 supplex
1538 3934 1822 4003 requiris.»
1862 3934 2053 3989 Allatis
2075 3950 2205 3990 vero

620 4013 890 4084 reliquiis,
951 4020 1308 4091 manibusque
1356 4037 1517 4092 supra
1573 4024 1804 4093 positis,
1863 4040 2206 4083 sacramento

619 4119 762 4160 verae
792 4108 925 4175 fidei
968 4113 1256 4181 spopondit
1297 4129 1356 4168 se
1391 4129 1562 4184 puero
1589 4125 1778 4170 contra
1823 4129 2014 4172 omnes
2045 4121 2203 4174 auxi»

622 4193 768 4259 liari,

1228 4309 1594 4350 APOSTROPHA.

766 4379 1031 4439 Melliflua:
1057 4382 1314 4442 bonitatis
1340 4400 1465 4455 ope,

766 4469 915 4541 Hugo
943 4485 1265 4544 potensque,
1296 4476 1606 4546 valensqtte,
1644 4478 1854 4548 vigens,

759 4563 1004 4633 Magnus,
1054 4575 1108 4622 et
1132 4567 1388 4638 inclytus,
1417 4583 1481 4623 ac
1508 4570 1754 4636 meritos,

756 4654 1152 4726 Magnanimos,
1183 4658 1378 4723 bonos,
1406 4659 1676 4716 almilicus

759 4745 1038 4814 bliriflcus,
1068 4751 1291 4818 probus,
1323 4736 1603 4821 egregius:

756 4839 954 4898 Auxilii
985 4857 1116 4897 ecce
1147 4855 1422 4900 memento
1451 4847 1550 4914 toi,

757 4929 824 4991 Et
854 4936 1204 4992 reminiscere
1233 4953 1395 5006 quam
1426 4940 1642 5011 peragis

758 5024 982 5082 Eximite
1009 5029 1292 5102 probitatis
1315 5046 1471 5100 opus.

757 5117 1164 5191 Emeritumque
1184 5123 1314 5193 juva
1346 5139 1592 5193 puerum,

757 5209 1007 5282 Protege,
1033 5215 1292 5280 salvillca,
1327 5215 1539 5284 refove;

761 5301 915 5368 Quod
942 5317 1097 5374 pater
1129 5316 1186 5362 ut
1213 5310 1383 5362 tenuit
1415 5316 1620 5378 teneat,

757 5393 1002 5450 Gaudeat
1031 5407 1086 5452 et
1118 5400 1386 5457 recidivus
1415 5417 1502 5468 eo,

757 5489 1062 5558 Possideat,
1091 5494 1310 5564 habeat,
1345 5497 1555 5554 faciens

759 5583 912 5651 Quod
944 5584 1127 5643 facere
1155 5590 1370 5647 assidue
1401 5592 1673 5648 ambierit.

694 5673 794 5732 llis
840 5684 897 5731 et
942 5676 1315 5748 hujuscemodi
1352 5683 1610 5754 peractis,
1664 5699 1848 5740 comes
1893 5682 2198 5739 Bernardus

617 5769 808 5846 rapido
851 5771 1096 5848 equitatu
1136 5773 1481 5834 Codiciacum
1527 5777 1772 5848 expetiit,
1817 5786 1872 5836 et
1919 5775 2197 5835 osculatus

2245 335 2550 404 QUINTIN
2603 334 2976 392 VIBOMAND.
3742 343 3821 399 τω

2241 455 2293 515 Α
2322 458 2484 506 tantae
2512 450 2800 522 diligentiae
2827 463 3074 520 puerum,
3102 448 3438 520 amplexibus
3460 449 3632 508 fruens
3653 459 3824 526 optatis,

2315 555 2436 595 eum
2469 556 2592 595 cum
2623 555 2820 611 magno
2839 539 3084 595 exercito
3110 540 3176 594 ad
3218 539 3661 599 Silvanectensetn
3682 548 3823 603 urbem

2315 630 2589 700 perduxit.
2640 629 2752 684 Rex
2801 645 2930 684 vero
2985 629 3289 686 Ludovicus
3344 631 3568 702 duplicis
3617 634 3825 704 tristitia,

2315 720 2527 774 scilicet
2561 735 2626 774 eo
2655 721 2796 790 quod
2827 729 3046 790 ceperat
3075 735 3324 790 puerum,
3362 731 3418 776 et
3445 725 3582 794 quod
3608 725 3706 794 ipse
3721 727 3826 797 elap-

2314 824 2408 862 sos
2434 819 2573 874 erat,
2602 819 2862 878 expertus
2880 825 3145 874 errorem,
3170 811 3322 866 misit
3347 811 3579 884 legatum
3605 814 3664 868 ad
3683 814 3826 870 ducem

2316 916 2570 968 magnum
2621 900 2942 973 Hugonem,
3006 910 3066 956 ut
3117 903 3343 959 reddere
3400 919 3617 974 puerum
3661 920 3828 976 cogeret

2313 988 2646 1044 Bernardom
2685 993 2963 1048 comitem.
2993 990 3150 1075 [iugo
3175 993 3394 1063 quidem
3425 1009 3641 1065 magnus
3672 1011 3830 1051 reman-

2314 1079 2408 1133 dat
2463 1081 2576 1152 regi
2635 1083 2798 1136 verba
2851 1083 3232 1151 subsequentis
3295 1085 3611 1141 orationis:
3659 1088 3828 1142 «Silva-

2314 1181 2658 1235 nectcnsem,
2703 1183 2758 1227 et
2797 1174 3174 1239 Codiciacotn,
3223 1174 3524 1230 Torotense
3580 1193 3675 1232 non
3717 1180 3827 1232 aule-

2317 1275 2434 1314 rant
2489 1260 2792 1326 Bernardo,
2842 1273 2896 1317 et
2942 1263 3316 1319 Cretheltense
3367 1276 3618 1332 castrum,
3671 1282 3828 1338 nequeo

2314 1368 2507 1424 urgere
2551 1353 2674 1408 ullis
2715 1355 3092 1410 conantiuibos
3139 1355 3285 1410 illum
3329 1365 3390 1410 ot
3440 1359 3623 1413 reddat
3655 1357 3831 1414 Richar-

2313 1448 2437 1502 dum
2479 1447 2890 1504 dilectissimum
2939 1458 3187 1518 nepotem
3237 1466 3418 1505 suum.
3452 1468 3471 1504 ι
3523 1450 3711 1506 Interea
3738 1451 3832 1507 Bero

2313 1539 2514 1592 nardus
2553 1554 2737 1594 comes
2773 1538 3206 1595 Silvaucctensis
3254 1543 3405 1596 misit
3451 1543 3517 1595 ad
3562 1541 3828 1598 Bernardutn

2315 1628 2802 1701 Rothomagenscm
2836 1673 2851 1697 ,
2908 1643 3248 1703 ueteresque
3302 1633 3716 1703 Northmannos,
3765 1638 3827 1706 qui

2315 1722 2593 1775 nuntiaret
2623 1724 2834 1778 concite
2863 1736 3092 1779 eventus
3115 1735 3357 1796 optatos.
3395 1724 3722 1782 Norlhmanni
3745 1729 3827 1797 qui-

2245 1802 2284 1860 Β
2314 1813 2433 1867 dem
2464 1824 2519 1869 et
2541 1815 2789 1871 Britones
2823 1818 3113 1873 desiderati
3153 1818 3305 1887 pueri
3343 1819 3615 1889 ereptione
3656 1821 3829 1874 nimium

2318 1905 2539 1971 hlarcs,
2593 1909 2908 1978 persolvunt
2955 1910 3066 1964 Deo
3113 1912 3474 1982 omnipotenti
3521 1929 3610 1984 pro
3647 1927 3702 1967 eo
3735 1923 3827 1968 vota

2313 2008 2368 2055 et
2413 2009 2612 2070 grates.
2664 1999 2833 2071 llujos
2893 2003 2969 2058 rei
3017 2004 3193 2074 gratia
3249 2003 3660 2058 Silvancctensis
3694 2018 3828 2059 comes

2313 2090 2621 2146 Bernardus
2653 2093 2926 2162 profectos
2955 2103 3036 2147 est
3075 2101 3265 2147 contra
3310 2093 3633 2148 Bernardutn
3673 2092 3823 2146 Rodio-

2313 2196 2625 2252 niageusetn
2679 2193 2732 2238 et
2787 2183 3132 2256 Dacigenam,
3188 2185 3324 2255 quid
3374 2193 3558 2255 ageret
3608 2187 3665 2240 de
3706 2200 3825 2255 puero

2314 2275 2682 2330 consulturus.
2708 2276 2952 2346 Cumque
2983 2277 3184 2332 mutuis
3211 2277 3516 2331 alternatim
3557 2276 3823 2332 sermonibus

2313 2367 2649 2438 nimiumque
2694 2371 2920 2425 secretis
2964 2371 3300 2435 fruerentur,
3353 2379 3409 2424 et
3450 2373 3513 2426 de
3553 2369 3822 2424 restitutione

2312 2463 2463 2533 pueri
2495 2462 2547 2517 in
2578 2478 2744 2533 regno
2783 2463 2873 2518 ditt
2923 2472 3242 2525 tractarent,
3295 2463 3566 2518 Bernardo
3609 2460 3822 2530 Dacigene

2313 2551 2450 2606 dixit
2495 2568 2680 2606 comes
2717 2553 3065 2608 Bernardus:
3098 2573 3114 2603 ί
3140 2553 3216 2607 Ne
3258 2552 3400 2608 forte
3451 2568 3541 2607 rex
3582 2550 3820 2607 Ludovicus

2313 2644 2715 2698 anin‘iadvertat
2778 2653 2979 2698 nostra:
3027 2644 3345 2699 intentionis
3385 2644 3706 2715 propositum,
3747 2657 3820 2695 non

2312 2736 2527 2790 veniam
2555 2725 2774 2790 'aliltinc
2818 2746 3009 2791 contra
3043 2747 3092 2790 te
3118 2735 3358 2806 amplius
3391 2737 3457 2790 ad
3489 2736 3726 2808 placitum.
3750 2730 3822 2786 Ve-

2315 2844 2433 2881 rum
2467 2829 2626 2882 crede
2668 2828 2813 2899 quod
2865 2829 3192 2883 mandavero
3235 2828 3334 2884 tibi
3383 2829 3533 2900 signo
3559 2828 3680 2882 inter
3703 2832 3819 2879 tneet

2314 2926 2364 2971 te
2397 2917 2541 2972 facto
2571 2926 2792 2972 ostenso
2831 2933 2929 2988 per
2957 2921 3216 2989 legatum,
3264 2931 3318 2974 et
3374 2920 3566 2973 rimare
3607 2915 3820 2988 ingenioso

2313 3011 2598 3064 conamine
2635 3025 2814 3080 regem
2865 3008 3198 3064 Ludovicum
3233 3008 3469 3074 fatuare,
3497 3009 3610 3080 quia
3638 3006 3820 3061 vultnos

2312 3112 2366 3158 et
2402 3117 2498 3156 vos
2541 3117 2732 3156 omnes
2777 3101 3072 3156 crudeliter
3121 3102 3412 3172 perdere.»
3467 3098 3602 3154 Illico
3637 3095 3818 3166 pluribus

2314 3210 2495 3250 rerum
2522 3207 2680 3248 caute
2709 3193 3009 3262 replicatis,
3036 3194 3270 3265 quisque
3301 3209 3398 3248 sua
3430 3192 3641 3248 celerius
3666 3185 3814 3243 revisit.

2308 3286 2518 3341 Interea
2563 3302 2656 3340 rex
2705 3285 3014 3340 Ludovicus
3061 3285 3129 3338 de
3167 3285 3347 3355 digna:
3395 3281 3668 3353 ereptionis
3708 3275 3816 3348 pueri

2313 3379 2653 3432 absolutionc
2713 3378 2947 3441 anxios,
2997 3387 3053 3430 et
3099 3377 3164 3431 de
3207 3377 3522 3431 remandan
3573 3367 3813 3428 difﬁdentia:

2309 3470 2377 3520 ab
2402 3467 2630 3538 llngone
2659 3467 2885 3521 nimimn
2915 3467 3086 3521 tristis
3111 3476 3165 3521 et
3191 3477 3444 3530 mmstus,
3469 3465 3604 3520 misit
3629 3462 3684 3517 ad
3706 3459 3816 3514 Flau-

2307 3560 2518 3614 drensis
2547 3560 2724 3631 gentis
2745 3559 2997 3614 comitem
3021 3558 3304 3613 Arnolfum
3323 3599 3336 3622 ,
3363 3560 3451 3629 qui
3486 3557 3594 3625 ejus
3617 3556 3680 3609 rei
3696 3567 3814 3622 nego-

2310 3653 2386 3706 tio
2416 3653 2771 3707 auxiliabitur
2802 3651 3047 3718 nimium;
3081 3660 3353 3721 quatenus
3392 3649 3564 3705 venire
3588 3655 3739 3703 contra
3774 3654 3815 3695 se

2309 3745 2640 3800 acceleraret
2661 3745 2727 3798 ad
2757 3744 3035 3813 placitum.
3065 3741 3166 3809 Qui
3191 3741 3508 3797 festinanter
3534 3743 3815 3795 occurrentes

2309 3837 2410 3891 sibi
2461 3839 2516 3890 in
2571 3852 2709 3908 pago
2769 3835 3182 3902 V'irmandensi,
3241 3835 3294 3890 in
3341 3835 3466 3889 villa
3517 3848 3624 3903 qua:
3670 3829 3816 3882 dicitur

2308 3928 2624 3994 Restibulis,
2655 3929 2784 3997 quid
2812 3937 3035 3998 agerent
3070 3922 3645 3997 cmperontlmeditari.
3670 3914 3814 3972 Arnol-

2309 4021 2395 4075 fns
2444 4037 2574 4076 vero
2625 4023 2769 4092 digni
2826 4022 3080 4076 interitus
3129 4021 3214 4075 sui
3267 4020 3557 4074 formidans
3597 4014 3813 4070 ultionem,

2309 4113 2469 4169 vafro
2495 4113 2868 4168 stomachatus
2893 4123 3037 4177 astu,
3059 4112 3196 4167 dixit
3219 4113 3287 4167 ad
3312 4110 3622 4167 Ludovicum
3646 4113 3811 4173 regem:

2313 4227 2332 4260 ι
2361 4208 2596 4276 lugentis
2647 4207 2954 4264 formidinis
3001 4222 3201 4278 pavore
3257 4217 3556 4270 exterreor,
3602 4210 3649 4255 et
3688 4207 3812 4264 usque

2311 4301 2376 4355 ad
2413 4301 2666 4355 intimum
2701 4301 3054 4354 medullarum
3085 4315 3251 4369 super
3294 4298 3534 4354 venturis
3575 4287 3810 4349 concutior.

2307 4407 2375 4448 ne
2403 4392 2539 4447 forte
2565 4392 2924 4448 Norllnnanni
2951 4402 3004 4447 et
3031 4393 3282 4447 Britones
3316 4390 3521 4462 Ilogoni
3545 4385 3649 4444 duci
3671 4391 3809 4437 contra

2227 4500 2278 4559 ι)
2309 4497 2358 4542 te
2401 4485 2598 4539 rixanti
2637 4485 2984 4540 vehementer
3023 4493 3220 4539 nostrae
3268 4479 3590 4539 confusionis
3634 4471 3802 4530 inlcrilu

2306 4576 2666 4638 coluerentes,
2710 4573 2931 4628 tnilitari
2975 4589 3136 4628 manu
3173 4575 3348 4628 ascita
3392 4566 3713 4639 insorgantiu
3739 4571 3808 4614 nos

2306 4668 2608 4723 unanimes.
2648 4667 2847 4722 Verum
2876 4683 3042 4738 super
3068 4668 3169 4721 hoc
3199 4667 3340 4721 dabo
3366 4666 3454 4720 tibi
3483 4659 3808 4754 consilium,ll'0

2305 4763 2649 4816 incurramus
2681 4762 2893 4816 venturi
2925 4761 3106 4815 datnni
3155 4758 3473 4831 periculum.
3514 4755 3702 4810 Excaeca
3737 4757 3806 4813 Isl‘

2307 4863 2396 4909 tur
2445 4854 2632 4910 oculos
2684 4851 2928 4923 Hugonis
2977 4852 3295 4906 muneribus
3347 4859 3400 4905 et
3447 4840 3719 4903 beneficiis,

2304 4949 2476 5019 possit
2525 4965 2644 5018 qua:
2700 4947 2898 5003 feceris
2955 4947 3079 5017 jure
3146 4945 3427 5017 refragari.
3494 4936 3706 4998 Concede
3749 4928 3800 4982 illi

2302 5041 2753 5095 Nortlimanniam
2785 5059 2812 5093 a
2843 5039 3095 5110 Sequana
3124 5053 3293 5108 usque
3319 5038 3384 5091 ad
3416 5048 3568 5094 mare,
3597 5038 3645 5084 ut
3669 5022 3800 5077 valeas

2303 5147 2424 5201 qua:
2483 5133 2622 5186 citra
2669 5141 2797 5185 sunt
2844 5133 3025 5201 quiete
3082 5139 3288 5186 tenere.
3341 5119 3663 5184 Northtnanni
3705 5123 3797 5201 rem

2305 5223 2484 5276 taliter
2527 5222 2683 5276 divisi
2732 5223 3145 5288 desolabuntur,
3182 5231 3236 5277 et
3267 5238 3369 5276 non
3417 5227 3589 5275 contra
3634 5223 3710 5264 nos
3745 5199 3792 5254 ad

2301 5313 2603 5369 certamina
2656 5313 2796 5368 ultra
2838 5314 3240 5370 excitabuntur.
3282 5314 3368 5369 Sic
3399 5311 3589 5366 tninues
3613 5313 3653 5358 el
3678 5307 3794 5400 εΙξπ·

2302 5407 2537 5462 moveris
2587 5408 2882 5477 potentiam
2920 5407 3159 5477 illorum,
3217 5425 3321 5464 non
3361 5422 3466 5462 uno
3502 5401 3588 5458 soli
3620 5398 3790 5454 Domino

2301 5498 2673 5553 militantium.

2910 5605 3276 5647 APOSTROPBA.

2300 5679 2558 5737 Inventor
2584 5679 2830 5749 sceleris,
2858 5683 3071 5740 consilii
3102 5692 3157 5738 et
3185 5679 3327 5747 mali,

2301 5775 2533 5833 Prorsus
2555 5774 2698 5844 quod
2727 5774 2950 5834 vetitum
2977 5785 3078 5837 est,
3116 5775 3315 5831 fraudis
3342 5781 3392 5830 ct
3415 5768 3588 5827 inmite.
