4032 6396
275 364 375 419 701

275 475 386 530 Cur
414 474 664 546 pmscire
689 474 781 530 Dei
805 477 1032 534 consilio
1062 490 1154 534 tuo

273 565 460 620 Cestis
488 574 790 630 conterere,
821 577 876 622 et
901 568 1091 623 sistere
1121 568 1364 639 perﬁdo?

275 653 424 710 Heu!
456 656 591 708 heu'.
623 655 875 710 occubuit
901 657 1124 726 perﬁdia
1157 668 1267 719 tua,

273 741 446 811 Hujus
466 742 574 810 jam
599 745 798 799 sobolis
821 747 1160 815 przemeritus
1189 759 1366 818 pater,

273 835 384 890 Pro
413 836 526 890 visu
554 836 763 892 Domini
795 841 984 908 purior
1009 851 1066 894 ut
1091 841 1249 908 foret,

271 926 466 981 Fultus
498 929 780 1000 martyrio,
813 931 965 986 testis
991 941 1046 986 et
1075 934 1290 988 emicat.
1359 981 1375 991 .

272 1017 429 1074 Hanc
457 1035 562 1074 non
591 1022 968 1077 contaminatis
999 1025 1315 1098 improbitas
1347 1035 1436 1082 tua

272 1108 571 1179 Torqueltit
594 1111 755 1166 simili
777 1122 828 1167 et
856 1113 1122 1169 dilaniatis
1151 1119 1329 1185 modo,

274 1199 380 1257 Hic
414 1217 538 1256 vere
565 1204 766 1258 sederit
791 1204 902 1259 dux
930 1205 1272 1276 luculentior,

267 1289 539 1359 Prudens,
569 1293 848 1363 paciﬁcus,
883 1299 1211 1366 promeritus
1246 1313 1451 1368 comes,

271 1378 533 1445 Sanctus,
571 1381 874 1452 religiosus,
905 1385 1080 1440 bonus
1106 1397 1162 1441 et
1193 1390 1314 1457 pius

269 1473 531 1531 Summus
557 1479 836 1548 patricius,
873 1483 1116 1536 marchio
1147 1485 1427 1553 providus,

266 1564 536 1620 Defensor
564 1568 778 1638 patriai,
809 1578 865 1623 at
894 1571 1107 1641 indigus
1138 1576 1276 1642 opis,

267 1656 487 1711 Solatur
517 1659 748 1723 miseris,
779 1661 908 1729 quin
937 1662 1112 1717 vidua:
1133 1673 1188 1718 et
1211 1664 1461 1732 orphani.

265 1746 494 1801 Cunctis
519 1763 680 1802 omne
705 1749 925 1814 bonum,
951 1751 1210 1823 lucraque
1239 1769 1522 1825 prospera.

267 1839 512 1894 Effectus
543 1843 795 1912 populum
826 1845 1089 1914 regimine
1112 1861 1372 1917 congruo,

264 1930 538 1987 Conducet
567 1935 874 1999 moderans,
905 1937 1128 2006 legeque
1158 1940 1461 2011 corrigens,

264 2023 453 2093 Campi
482 2025 678 2080 siderei
704 2026 771 2080 ad
802 2042 1001 2097 pascua
1033 2030 1245 2085 ctelica.

344 2113 462 2166 Rex
515 2129 642 2169 vero
701 2114 1009 2171 Ludovicus
1068 2134 1236 2189 pravo
1289 2129 1482 2176 astuta:
1541 2121 1850 2178 dolositatis

266 2204 299 2256 i:
326 2206 488 2274 genio
519 2221 665 2269 usus,
702 2206 1107 2276 misit-ingentis
1151 2213 1467 2266 reverentiae
1493 2213 1752 2281 praesules
1779 2213 1846 2266 ad

266 2290 548 2362 llugonem
594 2293 849 2361 velocius,
907 2305 964 2350 ut
1008 2313 1069 2351 ea
1117 2299 1221 2354 fide
1261 2318 1364 2369 qua
1417 2312 1848 2356 concatenantur

265 2385 454 2439 senior
492 2395 547 2439 et
587 2387 740 2440 miles
771 2389 956 2442 venire
1004 2388 1284 2446 festinaret
1319 2394 1383 2445 ad
1426 2409 1482 2446 se
1527 2397 1845 2462 promptius.

263 2477 426 2548 litigo
457 2477 622 2548 igitur
659 2495 884 2551 magnus
909 2481 1258 2535 creberrimis
1293 2485 1670 2552 episcoporum
1713 2484 1852 2553 peli-

269 2573 520 2628 tionibus
562 2575 880 2645 suppliciter
925 2588 1169 2642 coactus,
1219 2577 1493 2647 profectus
1539 2587 1623 2634 est
1663 2590 1851 2634 contra

262 2680 454 2737 regem
498 2665 564 2721 ad
613 2666 794 2722 villam
839 2668 1042 2724 invito
1075 2670 1229 2740 juxta
1279 2670 1690 2740 Compendium,
1730 2686 1851 2740 quze

262 2755 473 2810 dicitur
495 2756 661 2822 Crux,
713 2757 958 2826 dixitque
990 2762 1054 2812 ad
1095 2775 1276 2828 regem
1304 2777 1318 2812 :
1351 2779 1368 2810 ι
1395 2760 1558 2830 Cujus
1588 2762 1660 2814 rei
1689 2776 1850 2830 nego-

263 2849 348 2904 tio
401 2849 507 2903 huc
567 2865 652 2904 me
700 2850 1007 2904 aecelerare
1069 2851 1172 2904 ﬁde
1220 2861 1274 2904 et
1315 2851 1505 2921 legatis
1565 2851 1852 2921 prarcipnis

262 2937 613 3009 compulisti?
641 2961 658 2992 ι
706 2940 816 2994 ltex
853 2954 1032 2995 autem
1061 2959 1074 2995 :
1113 2962 1128 2991 ι
1161 2940 1227 2996 Ut
1255 2944 1444 2996 reddas
1473 2944 1599 2996 mihi
1629 2941 1851 2996 [iubar-

261 3033 421 3093 dtttn,
449 3048 609 3102 quem
647 3032 857 3087 furatus
891 3045 968 3088 est
1011 3034 1380 3097 Hostnundus,
1415 3045 1468 3088 et
1499 3036 1751 3102 perduxit
1779 3033 1846 3086 ad

262 3122 525 3176 comitem
577 3122 927 3179 Bernardutn.
958 3141 978 3174 ι
1037 3122 1333 3190 Respondit
1383 3124 1604 3192 Magnus
1657 3127 1845 3194 llugn:

269 3231 292 3264 ι
329 3211 442 3267 Nisi
472 3225 652 3269 castra
685 3216 879 3286 quibus
914 3229 1107 3284 prmest
1137 3216 1441 3271 Bet'nardus
1471 3217 1539 3272 illi
1572 3217 1619 3269 vi
1670 3231 1716 3269 δι
1740 3229 1845 3270 titu-

265 3303 410 3370 lero,
438 3322 648 3376 nequeo
673 3305 858 3362 f..verc
886 3309 1151 3362 ullatenus
1179 3310 1426 3377 precibus
1463 3310 1565 3362 tuis
1589 3320 1640 3360 ct
1666 3319 1804 3362 voto.
1831 3327 1848 3360 ι

266 3396 428 3452 Tunc
456 3413 547 3452 rex
575 3416 588 3456 :
620 3419 636 3449 ι
667 3399 736 3455 Ut
785 3415 920 3455 mea:
961 3401 1272 3456 nexessitati
1314 3418 1420 3454 non
1460 3400 1711 3468 injurius,
1759 3401 1851 3454 sed

267 3490 481 3544 solator
541 3493 765 3557 exislas,
813 3493 1102 3546 concedam
1163 3492 1255 3548 tibi
1313 3493 1756 3546 liliiocacensem
1802 3502 1856 3545 et

269 3580 692 3646 Bajocacensem
747 3584 1086 3643 comitatuin,
1144 3584 1272 3650 quin
1321 3583 1482 3636 etiam
1531 3598 1560 3634 a
1606 3583 1852 3650 Sequana

271 3673 344 3731 ad
381 3689 531 3728 mare
578 3690 744 3743 usque
793 3684 850 3727 ut
899 3675 1195 3744 possideas.
1235 3674 1349 3743 Ego
1387 3691 1512 3728 vero
1559 3692 1677 3745 quae
1717 3685 1852 3728 citra

271 3766 589 3834 Sequanam
644 3774 772 3820 sunt
829 3768 1063 3832 tenebo,
1120 3777 1176 3822 et
1237 3783 1358 3837 qua:
1412 3783 1547 3820 mete
1604 3767 1854 3820 volunta-

272 3858 346 3912 tis
403 3868 527 3912 sunt
595 3874 660 3913 ex
723 3859 806 3914 his
867 3861 1115 3929 explebo.
1187 3860 1372 3915 Simus
1443 3861 1738 3916 concordes
1796 3860 1852 3916 in

269 3950 424 4005 omni
474 3953 685 4020 negotio
740 3960 793 4004 et
833 3951 1158 4016 unanimes,
1209 3959 1262 4006 ut
1319 3953 1478 4006 tlecet
1556 3968 1733 4022 regem
1795 3961 1852 4006 et

269 4039 466 4095 ducem
526 4041 924 4112 perpetualiter.
963 4041 1074 4112 Ego
1125 4044 1203 4097 cis
1251 4041 1556 4112 Sequanam
1604 4058 1850 4112 pergens,

270 4133 671 4204 Rotltomagum
712 4131 1006 4196 obsidebo,
1050 4142 1102 4186 tu
1135 4149 1261 4186 vero
1302 4134 1521 4186 militari
1568 4149 1724 4186 manu
1757 4133 1854 4186 Ba-

264 4222 425 4294 jocas
447 4222 649 4278 vallaris
671 4232 993 4294 expugnato.
1022 4221 1111 4278 Sic
1134 4212 1430 4280 atteramus
1455 4224 1855 4278 Northmannos

271 4315 512 4368 advenas
539 4325 592 4367 et
617 4315 898 4383 superbos,
927 4323 1232 4383 nostrwque
1272 4315 1458 4368 ditiont
1504 4311 1854 4380 subjiciamus

271 4404 417 4464 illos.
471 4404 673 4459 Taliter
718 4415 898 4459 autem
952 4404 1234 4458 mitescent
1282 4413 1336 4458 et
1395 4403 1852 4476 subjugabuntur,

695 362 783 417 DE
815 362 1057 420 GESTIS
1086 365 1513 424 ΝΟΚΜΔΝΝΙίΕ
1543 368 1780 426 DUCUM
1816 370 2000 427 LIBRI
2055 374 2250 431 TRES.
2284 404 2354 418 —-
2389 376 2519 432 LIB.
2560 377 2646 434 Ill.
2689 378 3100 438 RICHARDUS.

3417 383 3520 438 τοί

1867 491 1917 552 Α
1946 499 2151 544 norunt
2171 506 2290 560 qua:
2313 491 2641 562 spopondisti
2667 509 2856 564 puero,
2882 493 3230 566 Franciaique
3251 496 3522 568 principes

1947 577 2293 634 lzetiiicarunt
2322 597 2380 636 se
2415 596 2579 650 super
2609 582 2710 637 hoc
2736 583 2980 638 consilio.
3016 583 3153 651 Quid
3185 586 3391 656 turpius
3421 588 3523 642 hac

1950 671 2211 722 infamia?
2242 672 2440 742 talique
2472 673 2802 743 blasphemia
2840 675 2968 744 quid
3001 675 3297 732 obnoxius?
3335 676 3522 734 Tantm

1948 761 2190 826 perﬁdiae
2240 775 2462 826 rumor,
2519 762 2756 831 tantique
2804 761 3029 816 maleﬁci
3080 763 3230 819 ducis
3281 765 3524 834 nequitia

1947 852 2322 922 promulgatur
2383 868 2478 922 per
2543 861 2651 905 tota
2713 867 2880 922 penes
2944 853 3184 908 Francia
3242 856 3523 911 civitatum

1949 945 2174 1005 naenia,
2207 958 2394 995 onmes
2424 950 2705 996 susurrant
2733 943 2798 996 de
2828 951 2975 1014 tanto
3004 944 3137 1000 duce
3163 954 3217 998 et
3241 945 3523 1011 advocato,

1947 1047 2056 1102 quo
2080 1036 2238 1085 modo
2260 1034 2514 1100 deceptus
2535 1041 2620 1085 est
2649 1041 2702 1086 et
2726 1033 2980 1086 mentitus
3001 1032 3314 1088 muneribus
3341 1041 3396 1088 et
3428 1034 3526 1087 be-

1949 1119 2160 1176 neﬁrio.
2214 1138 2231 1169 ι
2261 1118 2458 1174 Contra
2510 1120 2664 1173 istius
2709 1119 3027 1175 invectionis
3068 1121 3341 1176 molimina
3373 1120 3526 1192 Hugo

1949 1227 2178 1280 magnus
2212 1211 2510 1281 respondit,
2537 1212 2603 1264 ab
2642 1211 2749 1266 imo
2771 1213 2949 1267 cordis
2976 1213 3228 1268 emittens
3255 1213 3483 1283 suspiria
3508 1229 3525 1270 :

1955 1318 1976 1353 ι
2015 1302 2167 1355 Veris
2195 1303 2451 1371 puristlttc
2480 1303 2822 1358 sermonibus
2846 1319 2965 1373 quas
2991 1314 3278 1360 exsecutus
3297 1321 3357 1360 es
3384 1314 3531 1360 retu-

1948 1387 2080 1453 listi,
2112 1393 2235 1462 quia
2267 1391 2469 1445 oblitus
2494 1394 2839 1459 sacramenti,
2865 1409 2974 1463 quo
3003 1410 3087 1450 me
3109 1395 3446 1450 defensorem
3473 1403 3530 1450 et

1950 1481 2250 1551 adjutorem
2289 1481 2440 1551 pueri
2489 1481 2766 1538 ultroneus
2815 1485 3068 1554 promisi,
3109 1493 3310 1540 terram
3347 1501 3376 1540 a
3426 1483 3528 1540 Se-

1950 1587 2128 1642 quana
2156 1588 2326 1643 usque
2356 1575 2422 1627 ad
2462 1591 2612 1628 mare
2641 1576 2978 1630 hereditario
3006 1575 3128 1643 jure
3164 1576 3233 1630 ab
3265 1592 3329 1631 eo
3358 1577 3532 1646 possi-

1953 1663 2206 1732 dendam,
2233 1667 2374 1719 dono
2417 1667 2560 1737 regis
2591 1667 2788 1736 recepi,
2822 1667 2977 1738 eique
3017 1668 3378 1737 integerrima:
3404 1666 3530 1720 lidei

1953 1752 2296 1808 stabilitatem
2357 1753 2505 1818 feci,
2555 1771 2750 1826 meque
2793 1757 3091 1827 adjutoretn
3144 1756 3283 1810 illitis
3344 1771 3408 1810 ex
3463 1770 3530 1810 ea

1876 1829 1923 1890 Β
1955 1855 2096 1898 terra
2124 1884 2138 1909 ,
2181 1860 2301 1916 qua:
2345 1846 2484 1900 citra
2532 1845 2837 1916 Sequanam
2884 1857 2986 1912 est,
3026 1847 3306 1918 perjurans
3343 1861 3534 1915 repro-

1949 1935 2101 1999 misi,
2147 1935 2190 1988 si
2231 1951 2351 1988 eam
2396 1952 2558 2005 quam
2614 1938 2746 1992 tnihi
2796 1938 2944 1992 dedit
2999 1953 3271 2008 nunquam
3315 1946 3534 1992 contra-

1948 2027 2167 2082 dixerit.
2203 2025 2402 2082 Verum
2446 2029 2571 2098 quia
2622 2030 2884 2084 mirabilis
2918 2031 3149 2102 ingenii,
3192 2011 3530 2102 ingentisque

1950 2119 2231 2174 industriae
2283 2129 2339 2174 et
2385 2121 2698 2176 calliditatis
2732 2138 2916 2177 comes
2966 2138 3060 2187 es,
3113 2131 3168 2178 et
3214 2131 3426 2178 astutus
3477 2123 3531 2174 in

1948 2212 2200 2264 omnibus
2246 2213 2500 2282 negotiis,
2543 2227 2739 2281 precor
2789 2225 2849 2267 ut
2887 2228 3048 2270 eruas
3095 2227 3180 2269 me
3218 2212 3398 2281 aliquo
3439 2226 3533 2267 so-

1951 2305 2218 2372 phismate
2269 2290 2319 2357 ad
2359 2305 2691 2375 blasphemia
2753 2305 2914 2373 hujus
2978 2307 3230 2362 rumoris.
3297 2306 3534 2359 Decurso

1949 2396 2146 2452 abhinc
2175 2398 2262 2452 die
2301 2397 2564 2463 sedecies,
2605 2397 2982 2453 fesunabimus
3017 2398 3167 2452 adire
3210 2395 3534 2453 Northutan-

1949 2489 2096 2544 niam
2129 2504 2234 2558 ego
2275 2501 2340 2543 etv
2381 2505 2497 2543 rex.
2529 2489 2647 2559 Ipse
2678 2499 2858 2543 autem
2906 2489 3404 2558 Rothomagensein.
3441 2501 3533 2540 ur-

1951 2579 2093 2642 bem,
2126 2593 2226 2649 ego
2265 2594 2390 2633 vero
2425 2579 2682 2634 obsidebo
2719 2580 3040 2647 utjuratum
3058 2589 3140 2633 est
3163 2577 3530 2648 Bajocensetu.

1948 2670 2258 2740 Allligcmus
2301 2672 2464 2741 igitur
2494 2670 2894 2726 Northmannos
2942 2671 3122 2726 taliter
3164 2680 3218 2725 et
3253 2669 3534 2732 Britones,

1951 2774 2006 2816 et
2047 2763 2351 2834 retligemus
2400 2771 2458 2814 ut
2516 2762 2753 2816 serviant
2799 2762 3047 2816 humiles.
3103 2762 3356 2831 Quisquis
3402 2775 3530 2814 vero

1951 2864 2136 2910 contra
2167 2871 2264 2909 nos
2291 2866 2580 2910 contumax
2609 2855 2770 2915 fuerit
2799 2864 2853 2910 et
2888 2855 3117 2920 rebellis,
3151 2854 3534 2909 exterminabi-

1954 2954 2069 3011 tur;
2113 2946 2357 3015 quisquis
2390 2961 2518 3000 vero
2562 2947 2731 3000 armis
2761 2946 3196 3015 praesumpserit,
3230 2946 3510 2999 occidetur

1952 3036 2158 3106 Siquid
2189 3038 2488 3106 prudentiae
2515 3045 2569 3092 et
2596 3037 2792 3104 ingenii
2833 3039 3020 3098 habes,
3055 3053 3249 3107 precor
3285 3048 3336 3092 te
3371 3047 3428 3090 ut
3465 3039 3534 3093 ab

1941 3128 2113 3198 hujus
2165 3128 2384 3198 perjurii
2429 3145 2565 3183 noxa
2607 3129 2822 3184 solvens
2867 3145 2951 3184 me
2994 3129 3208 3184 liberes.
3250 3147 3269 3180 ι
3297 3126 3535 3182 Cernetis

1957 3236 2134 3277 aute."
2166 3222 2471 3276 Bernardus
2519 3223 2661 3292 quod
2688 3222 2990 3290 aperuisset
3011 3222 3160 3291 Hugo
3188 3235 3411 3290 magnus
3440 3235 3534 3274 cor

1956 3329 2137 3376 suum,
2178 3313 2314 3366 dixit
2342 3314 2406 3364 ad
2437 3327 2559 3364 eum
2595 3329 2607 3364 :
2643 3330 2660 3361 ι
2693 3310 2899 3366 Idcirco
2927 3314 3066 3381 quod
3101 3320 3152 3364 tu
3181 3313 3363 3364 senior
3390 3309 3536 3364 beni-

1955 3403 2392 3472 gnissitnus,.vel
2426 3403 2552 3471 quia
2603 3401 2692 3456 ille
2739 3417 2906 3471 nepos
2948 3417 3100 3457 meus
3129 3400 3530 3464 dilectissimus,

1957 3493 2148 3547 melius
2181 3508 2340 3562 quam
2367 3501 2554 3561 potero
2584 3494 3020 3562 argumentabor,
3051 3494 3096 3546 si
3129 3491 3266 3546 forte
3298 3500 3532 3546 vestrum

1957 3584 2222 3655 cegitasse
2252 3583 2468 3639 turbare
2506 3584 2750 3656 quivero.
2789 3603 2808 3637 ι
2843 3583 2988 3638 Illico
3019 3599 3203 3638 comes
3231 3582 3535 3636 Bcrnardus

1955 3676 2175 3731 consilia
2211 3676 2352 3744 regis
2395 3685 2449 3730 et
2492 3677 2720 3731 senioris
2765 3678 2878 3740 sui,
2914 3677 3380 3745 denotninatmque
3408 3687 3537 3726 con-

1955 3766 2247 3837 gressionis
2301 3781 2464 3835 super
2500 3765 2906 3820 Northuiannos
2982 3775 3190 3834 tempus
3247 3773 3536 3832 expertus,

1957 3863 2356 3928 recordatteque
2406 3858 2697 3912 vbluntatis
2747 3858 2830 3912 sui
2875 3859 3106 3913 senioris
3153 3855 3531 3910 benevolentia

1955 3951 2147 4015 laetior,
2196 3951 2520 4006 Silvanectis
2567 3967 2866 4022 regressus,
2899 3951 3046 4006 misit
3091 3951 3157 4004 ad
3201 3949 3533 4004 Bernardum

1955 4043 2442 4114 ltothomagensem
2473 4053 2527 4096 et
2558 4044 2880 4113 Dacigenam
2911 4043 3178 4105 velocius,
3217 4049 3271 4094 et
3297 4054 3418 4108 qua:
3441 4054 3536 4092 au-

1961 4137 2093 4190 divit
2121 4138 2187 4189 ab
2217 4137 2438 4206 llugone
2468 4137 2603 4190 duce
2632 4152 2843 4206 magno,
2873 4138 3040 4190 etiam
3067 4134 3394 4188 voluntatem
3421 4129 3536 4196 ejus

1955 4229 2232 4286 mandavit
2279 4231 2561 4287 secretius.
2607 4231 2745 4296 Quin
2790 4229 2956 4283 etiam
3004 4243 3073 4282 ne
3123 4226 3232 4293 regi
3271 4223 3536 4278 obnoxius

1957 4323 2229 4378 civitatem
2255 4322 2586 4386 defenderet,
2619 4337 2799 4374 verum
2834 4320 2999 4374 choro
3018 4316 3399 4374 cauonicorum
3424 4327 3534 4367 inoo

1958 4417 2363 4484 nachorumque
2399 4423 2721 4484 prteparato,
2758 4427 2882 4467 eum
2927 4409 3080 4483 quasi
3119 4407 3236 4476 ejus
3281 4404 3534 4461 adventui

269 4505 369 4552 aut
407 4497 746 4551 exlerutinati
781 4495 996 4549 Daciam
1029 4494 1232 4550 celeres
1268 4497 1617 4566 repedabunt.
1648 4515 1665 4545 ι
1700 4495 1852 4565 Htth
1882 4515 1929 4571 ι)
1955 4505 2335 4576 congratularis
2361 4504 2603 4558 hilariter
2633 4504 2914 4571 reciperet,
2943 4509 2997 4556 et
3026 4509 3086 4553 ut
3113 4497 3315 4568 Hugoni
3341 4508 3534 4562 magno

268 4601 405 4641 vero
431 4584 540 4642 dux
563 4601 807 4656 magnus,
843 4585 987 4648 fidei,
1014 4600 1174 4655 quam
1204 4584 1405 4644 fecerat
1435 4585 1710 4639 Bernardo
1755 4601 1853 4654 pro

269 4677 532 4740 Bichardi
554 4678 832 4749 juvamine
865 4677 1090 4743 oblitus;
1121 4677 1249 4745 quin
1293 4679 1454 4730 etiam
1486 4676 1763 4732 beneﬁciis
1790 4692 1854 4730 ac

269 4769 579 4825 civitatibus
607 4771 914 4834 exorbatus,
958 4769 1159 4840 pepigit
1189 4783 1308 4822 cum
1354 4783 1478 4837 rege
1521 4766 1680 4836 hujus
1728 4783 1856 4821 con-

267 4860 541 4916 ventionis
569 4861 762 4915 ftedns.
793 4860 932 4928 Quo,
959 4870 1016 4914 ut
1043 4861 1156 4916 inec
1198 4858 1454 4921 facerent,
1493 4859 1854 4914 determinato

272 4961 535 5022 tempore,
559 4952 861 5023 regreditur
879 4951 944 5005 ad
972 4967 1065 5005 sua
1088 4952 1333 5022 quisque.
1365 4950 1668 5006 Bernardns
1692 4951 1854 5020 igitur

269 5057 456 5096 comes
512 5041 669 5110 hujus
721 5042 1091 5096 conventionis
1139 5056 1338 5109 gnarus
1386 5041 1518 5094 adiit
1576 5041 1852 5112 Hogonem

269 5134 465 5190 ducem
512 5132 760 5195 celerius,
793 5132 1121 5202 veniensque
1161 5142 1285 5186 ante
1322 5143 1667 5202 conspectum
1711 5133 1849 5202 ejus,

269 5225 412 5280 dixit
455 5228 617 5282 corde
670 5226 926 5297 vultuque
985 5225 1226 5280 turbatus
1277 5243 1290 5283 :
1334 5246 1350 5276 ι
1399 5225 1511 5280 Dux
1558 5245 1749 5300 magne
1798 5239 1854 5285 et

269 5314 565 5380 ﬁdissime,
611 5315 871 5386 prmcellis
929 5331 1098 5386 usque
1144 5331 1284 5369 nunc
1330 5317 1580 5372 omnibus
1623 5320 1868 5388 meritis,

270 5414 329 5461 et
355 5405 479 5460 ﬁdei
511 5417 712 5471 tenore,
745 5406 836 5461 sed
867 5406 1060 5459 mirum
1093 5405 1219 5458 mihi
1257 5420 1354 5459 cur
1387 5407 1655 5461 innocenti
1687 5425 1852 5479 puero

271 5497 531 5552 mentitus
553 5513 630 5564 es,
658 5499 796 5567 quod
822 5498 1099 5552 ultroneus
1120 5495 1440 5552 Christiana:
1469 5498 1852 5568 conjurationis

274 5591 382 5646 ﬁde
409 5593 724 5663 promisisti.
753 5590 1035 5663 Oporteret
1061 5602 1111 5646 te
1134 5607 1292 5662 quam
1317 5593 1607 5662 promisisti
1636 5609 1852 5649 servare

275 5683 434 5740 ﬁdem
481 5685 734 5751 illresam,
779 5695 833 5739 et
878 5684 1145 5740 nullorum
1192 5685 1450 5740 donorum
1517 5702 1739 5741 munere
1801 5699 1856 5742 et

273 5774 540 5841 beneﬁcio
584 5777 859 5836 exsecrari
906 5791 1048 5836 eam.
1101 5774 1455 5834 Northmanni
1505 5787 1560 5834 et
1607 5776 1853 5838 Britones

1955 4596 2074 4649 duci
2125 4605 2346 4656 terram,
2391 4608 2552 4662 quam
2594 4591 2669 4646 illi
2716 4592 2884 4654 dedit,
2935 4604 3113 4656 regem
3163 4585 3536 4640 contradicere

1957 4687 2247 4742 multarum
2289 4685 2815 4755 argumentationum
2863 4678 3333 4750 prosecutionibus
3376 4691 3537 4744 coge-

1955 4789 2057 4834 ret.
2092 4777 2400 4832 Bernardus
2440 4791 2570 4830 vero
2598 4773 3046 4843 Rothomagensis
3071 4770 3242 4825 lzetior
3270 4767 3536 4838 legatione

1955 4869 2114 4938 hujus
2135 4868 2367 4932 consilii,
2395 4882 2515 4938 quae
2548 4867 2724 4935 legato
2746 4864 3046 4921 disserente
3072 4870 3280 4918 secreta
3309 4859 3536 4925 audivit,

1954 4963 2345 5020 Northmannis
2391 4959 2725 5032 principibus
2769 4958 2954 5013 ascitis
3002 4955 3288 5012 intitnavit.
3339 4950 3536 5005 North~

1956 5055 2139 5110 manui
2207 5065 2385 5110 autem
2451 5069 2554 5108 non
2615 5065 2941 5121 quemquam
2999 5049 3210 5104 illorum
3288 5045 3540 5113 decipere

1955 5148 2188 5203 scientes
2220 5160 2453 5215 unquam
2481 5143 2838 5208 Bernardum,
2870 5142 2998 5210 quin
3045 5139 3207 5196 etiam
3247 5135 3388 5206 quod
3423 5134 3534 5189 llu.

1955 5238 2109 5309 genis
2147 5237 2324 5308 magni
2364 5237 2516 5291 ducis
2561 5235 2725 5290 sciret
2763 5240 3066 5298 secretum,
3105 5230 3221 5299 ejus
3265 5227 3538 5290 collauda.

1955 5339 2146 5383 verunt
2200 5328 2406 5398 pariter
2463 5326 2771 5381 consilium.
2830 5325 3044 5380 Statuto
3110 5335 3238 5376 vero
3298 5327 3541 5388 tempore

1954 5419 2249 5489 conjuratai
2291 5416 2718 5488 progressionis;
2768 5415 2935 5470 ascita
2987 5411 3320 5480 Francigena
3371 5408 3538 5462 unde.

1953 5526 2169 5581 cunque
2210 5511 2385 5579 potuit
2426 5523 2589 5562 manu
2641 5506 2882 5569 militari,
2906 5507 3056 5561 venit
3094 5518 3189 5559 rex
3235 5503 3290 5556 in
3337 5514 3534 5570 pagum

1955 5603 2046 5672 qui
2094 5602 2293 5656 dicitur
2342 5599 2554 5664 Caleis,
2602 5600 2875 5671 coepitque
2929 5595 3188 5651 infestare
3234 5603 3424 5665 gentes
3481 5597 3540 5647 et

1955 5693 2153 5764 prmdia
2180 5691 2464 5746 incendiis.
2492 5689 2646 5760 Hugo
2675 5699 2857 5764 autem
2889 5688 2994 5743 dux
3019 5701 3246 5758 magnus
3285 5683 3539 5752 hujusces

1954 5783 2098 5840 modi
2146 5780 2520 5855 coniuratione
2565 5781 2796 5854 illectus,
2837 5778 3112 5854 profectus
3155 5785 3240 5836 est
3277 5776 3344 5834 ad
3372 5774 3533 5846 Baio:
