3952 5346
477 213 582 270 705

1366 211 1664 271 DUDONlS
1720 214 1965 270 pacm
2012 213 2070 270 s.
2113 188 2415 282 QDINTINI
2447 211 2823 270 vmonmo.

3624 208 3740 265 704

478 338 760 380 cacensem
791 323 1105 379 comitatum
1135 339 1258 380 cum
1303 342 1497 398 magno
1531 327 1795 382 exercitu.
1830 328 2058 381 Bernar-
2087 331 2132 387 Α
2163 325 2513 390 contradicat,
2546 335 2601 381 et
2629 341 2732 380 non
2764 324 3037 395 possidere
3063 322 3182 395 plus
3225 337 3388 394 quam
3423 321 3592 377 tribus
3628 339 3740 377 no-

478 415 578 469 dus
628 414 790 486 igitur
818 413 1268 487 Rothomagensis
1306 433 1412 471 non
1462 419 1748 472 immemor
1795 417 2057 472 Bernardi

478 503 897 561 Silvauectensis
924 508 1141 561 comitis
1179 507 1410 570 consilii,
1444 509 1588 564 misit
1632 511 1697 562 ad
1732 523 1911 579 regem
1952 508 2056 562 Lu-

477 595 726 651 dovicum
760 597 813 650 in
862 597 984 652 dolo
1019 599 1198 653 verbis
1248 598 1510 668 paciﬁcis,
1546 608 1820 668 quatenus
1865 614 2057 669 prope«

475 698 625 743 rarct
663 689 730 743 ad
777 689 1051 744 civitatem
1093 689 1583 761 Rotbomagcusem
1629 707 1749 745 cum
1790 692 2056 761 episcopis

475 781 918 851 principibusque
962 782 1094 846 suis,
1127 791 1179 834 et
1209 799 1274 835 ne
1323 781 1553 850 amplius
1587 783 1896 836 devastaret
1937 797 2056 850 qua:

474 885 572 925 sua
616 880 774 924 erant
822 871 1100 925 ferocitate
1133 880 1292 925 tautae
1329 871 1523 939 gentis.
1569 871 1684 926 Rex
1721 886 1852 926 vero
1898 871 2055 940 hujus

475 959 763 1030 legationis
786 962 1040 1014 mandato
1070 962 1239 1025 laetus,
1273 961 1656 1032 regiminisque
1688 961 1767 1015 sui
1800 970 1852 1016 et
1886 962 2056 1032 bono-

476 1054 552 1107 ris
597 1051 899 1122 profectum
941 1052 1320 1124 congratulans
1349 1055 1637 1124 adaugere,
1669 1053 1887 1106 subacta
1923 1054 2055 1106 urbe

475 1153 532 1196 et
558 1143 908 1212 principibus.
935 1144 1082 1198 venit
1111 1144 1600 1213 Rothomagensem
1625 1142 1898 1197 civitatem
1931 1157 2054 1196 cum

475 1235 824 1306 Francigenis
868 1235 1241 1305 optimatibus,
1283 1235 1572 1306 prohibens
1620 1235 1856 1304 reliquos
1899 1248 2055 1288 exer-

474 1325 616 1380 citus
639 1341 704 1379 ne
723 1326 1182 1395 depopularentur
1208 1335 1405 1380 terram
1430 1342 1540 1380 suae
1565 1325 1782 1380 ditionis
1806 1325 2052 1395 amplius.

474 1415 783 1472 Bernartius
811 1433 964 1483 vero,
994 1419 1283 1488 caeterique
1329 1417 1620 1488 principes,
1673 1429 1835 1486 atque
1878 1417 2055 1471 clerus

477 1507 643 1560 totius
672 1507 846 1573 urbis,
877 1517 1234 1563 occurrerunt
1281 1516 1470 1562 contra
1512 1517 1720 1576 portam
1764 1507 2057 1562 Belvacen-

473 1596 652 1661 sium,
700 1605 754 1651 et
801 1607 1123 1668 receperunt
1165 1598 1423 1653 animosa:
1481 1597 1789 1653 calliditatis
1840 1598 2055 1668 ingenio

2159 418 2356 483 Ctibus,
2386 427 2441 472 et
2467 419 2610 473 dicat
2635 432 2738 472 non
2769 427 2950 471 tenere
2979 431 3035 471 se
3061 431 3122 470 ea
3154 415 3403 486 amplius,
3436 415 3560 484 quia
3593 415 3740 468 malo

2159 521 2217 560 es
2263 506 2489 562 consilio
2519 521 2670 561 usus.
2702 523 2720 557 ι
2753 503 2867 558 Rex
2913 520 3042 560 vero
3087 504 3230 561 illico
3277 505 3422 558 misit
3449 504 3514 557 ad
3556 503 3741 572 litigo-

2158 609 2315 660 nem,
2368 596 2457 664 qui
2509 596 2713 650 diceret
2759 593 2916 662 lmjus
2980 595 3055 648 rei
3119 609 3446 650 sermonem.
3493 593 3742 663 Cumque

2157 683 2363 754 legatus
2411 698 2593 737 coram
2627 684 2848 754 llugoue
2889 683 3025 738 duce
3074 691 3312 748 astaret,
3356 683 3626 755 hujusquc
3659 683 3742 738 rei

2158 779 2320 831 verba
2371 777 2442 831 illi
2495 778 2803 842 intimaret,
2834 778 3135 849 obstupuit,
3185 779 3238 833 in
3285 794 3502 849 unoque
3548 780 3742 834 obtutu

2157 869 2366 923 deﬁxus
2395 869 2569 939 inquit
2594 886 2644 924 τι
2677 869 2951 924 Calliditas
2974 869 3199 924 duorum
3227 872 3532 941 principum
3564 871 3745 941 cocgit

2157 976 2338 1032 regem
2366 961 2620 1016 mandare
2653 961 2754 1015 tale
2784 962 3138 1030 propositum.
3170 980 3190 1014 ι
3217 960 3384 1030 Hujus
3418 959 3583 1032 igitur
3614 978 3745 1015 con-

2157 1050 2497 1106 tradictiouis
2544 1050 2707 1104 verbo
2758 1049 2999 1104 Parisius
3050 1049 3201 1121 llugu
3250 1050 3357 1105 dux
3402 1050 3741 1120 regrediens,

2156 1143 2304 1197 misit
2333 1143 2398 1196 ad
2432 1159 2610 1215 regem
2642 1142 2968 1197 Ludovicum
2999 1142 3223 1197 dicens:
3257 1161 3275 1193 ι
3305 1142 3414 1196 Cur
3433 1142 3580 1210 quod
3611 1142 3742 1194 mihi

2157 1242 2484 1302 spontaneus
2525 1233 2740 1298 dedisti,
2772 1232 3008 1288 ablatum
3053 1232 3171 1287 est?
3207 1251 3224 1283 ›
3258 1231 3560 1301 Respondit
3598 1248 3686 1286 rex
3725 1246 3741 1285 :

2162 1343 2180 1376 ι
2221 1323 2401 1379 Tellus
2432 1323 2838 1379 Northmannia:
2877 1340 2982 1379 non
3023 1323 3126 1379 nisi
3173 1325 3332 1379 unius
3376 1323 3612 1379 senioris
3645 1341 3745 1376 un-

2156 1432 2316 1487 quam
2346 1417 2584 1473 tuebitur
2613 1417 2984 1474 advocatione.
3012 1417 3121 1472 Nec
3157 1417 3314 1473 debet
3333 1434 3457 1474 esse
3486 1419 3742 1484 divisum,

2156 1509 2297 1577 quod
2321 1508 2472 1564 decet
2494 1523 2613 1564 esse
2631 1508 2963 1564 continuum.
2989 1508 3144 1564 Rollo
3169 1509 3312 1565 enim
3336 1508 3516 1564 Dacia:
3549 1508 3745 1564 ﬁnibus

2157 1599 2568 1666 exterminatus,
2615 1599 2753 1654 hanc
2784 1600 2884 1654 sibi
2934 1599 3140 1670 integre
3189 1599 3503 1666 vindicavit,
3538 1610 3595 1654 et
3641 1615 3742 1654 non

473 1701 618 1740 eum.
667 1685 934 1744 Crastina:
965 1704 1093 1744 vero
1143 1690 1247 1744 diei
1295 1689 1534 1745 diluculo
1563 1692 1708 1744 venit
1749 1688 2055 1747 Bernardus
2083 1672 2128 1730 Β
2158 1688 2434 1759 dispertita
2461 1691 2530 1744 ab
2579 1689 2684 1744 ullo
2726 1699 2912 1759 postea
2940 1689 3168 1744 exstitit.
3205 1709 3224 1742 ι
3278 1687 3424 1743 Gens
3472 1689 3744 1758 Dacigrna

475 1789 600 1834 ante
644 1789 996 1849 conspectum
1041 1781 1183 1851 regis
1225 1781 1501 1846 Ludovici,
1530 1791 1586 1837 et
1630 1781 1795 1852 erepit
1841 1781 1894 1835 in
1937 1780 2059 1836 dolo

473 1869 802 1938 compellare
840 1885 961 1924 eum
1011 1872 1192 1925 verbis
1239 1871 1554 1927 humillimis
1601 1891 1613 1926 :
1652 1890 1671 1923 c
1707 1872 1930 1927 Domine
1964 1886 2059 1925 rex

475 1957 859 2024 invictissime,
887 1960 955 2014 ab
984 1960 1111 2014 olim
1140 1976 1309 2031 usque
1344 1977 1486 2016 nunc
1510 1962 1716 2032 integer
1743 1961 2060 2031 stabilisque

473 2050 727 2104 exstitisti
773 2051 908 2116 ﬁde,
949 2059 1003 2106 et
1034 2053 1405 2107 collaudabilis
1450 2055 1502 2107 in
1541 2053 1688 2108 omni
1737 2061 1827 2108 tuo
1873 2067 2059 2121 opere.

474 2141 585 2198 Nos
611 2143 805 2199 ducem
845 2153 900 2199 et
928 2145 1249 2200 advocatum
1278 2145 1500 2216 perﬁdia
1525 2144 1734 2200 Arnulﬁ
1757 2145 2059 2210 amisimus,

477 2233 573 2289 sed
605 2235 778 2304 gratia
833 2235 923 2290 Dei
963 2243 1014 2289 te
1058 2251 1241 2306 regem
1278 2238 1598 2292 advocatum
1634 2236 1788 2292 nobis
1834 2251 2063 2307 recupe-

473 2327 732 2381 ravimus.
765 2326 880 2382 Non
905 2343 1166 2383 curamus
1194 2329 1259 2383 de
1287 2329 1458 2400 prole,
1482 2343 1644 2399 quam
1674 2329 1768 2384 tibi
1793 2328 2064 2383 Hosmun-

473 2418 574 2471 dus
609 2415 818 2473 furatus
848 2426 934 2474 est
977 2428 1031 2474 et
1059 2419 1280 2473 abstulit
1312 2437 1324 2473 :
1361 2433 1460 2474 nec
1501 2434 1738 2488 unquam
1785 2418 1900 2487 ejus
1940 2432 2059 2472 ser-

473 2509 608 2563 vitio
663 2510 1036 2566 incumbentes
1088 2510 1440 2565 militabimus
1497 2511 1568 2577 ei,
1633 2511 1758 2581 quia
1820 2510 2060 2566 melioris

474 2604 684 2658 consilii
713 2613 798 2660 est
827 2621 924 2658 nos
958 2619 1080 2659 esse
1105 2606 1314 2675 regales
1341 2619 1394 2658 et
1425 2605 1709 2674 palatinos,
1745 2620 1905 2674 quam
1940 2605 2061 2658 talis

475 2695 688 2749 comitis
734 2695 992 2750 satellites
1025 2711 1145 2752 esse
1173 2707 1226 2750 et
1268 2711 1470 2751 servos.
1507 2695 1734 2760 Verum,
1768 2696 1926 2751 nobis
1955 2694 2060 2749 mi-

477 2802 595 2840 rum
635 2787 763 2856 quid
809 2788 1136 2854 audivimus,
1187 2797 1243 2842 et
1275 2788 1412 2842 ultra
1451 2788 1740 2856 credibile,
1790 2803 2062 2859 supraque

475 2878 610 2932 satis
671 2879 921 2934 admirati
976 2895 1205 2946 sumus,
1261 2895 1489 2950 quorum
1556 2879 1727 2934 relatu
1774 2879 2061 2934 didicimus

475 2970 617 3039 quod
643 2969 848 3042 Hugoui
875 2971 995 3027 duci
1023 2988 1238 3043 semper
1258 2980 1447 3028 contra
1479 2981 1530 3027 te
1555 2973 1755 3027 rixanti
1781 2981 2060 3028 contuma-

2159 1782 2331 1835 ncscit
2357 1781 2604 1836 famulari
2636 1781 2736 1853 nisi
2769 1781 2859 1836 uni
2905 1780 3005 1837 soli
3037 1781 3258 1836 seniori.
3299 1781 3533 1852 Legatus
3564 1791 3742 1834 autent

2159 1887 2278 1941 quae
2307 1886 2432 1942 rege
2473 1881 2728 1928 narrante
2756 1872 2980 1937 audivit,
3028 1871 3237 1944 llugoui
3285 1871 3408 1926 duci
3459 1870 3747 1942 diligenter

2161 1962 2360 2018 retulit.
2393 1963 2598 2018 Interea
2645 1962 2952 2018 Bernartius
2982 1961 3403 2018 Silvanectensis
3443 1971 3629 2016 autem
3657 1978 3748 2014 au-

2159 2054 2316 2109 diens
2347 2054 2681 2125 inopinatum
2713 2055 3145 2127 citissimumque
3171 2070 3479 2127 regressum
3503 2055 3746 2127 [lagonis

2160 2143 2313 2201 ducis
2338 2147 2418 2202 sui
2447 2146 2697 2212 senioris,
2727 2147 2875 2203 venit
2898 2147 2964 2203 ad
2991 2163 3114 2203 eum
3145 2149 3329 2203 citatis
3358 2147 3538 2217 equis.
3576 2147 3742 2202 Dixit-

2161 2252 2265 2307 que
2298 2251 2311 2290 :
2344 2256 2363 2286 ι
2397 2237 2513 2292 Dux
2538 2239 2932 2309 perseverantis
2963 2238 3200 2306 ﬁduciae,
3233 2239 3488 2310 quoniam
3513 2239 3747 2293 noxialis

2161 2329 2486 2383 sacramenti
2535 2327 2743 2384 solutus
2788 2343 2847 2385 es
2891 2329 3171 2400 compede,
3212 2346 3422 2385 memor
3455 2331 3531 2385 sis
3570 2346 3746 2384 sacra-

2161 2419 2372 2486 menti,‘
2405 2435 2512 2490 quo
2566 2429 2618 2477 te
2661 2419 2917 2476 Ricbardi
2965 2423 3118 2493 pueri
3166 2422 3468 2491 adjutorem
3517 2438 3746 2492 spOpon-

2163 2509 2307 2564 disti.
2343 2529 2362 2561 ι
2396 2510 2460 2565 Et
2484 2509 2635 2580 Hugo
2666 2528 2679 2565 :
2711 2530 2728 2562 t
2757 2510 2998 2581 Nequibo
3026 2511 3100 2566 illi
3123 2512 3394 2576 auxiliari,
3419 2511 3545 2582 quia
3574 2512 3746 2565 omnis

2163 2599 2586 2657 Northmanuica
2622 2619 2753 2674 gens
2779 2604 2992 2659 subdita
3028 2613 3111 2658 est
3160 2604 3292 2673 regi.
3332 2623 3350 2655 ι
3385 2603 3590 2656 Contra
3626 2602 3744 2654 Bur-

2162 2693 2410 2746 nardns:
2455 2712 2473 2744 ι
2521 2693 2845 2751 Ρνωδιυιπθ
2909 2695 3176 2750 attentius
3221 2703 3472 2750 eventum
3529 2693 3637 2756 rei,
3696 2701 3746 2745 ct

2164 2785 2292 2856 quid
2318 2785 2481 2840 futuri
2513 2786 2728 2857 parient
2754 2787 2871 2842 dies
2898 2785 2994 2840 illi.
3049 2805 3069 2839 ι

2767 2941 3134 2983 APOSTROPIIA.

480 3019 617 3039 Ἰ’“”“
644 3019 848 3042 ""0""
878 3019 995 3027 "'"
1025 3019 1226 3043 "'"'l""
1262 3019 1447 3028 “””““““““
1482 3019 1529 3027 ⁷⁷
1557 3019 1597 3027 ’⁵
1617 3019 1755 3027 ⁷’”“’“⁸
1784 3019 2030 3028 """"'""‘

473 3065 593 3118 cius
634 3064 952 3120 concessisti
980 3064 1272 3135 spatiosam
1315 3073 1511 3118 terram
1549 3079 1579 3118 a
1613 3063 1861 3134 Sequana
1892 3063 2058 3119 maris
2081 3019 2131 3084 ε
2230 3060 2276 3120 Ο
2306 3075 2420 3128 rex,
2448 3077 2546 3118 cur
2572 3075 2781 3118 memor
2801 3061 2942 3116 haud
2973 3061 3048 3116 tui

476 3153 583 3208 ﬁne
629 3163 808 3220 tenus,
858 3163 912 3210 et
937 3156 1115 3210 adhuc
1148 3164 1419 3226 expugnat
1457 3155 1869 3226 Bajocacensem
1900 3155 2056 3210 telluo

475 3259 634 3309 rem,
680 3252 736 3299 et
783 3254 1130 3316 prmoccupat
1175 3261 1300 3301 cum
1350 3261 1546 3316 magno
1594 3246 1858 3301 exercitu.
1901 3244 2059 3302 Parvi

475 3338 669 3408 pretii,
699 3353 793 3394 rex
823 3339 1168 3404 dulcissime,
1195 3353 1482 3410 parvaeque
1520 3339 1855 3394 militationis
1898 3348 2061 3408 atque

476 3430 708 3494 servitii,
739 3431 882 3500 quod
911 3431 1003 3486 tibi
1033 3431 1342 3486 reservasti.
1369 3431 1568 3503 Viginti
1598 3431 1834 3487 millibus
1877 3445 2061 3486 arma-

477 3528 654 3575 torum
693 3530 1070 3592 augmentatus
1116 3537 1176 3577 es
1223 3522 1498 3577 inimicum
1548 3531 1718 3577 tuum.
1759 3523 1891 3591 Quis
1921 3521 2063 3577 Con-

476 3614 899 3669 stantinensibus
941 3625 994 3669 et
1043 3614 1493 3684 anocacensibus
1535 3613 1668 3669 vidit
1711 3612 1962 3669 fortiores
2009 3613 2060 3669 in

477 3704 636 3767 bello,
662 3705 1037 3774 prudentiores
1063 3709 1113 3760 iu
1139 3706 1398 3761 consilio?
1423 3705 1480 3760 Si
1505 3705 1790 3761 militarem
1819 3721 2060 3772 manum,

479 3805 537 3848 ut
571 3793 894 3858 Willelmus,
935 3797 1240 3860 tenuisses,
1290 3797 1530 3850 omnium
1579 3796 1776 3866 quippe
1821 3797 2062 3867 gentium

477 3884 670 3939 horum
696 3885 921 3940 consilio
953 3895 1007 3940 et
1030 3887 1197 3940 armis
1226 3884 1494 3940 dominari
1539 3887 1824 3956 quivisses.
1870 3885 2064 3940 Nonne

476 3975 781 4032 Willelmus
829 3977 986 4047 hujus
1026 3980 1296 4034 exercitus
1345 3979 1634 4033 medietate
1679 3978 1868 4044 fretus,
1898 3979 2064 4034 comi-

481 4077 632 4122 tante
661 4067 884 4138 llugone
927 4076 982 4123 et
1025 4067 1292 4124 llerberto
1320 4083 1566 4123 seorsum
1609 4068 1866 4124 conduxit
1905 4084 1966 4123 se
1998 4068 2066 4124 ad

477 4177 661 4232 regem
717 4161 1009 4216 lleuricum
1061 4161 1320 4217 securus?
1352 4161 1484 4228 Quis
1523 4162 1759 4221 tuebitur
1789 4170 1843 4216 et
1873 4161 2064 4217 defen-

477 4254 642 4316 sabit,
671 4252 910 4322 proderit
935 4262 990 4307 et
1020 4253 1236 4323 praeerit
1267 4253 1390 4308 huic
1433 4267 1595 4322 quam
1635 4253 1902 4308 retinuisti
1933 4253 2066 4308 civi-

479 4345 619 4398 tati?
647 4343 1054 4411 Bajoeaceuses,
1082 4343 1666 4415 Constantincnsesque
1710 4347 1848 4400 hanc
1891 4355 2064 4401 custo-
2093 4365 2142 4423 ι)

478 4437 698 4491 dicliant
733 4437 923 4492 urbem
961 4437 1222 4492 Francico
1270 4436 1600 4508 Auglicoque
1635 4437 1688 4490 in
1725 4449 1882 4506 portu
1922 4437 2060 4490 emi-

477 4537 714 4581 nentem.
767 4526 1021 4583 Omnium
1069 4529 1332 4584 bonorum
1388 4528 1530 4584 illius
1585 4537 1742 4584 terrae
1789 4528 2060 4584 alllueutia

479 4615 668 4670 aderat
733 4616 888 4671 nobis
916 4656 932 4682 ,
980 4625 1038 4672 et
1081 4633 1297 4673 eramus
1341 4619 1635 4689 locupletes
1681 4619 1872 4690 opibus
1920 4619 2062 4673 illius

481 4707 715 4763 telluris.
746 4709 944 4779 Recipe
993 4724 1123 4780 ergo
1167 4711 1460 4776 civitatem,
1498 4712 1624 4782 quia
1661 4715 1766 4766 non
1801 4712 2063 4766 habemus

479 4810 728 4870 sumptus
758 4801 955 4870 quibus
986 4801 1040 4856 in
1087 4817 1150 4857 ea
1194 4803 1376 4856 vivere
1410 4804 1709 4872 possimus;
1747 4805 1922 4873 daque
1954 4803 2064 4858 llu-

482 4894 606 4963 goni
644 4907 762 4946 eam
799 4909 906 4962 quo
953 4902 1114 4963 queat
1157 4894 1416 4949 rebellare
1468 4905 1656 4949 contra
1701 4903 1752 4948 te
1797 4895 2061 4951 seCurius.

481 4983 595 5038 Nos
624 4987 841 5042 Daciam
870 5004 990 5043 cum
1021 4989 1166 5043 omni
1202 5004 1400 5060 genere
1431 4997 1617 5044 nostro
1649 4997 1886 5059 praepete
1907 4988 2060 5041 navi-

482 5075 717 5146 gationis
744 5091 904 5133 cursu
933 5079 1334 5148 repedabinms,
1362 5089 1417 5135 et
1444 5080 1586 5134 hanc
1607 5080 1809 5150 majore
1839 5079 2063 5134 collecta

484 5165 831 5223 multitudine
879 5171 1134 5240 militari,
1184 5183 1245 5227 ut
1280 5173 1432 5227 Rollo
1468 5173 1774 5245 quondam,
1818 5173 2065 5229 devasta-

484 5260 686 5325 bimus,
723 5275 822 5315 nec
850 5270 973 5328 tua,
1007 5279 1108 5320 nec
1143 5265 1381 5335 Hugonis
1417 5267 1520 5320 erit
1562 5266 1848 5336 posterius.
1887 5285 1905 5320 ι
1950 5267 2066 5322 Rex

2232 3153 2496 3223 lstiusque
2520 3154 2710 3224 patris,
2735 3153 2826 3224 qui
2859 3152 2952 3208 tibi
2986 3149 3208 3223 profuit,

2233 3243 2395 3312 Cujus
2422 3243 2671 3314 przesidio
2699 3243 2954 3299 continuo
2986 3256 3151 3312 regna
3179 3249 3329 3297 tenes
3351 3241 3532 3303 modo,

2234 3335 2300 3390 Et
2325 3335 2416 3405 qui
2450 3335 2615 3390 multa
2640 3343 2896 3406 operatus
2919 3341 3001 3389 est

2232 3428 2337 3482 Pro
2369 3437 2438 3492 te,
2469 3437 2525 3484 ct
2558 3428 2647 3498 qui
2675 3427 2928 3482 occubuit
2959 3425 3133 3480 hostia
3161 3424 3380 3480 victima

2232 3517 2398 3589 Regis
2423 3517 2646 3582 siderei,
2675 3531 2900 3587 quasque
2930 3515 3096 3570 latent
3131 3517 3148 3534 ⁶
3176 3514 3280 3570 sui.

2234 3609 2300 3664 Et
2328 3611 2599 3681 quodjatn
2629 3610 2841 3679 genitor
2864 3621 3012 3670 suus,

2235 3701 2451 3756 Pollens
2479 3700 2716 3755 veridica
2750 3709 2967 3769 perpete
2991 3696 3212 3760 famine,

2166 3799 2197 3868 ζ
2237 3798 2418 3852 Armis
2443 3810 2801 3867 exsuperans,
2844 3803 2898 3849 et
2924 3794 3066 3865 quod
3092 3809 3224 3848 avus
3250 3792 3515 3848 continuit
3548 3792 3713 3848 sacris

2236 3887 2388 3944 Nunc
2418 3888 2785 3960 praejudieium
2818 3885 2950 3942 facis

2236 3981 2313 4036 Ex
2345 3981 2447 4036 hoc
2475 3979 2706 4035 innocuo
2736 3978 2912 4033 adhuc
2940 3977 3109 4048 probo
3136 3991 3302 4044 puero

2235 4071 2528 4133 Richardo,
2569 4068 2767 4124 celebri
2799 4067 3050 4138 prosapia
3084 4065 3338 4121 nobiliter
3363 4074 3501 4122 salo.

2237 4161 2406 4230 Hujus
2434 4160 2618 4230 ﬂagitii
2651 4158 2736 4214 lue

2191 4269 2196 4274 ·
2237 4251 2405 4308 Casus
2438 4250 2706 4305 innumeri
2738 4247 3092 4319 pmepedient,
3122 4247 3190 4302 ob
3220 4247 3322 4301 hoc

2237 4344 2376 4401 Olim
2408 4353 2458 4400 te
2488 4345 2720 4414 capient,
2760 4353 2811 4398 te
2832 4343 3098 4412 periment
3127 4343 3229 4395 ﬁne
3265 4340 3366 4394 sub
3396 4338 3608 4395 ultimo.

2236 4439 2455 4494 Interim
2489 4453 2583 4493 rex
2627 4437 2932 4491 Ludovicus
2977 4433 3250 4490 morulans
3299 4433 3750 4502 Rothomagcusis

2163 4533 2315 4589 urbis
2364 4531 2660 4594 ιιιωιιίὺυε,
2693 4531 3090 4599 disponeusque
3127 4527 3640 4582 Nortmannicarum
3670 4540 3746 4579 re~

2166 4640 2283 4678 rum
2314 4624 2524 4699 negotia
2557 4631 2614 4676 ut
2642 4621 2912 4685 dominus,
2939 4619 3275 4675 fraudulenta
3305 4617 3456 4673 falsm
3481 4615 3748 4687 Opinionis

2165 4714 2493 4779 intentione,
2525 4721 2720 4783 putans
2749 4725 2808 4765 se
2851 4725 2972 4765 esse
3018 4724 3197 4780 regem
3251 4708 3746 4762 Northmanuorum

2165 4814 2220 4862 et
2264 4806 2608 4870 advocatum,
2650 4802 2808 4858 labile
2851 4802 3148 4858 deducebat
3201 4801 3310 4856 illic
3353 4800 3466 4856 otio
3517 4809 3743 4869 tempus.

2165 4897 2408 4964 Quadam
2439 4909 2673 4965 namque
2719 4895 2806 4950 die
2844 4893 3060 4965 quidam
3107 4893 3212 4948 tiro
3240 4891 3522 4947 Fraucicm
3546 4889 3745 4960 gentis,

2165 4991 2522 5046 suﬁicientem
2570 4988 2808 5044 omnium
2861 5001 3045 5042 rerum
3089 4983 3419 5056 opulentiam
3468 4979 3756 5052 Dacigenaa'

2165 5081 2446 5146 Bernardi,
2476 5079 2605 5150 quin
2634 5088 2796 5133 etiam
2823 5092 3045 5132 uxorem
3082 5075 3433 5148 pra'pulcbraa
3463 5072 3661 5142 speciei
3693 5078 3748 5124 ut

2149 5159 2487 5230 concederet
2512 5171 2635 5237 sibi,
2669 5185 2848 5244 regem
2883 5159 3110 5240 rogavit.
3135 5167 3323 5222 Caneri
3360 5180 3595 5234 namque
3624 5163 3745 5218 tiro-

2167 5283 2265 5322 nes
2295 5266 2456 5334 hujus
2482 5263 2756 5334 petitionis
2801 5262 2999 5316 famam
3042 5258 3300 5316 secretius
3334 5254 3621 5311 audientes
3659 5269 3745 5307 ve-
