4032 6414
256 299 365 357 το5

679 292 764 354 DE
794 295 1039 356 CESTIS
1073 298 1504 358 NORMANNIAS
1542 300 1779 359 DUCUM
1817 302 1821 357 l

1925 300 1993 356 Ri
2025 298 2226 356 TRES.
2257 328 2327 343 -
2351 298 2481 354 LIB.
2525 298 2611 354 Ill.
2660 296 3076 355 RICIIARDUS.

3418 297 3521 356 706

250 413 407 469 nobis
433 412 645 468 illorum
677 414 934 470 beneficia
963 415 1236 471 concessis
1261 416 1542 471 uxoribus.
1570 415 1681 472 Nos
1705 432 1833 473 vero
1860 422 1908 480 Α
1936 416 2206 487 repositus
2250 414 2645 470 abscondetur?
2700 433 2719 465 ι
2762 411 3087 469 Bernardus
3113 419 3293 467 autem
3357 412 3521 472 tacite

248 508 392 563 hanc
420 507 609 561 urbem
638 521 887 576 regemus
917 508 1138 562 servitio
1168 517 1271 563 tua:
1290 507 1593 576 .fidelitatis,
1631 523 1732 563 nec
1763 509 1832 564 de

244 597 537 670 cujuslibet
585 607 896 654 nostrorum
943 598 1259 655 infidelitate
1319 610 1510 655 nutare
1568 600 1825 671 quiveris.
1874 613 1886 627 '

242 690 542 749 Consilium
572 690 733 763 hujus
760 693 836 748 rei
884 691 1180 747 nefandum
1210 692 1528 749 enucleatur
1556 692 1833 748 Bernardo

240 789 300 835 et
330 780 641 851 Dacigenis;
689 791 1062 837 verumtamen
1092 782 1329 837 vicissim
1378 784 1637 849 consulti,
1685 799 1832 840 com-

240 870 512 926 miserunt
555 869 688 932 illud
725 872 1103 928 taciturnitati.
1142 891 1161 925 ι
1192 873 1341 945 Rege
1392 889 1522 931 vero
1558 874 1832 931 Ludovico

240 959 567 1016 Laudunum
624 977 908 1032 regresso,
974 965 1385 1035 novercalisque
1447 966 1556 1023 odii
1619 966 1735 1023 zelo
1794 981 1830 1022 va

235 1050 635 1107 Nortbmannis
670 1052 896 1108 nimium
945 1065 1209 1124 pertteso,
1251 1058 1425 1125 turpis
1460 1056 1693 1110 tironum
1736 1071 1832 1126 pe-

235 1141 453 1196 titionis
482 1142 779 1198 ambitione
831 1144 1121 1200 admodum
1163 1145 1386 1210 tristes,
1429 1146 1832 1202 meditabantur

235 1232 527 1290 interitum
576 1236 720 1308 regis
778 1237 1126 1295 retractando
1174 1238 1477 1294 unanimes.
1524 1239 1597 1295 Ut
1647 1250 1828 1295 autem

233 1339 427 1392 regem
452 1325 701 1395 decipere
743 1326 924 1397 aliquo
946 1329 1171 1385 subdolo
1198 1329 1482 1385 conamine
1507 1330 1827 1400 quivissenl,

231 1412 739 1473 Northmannorum
763 1418 1055 1487 optimates
1088 1419 1352 1474 miserunt
1380 1420 1446 1474 ad
1478 1420 1827 1491 llaigroldum

231 1519 427 1575 regem
458 1507 634 1565 Dacia:
667 1505 948 1565 nobilioris
974 1518 1029 1563 et
1073 1510 1286 1564 ditioris
1323 1510 1580 1579 potentiae
1609 1510 1824 1574 milites,

231 1605 294 1651 ut
324 1596 601 1652 Ricbardo
622 1597 873 1654 Willclmi
904 1599 1083 1671 magni
1104 1600 1263 1662 ducis
1292 1600 1401 1655 lilio
1426 1601 1829 1671 consanguineo

231 1703 565 1744 succurrere
591 1688 902 1759 festinaret;
935 1692 1061 1762 quia
1089 1707 1183 1747 rex
1206 1691 1481 1747 Francicae
1517 1693 1696 1764 gentis
1746 1703 1827 1746 to-

1935 521 2055 575 quae
2103 506 2404 576 agebantur
2448 502 2846 565 considerabat,
2901 500 3150 571 illiusque
3199 500 3521 559 invectionis

1934 595 2175 650 dolorem
2207 593 2261 649 in
2307 593 2472 648 corde
2521 593 2822 663 pressabat.
2854 589 3161 645 Ludovicus
3192 600 3373 647 autem
3422 608 3520 648 rex

1933 684 2329 755 Franeigenum
2358 699 2581 739 monens
2626 683 2923 741 exercitum
2950 724 2965 749 ,
2995 681 3315 739 Herluinum
3345 688 3518 740 comi-

1936 784 2042 829 tem
2090 775 2352 831 conduxit
2397 760 2601 839 secum,
2646 783 2936 844 castraque
2985 782 3221 830 metatus
3261 782 3345 831 est
3383 774 3521 833 citra

1933 867 2078 923 Diva:
2100 867 2409 923 decursum.
2438 866 2918 922 Consmntincnses
2946 875 3107 938 atque
3131 866 3521 939 Bajocaceuses

1932 972 2056 1014 cum
2084 973 2211 1028 rege
2242 957 2533 1029 Haigroldo
2560 956 2698 1012 ultra
2732 958 2880 1013 Dirae
2912 957 3110 1014 ﬂuenta
3150 959 3316 1015 fixere
3348 968 3522 1015 tento-

1932 1051 2034 1106 ria.
2068 1051 2379 1106 Bernardus
2423 1051 2599 1121 primo
2645 1065 2803 1105 mane
2845 1066 3214 1122 consurgens,
3265 1051 3409 1108 venit
3451 1053 3521 1110 ad

1931 1160 2113 1217 regem
2156 1145 2485 1201 Ludovieum
2513 1144 2744 1201 dicens:
2785 1163 2804 1197 ι
2840 1144 3065 1200 Domine
3114 1160 3233 1212 rex,
3278 1145 3519 1203 velocius

1931 1251 2111 1308 surge,
2144 1244 2199 1290 et
2236 1234 2366 1305 quid
2388 1234 2662 1306 agendum
2704 1234 2797 1302 sit,
2827 1236 3092 1290 secretius
3140 1250 3262 1290 cum
3297 1238 3403 1291 tuis
3446 1236 3521 1291 ri-

1932 1341 2101 1389 mare.
2149 1325 2388 1381 Alterius
2417 1325 2585 1380 moris
2630 1333 2712 1380 est
2742 1339 2872 1395 gens
2919 1326 3036 1380 haec
3086 1340 3247 1394 quam
3291 1324 3517 1381 Franci-

1930 1430 2091 1487 gcna,
2123 1424 2519 1488 argumentosa:
2546 1415 2859 1470 calliditatis
2893 1415 3055 1469 nimis
3102 1414 3276 1486 plena.
3311 1434 3332 1468 ι
3368 1415 3521 1472 Tunc

1930 1507 2152 1577 quidam
2200 1507 2465 1561 recubans
2507 1506 2855 1571 intrinsecus,
2902 1507 3181 1576 reSpondit
3222 1506 3516 1574 Bernardo,

1930 1612 2058 1669 rege
2088 1597 2379 1664 adnuente,
2409 1597 2575 1652 stanti
2615 1596 2917 1652 forinsecus
2956 1613 2970 1653 :
3002 1616 3020 1649 ι
3062 1597 3193 1653 Pete
3222 1598 3517 1654 dormitmn

1930 1689 2124 1753 citius,
2157 1688 2283 1758 quia
2335 1703 2441 1744 non
2485 1703 2740 1744 curamus
2781 1688 2848 1743 de
2899 1687 3114 1743 talibus.
3154 1706 3174 1740 ι
3210 1687 3519 1744 Bernartius

230 1779 347 1834 tius
379 1778 783 1837 Nortbmannite
812 1783 1181 1839 monarchiam
1210 1781 1656 1849 vindicabatsibi,
1680 1782 1828 1837 aufe-
1858 1791 1901 1851 Β
1932 1795 2064 1839 vero
2093 1778 2463 1850 hujuscemodi
2486 1778 2664 1835 verbis
2691 1787 3064 1851 exasperatus,
3097 1778 3311 1849 repetiit
3337 1789 3516 1833 castra

227 1886 370 1926 rens
413 1887 629 1926 omnem
675 1872 937 1929 honorem
982 1890 1149 1943 puero
1198 1873 1473 1930 Ricbardo
1518 1883 1675 1930 eruto
1709 1874 1826 1944 ejus

226 1961 542 2018 avunculis.
576 1963 899 2035 llaigroldns
930 1979 1056 2019 vero
1103 1981 1198 2020 rex
1231 1966 1408 2022 Daciae
1451 1965 1826 2037 magnanimus

225 2053 300 2110 ob
332 2071 576 2112 arnorem
620 2056 877 2113 Ricbardi
929 2057 1012 2113 sui
1058 2058 1364 2128 propinqui,
1397 2057 1600 2128 legatos
1628 2055 1827 2112 North.

226 2161 559 2201 ntattnorum
603 2148 899 2203 honorifice
924 2149 1190 2218 suscepit;
1218 2148 1651 2218 constructisque
1676 2148 1827 2203 navi-

221 2237 357 2302 bus.
390 2237 582 2310 bisque
608 2240 828 2296 cibariis
857 2249 912 2296 et
955 2241 1215 2296 militibus
1263 2241 1501 2309 repletis,
1534 2243 1600 2297 ad
1641 2240 1824 2296 littora

226 2331 426 2387 salinae
451 2331 749 2396 Corbonis,
776 2349 881 2403 qua
915 2332 1046 2386 Diva
1092 2333 1279 2402 rapido
1305 2345 1485 2388 meatu
1520 2333 1825 2404 procelloso

226 2425 373 2479 mari
404 2440 479 2479 ,se
528 2423 781 2491 infundit,
822 2440 944 2479 cum
979 2424 1280 2481 incredibili
1306 2426 1545 2480 tironum
1582 2425 1825 2481 multitu-

224 2514 384 2578 dine,
414 2514 578 2569 citius
603 2529 765 2585 quam
804 2514 980 2584 quivit
1008 2515 1173 2570 venit.
1217 2515 1697 2572 Constantinenses
1730 2531 1825 2570 au-

228 2614 346 2659 tem
372 2613 429 2660 et
454 2603 843 2675 Bajocacenses
871 2607 1150 2662 audientes
1179 2607 1470 2663 adventum
1503 2607 1645 2678 regis
1690 2605 1820 2661 ﬂai-

224 2693 406 2764 groldi
464 2703 682 2765 propter
726 2711 967 2751 amorem
1020 2696 1275 2752 Ricbardi
1326 2698 1507 2767 pueri,
1559 2705 1823 2753 venerunt

224 2784 444 2839 servire
469 2784 563 2839 illi.
593 2784 761 2840 Fama
788 2785 930 2841 illico
952 2801 1048 2857 per
1069 2786 1310 2843 Francia:
1339 2787 1554 2844 climata
1575 2787 1823 2843 celeriter

222 2879 577 2950 penetravit,
634 2879 962 2935 denuntians
1009 2880 1404 2936 inuastbnabilis
1464 2880 1823 2936 multitudinis

220 2984 472 3041 paganos
500 2971 687 3026 adesse
715 2970 985 3027 littoribus
1027 2969 1488 3027 Nortbmannicis.
1511 2971 1821 3027 Bernardus

220 3063 422 3133 igitur,
453 3065 742 3135 ca'terique
791 3064 1274 3137 Rothomagenses,
1320 3065 1631 3122 ﬁdelitatem
1676 3065 1820 3137 regis

1929 1870 2390 1942 Rotbomagensia
2437 1870 2695 1927 velocius.
2728 1870 3014 1927 Estuante
3059 1885 3188 1925 vero
3217 1869 3332 1926 sole
3382 1870 3517 1925 hora

1929 1962 2032 2018 diei
2061 1964 2239 2029 tertia,
2270 1971 2552 2033 coeperunt
2580 1963 2726 2019 Diva’
2751 1961 2961 2017 alveum
2986 1962 3517 2018 Cunstantinensium

1929 2055 2481 2126 Bajocacensiumque
2529 2056 2765 2111 transire
2812 2056 3049 2125 agmina.
3078 2054 3389 2111 Bernardus
3421 2071 3519 2109 au-

1929 2156 2035 2204 tem
2085 2148 2189 2205 hoc
2239 2149 2476 2215 intuens,
2515 2163 2696 2219 regem
2741 2149 2936 2203 iterum
2990 2149 3251 2218 expetiit,
3282 2149 3513 2206 dicens:

1932 2257 1951 2290 ι
1989 2237 2161 2309 Supra
2189 2239 2323 2294 satis
2347 2254 2441 2294 rex
2472 2238 2771 2293 dormitare
2801 2238 2977 2293 adhuc
3007 2239 3164 2294 stude
3183 2279 3198 2304 ,
3227 2234 3516 2309 quia'gens

1928 2330 2192 2401 Daeigeua
2226 2339 2564 2399 transgressa
2610 2330 2753 2385 Diva:
2780 2328 2978 2385 flumen
3011 2338 3120 2385 stat
3157 2329 3427 2401 equestris
3461 2330 3515 2385 in

1925 2420 2127 2485 littore,
2162 2421 2347 2476 nescio
2392 2419 2545 2490 cujus
2594 2418 2961 2491 animositatis
2986 2418 3307 2476 intentione.
3346 2439 3365 2471 ι
3397 2417 3515 2472 Rex

1927 2527 2054 2567 vero
2080 2512 2385 2567 miliacibus
2411 2511 2591 2566 verbis
2618 2510 2910 2577 excitatus,
2939 2511 3180 2567 surrexit
3211 2510 3387 2578 ocius,
3417 2526 3514 2565 co-

1924 2603 2222 2672 mitumque
2267 2611 2322 2658 ct
2363 2602 2594 2658 militum
2638 2601 2942 2672 frequentia
2986 2602 3324 2672 eonstipatus
3358 2601 3515 2656 festi-

1924 2696 2089 2752 nabat
2116 2698 2193 2751 ire
2220 2696 2290 2751 ad
2320 2697 2404 2752 sui
2429 2696 2757 2767 colloquium
2781 2695 3054 2752 interitus.
3087 2694 3514 2765 Convocansque

1923 2789 2259 2845 Bernardum
2294 2791 2429 2846 dixit
2462 2792 2528 2845 ad
2556 2805 2682 2846 eum
2712 2809 2727 2845 :
2767 2809 2787 2843 σ
2820 2788 3013 2847 Nescio
3037 2790 3168 2861 quid
3198 2805 3352 2847 meus
3381 2789 3515 2848 mihi

1922 2880 2174 2951 praesagit
2201 2881 2435 2948 animus,
2467 2879 2677 2951 placida
2723 2896 2829 2937 non
2878 2880 3013 2936 mihi
3049 2888 3134 2935 est
3158 2880 3340 2951 quiete
3385 2894 3515 2936 con-

1925 2983 2128 3031 tentus.
2173 2975 2282 3029 Aut
2328 2990 2599 3048 pugnam,
2630 2982 2725 3031 aut
2770 2973 2975 3045 aliquid
3025 2988 3224 3030 novum
3272 2973 3516 3044 exagitat

1922 3066 2054 3121 mibi
2111 3065 2371 3122 invadere
2420 3065 2705 3122 sollicitus.
2764 3083 2786 3118 ι
2844 3064 2950 3122 Διί.
2983 3064 3100 3121 haec
3160 3062 3511 3121 Bernartius:

220 3154 491 3211 Ludovici
545 3157 727 3214 verbis
772 3158 1114 3224 simulantes,
1162 3157 1426 3213 miserunt
1476 3158 1544 3213 ad
1590 3174 1713 3215 eum
1762 3159 1815 3214 in
1845 3140 1890 3203 (ἶ
1927 3177 1946 3212 ι
1985 3159 2175 3215 Nonne
2204 3159 2457 3230 prohibui
2502 3158 2688 3215 multis
2712 3157 3204 3231 prosecutionibus,
3236 3173 3304 3213 ne
3330 3170 3513 3212 comes

223 3250 387 3314 dolo,
430 3248 712 3306 dicentes:
748 3268 768 3301 ι
801 3232 1066 3319 Quoniam
1108 3249 1517 3305 innumerabilis
1560 3251 1820 3320 copiosae-

224 3356 334 3411 qne
386 3340 750 3397 multitudinis
789 3343 983 3415 pagani
1036 3341 1307 3412 primmva:
1336 3340 1638 3411 juventutis
1687 3340 1819 3397 flore

222 3432 410 3494 nitidi,
439 3433 640 3489 nostris
671 3434 869 3490 linibus
916 3443 1043 3489 sunt
1086 3433 1329 3498 advecti;
1363 3447 1651 3502 precamur
1678 3448 1817 3504 qua-

226 3537 392 3582 tenus
418 3527 587 3582 ascita
618 3542 779 3582 manu
822 3527 1066 3593 militari,
1113 3529 1401 3584 subvenias
1429 3526 1670 3584 velocius
1716 3542 1816 3582 no-

222 3620 307 3675 bis
332 3657 350 3682 ,
406 3618 451 3673 si
497 3616 934 3675 Nortbmannicae
966 3619 1199 3689 regionis
1239 3620 1543 3691 principatu
1583 3618 1818 3691 gaudere

224 3711 426 3765 mavis.
457 3730 476 3762 ι
504 3709 618 3767 Rex
667 3720 846 3767 autem
876 3711 1053 3784 legato
1083 3728 1098 3766 :
1129 3731 1148 3764 ο
1184 3711 1351 3767 Fama
1390 3712 1674 3767 nuntiante
1715 3726 1814 3766 au-

223 3803 334 3859 divi
379 3819 568 3859 verum
596 3819 720 3860 esse
743 3805 886 3875 quod
907 3805 1059 3860 dicis.
1096 3826 1116 3858 ι
1147 3804 1492 3876 Quapropter
1519 3816 1610 3859 rex
1641 3804 1816 3861 Ludo-

224 3896 385 3951 vicus
432 3894 588 3964 bujus
615 3896 884 3967 pestiferae
912 3895 1214 3967 legationis
1259 3896 1428 3952 relatu
1472 3897 1813 3962 admonitus,

222 3995 506 4048 concitato
555 3993 903 4065 Francigenae
962 3993 1137 4063 gentis
1196 3992 1469 4059 exercitu,
1536 3993 1685 4048 venit
1747 3991 1814 4047 ad

222 4083 629 4155 liotbomagnm
664 4085 1010 4156 repentinus,
1047 4084 1319 4141 adducens
1367 4072 1554 4141 secum
1601 4084 1815 4141 llerlui-

221 4192 357 4232 num
389 4177 665 4247 :comitem
710 4189 768 4236 et
811 4175 1164 4233 Lantbertum
1231 4178 1454 4233 fratrem
1498 4176 1634 4248 ejus.
1697 4178 1813 4233 Rex

225 4281 414 4326 autem
448 4268 767 4341 llaigroldus
793 4271 935 4341 regis
978 4270 1220 4327 Francia:
1249 4271 1476 4327 audiens
1498 4272 1809 4339 adventum,

220 4358 574 4416 fraudulento
613 4354 842 4416 consilio
875 4358 1367 4417 Nortlnnannorutn
1411 4362 1687 4417 mandavit
1715 4378 1811 4419 ve-

1921 3250 2213 3308 llerluinus
2241 3252 2348 3307 huc
2396 3251 2828 3307 conduceretur?
2858 3269 2878 3305 ι
2913 3250 3011 3307 llis
3039 3250 3223 3314 dictis,
3267 3250 3416 3305 venit
3443 3249 3513 3305 ad

1919 3343 2121 3411 locum,
2153 3361 2260 3415 quo
2290 3345 2549 3416 placitum
2573 3353 2693 3400 erat
2721 3344 3063 3416 dispositum.
3096 3344 3511 3400 Stabatautem

1920 3437 2031 3493 illic
2066 3453 2190 3493 cum
2236 3437 2780 3494 Constantinensibus
2813 3448 2870 3494 et
2906 3437 3363 3509 Bajocacensibus
3414 3454 3511 3493 rex

1919 3526 2276 3599 Haigruldus,
2335 3541 2463 3598 rege
2519 3527 2795 3585 Ludovico
2863 3529 3085 3600 propius
3147 3536 3324 3585 stante
3385 3546 3509 3585 cum

1917 3616 2276 3689 Francigenis
2305 3617 2651 3675 altrinsecus.
2685 3618 2878 3675 Stabat
2901 3629 3082 3677 autem
3112 3628 3168 3675 et
3196 3621 3306 3676 illic
3337 3620 3511 3676 Daco-

1917 3725 2038 3765 rum
2093 3710 2301 3766 delecta
2354 3710 2655 3783 juventus,
2703 3712 2899 3768 adnixa
2952 3712 3156 3780 haStis,
3213 3721 3511 3783 teneasque

1916 3815 2069 3861 scuta
2098 3806 2151 3861 in
2180 3807 2450 3874 manibus,
2482 3808 2799 3880 quaerebant
2839 3809 3215 3875 occasionem,
3249 3825 3355 3880 qua
3386 3825 3511 3880 pos-

1916 3910 2038 3954 sent
2058 3898 2299 3956 Francos
2327 3903 2577 3958 occidere
2602 3911 2658 3957 et
2680 3918 2882 3975 regem.
2909 3902 3107 3959 Mutua:
3132 3903 3294 3976 igitur
3320 3903 3510 3958 volun-

1919 3995 2044 4051 tatis
2076 3994 2370 4065 colloquio,
2426 4013 2550 4069 rege
2579 3996 2878 4065 Ludovico,
2905 4007 2964 4054 et
2999 3996 3178 4054 Daciae
3214 4013 3349 4069 rege
3382 3997 3510 4052 llai-

1915 4087 2121 4157 groltlo,
2152 4092 2167 4109 '
2202 4091 2590 4147 cuntuentibus
2623 4089 3083 4162 Francigenisqne
3110 4101 3166 4146 et
3197 4090 3504 4161 Dacigenis,

1915 4196 2124 4237 necnon
2198 4182 2640 4256 Cettstantigenis
2718 4193 2774 4240 et
2840 4181 3193 4252 Bajocaecnis
3268 4181 3509 4251 undique

1914 4286 2097 4329 secum
2129 4275 2376 4339 armatis,
2404 4276 2919 4340 circumstantibus;
2951 4274 3165 4330 cuidam
3191 4271 3348 4327 militi
3379 4281 3508 4326 noto

1913 4369 2185 4440 quondam
2209 4368 2312 4425 sibi
2350 4368 2487 4423 dixit
2516 4383 2701 4425 comes
2745 4368 3038 4424 llerluinus
3070 4385 3084 4421 :
3133 4385 3154 4418 ι
3206 4363 3372 4433 Cujus
3419 4379 3509 4419 so-

220 4450 345 4508 nire
373 4448 519 4504 illum
550 4459 741 4506 contra
777 4464 835 4506 se
860 4449 925 4505 ad
949 4449 1224 4520 placitum.
1254 4449 1401 4520 Rege
1426 4459 1604 4506 autem
1635 4450 1813 4508 Ludo-
1840 4494 1889 4554 Β
1915 4459 2147 4530 spitatis,
2180 4456 2444 4529 cujusque
2487 4458 2890 4530 prosperitatis,
2916 4457 3000 4513 vel
3026 4456 3180 4527 cujus
3208 4453 3503 4518 facultatis,

219 4545 348 4601 vico
394 4545 684 4601 confidenti
733 4544 786 4599 in
838 4543 1183 4600 multitudine
1226 4546 1563 4601 exercituum
1612 4554 1668 4602 et
1731 4548 1813 4604 ire

221 4637 532 4708 disponenti
563 4653 675 4693 sua:
703 4636 1067 4693 damnationis
1100 4638 1167 4692 ad
1207 4637 1482 4707 placitum,
1521 4638 1657 4693 dixit
1686 4637 1816 4695 Ber-

220 4731 432 4787 nardus
460 4732 914 4803 Bothomageusis
952 4748 1012 4787 se
1048 4731 1259 4787 fidelem
1288 4731 1553 4787 simulans
1579 4731 1815 4787 Francov

220 4839 385 4878 rum:
424 4841 443 4874 ι
477 4821 624 4878 Gens
670 4834 858 4879 contra
910 4813 1074 4894 quam
1123 4822 1487 4893 proficisceris
1530 4823 1596 4878 ad
1626 4822 1813 4878 conci~

219 4915 488 4979 liandum,
521 4916 747 4972 interna:
781 4916 1087 4972 dilectionis
1111 4931 1298 4972 amore
1326 4916 1591 4983 recolens,
1624 4917 1816 4973 dilexit

220 5016 469 5063 nostrum
499 5009 753 5066 comitem
796 5009 1123 5065 Willelmum
1143 5050 1159 5077 ,
1196 5019 1252 5067 et
1299 5025 1398 5082 pro
1426 5026 1533 5081 quo
1561 5012 1814 5083 martyri-

220 5113 380 5156 zatus
424 5111 509 5157 est
536 5102 730 5159 intimo
770 5103 952 5159 cordis
999 5102 1196 5158 aﬂ‘ectu
1241 5103 1358 5159 odit
1392 5103 1638 5158 nimium.
1692 5103 1814 5160 Lile

220 5193 366 5248 enim
401 5193 639 5248 llevluini
665 5194 904 5260 comitis,
934 5193 1289 5249 Nortbmanm
1315 5194 1404 5249 tali
1430 5195 1566 5250 duce
1593 5196 1811 5266 privati,

202 5286 644 5359 .congredientur
698 5287 996 5342 intentione
1051 5286 1242 5341 mortis
1292 5287 1345 5340 in
1386 5300 1546 5352 eum,
1580 5286 1624 5342 si
1670 5286 1813 5344 forte

222 5392 346 5432 eum
378 5378 631 5434 viderint.
667 5377 1011 5449 Quapropter
1041 5394 1164 5435 eum
1213 5378 1321 5433 noli
1367 5380 1566 5436 ducere
1609 5387 1809 5448 tecum,

224 5486 294 5526 ne
325 5470 485 5540 forte,
528 5485 596 5527 eo
625 5473 870 5543 cognito,
910 5482 1167 5529 nascatur
1209 5472 1494 5541 utriusque
1537 5472 1813 5529 exercitus

221 5559 477 5634 iurgium.
534 5582 554 5616 ι
606 5564 757 5620 Tunc
803 5564 1024 5635 quidam
1080 5579 1145 5619 ex
1205 5563 1475 5619 tironibus
1534 5562 1810 5621 Bernardo

224 5656 569 5725 respondisse
620 5655 838 5713 fertur:
879 5676 895 5709 ι
932 5656 1068 5713 Num
1101 5663 1323 5728 propter
1372 5663 1424 5709 te
1474 5663 1811 5727 caeterosqne

226 5748 460 5808 advenas
491 5751 615 5808 talis
642 5770 843 5817 comes.
882 5766 939 5812 ut
962 5766 1040 5812 est
1077 5752 1384 5823 llerluinus,
1417 5750 1540 5809 ullis
1583 5750 1810 5811 latebris

1920 4562 1974 4608 tu
2000 4563 2053 4607 et
2080 4552 2231 4622 origo
2264 4552 2338 4605 tui
2363 4552 2613 4623 generis?
2642 4571 2661 4605 ι
2702 4551 3001 4621 Respondit
3035 4548 3162 4605 ille:
3204 4568 3223 4601 ι
3258 4546 3506 4602 Salubris

1916 4658 2034 4698 sum
2088 4642 2508 4707 incolumitatis,
2552 4641 2945 4712 locupletisque
2998 4638 3311 4701 felicitatis,
3343 4646 3505 4705 atque

1916 4731 2234 4789 Sullicicnlis
2261 4732 2545 4787 ubertatis.
2587 4751 2606 4784 ι
2633 4729 3119 4786 Constantinenses
3156 4741 3286 4783 vero
3319 4735 3374 4782 et
3402 4724 3505 4779 Ba-

1909 4823 2231 4896 jocat-enses
2259 4832 2543 4894 coeperunt
2573 4822 2644 4878 ab
2675 4822 3009 4894 interrogato
3040 4820 3315 4891 inquirere
3354 4818 3503 4888 quis-

1915 4932 2041 4972 nam
2077 4923 2243 4982 esset,
2276 4916 2367 4987 qui
2392 4915 2459 4971 de
2496 4915 2798 4972 commodis
2826 4930 2937 4970 suae
2969 4911 3343 4986 prosperitatis
3392 4919 3498 4965 tam

1915 5012 2259 5091 familiariter
2305 5013 2696 5069 sciscitaretur.
2740 5011 3038 5083 Respondit
3078 5009 3168 5066 ille
3215 5008 3498 5080 inquiren-

1917 5107 2097 5161 tibus:
2128 5126 2146 5157 ι
2179 5104 2470 5161 Herluinus
2505 5103 2876 5160 monasterioli
2900 5102 3063 5158 castri
3099 5116 3281 5156 comes
3310 5099 3500 5171 praeci-

1914 5215 2075 5271 puus.
2110 5220 2128 5253 ›
2159 5198 2646 5255 Constantinenses
2682 5208 2864 5254 autem
2893 5198 3149 5253 dixerunt
3175 5194 3500 5266 Bajocacen-

1914 5291 2064 5347 sibus
2080 5307 2124 5343 τι
2147 5289 2334 5347 Nonne
2377 5289 2487 5356 hic,
2508 5288 2665 5361 cujus
2682 5289 2863 5362 jurgio
2884 5287 2966 5343 vel
2990 5303 3087 5359 pro
3111 5301 3220 5358 quo
3238 5285 3499 5358 deceptus

1914 5390 1998 5439 est
2027 5390 2083 5438 et
2122 5382 2503 5456 martyrisatus
2536 5389 2727 5438 noster
2773 5381 2955 5437 senior
2978 5378 3282 5435 Willelmus
3302 5417 3317 5443 ,
3349 5375 3497 5432 Mar-

1913 5474 2040 5530 chio
2064 5474 2283 5545 duxque
2314 5458 2762 5530 honestissimus?
2798 5473 3104 5529 Erueturne
3133 5471 3224 5526 hic
3265 5467 3496 5527 infestus

1871 5558 2113 5625 'nostris
2164 5567 2445 5623 manibus?
2493 5585 2513 5619 ι
2549 5565 2644 5622 llis
2691 5565 2871 5631 dictis,
2915 5575 3186 5621 commOto
3218 5577 3495 5617 murmure

1915 5659 2341 5731 incompescibili
2390 5667 2682 5729 torqueunt
2729 5672 2879 5712 arma
2932 5670 3121 5713 omnes
3176 5653 3491 5725 Dacigenae,

1916 5755 2072 5810 furiis
2127 5753 2480 5819 stomacliati;
2549 5752 2791 5823 tantique
2863 5750 3066 5809 domini
3134 5758 3308 5806 morte
3376 5741 3499 5799 felle
