4032 6392
244 305 356 397 ’1Ἑό

693 333 782 390 DE
806 329 1050 389 GESTIS
1078 326 1502 386 NORMANNIAS
1536 323 1770 383 DUCUM
1803 320 1982 378 LIILRI
2009 319 2209 376 TRES.
2245 349 2313 360 -
2335 316 2464 374 LIB.
2504 316 2590 374 III.
2633 315 3054 373 RICIIARDUS.

3403 299 3508 360 τιν

241 453 541 510 ventilantc
569 452 710 505 fama
733 449 960 518 alicujus
986 449 1061 505 rei
1093 447 1418 504 novitatem?
1439 467 1457 499 ι
1495 445 1821 516 Respondit:
1851 451 1900 509 Α
1928 440 2198 496 solidabat
2225 455 2240 504 ;
2285 438 2428 508 jura,
2463 437 2736 507 legesque,
2761 444 2819 488 et
2849 441 3050 487 statuta
3076 428 3318 486 Rollonis
3349 429 3502 486 ducis

247 565 268 598 ι
299 545 570 600 Nullius.)
610 543 675 597 Et
699 543 822 598 ille:
858 562 876 595 ι
913 543 1018 597 Pro
1056 551 1207 597 certo
1243 541 1544 610 comperias
1574 537 1820 608 llaigrol-

240 634 376 689 dum
409 648 588 702 regem
620 633 883 686 Dacorum
924 640 1144 700 propter
1185 630 1517 684 Rieltardum
1573 637 1822 698 nepotem

239 736 451 787 meum,
473 738 738 792 suumque
765 723 1149 792 propinquum,
1174 721 1404 774 be'lasse
1429 732 1615 774 comra
1641 734 1821 788 regem

239 810 596 877 Ludovicum,
647 819 701 865 et
734 812 784 865 in
817 811 935 880 ipso
975 810 1274 865 certamine
1315 817 1508 878 quater
1532 817 1824 878 quaternos

238 905 474 960 comites
505 915 840 974 peremptos,
881 911 937 958 et
967 901 1337 957 monasterioli
1375 903 1539 958 castri
1570 902 1822 957 comitem

235 996 586 1062 Herluinutn,
613 1005 670 1050 et
698 995 922 1050 fratrem
951 994 1067 1063 ejus
1095 995 1438 1051 Lambertum
1463 1035 1480 1062 ,
1509 994 1823 1064 quinetiam

235 1091 536 1160 potestatis
565 1089 712 1144 crede
772 1089 1068 1159 asperrima
1114 1087 1491 1159 Francigenis,
1534 1101 1712 1156 regem
1745 1087 1825 1154 ip-

236 1197 432 1236 sorum
457 1179 723 1251 fugatum,
773 1189 829 1235 et
858 1189 1102 1248 captum,
1123 1187 1178 1234 et
1205 1179 1382 1233 adhuc
1405 1175 1822 1248 Ilotliomagensi

235 1273 380 1328 urbe
402 1273 501 1328 sub
527 1273 772 1328 custodia
807 1270 1355 1342 DacigeuzeBcrnardi
1389 1269 1774 1338 mancipatum.
1798 1285 1817 1320 ι

238 1363 400 1434 Ilugo
450 1375 630 1417 autem
690 1364 798 1419 dux
864 1377 1091 1434 magnus
1144 1377 1308 1431 super
1365 1361 1505 1431 quod
1545 1361 1825 1415 dicebatur

238 1467 494 1525 stupens,
522 1456 658 1510 dixit
691 1474 704 1510 :
744 1475 761 1508 ι
795 1455 951 1512 Modo
979 1456 1094 1526 regi
1153 1457 1296 1524 quod
1326 1464 1569 1510 meretur
1604 1453 1820 1520 accidit,
1913 1497 1916 1500 .

238 1556 409 1616 atque
446 1547 631 1601 comiti
663 1545 919 1601 I-lerluino
967 1546 1108 1614 quod
1136 1546 1299 1615 digne
1351 1545 1549 1607 decuit,
1581 1543 1824 1598 creteris-

237 1653 350 1706 que
414 1637 740 1692 consiliariis
803 1637 946 1707 quod
995 1639 1281 1708 oportebat
1325 1637 1455 1705 pati.
1521 1635 1824 1690 Willelmus

240 1745 486 1800 namque
512 1734 618 1784 dux
645 1729 1142 1785 Nortbmannorum
1175 1745 1272 1799 pro
1296 1731 1438 1800 regis
1465 1728 1745 1792 ﬁdelitate,
1770 1737 1824 1782 et

237 1813 600 1878 Francorum.
635 1837 840 1890 proque
873 1823 1015 1890 quod
1051 1819 1308 1875 llerluino
1337 1820 1544 1889 pridem
1583 1819 1818 1872 ablatum
1856 1805 1896 1862 Β

236 1912 478 1965 reddidit
528 1912 900 1966 monasterioli
942 1921 1205 1978 castrum,
1231 1912 1636 1982 rmartyrisatus
1660 1926 1822 1966 occu-

235 2000 361 2054 buit
395 2019 406 2053 :
449 2009 503 2055 et
527 2017 642 2064 rex,
666 2018 828 2071 quem
869 2001 1144 2058 decuisset
1191 2001 1526 2056 exsecrabile
1555 2001 1733 2056 scelus
1771 2010 1824 2054 et

237 2090 548 2144 inauditmn
602 2091 812 2156 ulcisci,
843 2092 1069 2148 consilio
1105 2091 1347 2147 IIerluini
1377 2101 1432 2148 et
1463 2091 1673 2146 Arnulfi
1704 2109 1825 2163 per-

237 2184 331 2237 fidi
369 2184 535 2238 tilium
563 2188 679 2253 ejus
709 2187 811 2242 sub
841 2188 1083 2242 custodia
1129 2189 1320 2254 tenuit,
1372 2197 1428 2243 et
1483 2198 1683 2244 terram
1717 2190 1826 2244 ba:-

237 2277 558 2333 rcditariam
596 2277 678 2338 illi,
696 2279 796 2334 sibi
835 2279 1036 2348 injuste
1076 2281 1390 2336 vindicavit.
1425 2281 1652 2352 Superni
1683 2281 1824 2352 regis

237 2369 472 2422 arbitrio
498 2371 820 2440 condignam
855 2373 1110 2428 talionem
1147 2375 1354 2442 patitur
1399 2390 1491 2430 rex
1522 2374 1824 2430 Ludovicus

238 2476 343 2530 pro
373 2460 634 2518 Willelmi
665 2465 821 2519 ducis
857 2465 967 2520 lilio
1013 2475 1212 2536 nepote
1253 2476 1365 2529 tuo,
1408 2480 1570 2535 quem
1610 2475 1824 2534 captum

241 2553 441 2616 tenuit,
499 2569 704 2625 proque
751 2565 896 2610 terra
941 2572 1102 2626 quam
1150 2556 1250 2630 sibi
1282 2559 1580 2626 usurpavit.
1609 2557 1826 2625 Majoris

245 2657 482 2712 namque
512 2646 722 2700 consilii
780 2662 940 2715 quam
976 2656 1187 2702 caetera:
1235 2658 1424 2717 gentes
1468 2657 1593 2702 sunt
1628 2647 1826 2702 North-

239 2735 449 2801 manni,
476 2737 566 2805 qui
601 2753 780 2808 regem
826 2738 1160 2796 Ludovicum
1206 2741 1539 2812 subegerunt
1566 2752 1684 2796 astu
1716 2751 1824 2796 tam

236 2829 533 2896 pervicaci.
571 2850 590 2883 ι
621 2830 773 2886 Tunc
812 2831 1123 2889 Bernardus
1155 2853 1168 2888 :
1207 2854 1226 2887 ι
1263 2835 1510 2901 Domine,
1552 2843 1827 2892 memento

237 2934 361 2988 qua:
389 2919 520 2974 mibi
570 2937 797 2991 meoque
822 2925 1002 2995 nepoti
1055 2926 1431 2995 spopondisti;
1465 2935 1521 2982 et
1571 2937 1632 2982 ut
1673 2928 1828 2983 decet

241 3006 464 3076 tejuva.
488 3018 543 3064 et
564 3027 822 3068 succurre
850 3013 946 3068 illi.
972 3033 992 3068 ι
1029 3014 1142 3069 Dux
1174 3031 1301 3070 vero
1324 3017 1634 3086 respondit:
1663 3035 1682 3068 ι
1718 3018 1830 3072 Au-

242 3107 462 3167 tequam
490 3100 628 3156 liber
653 3119 682 3157 a
733 3105 992 3160 custodiat:
1013 3105 1398 3176 impedimento
1426 3107 1702 3173 reddatur,
1738 3123 1826 3163 re-

241 3207 462 3262 gnoque
492 3192 738 3250 Franciei
766 3196 978 3267 imperii
1021 3197 1346 3254 sublimetur
1372 3214 1464 3254 rex
1502 3198 1822 3264 Ludovicus,

241 3294 387 3339 terra
414 3285 855 3343 Nortbmannica:
886 3289 1122 3360 regionis
1143 3291 1325 3361 quieta
1355 3300 1410 3346 et
1455 3290 1651 3357 solida,
1679 3301 1733 3346 et
1759 3290 1827 3346 ab

239 3377 516 3446 episcopis
573 3379 969 3452 comitibusque
1025 3390 1080 3437 et
1144 3382 1434 3438 abbatibus
1483 3391 1828 3438 sacramento

237 3482 386 3522 vera:
416 3467 536 3523 ﬁdei
568 3469 836 3527 Richardo
866 3482 957 3528 tuo
983 3473 1163 3547 nepeti
1189 3474 1419 3542 saneita,
1442 3483 1496 3530 et
1515 3474 1829 3531 iuconvulse

235 3559 579 3614 auctorizata
611 3562 904 3618 tenebitur.
927 3584 946 3616 ι

315 3651 538 3706 Interim
582 3654 830 3710 luctuosa
863 3656 1006 3712 fama
1031 3655 1098 3712 ad
1126 3673 1287 3714 aures
1314 3657 1601 3730 Gerberga:
1630 3657 1829 3729 regina:

234 3743 570 3814 perlabitur,
618 3755 672 3800 et
695 3747 837 3816 quod
865 3757 1058 3818 captus
1102 3757 1248 3804 esset
1276 3765 1390 3814 rex,
1421 3749 1611 3820 bisque
1635 3764 1826 3804 novem

239 3836 480 3890 comites
535 3835 869 3908 interempti,
917 3841 1204 3912 caaterique
1252 3840 1444 3914 fugati,
1493 3841 1826 3898 euucleatur.

237 3925 453 3996 Regina
477 3942 604 3983 vero
638 3927 892 4001 lugubres
920 3932 1062 4004 regis
1116 3933 1197 3988 sui
1227 3933 1471 4004 conjugis
1497 3947 1828 4004 suorumque

240 4020 586 4076 incessanter
620 4038 780 4078 casus
811 4022 1036 4091 deﬂens,
1084 4009 1434 4096 animumque
1483 4040 1642 4080 suum
1691 4025 1826 4081 tanti

239 4110 529 4168 infortunii
557 4113 831 4170 anxietate
861 4115 1124 4171 atrociter
1149 4125 1542 4186 contorquens,
1592 4116 1829 4172 nullum-

240 4217 351 4288 que
383 4202 598 4258 salubre
621 4205 724 4260 sibi
750 4207 1034 4261 consilium
1073 4206 1200 4263 inde
1229 4207 1283 4260 in
1345 4215 1455 4262 tota
1482 4207 1712 4262 Francia
1743 4222 1830 4263 re-

238 4292 499 4363 periens,
551 4293 701 4350 misit
758 4296 825 4351 ad
883 4305 1093 4368 patrem
1147 4312 1301 4353 suum
1353 4296 1829 4353 'I‘ransrbenanum

240 4397 432 4452 regem
463 4379 750 4438 llenricum
781 4391 836 4439 et
877 4385 944 4439 ad
968 4384 1218 4441 Ottonem
1246 4386 1469 4442 fratrem
1497 4404 1675 4452 suum,
1698 4386 1829 4442 flore

241 4472 553 4544 pubertatis
591 4473 843 4542 nitidum,
903 4478 1171 4532 mandans
1216 4477 1480 4548 plorabile
1526 4477 1607 4533 sui
1655 4476 1825 4532 detri-
1857 4501 1906 4561 ι)

241 4565 416 4620 menti
443 4565 737 4636 negotium,
767 4574 824 4620 ut
856 4565 1065 4622 adscito
1095 4567 1346 4622 militaris
1374 4584 1565 4623 manus
1583 4568 1828 4624 exercitu

242 4655 522 4712 obsideret
566 4657 1005 4730 Rotbomagum;
1065 4660 1440 4729 redempturus
1497 4659 1548 4713 vi
1597 4667 1650 4714 et
1679 4667 1829 4729 pote-

245 4755 395 4802 state
448 4764 604 4804 suum
654 4749 922 4804 seniorem
957 4764 1138 4822 regem
1181 4749 1530 4805 Ludovicum.
1565 4747 1830 4804 Henricus

247 4848 431 4896 autem
465 4855 561 4896 rex
598 4839 887 4912 Gerbergte
919 4843 1116 4913 regina:
1143 4840 1265 4896 ﬁlia:
1311 4856 1422 4895 sua:
1470 4856 1575 4894 non
1605 4856 1663 4896 se
1697 4855 1828 4895 ven-

249 4939 434 4986 turum
480 4932 763 4988 remandat
813 4935 884 4989 ob
921 4934 1256 4990 obsidionem
1307 4935 1373 4990 ad
1409 4933 1826 5003 ROtbomagum,

247 5023 379 5094 quia
412 5024 604 5079 merito
633 5033 688 5082 et
739 5025 899 5097 digne
926 5033 1090 5096 atque
1129 5025 1336 5080 ultione
1389 5025 1480 5079 Dei
1516 5039 1610 5078 rex
1656 5023 1831 5080 Ludo-

246 5113 404 5169 vicus
431 5114 754 5184 acquisitum
784 5113 1094 5186 praeiudicio
1115 5115 1422 5186 patiebatur
1445 5115 1587 5168 hunc
1611 5127 1826 5178 casum;

248 5203 377 5276 quia
422 5203 588 5260 lilium
632 5205 889 5260 Willelmi
929 5206 1100 5272 ducis,
1155 5206 1246 5276 qui
1294 5221 1393 5275 pro
1438 5205 1693 5261 ﬁdelitate
1732 5220 1828 5260 sua

246 5296 460 5352 Aruulfi
517 5297 740 5368 perﬁdia
781 5299 1054 5366 occubuit,
1099 5308 1317 5370 captum
1371 5299 1422 5353 in
1472 5299 1713 5354 custodia
1751 5305 1830 5353 te-

249 5387 413 5454 nuit;
453 5399 728 5460 totamque
783 5391 1055 5460 regionem
1109 5388 1618 5454 Nortlnuanuieam,
1668 5403 1829 5457 quam

251 5492 382 5532 suus
424 5492 558 5533 avus
616 5479 818 5550 prazliis
872 5480 1181 5551 acquisivit,
1244 5479 1345 5534 sibi
1407 5478 1607 5549 injuste
1654 5477 1829 5532 vindi-

251 5569 416 5623 cavit.

324 5663 533 5720 Interea
556 5681 651 5721 rex
679 5664 1000 5738 ﬂaigroldus
1026 5665 1426 5722 Nortbmannos
1449 5665 1830 5737 Pagensesque

231 5765 443 5810 omnes
473 5756 538 5810 ad
574 5757 882 5814 ﬁdelitatem
938 5757 1189 5813 Richardi
1242 5758 1390 5829 pueri
1425 5757 1662 5812 vicissim
1697 5772 1827 5811 con-

1926 540 2106 586 tenere
2128 545 2223 600 per
2245 529 2428 584 omnia
2456 529 2701 597 cogebat.
2747 524 2918 580 Urbes
2944 532 2998 578 et
3041 521 3262 577 castella
3291 521 3502 576 munire

1913 623 2157 678 ﬁrmiter
2192 621 2499 692 satagebat,
2533 635 2600 674 ne
2644 618 2782 673 forte
2821 615 3035 672 fortuna
3063 615 3206 670 vices
3248 629 3375 671 suas
3401 613 3500 667 ad-

1924 725 2080 767 versa
2111 719 2374 765 verteret.

2540 813 2904 854 APOSTROPHA.

1997 892 2040 948 Ο
2067 892 2208 964 pius,
2241 892 2498 962 prudens,
2530 893 2724 955 bonus,
2749 898 2805 943 et
2829 887 3103 942 modestus
3131 902 3146 950 ;

1995 983 2196 1047 Fortis,
2229 992 2281 1037 et
2309 993 2586 1044 constans,
2612 981 2954 1050 sapiensque,
2985 977 3186 1048 justus,

1997 1075 2178 1138 Dives,
2205 1074 2448 1144 insignis,
2483 1060 2844 1142 locuplesquc,
2877 1070 3067 1136 solers,

2206 1165 2320 1220 Rex
2349 1165 2653 1233 llaigrolde.

1999 1255 2254 1324 Quamvis
2281 1267 2334 1311 et
2363 1273 2469 1310 non
2493 1257 2566 1309 sis
2596 1253 2889 1309 chrismate
2919 1250 3200 1315 delibutus,

1997 1351 2062 1404 Et
2086 1366 2243 1405 sacro
2271 1350 2592 1418 baptismate
2613 1362 2719 1401 non
2751 1353 2968 1398 renatus
2994 1361 3007 1398 :

1994 1439 2076 1495 Eu
2109 1440 2248 1504 vale,
2280 1440 2554 1508 salveque,
2581 1446 2634 1492 et
2662 1446 2818 1493 aveto
2847 1449 3063 1505 semper

2207 1532 2263 1587 In
2297 1533 2518 1588 deitate.

1995 1625 2094 1694 Qui
2117 1625 2445 1681 Richardum
2472 1622 2835 1696 percelebrem
2871 1619 3086 1685 tuendo,

1996 1718 2145 1788 Rege
2176 1727 2353 1786 capto,
2383 1715 2843 1786 Francigeuisque
2873 1715 3081 1770 stratis.

1995 1809 2186 1864 Przelio
2208 1809 2523 1864 certaminis
2548 1817 2603 1862 et
2620 1815 2857 1877 'peraeto

2208 1899 2432 1954 Vindice
2455 1900 2666 1962 dextra,

1997 1991 2167 2062 Regni
2193 1993 2428 2047 habenas
2455 2006 2594 2045 nunc
2617 1990 2863 2044 moderas
2885 1995 3152 2060 potenter,

1996 2083 2066 2138 Et
2094 2084 2227 2154 ligas
2256 2094 2483 2138 cunctos
2506 2082 2627 2137 ﬁdei
2655 2092 2839 2136 tenore
2869 2095 2886 2146 ;

1997 2173 2310 2229 Servientes
2339 2183 2398 2228 ut
2428 2173 2756 2228 famulentur
2784 2188 2994 2236 omnes,

2211 2267 2347 2321 Ecce
2377 2265 2649 2319 Richardo

2001 2358 2304 2422 Innocenti,
2330 2373 2497 2428 prepe
2528 2367 2578 2412 te
2600 2356 2835 2428 pusioni,

1996 2450 2170 2506 Nobili
2199 2451 2558 2521 prosapiaque
2579 2458 2751 2515 creto,

1995 2546 2172 2616 Atque
2197 2543 2407 2599 ﬂorenti
2435 2545 2662 2610 meritis,
2687 2552 2741 2599 et
2773 2557 2889 2598 aevo

2210 2634 2408 2702 Ubere,
2452 2644 2506 2692 et
2543 2635 2704 2689 almo.

1997 2726 2270 2794 Gerberga
2295 2741 2424 2781 vero
2450 2725 2632 2796 regina
2663 2731 2890 2794 paterno
2937 2717 3284 2789 fraternaque
3318 2725 3504 2789 patro-

1928 2816 2071 2872 cinio
2110 2815 2325 2885 penitus
2373 2812 2630 2878 desolata,
2693 2822 2961 2880 tantazque
3008 2808 3300 2862 auxietatis
3343 2806 3511 2862 detri-

1928 2919 2169 2963 mentum
2201 2920 2477 2978 perpessa,
2507 2904 2812 2975 nulliusque
2841 2900 3118 2957 solatuinis
3141 2916 3234 2971 spe
3257 2899 3509 2962 subnixa,

1928 3000 2058 3070 quin
2087 2999 2252 3054 etiam
2285 2997 2480 3052 timens
2527 2995 2754 3066 perdere
2799 3007 2984 3063 regna,
3023 2991 3323 3044 antistitum
3380 3002 3511 3040 con-

1931 3091 2054 3146 silio
2107 3090 2266 3162 petiit
2315 3088 2556 3161 IIugonis
2610 3085 2788 3156 magni
2832 3084 2987 3138 ducis
3023 3080 3297 3152 suffragia.
3337 3077 3511 3144 Quam

1854 3155 1898 3214 C
1931 3183 2084 3254 Ilugo
2107 3155 2221 3237 dux
2255 3155 2503 3252 magnus,
2537 3187 2592 3234 et
2639 3155 2924 3248 episcopos
2951 3189 3072 3228 cum
3105 3171 3194 3226 illa
3224 3170 3513 3224 comitatus

1930 3282 2246 3330 reverenter
2297 3271 2557 3342 suscepit,
2586 3277 2642 3324 et
2671 3284 2792 3338 qua:
2815 3263 3122 3322 necessaria
3154 3271 3312 3318 erant
3344 3262 3514 3316 Itonoo

1930 3369 2081 3424 riﬁce
2131 3365 2481 3429 distribuens,
2527 3377 2711 3416 secum
2772 3359 2965 3414 diebus
3021 3354 3205 3411 multis
3259 3349 3509 3407 detinuit.

1929 3459 2148 3516 Interim
2173 3465 2352 3512 autem
2402 3455 2550 3509 misit
2596 3443 3059 3507 Silvancctensem
3088 3442 3340 3500 comitem
3380 3440 3511 3495 Ber-

1930 3552 2158 3610 nardum
2186 3557 2252 3605 att
2282 3549 2770 3617 Rotltomagensem
2805 3541 3033 3596 militem
3061 3537 3420 3600 Bernardum,
3451 3540 3512 3587 ut

1930 3643 2243 3700 convocatis
2271 3638 2625 3710 optimatibus
2683 3631 3094 3690 Northmannici
3137 3627 3351 3685 consilii
3383 3641 3512 3697 pro-

1929 3743 2150 3808 peraret
2187 3742 2374 3787 contra
2425 3744 2484 3786 se
2530 3728 2597 3782 ad
2648 3734 2897 3780 sanctum
2953 3721 3180 3777 clerum.
3218 3717 3318 3785 Qui
3360 3715 3512 3786 jussa

1930 3827 2092 3882 citius
2128 3824 2272 3879 dicto
2303 3821 2682 3891 adimplentes,
2707 3822 2971 3872 venerunt
3017 3820 3204 3868 contra
3232 3808 3513 3878 Hugonem

1931 3931 2182 3988 tnaguum
2215 3914 2426 3978 ducem,
2455 3916 2732 3982 praeeunte
2758 3904 3056 3970 Bernardo,
3101 3902 3168 3957 ad
3194 3899 3510 3970 pnedictum

1929 4009 2107 4065 locum
2165 4006 2505 4062 festinanter.
2567 4000 2722 4056 'I‘une
2765 3999 2873 4054 dux
2907 4009 3135 4065 magnus
3184 4001 3240 4047 et
3273 3989 3512 4068 episc0pi

1930 4102 2185 4156 dixerunt
2243 4093 2668 4152 Nortbmannis:
2721 4107 2740 4142 ι
2774 4087 3003 4144 Reddite
3053 4091 3300 4140 nostrum
3353 4078 3514 4133 nobis

1930 4192 2200 4247 seniorem
2223 4185 2552 4241 Ludovicum
2582 4197 2785 4254 regem.
2818 4197 2838 4230 ι
2869 4177 2941 4233 At
2968 4173 3044 4230 illi
3077 4190 3092 4228 :
3129 4191 3147 4224 ι
3169 4170 3287 4226 Non
3317 4167 3510 4224 redde-

1933 4295 2037 4350 tur,
2068 4297 2255 4338 verum
2287 4279 2576 4335 tenebitur.
2601 4295 2621 4328 ι
2650 4275 2801 4328 Tunc
2830 4282 3057 4340 magnus
3089 4267 3270 4337 llugo:
3306 4282 3325 4314 ι
3346 4260 3514 4317 Vobis

1931 4385 2112 4431 autem
2140 4373 2394 4428 dabimus
2444 4369 2612 4423 ﬁlium
2644 4364 2762 4436 ejus
2789 4372 2845 4419 et
2869 4363 3004 4418 duos
3050 4359 3350 4429 episcopos,
3381 4354 3512 4408 tiro-

1931 4479 2136 4534 nesque
2166 4463 2359 4518 domus
2397 4474 2509 4515 suae
2537 4472 2674 4526 quos
2710 4463 2951 4526 quotque
2981 4447 3262 4504 volueritis
3304 4460 3400 4514 pro
3419 4457 3508 4506 eo,

1932 4565 1992 4610 ut
2036 4553 2384 4622 Francigena:
2423 4546 2682 4620 prtesules
2728 4543 3082 4611 comitesque,
3137 4545 3192 4592 et
3239 4535 3511 4606 principes

1933 4657 2098 4717 atque
2117 4646 2341 4699 abbates
2371 4642 2591 4697 veniant
2614 4647 2801 4693 contra
2825 4648 2921 4688 vos
2950 4632 3018 4685 ad
3067 4625 3319 4700 prtelimti
3371 4633 3512 4677 tent-

1931 4739 2080 4810 poris
2127 4736 2386 4808 placitum
2431 4751 2447 4800 ;
2509 4741 2571 4786 ut
2618 4734 2962 4784 sacramento
3016 4722 3238 4792 integrae
3263 4728 3510 4785 veraeque

1931 4831 2057 4888 ﬁdei
2085 4840 2286 4885 terram
2327 4821 2766 4880 Nortlunannicaa
2803 4816 3044 4889 regionis
3085 4811 3425 4868 auctorizent
3455 4814 3511 4860 et

1932 4923 2285 4982 corroborent
2313 4927 2476 4989 atque
2519 4913 2773 4970 sauciant
2801 4905 2993 4965 (futues
3017 4901 3292 4962 Rieltardo
3327 4908 3383 4954 et
3407 4911 3506 4967 po-

1931 5016 2094 5073 steris
2145 5013 2260 5070 suis
2288 5013 2342 5067 in
2393 5016 2732 5082 perpetuum.
2757 5025 2775 5058 »
2808 5004 2920 5059 Iloc
2949 5013 3182 5070 namque
3222 4992 3508 5052 consilium

1931 5108 2432 5165 Northmannorum
2477 5102 2751 5173 principes
2787 5095 3174 5158 collaudantes,
3217 5097 3273 5144 et
3319 5087 3373 5142 in
3401 5083 3510 5139 llu-

1933 5202 2090 5275 gonis
2123 5197 2302 5270 magni
2335 5196 2488 5252 ducis
2517 5194 2623 5249 ﬁde
2671 5207 2821 5260 spem
2855 5187 3019 5244 totius
3069 5181 3280 5239 ﬁduciae
3309 5176 3512 5275 baben-

1935 5270 2036 5357 tes,
2071 5290 2421 5346 reddiderunt
2444 5301 2646 5356 regem,
2673 5283 2840 5337 ﬁlium
2870 5278 3010 5349 ejus,
3035 5276 3276 5346 duosque
3305 5270 3512 5342 episce-

1932 5400 2030 5456 pos
2059 5383 2355 5438 Hildierum
2387 5379 2786 5439 Belvaceusem,
2814 5382 2868 5428 et
2918 5371 3221 5427 Guidoucm
3265 5365 3510 5422 Suessio-

1934 5489 2177 5538 nensem,
2209 5483 2266 5526 et
2288 5469 2718 5542 quamplurimas
2769 5465 2972 5519 milites
3001 5478 3100 5534 pro
3129 5476 3195 5518 eo
3244 5456 3510 5526 recipien-

1936 5579 2035 5624 tes.
2076 5565 2229 5636 Ilugo
2283 5578 2413 5620 vero
2443 5576 2668 5633 magnus
2705 5559 2926 5615 deduxit
2953 5571 3134 5629 regem
3187 5554 3254 5609 ad
3299 5565 3420 5616 sua,
3449 5556 3512 5604 ut

1932 5659 2405 5731 congratularetur
2427 5671 2546 5711 cum
2570 5654 2684 5710 suis
2703 5663 2756 5709 et
2787 5667 2957 5708 uxore
2987 5665 3106 5707 sua.
3137 5649 3354 5704 Statqu
3379 5658 3511 5699 vero

1935 5751 2140 5809 deﬁniti
2173 5749 2386 5808 termini
2422 5759 2683 5820 tempore,
2717 5748 2885 5804 ascita
2919 5743 3140 5802 militari
3173 5756 3358 5806 manu,
3386 5750 3509 5792 cum
