4032 6390
614 328 713 385 7Il

1518 284 1820 386 DUDONIS
1849 323 2101 383 escam
2134 320 2193 381 s.
2226 323 2533 394 QUINTlNl
2576 317 2951 386 montano.
3087 309 3101 320 '
3142 294 3150 302 ’
3725 338 3802 400 τις

613 440 932 518 praesulibus
958 440 1227 508 Franciaa,
1259 442 1412 499 venit
1456 459 1551 499 rex
1582 460 1745 515 super
1782 441 2000 497 ﬂuvium
2053 439 2201 511 Eptae
2228 442 2280 502 A
2307 443 2603 512 praeclaris,
2621 442 3233 515 coepitprmdignisbona
3246 449 3806 517 operatmniscoruscare

615 544 806 591 contra
839 532 1267 600 Nortlimannos,
1291 551 1418 591 cum
1460 551 1657 608 magno
1677 536 1813 592 duce
1839 534 2081 606 IIugone.
2117 534 2205 589 Li-

614 626 811 694 cetque
836 623 979 680 ﬁlius
1007 640 1160 693 suus,
1200 640 1364 696 quem
1388 642 1489 696 pro
1539 641 1599 682 se
1641 627 1882 693 dederat,
1924 634 2069 681 esset
2098 626 2205 681 Ro-

615 714 957 787 tbomagensi
1007 719 1143 772 urbe
1196 725 1473 786 mortuus,
1507 718 1757 774 manibus
1806 732 1968 788 supra
2011 718 2203 790 phyla-

617 807 790 861 cteria
819 807 1173 878 reliquiarum
1222 809 1437 879 positis,
1485 811 1721 880 propriis
1749 809 1933 865 verbis
1958 807 2086 865 fecit
2116 824 2199 865 se-

617 893 906 952 curitatem
952 899 1125 969 regni,
1174 900 1319 969 quod
1352 915 1483 956 suus
1529 914 1662 954 avus
1702 897 1857 954 Rullo
1907 899 1961 954 vi
2008 914 2074 954 ac
2100 914 2198 969 po—

618 997 838 1056 testate,
891 991 1061 1046 armis
1107 1000 1162 1047 et
1205 990 1406 1063 prazliis
1456 992 1558 1047 sibi
1618 991 1925 1063 acquisivit.
1980 991 2101 1064 Ipse
2146 1001 2202 1049 et

619 1095 809 1139 omnes
836 1082 1099 1154 episcopi,
1129 1084 1357 1139 comites
1382 1090 1438 1139 et
1462 1084 1687 1141 abbates
1715 1083 2026 1150 reverendi,
2047 1084 2200 1154 prin-

619 1171 874 1243 cipesque
896 1173 1141 1228 Francia:
1183 1173 1334 1244 regni
1364 1172 1639 1229 Richardo
1679 1189 1848 1244 puero
1896 1174 2199 1239 innocenti,

620 1271 680 1317 ut
711 1271 890 1319 teneat
912 1274 966 1318 et
991 1263 1288 1334 possideat,
1315 1272 1372 1319 et
1425 1265 1590 1320 nullis
1635 1266 1741 1321 nisi
1782 1264 1892 1321 Deo
1918 1263 2200 1320 servitium

621 1370 735 1425 Ipse
774 1365 830 1411 et
856 1357 1131 1412 successio
1158 1355 1276 1426 ejus
1323 1357 1515 1413 reddat
1546 1374 1562 1424 ;
1592 1366 1646 1414 et
1692 1359 1739 1413 si
1778 1358 1900 1429 quis
1932 1371 2205 1429 perversae

620 1445 918 1503 invasionis
971 1447 1241 1504 rixatione
1267 1457 1459 1505 contra
1485 1465 1608 1505 eum
1657 1450 1937 1521 congredi,
1972 1448 2059 1505 vel
2106 1449 2205 1505 ali-

595 1537 776 1609 cujus
801 1540 1094 1597 rixationis
1121 1544 1507 1614 congressione
1535 1543 1792 1599 invadere
1820 1558 2045 1616 regnum
2090 1559 2207 1599 ma-

619 1629 810 1699 luerit;
844 1633 1138 1691 ﬁdissimus
1165 1636 1381 1707 adjutor
1413 1637 1468 1692 in
1497 1638 1645 1693 omni
1680 1638 1923 1699 adversae
1949 1639 2205 1710 inoppor-

620 1722 869 1780 tnnitatis
892 1726 1223 1783 necessitate
1251 1743 1350 1799 per
1369 1729 1550 1784 omnia
1573 1729 1864 1784 exstiterit.
1892 1728 1991 1786 His
2027 1730 2206 1785 taliter

2294 534 2567 592 divinitus
2588 537 2764 592 factis.
2781 536 2996 591 Aimula
3020 538 3275 593 virtutum
3293 544 3807 621 proponebatlargitlno

2306 627 2530 695 praemia
2588 628 2827 692 cunctis,
2886 629 3286 701 monachosque
3318 639 3373 684 et
3422 632 3649 701 clericos,
3686 647 3807 709 atque

2306 716 2474 773 laicos
2511 719 2738 789 cogebat
2769 718 3083 775 incumbere
3133 718 3477 777 fanmlatibns
3508 724 3693 782 divinis.
3724 729 3806 786 llo-

2303 807 2454 862 ribus
2492 817 2669 864 autem
2699 816 2754 864 et
2791 808 3000 864 meritis
3059 810 3336 880 splendide
3388 810 3612 881 fulgebat
3641 817 3806 887 opimis,

2302 900 2533 970 istisque
2572 900 2775 956 clerum
2811 916 2875 957 ac
2901 903 3154 973 populum
3187 912 3409 959 strenue
3436 907 3807 965 moderabatha-

2302 989 2479 1046 benis.
2544 990 2752 1047 Vindex
2779 1001 2960 1048 autem
2988 1001 3108 1048 erat
3147 1008 3373 1050 severus
3405 997 3666 1063 scelerum,
3689 1000 3809 1072 largi.

2300 1082 2547 1154 ﬂuusque
2591 1084 2933 1155 dispensator
2984 1084 3268 1142 bonorum.
3314 1087 3604 1161 Sylvestres
3632 1107 3808 1164 namque

2301 1175 2466 1245 dapes
2498 1175 2686 1246 ingens
2713 1176 3049 1232 diversarum
3078 1175 3317 1232 ferarum
3344 1179 3493 1248 copia
3529 1181 3807 1239 ministrabat

2300 1263 2395 1327 illi,
2430 1266 2554 1335 quia
2604 1274 2727 1336 post
2757 1266 3049 1339 legitimam
3084 1266 3273 1336 judicii
3315 1267 3629 1339 iustitiaeque
3653 1273 3807 1329 discus-

2302 1354 2533 1422 sionem,
2565 1358 2809 1412 tradebat
2834 1372 2893 1413 se
2912 1359 3155 1415 venatui.
3188 1358 3397 1415 Meritis
3420 1372 3615 1415 mactus
3647 1378 3809 1419 succes-

2304 1442 2455 1506 sibus
2503 1449 2784 1505 crescebat
2839 1449 3175 1517 adolescens,
3219 1451 3588 1522 pullulantium
3611 1453 3808 1512 virtutum

2303 1542 2721 1613 exaggeratione
2748 1541 2882 1596 vitia
2904 1541 3146 1598 abolens.
3172 1541 3619 1599 Tendebatsolcrs
3633 1560 3808 1614 sequax-

2305 1647 2412 1705 que
2463 1629 2809 1693 perfectionis
2869 1634 2935 1689 ad
2970 1648 3241 1689 summum
3301 1633 3571 1699 bonitatis,
3615 1638 3810 1707 utqtiiret

2307 1724 2568 1798 gratulari
2620 1723 2815 1781 futurae
2871 1725 3075 1795 requiei
3121 1734 3368 1796 tempore
3401 1742 3517 1781 cum
3549 1729 3734 1783 sanctis.
3758 1729 3809 1784 Eo

619 1813 873 1887 legitimae
917 1818 1250 1876 deﬁnitionis
1289 1819 1540 1877 facundia
1597 1822 1975 1879 determinatis
2005 1866 2020 1890 ,
2072 1840 2198 1895 rege
2226 1811 2274 1871 Β
2301 1830 2535 1887 namque
2590 1823 2835 1887 tempore
2895 1827 3015 1871 erat
3069 1817 3293 1887 quidam
3344 1816 3660 1888 Βοάυιριιυει
3698 1818 3807 1888 cuius

620 1903 892 1962 Ludovico
916 1915 1149 1976 astante,
1186 1907 1519 1981 Hugoneque
1556 1927 1750 1983 magno
1785 1913 1922 1968 duce
1966 1922 2022 1968 et
2066 1914 2198 1982 suis,

620 2012 877 2068 proceres
920 1998 1203 2055 Britonum
1252 2010 1308 2057 et
1349 2003 1643 2073 optimates
1692 2003 2053 2060 Northmanni
2103 2004 2203 2061 Ri-

620 2090 826 2146 cbardo
856 2107 1025 2163 puero
1057 2091 1343 2150 ineﬂ‘abilis
1399 2094 1691 2165 probitatis
1716 2096 1836 2152 vice
1874 2097 2055 2153 cordis
2090 2112 2203 2153 ma-

620 2181 780 2237 nibus
801 2181 1157 2239 libentissime
1179 2184 1341 2252 datis,
1366 2195 1708 2242 sacramento
1736 2186 2011 2243 ﬁdissimae
2046 2186 2205 2243 Chri-

620 2273 812 2329 stianae
841 2274 1152 2331 securitatis
1189 2274 1438 2332 fecerunt
1482 2278 1679 2333 iterum
1725 2262 1885 2334 ﬁdem
1933 2279 2205 2335 militatio-

620 2367 729 2432 nis,
761 2366 1057 2438 auxiliique
1108 2376 1165 2423 et
1208 2368 1439 2425 servitii.
1475 2367 1629 2426 Tunc
1683 2369 2104 2425 Northmannici
2149 2378 2205 2426 et

620 2459 868 2515 Britones
896 2459 1229 2516 Ricbardum
1278 2462 1411 2517 tanti
1444 2461 1688 2530 honoris,
1723 2472 1993 2534 tantaeque
2030 2463 2206 2535 digni-

624 2553 770 2618 tatis,
805 2562 1075 2624 tantzeque
1103 2554 1307 2625 speciei
1332 2570 1561 2626 puerum
1586 2556 1931 2611 adduxerunt
1970 2557 2198 2611 nimium

622 2644 921 2713 gaudentes
936 2645 1354 2717 Rothomagum.
1371 2645 1505 2702 Cum
1533 2657 1712 2703 autem
1738 2649 2019 2720 utriusque
2044 2664 2207 2706 sexus

610 2732 798 2802 Senes,
832 2734 1187 2808 iuvenesque,
1235 2738 1413 2808 pueri,
1463 2747 1518 2793 et
1572 2739 1829 2806 infantes,
1885 2740 2019 2796 urbe
2048 2740 2206 2795 terri-

625 2827 878 2899 torioqu
926 2827 1093 2900 ipsius
1139 2830 1260 2900 pagi
1305 2839 1748 2898 commorantes,
1810 2832 2207 2903 comperissent

624 2919 766 2989 quod
803 2919 1105 2976 Ricbardus
1145 2920 1467 2978 desiderata:
1497 2922 1723 2980 visionis
1755 2940 1891 2995 puer
1934 2925 2209 2981 accelera-

624 3023 726 3077 ret,
756 3012 1039 3069 frendente
1066 3012 1226 3088 vulgg
1250 3013 1456 3084 passim
1483 3030 1595 3086 pra:
1614 3017 1831 3087 gaudio,
1862 3016 2210 3088 irruenteque

624 3103 900 3175 profusius
941 3119 1105 3176 super
1150 3104 1363 3176 plebem
1396 3105 1571 3176 plebe,
1618 3123 1715 3179 pro
1747 3120 2077 3180 recuperata:
2115 3126 2205 3165 sa-

624 3194 753 3251 lutis
782 3194 995 3261 solatio,
1019 3193 1414 3266 comprimente
1438 3195 1644 3262 feriter,
1678 3199 1850 3254 turbis
1899 3200 2208 3256 innumera-

624 3283 828 3341 bilibus
879 3285 1248 3357 exaggeratis,
1298 3286 1553 3358 pepulum
1609 3288 1825 3361 p0pulo,
1876 3287 2210 3348 festinabant

626 3393 852 3435 currere
883 3395 898 3443 ;
930 3377 1059 3435 licet
1101 3394 1211 3435 non
1257 3378 1502 3436 valerent
1546 3391 1745 3439 mutuae
1771 3395 2210 3457 coacervataeqne

625 3469 994 3541 oppressionis
1037 3471 1313 3544 [impediti
1344 3471 1644 3542 obstaculo,
1674 3475 1887 3533 obviam
1940 3480 2017 3534 ire
2048 3478 2206 3535 abui-

624 3557 746 3615 ﬂuae
790 3559 1166 3633 melliﬁuaeque
1208 3563 1529 3619 innocentiae
1580 3575 1767 3636 puero.
1815 3566 2002 3624 Clerus
2043 3569 2209 3626 totius

626 3652 888 3725 regionis,
917 3655 1081 3710 rebus
1118 3655 1434 3712 monasticis
1463 3661 1802 3729 praeparatis,
1854 3659 1940 3715 vix
1984 3673 2209 3733 propter

627 3746 883 3819 impetum
919 3748 1263 3805 tumultuosa:
1292 3748 1653 3806 multitudinis
1701 3760 1853 3808 extra
1896 3753 2205 3810 suburbana

628 3839 1077 3911 ltotltomagcnsis
1118 3842 1266 3897 urbis
1310 3842 1535 3909 evsiliit,
1568 3844 1986 3915 collaudansque
2038 3846 2206 3903 Deum

626 3929 877 3984 recidiva:
928 3929 1159 4000 tripudio
1213 3932 1409 4001 prolis,
1462 3931 1749 4003 lerensqne
1806 3950 2032 4004 corpora
2083 3955 2210 3993 san-

626 4031 839 4075 ctorum
889 4021 943 4074 in
976 4019 1211 4088 feretris,
1265 4022 1491 4078 deduxit
1542 4037 1665 4079 eum
1701 4026 1768 4080 ad
1822 4024 1996 4080 altare
2037 4043 2208 4099 usque

628 4124 830 4167 sanctae
862 4112 955 4168 Dei
978 4113 1279 4182 genitricis.

1234 4282 1595 4326 APOSTBOPHA.

772 4379 914 4437 Urbs
940 4380 1237 4450 luculenta,
1273 4385 1481 4441 micans
1512 4386 1683 4443 milite
1710 4403 1887 4455 sacro,

769 4471 1209 4544 Cuncturnmque
1236 4475 1500 4531 bonorum
1528 4479 1693 4534 ubere
1714 4479 1893 4550 plena,

770 4563 1083 4636 Tranquilla
1110 4566 1355 4624 residens
1380 4565 1544 4624 clIcra
1568 4580 1781 4639 portus,

768 4653 811 4710 Ο
833 4654 1335 4727 Rotbomage,cape
1357 4669 1575 4728 perpete
1597 4657 1714 4715 lzeta

770 4747 964 4803 Divino
999 4748 1249 4804 reducem
1286 4759 1507 4806 nectare
1535 4750 1777 4823 plenum,

770 4838 1174 4911 Patriciumque
1201 4839 1391 4897 ducem
1415 4840 1538 4911 jure
1557 4854 1853 4914 potentem.

767 4929 1027 4988 Miriﬁcus
1058 4931 1315 5002 quoniam
1343 4931 1435 4988 hic
1458 4933 1853 5009 almiﬁcnsqne,

770 5024 1051 5081 Mellilluus
1070 5025 1279 5095 pariter
1305 5025 1435 5093 dux,
1458 5041 1659 5095 comes,
1695 5039 1857 5100 atque

771 5116 1039 5176 Patricius
1067 5118 1163 5175 tibi
1193 5119 1320 5186 erit,
1354 5120 1600 5177 marcltio
1620 5132 1898 5179 constans.

770 5208 837 5265 Et
860 5208 1011 5281 cujus
1038 5209 1236 5266 famam
1261 5210 1388 5266 olim
1415 5211 1747 5268 redolentem

770 5302 981 5377 Augere
1004 5320 1272 5376 propenso
1293 5312 1374 5361 sat
1400 5306 1747 5377 probitatem.

772 5395 1016 5464 Quatuor
1037 5405 1325 5469 agnoscent
1352 5398 1569 5455 climata
1598 5399 1790 5463 cosmi.

777 5488 1029 5546 Sanctior
1053 5492 1322 5548 exstiterit
1343 5508 1504 5549 nemo
1532 5495 1676 5565 quod
1712 5493 1851 5565 ipso,

773 5579 831 5635 In
862 5579 1025 5647 facto,
1060 5583 1225 5652 dicto,
1248 5585 1376 5655 quin
1402 5586 1682 5642 meditatu.

771 5669 962 5726 Exstat
992 5688 1113 5728 nam
1144 5675 1197 5730 in
1232 5676 1404 5733 tribus
1433 5678 1517 5735 his
1541 5695 1750 5735 summa
1775 5683 1977 5752 negoti.

702 5763 848 5822 Illico
888 5766 1210 5829 satellitibus
1274 5770 1611 5844 constipatus
1648 5776 2084 5845 prudentissimis
2149 5789 2205 5837 et

2233 3156 2280 3222 C

2301 1925 2566 1982 agnomen
2596 1908 2762 1965 Torta
2820 1910 3141 1975 vocabatur,
3178 1911 3271 1980 qui
3300 1912 3463 1966 totius
3485 1909 3809 1967 Northmanni:

2302 2002 2565 2059 honorem
2604 2008 2727 2071 post
2757 2009 2987 2056 mortem
3018 1997 3276 2055 Willelmi
3319 2001 3479 2055 altius
3499 2003 3683 2056 caneris
3700 2016 3808 2056 com-

2302 2092 2528 2165 paribus
2575 2091 2676 2146 sibi
2716 2090 3046 2154 vindicabat,
3081 2097 3137 2145 et
3177 2103 3266 2145 res
3296 2089 3682 2161 dominicijuris
3706 2092 3809 2145 inde

2303 2195 2491 2241 center
2514 2184 2617 2239 sibi
2654 2183 2966 2253 usurpabat.
3019 2183 3394 2238 Distribuebat
3459 2184 3809 2254 unoquoquedie

2302 2275 2578 2332 Bicltardo
2628 2276 2836 2330 decenti
2887 2289 3057 2345 puero
3108 2288 3231 2329 cum
3276 2275 3391 2329 suis
3427 2275 3663 2329 tironibus
3686 2274 3806 2328 diaria

2303 2385 2570 2442 propensa
2615 2368 2857 2425 denariis
2896 2369 2979 2423 bis
3017 2375 3102 2423 ter
3154 2366 3359 2423 tribus.
3395 2366 3807 2439 Atlligebanturque

2303 2462 2422 2532 ejus
2455 2462 2753 2533 domigena:
2780 2462 3003 2533 penuria
3038 2461 3326 2517 constricti
3362 2462 3599 2533 nequiter
3619 2470 3663 2516 et
3686 2460 3801 2515 fame.

2305 2556 2644 2627 Quapropter
2683 2552 2989 2613 Ricbarrlus
3045 2555 3317 2611 industris
3355 2555 3583 2612 Scientiae
3611 2554 3803 2624 ephebus.

2308 2647 2497 2702 ascitis
2527 2646 2765 2716 regionis
2819 2644 3236 2701 Nortbtnanuia:
3271 2647 3610 2718 principibus,
3632 2645 3732 2715 quid
3760 2645 3805 2700 de

2308 2737 2493 2808 inopia
2549 2738 2775 2792 modicae
2806 2737 3202 2794 distributionis
3260 2747 3464 2811 ageret,
3495 2738 3558 2794 ab
3582 2738 3650 2793 eis
3670 2735 3805 2791 scisci-

2308 2838 2473 2885 tatur.
2496 2829 2773 2901 Principes
2803 2845 2953 2896 vero,
2982 2831 3106 2902 quia
3143 2831 3220 2886 illi
3248 2842 3705 2888 sacramentovene
3721 2826 3804 2883 ﬁdei

2308 2920 2566 2991 colligati,
2620 2929 2674 2975 et
2730 2921 2991 2991 aliquanti
3046 2922 3335 2979 beneﬁciis
3394 2921 3506 2993 ejus
3558 2918 3804 2982 muniﬁcati,

2309 3018 2695 3071 nuntiaverunt
2717 3016 2948 3072 Rodull’o
2971 3019 3262 3088 agnomine
3287 3018 3464 3075 Torta:
3490 3016 3805 3072 animositatem

2311 3110 2599 3169 irascentis
2645 3112 2897 3168 senioris.
2970 3112 3064 3168 Ille
3102 3121 3287 3167 autem
3344 3111 3805 3168 commilitoncssuos

2310 3203 2520 3259 remisit
2556 3204 2624 3259 ad
2655 3202 2985 3259 Ricbardum
3047 3205 3416 3276 sagacissime
3458 3200 3701 3275 probitatis
3717 3211 3807 3269 pue-

2309 3310 2451 3362 rum,
2503 3295 2802 3367 deprecans
2842 3304 2900 3351 ut
2933 3296 3122 3355 liceret
3161 3298 3352 3353 venire
3386 3313 3442 3353 se
3471 3305 3586 3351 ante
3621 3293 3805 3356 illum,et

2310 3389 2530 3459 expiare
2574 3404 2634 3445 se
2667 3389 2751 3446 his
2778 3390 2974 3461 quibus
2993 3389 3298 3447 otienderat
3320 3406 3462 3447 cum.
3502 3388 3633 3443 Tunc
3660 3393 3805 3439 inemo-

2309 3480 2460 3536 rialis
2516 3495 2668 3550 puer,
2715 3483 2969 3552 expensis
3009 3481 3222 3538 illorum
3256 3481 3613 3553 petitionibus,
3646 3489 3804 3544 respon-

2309 3573 2454 3630 disse
2480 3572 2653 3629 Iertur
2683 3587 2700 3628 :
2736 3593 2754 3627 σ
2776 3574 2940 3631 Scitis
2961 3591 3139 3631 meum
3166 3591 3329 3631 avum
3356 3575 3491 3631 hanc
3522 3572 3680 3628 urbem
3704 3579 3801 3639 ιπε-
3848 3612 3854 3618 .

2308 3668 2396 3724 liis
2446 3667 2748 3724 vindicasse
2796 3668 2922 3724 sibi.
2962 3686 2982 3722 ι
3026 3668 3442 3739 Responderunt
3481 3684 3493 3720 :
3532 3682 3549 3716 ι
3576 3661 3797 3718 Scimus:

2308 3758 2376 3814 Et
2407 3757 2495 3815 ille
2525 3778 2539 3814 :
2574 3777 2593 3810 ι
2633 3758 2853 3816 Mensae
2897 3768 3054 3830 pater
3090 3770 3239 3817 sorte
3266 3757 3591 3817 luereditaria
3614 3755 3721 3810 hanc
3742 3761 3801 3802 ur-

2307 3850 2429 3907 bem
2462 3852 2678 3908 tenuit?
2708 3852 2895 3910 Nonne
2929 3863 3050 3925 post
3095 3855 3181 3909 avi
3214 3856 3490 3926 patrisque
3509 3862 3667 3907 necem
3683 3840 3803 3915 possi-

2309 3942 2439 3999 dere
2495 3941 2619 4013 jure
2652 3943 2998 4000 lucreditario
3045 3946 3259 4002 debeo?
3290 3945 3473 4000 Videte
3495 3942 3535 3999 si
3558 3949 3684 4013 pater
3705 3934 3798 4002 eius.

2310 4047 2404 4091 aut
2426 4052 2582 4104 avus,
2618 4045 2711 4092 aut
2740 4053 2994 4107 proavus,
3028 4040 3171 4095 banc
3207 4040 3396 4096 urbem
3426 4046 3483 4093 ut
3502 4044 3628 4091 tenet
3651 4025 3797 4088 tenuit;

2308 4137 2363 4185 et
2381 4128 2650 4184 rimamini
2666 4128 2821 4199 cujus
2837 4137 2920 4184 est
2949 4130 3344 4200 pnejudicium,
3369 4143 3534 4184 meum
3555 4140 3612 4178 an
3636 4130 3795 4177 suum.»

2308 4217 2418 4273 Illis
2442 4227 2621 4274 autem
2655 4234 2822 4290 super
2868 4220 3071 4276 talibus
3123 4221 3281 4278 dictis
3311 4231 3495 4291 stupen
3521 4218 3641 4280 ibus,
3668 4210 3799 4295 subin-

2311 4310 2499 4365 tulisse
2537 4319 2697 4366 caute
2742 4312 2988 4368 dicitur:
3033 4330 3053 4365 ι
3093 4314 3151 4370 Si
3206 4323 3446 4370 nostram
3498 4309 3689 4384 gratiam
3722 4295 3800 4352 τυΙι

2308 4402 2610 4471 promereri
2677 4402 2971 4470 ullatenus,
3017 4414 3177 4462 exeat
3216 4422 3247 4462 a
3286 4406 3502 4463 civitate
3552 4395 3797 4473 quantocius

2231 4505 2285 4566 ι)
2313 4492 2426 4564 ipse
2447 4503 2500 4549 et
2527 4493 2706 4549 omnis
2754 4494 2959 4551 familia
2990 4496 3140 4568 ejus;
3174 4507 3230 4554 et
3266 4509 3499 4555 moretur
3549 4495 3595 4549 in
3618 4489 3709 4544 villa
3725 4496 3797 4540 υιιο

2312 4585 2567 4641 milliario
2613 4586 2680 4642 ab
2727 4585 2862 4642 urbe
2909 4598 3245 4661 segregatus,
3294 4590 3460 4645 donec
3498 4587 3670 4657 legatos
3709 4586 3796 4631 θυοδ

2314 4680 2445 4736 mihi
2497 4681 2698 4748 mittat,
2721 4690 2778 4738 et
2799 4682 2930 4753 quid
2976 4683 3051 4738 illi
3086 4684 3473 4740 remandavero
3493 4677 3665 4735 audiat.
3690 4664 3797 4737 (1Wl

2312 4771 2356 4827 si
2384 4771 2784 4843 ﬂoccipenderit
2828 4783 3028 4831 nostra:
3050 4777 3423 4847 pmceptionis
3444 4770 3705 4830 consilium,
3728 4772 3795 4815 ηοξ

2313 4862 2627 4919 abdicamus
2660 4865 2989 4922 omnimodis
3026 4881 3185 4934 eum;
3225 4877 3281 4924 et
3320 4867 3576 4922 mittemus
3596 4859 3649 4915 ad
3675 4854 3797 4911 Fran-

2312 4954 2551 5026 cigenas,
2611 4960 2671 5012 ut
2708 4972 2872 5029 super
2906 4958 3009 5014 hoc
3043 4960 3259 5031 negotio
3316 4960 3440 5014 dent
3477 4953 3612 5011 nobis
3638 4943 3795 5005 salubre

2311 5048 2621 5104 consilium.
2663 5070 2682 5103 ι
2718 5050 2954 5125 ΙΙΙίξνθτο
2982 5067 3104 5124 quae
3135 5054 3418 5109 audierant
3442 5043 3647 5106 Rodulfo
3668 5038 3794 5094 Torta

2310 5140 2780 5198 renuntiaverunt.
2820 5142 2911 5198 llle
2939 5157 3067 5200 vero
3092 5145 3400 5216 egressione
3430 5157 3518 5199 sua
3538 5134 3798 5225 suorum“?

2310 5241 2506 5305 putans
2559 5231 2762 5303 placari
2818 5235 3088 5292 seniorem
3119 5252 3304 5304 suum;
3344 5236 3466 5307 quin
3499 5231 3639 5288 etiam
3659 5222 3798 5311 forati]

2310 5323 2445 5379 dans
2496 5334 2951 5397 superventurum
3017 5328 3294 5388 Francicze
3331 5325 3495 5400 gentis
3537 5315 3797 5379 exercitum.‘

2309 5412 2614 5486 digrediens
2642 5432 2764 5472 cum
2788 5418 2937 5474 omni
2968 5417 3171 5475 familia
3196 5436 3226 5475 a
3264 5420 3490 5482 civitate,
3516 5414 3712 5468 moratus
3731 5402 3791 5453 est

2309 5508 2366 5563 in
2419 5511 2592 5581 pratis
2649 5514 3002 5571 rusticorum.
3063 5514 3286 5572 Interim
3348 5506 3621 5569 Richardus
3671 5502 3790 5593 uti}?

2308 5602 2587 5662 industriae
2617 5622 2752 5677 puer
2788 5609 3072 5666 conﬁrmat
3095 5609 3197 5666 sibi
3238 5610 3550 5664 sacramento
3576 5609 3687 5653 tere
3700 5587 3793 5692 title}

2308 5695 2492 5752 devios
2546 5700 2763 5768 milites,
2812 5700 3064 5759 sanciens
3114 5700 3325 5759 vinculo
3391 5680 3792 5782 titlelitatishell“?l

2312 5787 2473 5845 totius
2495 5790 2643 5847 urbis
2680 5792 2951 5852 concives.
2988 5792 3234 5854 Insecuta
3262 5804 3484 5863 namque
3529 5784 3618 5850 die.
3645 5771 3792 5831 RW"
