4032 6454
190 390 284 448 713

586 382 676 439 DE
714 379 961 439 GESTIS
998 373 1431 435 NORMANNUE
1472 373 1722 432 DIJCUII
1746 371 1927 430 LIBRI
1966 369 2170 431 TRES.
2212 399 2282 411 --
2316 366 2446 426 LIB.
2487 364 2574 425 III.
2604 364 3027 427 RICHARDUS.

3329 344 3437 429 ili

192 500 267 557 l‘ns
286 498 438 553 Torta
462 495 641 568 plures
691 490 1124 550 commilitonum
1152 488 1221 544 ad
1261 495 1426 544 tanta:
1440 487 1590 545 misit
1618 501 1736 543 mo-
1768 493 1816 554 Α
1845 484 2123 549 tentionis,
2154 483 2380 554 cupiens
2407 491 2461 539 et
2491 475 2806 540 desiderans
2837 482 3001 565 ﬁliam
3031 497 3189 541 suam
3215 486 3442 557 conjun-

192 591 361 648 destite
397 602 638 658 puerum,
669 593 728 639 ut
757 583 1099 654 permitteret
1149 596 1210 637 se
1233 581 1298 635 ad
1315 580 1666 650 judicandum
1689 586 1747 634 et

193 680 249 735 ad
274 677 658 748 justiﬁt-andtmt
686 675 869 731 venire
892 686 1017 727 ante
1041 672 1212 735 illum,
1231 670 1570 741 recipiendo;
1590 668 1747 739 ignus

192 770 482 825 CITL'IISIOIIIS
544 768 804 822 debitmn.
852 765 1006 819 Tune
1038 779 1173 833 puer
1212 774 1513 834 praecautus
1544 771 1749 833 arguta:

194 861 369 916 tuentis
413 857 753 913 animositate
816 863 1121 911 commotus
1160 872 1174 906 :
1210 866 1259 905 ’‹
1318 853 1503 919 Scitis,
1550 854 1746 922 inquit,

193 951 610 1022 quiainauditnm
641 948 1009 1017 prtejudicium
1039 946 1170 1000 mihi
1198 945 1325 1000 olim
1355 945 1482 1001 fecit
1510 948 1536 999 τ’
1563 964 1581 996 ι
1619 944 1750 1000 Res-

195 1043 473 1115 ponderunt
505 1056 519 1093 :
554 1061 570 1092 ι
602 1041 834 1095 Scimus.
862 1058 882 1091 ι
914 1069 985 1079 --
1021 1059 1039 1092 ι
1084 1034 1274 1093 Nonne
1306 1038 1611 1093 temeritate
1639 1044 1753 1093 sum.

194 1136 410 1189 audacia:
440 1134 614 1187 adhuc
648 1130 989 1187 facit?Prata
1021 1131 1346 1186 rusticorum
1379 1144 1622 1184 meorum
1652 1127 1751 1183 fal—

194 1228 331 1283 cibus
353 1226 540 1289 londit,
582 1226 737 1296 equis
769 1223 1033 1303 depascit,
1067 1223 1310 1278 calcibus
1339 1223 1595 1287 conterit,
1629 1235 1754 1275 vac-

195 1335 274 1374 cas
299 1328 351 1374 et
377 1318 591 1381 arietes,
623 1328 807 1371 tauros
832 1324 889 1371 et
928 1330 1122 1386 porcos
1147 1314 1349 1370 occidit
1405 1323 1462 1369 et
1496 1312 1750 1370 comedit.

194 1411 244 1466 Si
277 1426 374 1465 non
425 1409 740 1465 discesserit
773 1426 803 1464 a
844 1408 1047 1464 nostris
1098 1408 1298 1464 ﬁnibus
1336 1408 1754 1471 exterminatus,

198 1503 414 1559 incurret
442 1502 683 1556 debitum
711 1502 1011 1572 periculum
1044 1501 1299 1557 velocius.
1334 1501 1485 1569 Quod
1510 1500 1756 1555 suasistis

196 1609 347 1665 usque
372 1595 547 1657 modo,
575 1593 649 1647 illi
681 1593 926 1649 etadhuc
952 1593 1190 1648 suadetis
1225 1611 1238 1647 :
1270 1593 1374 1647 sed
1415 1606 1754 1661 nequaquam

197 1687 261 1743 illi
313 1684 561 1757 proderit.
613 1703 633 1737 ι
682 1685 759 1740 Illi
806 1694 988 1749 antem
1046 1700 1210 1754 super
1242 1683 1440 1738 talibus
1462 1683 1624 1738 dictis
1656 1683 1756 1738 ad-

198 1779 451 1840 mirantes,
517 1776 837 1831 cccidernnt
894 1774 947 1829 in
1001 1774 1197 1829 faciem
1257 1789 1435 1838 suam,
1473 1773 1753 1827 dicentes:

202 1883 219 1917 ι
255 1865 484 1930 Domine,
536 1866 859 1936 precamur‘
882 1879 950 1917 ne
1002 1865 1291 1927 irascatur,
1342 1879 1477 1918 neve
1503 1862 1757 1918 desaeviat

198 1956 242 2011 iu
277 1973 366 2012 nos
402 1956 551 2012 furor
602 1965 754 2021 tuus;
793 1955 916 2025 quia
957 1954 1031 2009 tui
1073 1970 1169 2024 per
1207 1956 1389 2010 omnia
1440 1954 1626 2010 ﬁdeles
1675 1971 1760 2010 su.

198 2066 320 2116 mus,
345 2066 438 2107 nec
472 2052 544 2107 illi
580 2065 816 2122 unquam
854 2048 1272 2105 adhmrebimus.
1308 2070 1328 2104 ι
1364 2049 1441 2104 Illi
1474 2061 1653 2104 autem
1681 2049 1760 2103 di-

198 2141 475 2206 scedentes,
500 2158 625 2213 qua:
658 2142 951 2197 audierunt
986 2139 1219 2197 Rodulfo
1261 2142 1441 2196 Torta}
1478 2143 1759 2197 renuntia-

198 2244 389 2288 verunt.
413 2233 505 2289 Ille
527 2249 661 2289 vero
702 2226 949 2289 diﬁidens
1001 2233 1104 2299 sui,
1141 2245 1295 2304 prata
1339 2235 1761 2289 celeriterdese-

200 2325 314 2390 ruit,
350 2333 403 2380 et
429 2341 552 2381 cum
596 2327 743 2381 onmi
784 2326 987 2385 l‘andlia
1044 2330 1258 2384 cont-ite
1308 2326 1550 2382 Parisios
1593 2327 1759 2380 venit.

202 2413 379 2469 Videas
405 2426 589 2470 autem
629 2415 775 2472 ﬁlius
818 2415 958 2487 ejus,
991 2419 1083 2489 qui
1140 2426 1261 2473 erat
1299 2416 1589 2472 Parisraca:
1613 2416 1762 2471 urbis

200 2509 476 2579 episcopus,
507 2509 852 2579 repentinum
879 2512 1169 2566 adventum
1184 2509 1320 2579 ejus,
1344 2509 1599 2580 diriguit;
1622 2508 1761 2564 imo-

203 2610 292 2668 que
319 2602 528 2656 trabcns
566 2618 597 2654 a
623 2608 843 2673 pectore
870 2603 1124 2673 suspiria,
1156 2601 1292 2657 dixit
1321 2620 1333 2656 :
1374 2621 1391 2654 ι
1421 2601 1550 2665 Cur,
1585 2610 1761 2671 pater,

204 2705 308 2744 eum
328 2694 462 2747 omni
493 2693 777 2764 utriusque
803 2710 964 2750 sexus
1002 2694 1201 2749 familia
1233 2696 1337 2749 huc
1368 2693 1756 2748 accelerasti?»

204 2778 281 2836 Ille
314 2799 432 2839 vero
463 2786 780 2840 detrimenti
810 2788 891 2841 sui
916 2786 1171 2856 episcopo
1191 2800 1398 2848 casum,
1431 2794 1591 2855 atque
1621 2783 1767 2837 cala-

206 2871 431 2928 mitosum
472 2876 757 2930 infortunii
783 2878 863 2932 sui
896 2878 1077 2933 retulit
1114 2877 1437 2946 periculum.
1464 2875 1764 2946 Episcopus

206 2971 250 3014 et
278 2976 415 3032 pater
444 2965 565 3033 ejus
600 2966 747 3022 misit
774 2978 827 3023 et
861 2970 1070 3024 remisit
1124 2970 1333 3041 legatos
1363 2968 1430 3023 ad
1460 2976 1622 3023 tanta:
1651 2966 1765 3021 [οτι

208 3054 425 3112 titudiuis
449 3074 704 3129 puerum,
733 3062 826 3116 sed
848 3078 952 3115 non
979 3063 1178 3133 profuit
1206 3064 1312 3118 illis
1337 3064 1388 3116 in
1413 3077 1759 3135 prosperum.

207 3144 439 3203 \‘identes
481 3159 668 3205 autem
717 3151 962 3207 seniores
1011 3154 1422 3208 Northmanniae
1457 3154 1602 3223 quod
1657 3163 1765 3208 tam

208 3240 475 3306 prudenter
526 3244 951 3300 exterminasset
980 3246 1284 3316 principem
1320 3246 1549 3313 militiae,
1577 3246 1769 3302 timue-

208 3341 317 3385 runt
340 3332 477 3387 illum
505 3334 688 3390 valde.

264 3421 385 3477 Cum
415 3436 596 3481 autem
634 3425 936 3497 insignibus
988 3427 1264 3498 tantisque
1299 3427 1592 3500 rel‘nlgeret
1628 3426 1768 3483 indi-

207 3511 291 3567 ciis
310 3518 586 3583 praesentis
611 3516 913 3588 futuratque
927 3519 1081 3575 bonze
1109 3521 1465 3589 operationis,
1489 3520 1772 3590 Galliaque

152 3674 161 3684 θ
206 3608 634 3661 commorandum
671 3618 881 3665 mentes
941 3611 1185 3679 tantique
1213 3612 1424 3682 sagacis
1451 3610 1774 3683 percellerct

208 3694 329 3751 larua
381 3698 775 3769 adolescentis;
817 3713 980 3771 atque
1012 3703 1242 3759 rutilans
1289 3705 1525 3773 copiosis
1553 3715 1775 3774 quater-

208 3804 376 3846 uarum
427 3794 693 3850 virtutum
744 3797 1022 3865 profusius
1084 3799 1480 3865 incrementis,
1546 3816 1770 3872 regnum

208 3882 604 3943 Nortbmanniae
644 3888 774 3943 nulli
823 3892 1083 3947 subactus
1113 3892 1216 3947 nisi
1256 3892 1364 3948 Deo
1394 3892 1685 3964 disponens
1714 3901 1775 3949 ut

208 3991 309 4041 rex,
358 3981 670 4037 model-aret
714 3981 921 4053 judicio
957 3981 1085 4051 iusti
1139 3984 1451 4055 regiminis;
1487 3984 1638 4055 llugo
1665 3985 1773 4040 dux

209 4084 414 4142 magnus
441 4087 677 4129 cernens
706 4090 833 4129 cum
884 4076 1183 4148 vigoratum
1217 4085 1274 4132 et
1302 4077 1695 4147 przecelleutem
1720 4078 1772 4132 in

209 4166 439 4222 omnibus
497 4166 682 4230 factis,
739 4168 1015 4223 mandavit
1057 4170 1125 4224 ad
1168 4184 1227 4225 se
1278 4172 1466 4225 venire
1520 4172 1774 4227 comitem

210 4249 520 4313 Bernardum
549 4268 983 4315 commorantem
1006 4261 1142 4316 urbe
1164 4260 1581 4324 Silvanectensi,
1606 4261 1776 4316 ascito

208 4347 392 4411 pariter
429 4349 710 4406 Bernardo
740 4350 1186 4423 Rothomagensi.
1211 4352 1420 4420 Quibus
1439 4356 1517 4407 ait
1550 4372 1562 4406 :
1595 4373 1612 4404 ι
1649 4352 1778 4409 Plu-

210 4436 450 4511 rimorum
482 4443 864 4499 insidiatorum
919 4444 1179 4500 Riebardi
1212 4446 1572 4502 adolescentis
1608 4447 1778 4502 comi-

211 4526 270 4580 tis
295 4529 489 4600 legatos
522 4534 709 4598 habui,
740 4534 832 4604 qui
857 4543 1161 4590 retractant
1195 4543 1247 4591 et
1280 4546 1548 4591 conantur
1573 4545 1776 4592 terram

214 4613 636 4678 Northmannicze
650 4626 888 4694 regionis
902 4626 1162 4685 invadere
1177 4628 1559 4698 congressione
1575 4629 1778 4684 hostili.

215 4704 503 4769 liiehardus
563 4729 664 4770 nec
713 4716 824 4787 regi
876 4732 978 4772 nec
1013 4716 1134 4771 duci
1170 4717 1383 4784 militat,
1415 4734 1513 4774 nec
1544 4719 1635 4775 ulli
1678 4720 1780 4775 nisi

218 4797 317 4853 Deo
348 4802 569 4876 obsequi
601 4817 842 4876 praestat.
894 4802 1067 4864 Tenet
1097 4809 1255 4865 sicuti
1284 4825 1377 4865 rex
1411 4814 1781 4869 monarchtam

217 4887 643 4955 Northmannicze
692 4901 949 4971 regionis,
1000 4910 1051 4957 et
1092 4917 1198 4957 non
1258 4901 1419 4965 habet
1453 4904 1658 4960 arnicos
1679 4905 1783 4962 sibi

218 4998 475 5045 connexos
504 4991 862 5048 inextricabili
891 4992 1095 5050 foedere
1121 4992 1372 5062 adjutorii
1403 5002 1458 5049 et
1485 4995 1780 5055 societatis.

215 5076 406 5136 Arnulﬁ
447 5085 663 5140 comitis
692 5086 916 5156 perﬁdia
948 5097 1101 5158 pater
1131 5087 1277 5142 illius
1299 5089 1573 5150 occubuit.
1603 5092 1785 5148 videte

217 5181 276 5220 nc
304 5173 503 5238 perﬁdo
521 5176 762 5246 ejusdem
786 5178 1099 5235 calliditatis
1116 5180 1284 5237 livore
1322 5182 1646 5253 decipiatur.
1668 5185 1781 5239 Rex

216 5269 382 5315 autem
425 5280 531 5319 non
578 5268 861 5322 immemor
902 5278 1028 5323 ante
1056 5270 1345 5336 malorum,
1378 5273 1782 5329 animositatem

216 5351 286 5401 sui
309 5352 612 5412 detrimenti
645 5368 699 5413 et
721 5348 985 5430 captionis
1001 5361 1065 5414 ad
1078 5348 1181 5415 huc
1197 5365 1449 5425 ruminat,
1469 5376 1519 5417 et
1537 5379 1785 5431 quterens

217 5436 476 5499 interitum
507 5459 698 5519 vestra:
724 5438 1072 5529 perditionis,
1098 5451 1241 5509 illius
1267 5452 1343 5507 rei
1378 5452 1501 5506 dolo
1520 5453 1783 5529 plurimos

216 5530 307 5586 sibi
336 5541 583 5596 associat.
614 5530 849 5610 Quaerite
887 5558 1018 5615 ergo
1041 5526 1261 5599 salubre
1288 5543 1442 5598 vobis
1471 5526 1780 5611 consilium,

217 5629 270 5677 ut
306 5630 476 5684 securi
521 5620 837 5690 insidiarum
892 5644 947 5690 et
968 5636 1371 5707 deceptionnm,
1417 5651 1485 5692 ne
1548 5636 1783 5694 timeatis

216 5711 419 5809 letalem
458 5727 741 5809 mandante
777 5728 1057 5809 varietatis
1088 5712 1377 5786 eventum.~
1399 5749 1416 5781 ι
1457 5728 1569 5785 Iloc
1601 5739 1782 5793 autem

216 5805 313 5865 dux
346 5810 499 5889 Ilugo
539 5805 766 5891 magnus
798 5805 1127 5892 ‘propinabat
1172 5822 1449 5895 proposito
1489 5831 1662 5895 cautae
1703 5823 1782 5878 in-

520 5910 794 5974 Pn'non.
833 5911 1026 5974 CXLI

1849 593 1978 647 gere
2029 574 2308 633 Richardo
2363 575 2487 632 duci
2545 574 2738 648 copula
2792 556 3017 632 foederis
3080 578 3441 637 connubialis.

1851 669 2005 726 Tunc
2069 680 2301 740 uterque
2352 668 2709 724 Bernardus:
2757 687 2776 721 ι
2824 666 3139 737 Nescimus,
3195 671 3442 738 domine.

1852 777 2016 831 super
2074 763 2177 816 hoc
2234 760 2418 815 rimari
2474 760 2793 825 consilium,
2847 761 2941 814 sed
2991 768 3078 813 tua
3127 760 3329 829 pietate
3375 763 3443 817 da

1851 844 2173 923 proSperum
2226 851 2385 922 hujus
2436 851 2760 906 invectionis
2826 850 3101 907 solatium.
3156 852 3448 923 Ilucusqne

1853 951 1946 997 tuo
1978 944 2203 999 consilio
2233 957 2511 1013 prospero,
2542 942 2924 1001 recti.itineris
2967 944 3156 999 callem
3201 954 3448 999 tenentes

1853 1034 2147 1105 gradiatur,
2184 1033 2385 1089 abhinc
2428 1032 2630 1107 obliqui
2678 1032 2889 1089 itineris
2932 1036 3191 1106 ambages
3231 1033 3448 1107 penitus

1854 1129 2195 1191 abdicantes;
2241 1136 2291 1182 te
2320 1127 2457 1183 duce
2501 1126 2782 1192 advocato,
2814 1126 2941 1196 quin
2974 1127 3135 1182 etiam
3188 1127 3446 1183 consilia-

1856 1221 1959 1287 rio,
2003 1220 2150 1275 salva
2173 1219 2288 1275 ﬁde
2318 1235 2479 1290 quam
2510 1218 2786 1275 Ricbardo
2820 1218 3291 1288 comitijeetmus,
3323 1235 3448 1290 gra-

1856 1308 2091 1365 diemnr.
2136 1329 2153 1363 ι
2196 1309 2351 1381 Hugo
2404 1325 2537 1365 vero
2593 1309 2789 1367 secreti
2823 1309 3245 1366 suibenevolum
3285 1310 3454 1382 coepit

1857 1401 2096 1471 pandere
2126 1403 2486 1473 propositum.
2522 1422 2542 1454 ι
2578 1402 2903 1471 Βε;·,ιιίεἰειίε
2954 1404 3128 1459 adhuc
3174 1404 3450 1459 Richardo

1859 1493 1985 1547 duci
2022 1491 2522 1548 Northmannorum
2569 1509 2794 1550 uxorem
2825 1495 3156 1565 voluptuosa:
3193 1495 3453 1553 humani-

1861 1586 1956 1641 tati
1983 1595 2040 1641 et
2060 1585 2305 1657 dignitati
2327 1585 2443 1655 ejus
2468 1601 2759 1659 congruam
2786 1595 2841 1642 et
2863 1586 3133 1642 habilem?
3164 1607 3183 1640 ι
3216 1586 3456 1658 Respon-

1861 1680 2102 1735 derunt:
2151 1698 2169 1732 ι
2204 1679 2578 1751 Nequaquam.
2611 1700 2629 1733 ι
2671 1666 2737 1736 Et
2795 1681 2884 1736 ille
2930 1699 2943 1735 :
2998 1701 3016 1734 ι
3051 1681 3318 1749 Quorsum
3370 1689 3457 1737 in-

1863 1774 2162 1828 tentionem
2231 1774 2398 1829 vestri
2455 1774 2668 1831 consilii
2729 1774 2972 1839 vertitis,
3028 1774 3112 1829 vel
3170 1775 3458 1846 cujuslibet

1787 1849 2026 1919 Batiam
2099 1865 2173 1919 illi
2229 1865 2553 1923 vindicando
2623 1867 3012 1938 subjugabitis?
3055 1886 3074 1921 ι
3143 1867 3456 1924 Bernartius

1860 1968 1993 2010 vero
2021 1953 2449 2012 Silvanectensis
2487 1957 2780 2014 all'ectuosa
2809 1958 2994 2014 talium
3028 1961 3458 2031 propositionum

1862 2048 2196 2114 inductione,
2226 2050 2666 2108 animadvertens
2693 2053 3049 2111 intentionem
3087 2057 3172 2112 sui
3201 2056 3457 2124 senioris,

1864 2140 2144 2209 respondit
2190 2142 2475 2212 proloquio
2524 2154 2926 2216 argumentosa:
2981 2148 3184 2204 mentis
3229 2164 3248 2205 :
3295 2165 3315 2201 ι
3353 2150 3460 2205 Do-

1863 2231 2039 2298 mine,
2090 2233 2405 2304 ignoramus
2450 2235 2633 2305 cujus,
2697 2239 2800 2294 nisi
2853 2248 3020 2294 tuam.
3060 2259 3079 2293 ι
3123 2241 3279 2312 Hugo
3328 2256 3459 2298 vero

1864 2321 2405 2397 Magnusintclligens
2417 2329 2869 2386 animadvertisse
2891 2340 3179 2400 utrumque
3201 2332 3458 2388 allectum

1861 2412 2159 2469 voluntatis
2195 2431 2327 2481 suae,
2368 2428 2554 2488 aperta
2584 2420 2766 2475 cordis
2799 2421 2883 2475 sui
2923 2420 3226 2478 intentione
3260 2422 3462 2480 dicitur

1864 2506 2258 2575 respondisse:
2298 2525 2318 2560 ι
2381 2508 2498 2566 Νοιι
2548 2521 2632 2567 est
2683 2511 2885 2582 quippe
2931 2527 3048 2567 mos
3095 2512 3342 2569 Francia:
3401 2522 3464 2568 ut

1865 2595 2123 2666 quislibet
2172 2599 2425 2670 princeps
2477 2603 2656 2658 duxve
2707 2604 3047 2672 constipatus
3099 2603 3465 2661 abundantius

1869 2694 2021 2743 tanto
2072 2689 2239 2746 milite
2294 2703 2605 2761 perseveret
2658 2694 2872 2750 cunctis
2924 2694 3115 2751 diebus
3171 2695 3353 2752 taliter
3408 2696 3463 2751 in

1866 2779 2106 2836 dominio
2135 2782 2357 2838 ditionis
2399 2800 2531 2849 sum,
2565 2792 2624 2838 ut
2664 2802 2771 2840 non
2800 2794 2894 2840 aut
2922 2785 3184 2841 famulatu
3215 2786 3464 2842 volunta-

1870 2871 1939 2927 tis
1969 2887 2102 2939 sn:e,
2130 2881 2221 2928 aut
2246 2883 2467 2931 coactus
2498 2876 2547 2930 vi
2572 2884 2626 2930 et
2656 2885 2942 2947 potestate,
2982 2876 3259 2932 incumbat
3295 2878 3464 2933 accli-

1867 2964 1989 3019 vius
2038 2966 2376 3036 imperatori,
2406 2968 2488 3022 vel
2520 2971 2653 3040 regi,
2682 2971 2873 3027 dncive
2899 2989 2911 3025 :
2942 2980 2997 3027 et
3025 2972 3072 3026 si
3105 2971 3243 3026 forte
3284 2986 3471 3043 perse-

1869 3057 2143 3112 veraverit
2185 3058 2237 3112 in
2269 3061 2579 3117 temeritate
2608 3062 2848 3118 audaciae
2881 3079 3012 3127 suae,
3042 3072 3100 3118 ut
3142 3079 3249 3118 non
3276 3066 3468 3121 lamu—

1870 3145 2074 3203 laretur
2099 3149 2257 3205 alicui
2292 3151 2537 3208 volenter
2563 3156 2897 3226 praecopiosa
2924 3157 3173 3212 ubertate
3199 3157 3469 3214 suﬁicien-

1874 3238 1962 3294 tia:
1989 3254 2126 3306 sum;
2158 3242 2336 3299 solent
2367 3243 2415 3299 ei
2450 3244 2581 3299 rixa:
2611 3245 3086 3317 dissensionesque
3115 3256 3279 3318 atque
3308 3264 3470 3306 casus

1872 3330 2286 3390 innumerabilis
2328 3337 2638 3392 detrimenti
2681 3338 2980 3409 saepissime
3023 3341 3292 3397 accidere.
3323 3343 3467 3409 Qua-

1871 3430 2095 3493 propter
2157 3424 2205 3479 si
2268 3426 2563 3495 placuisset
2623 3428 2899 3484 Richardo
2953 3430 3074 3485 duci
3135 3438 3226 3485 tuo
3282 3433 3471 3503 nepoti

1874 3516 2112 3585 seipsam
2160 3515 2380 3575 ﬂectere
2418 3529 2476 3573 ut
2515 3520 2777 3577 militaret
2807 3523 2960 3590 mihi,
2992 3533 3176 3580 vestro
3220 3525 3469 3582 saluber-

1874 3606 2015 3662 rimo
2053 3607 2279 3663 consilio
2307 3619 2498 3679 sponte
2529 3609 2693 3666 ﬁliam
2725 3628 2901 3668 meam
2942 3616 3214 3673 connubio
3245 3617 3319 3672 illi
3342 3619 3471 3689 jun-

1875 3710 2094 3767 geremt
2133 3707 2190 3753 et
2231 3707 2390 3754 terrae
2437 3716 2599 3765 quam
2647 3703 2996 3761 barreditario
3038 3703 3166 3771 jure
3205 3710 3470 3779 possidet,

1877 3801 2168 3846 contmnus
2222 3792 2475 3849 defensor
2526 3803 2583 3849 et
2630 3797 2848 3852 auditor
2882 3806 3074 3854 contra
3127 3814 3318 3858 omnes
3373 3801 3473 3857 adn

1876 3896 2073 3938 essem.
2113 3902 2131 3936 ι
2194 3885 2346 3941 Tunc
2415 3901 2601 3943 comes
2669 3888 3092 3947 Silvanectensrs
3160 3892 3470 3950 Bernardus

1877 3975 2082 4032 dixisse
2110 3976 2325 4033 fertur:
2362 3997 2380 4031 ι
2409 3978 2677 4048 Quoniam
2717 3983 2931 4052 quidem
2976 3983 3305 4041 Richardum
3341 3988 3471 4042 ado-

1876 4069 2169 4127 lescentem
2201 4073 2413 4140 ducem,
2451 4090 2628 4131 meum
2662 4087 2947 4148 nepotem,
2992 4090 3212 4149 captum
3255 4082 3468 4151 pridem

1880 4162 2071 4229 tenuit,
2095 4178 2391 4235 omnesque
2430 4164 2830 4224 Norlhmanuos
2868 4184 2966 4241 per
2987 4170 3144 4225 ﬁdem
3177 4187 3267 4226 rex
3291 4172 3469 4229 Ludo-

1877 4252 2033 4310 vicus
2073 4255 2305 4324 perdere
2354 4258 2555 4326 voluit;
2609 4260 2803 4316 melius
2847 4270 2975 4332 opto
3018 4262 3062 4319 si
3110 4263 3276 4319 ﬁliam
3320 4274 3468 4320 tuam

1880 4345 2094 4401 dederis
2143 4363 2364 4403 uxorem
2426 4348 2499 4404 illi
2577 4359 2636 4404 ut
2681 4350 2875 4406 militet
2921 4352 3037 4414 tibi.
3073 4368 3235 4424 quam
3282 4354 3472 4409 doloso

1879 4437 2014 4508 regi.
2051 4459 2069 4491 ι
2117 4440 2271 4495 Dedit
2325 4440 2504 4510 itaque
2556 4441 2709 4513 Hugo
2761 4443 2867 4498 dux
2924 4459 3148 4515 magnus
3201 4444 3473 4501 Richardo

1809 4543 1855 4601 ι)
1883 4530 2220 4589 nobilissimo
2285 4533 2617 4589 adolescenti
2692 4534 2853 4588 ﬁliam
2915 4550 3068 4589 suam
3131 4534 3475 4591 ﬁrmamento

1884 4625 2241 4689 sacramenti;
2302 4640 2406 4679 non
2463 4635 2644 4680 tamen
2705 4634 2906 4681 statuta
2965 4627 3084 4695 lege
3146 4626 3475 4681 fescennina:

1884 4715 2261 4784 coemptionis,
2295 4730 2484 4770 verum
2515 4715 2870 4771 denominato
2902 4715 3192 4783 juratoqoe
3239 4714 3473 4768 termino

1885 4807 2239 4861 connexionis
2264 4801 2625 4864 connubialis.
2658 4807 2792 4862 Cum
2826 4818 3005 4863 autem
3033 4807 3192 4877 hujus
3218 4806 3474 4864 veridice

1886 4896 2161 4954 relationis
2199 4898 2339 4952 lama
2383 4901 2527 4970 regis
2545 4899 2812 4956 Ludovici
2848 4914 3007 4954 aures
3046 4902 3226 4954 cordis
3266 4898 3475 4963 percel-

1886 4988 2042 5058 leret,
2076 4993 2439 5062 comitemque
2468 4992 2756 5048 Aruull‘um
2792 4993 2984 5049 futurae
3017 4994 3238 5047 ultionis
3275 4993 3469 5047 lateri-—

1886 5089 1999 5136 tum
2054 5084 2268 5153 penitus
2316 5083 2695 5157 formidantem
2752 5088 3138 5158 perturbaret;
3187 5086 3327 5155 quod
3372 5083 3470 5138 Ri-

1885 5174 2120 5231 chardus
2157 5173 2651 5232 Northmannorum
2684 5177 2790 5233 dux
2845 5178 2965 5232 ﬁliae
3009 5176 3249 5237 llugonis
3290 5177 3471 5245 magni

1886 5266 2039 5321 ducis
2072 5267 2303 5322 maritali
2352 5269 2641 5334 connubio,
2677 5270 2845 5340 gratia
2895 5270 3229 5339 posteritatis
3257 5277 3313 5322 et
3348 5280 3474 5322 suc-

1887 5360 2148 5415 cessionis
2196 5376 2254 5417 se
2303 5362 2607 5430 copularet,
2666 5362 2997 5431 servitioque
3055 5361 3174 5429 ejus
3222 5375 3320 5430 pro
3372 5374 3469 5420 ea.

1884 5468 2093 5524 proque
2134 5454 2370 5510 universi
2423 5454 2595 5510 solatii
2650 5455 2916 5524 adjutorio
2962 5455 3298 5520 incumbens,
3329 5452 3472 5508 mill-

1865 5546 2113 5614 ‘tansque
2142 5544 2444 5614 conjunctae
2470 5545 2723 5601 amicitiae
2736 5546 3125 5619 competentia;
3142 5542 3472 5612 ltelerisqu'e

1885 5635 2370 5692 insolubilis-nexu
2419 5642 2477 5694 se
2524 5638 2600 5694 illi
2640 5638 2926 5711 colligaret
2963 5623 3169 5694 :nirnii
3219 5635 3473 5692 tremoris

1886 5729 2081 5785 timore
2106 5732 2399 5801 perterriti,
2441 5747 2509 5787 ne
2537 5738 2809 5789 tantorum
2847 5733 3074 5789 duorum
3102 5734 3295 5786 ducum
3331 5728 3473 5786 mill-

1889 5827 2001 5875 tam
2032 5819 2332 5893 frequentia
2369 5832 2782 5880 contererentur
2810 5824 3023 5881 subacti
3085 5814 3471 5878 Virmandenti

3084 5913 3165 5973 23
