3952 5346
581 156 686 215 715

1477 160 1776 224 DUDONIS
1818 160 2070 223 DECANI
2112 164 2170 224 S.
2213 165 2521 237 QUINTINI
2569 171 2939 235 “ROMANO.
3727 184 3814 245 7Ιὸ

577 286 739 345 pago,
767 273 995 330 decursa
1028 275 1441 347 renuntiataque
1480 288 1833 351 utrorumque
1875 281 2160 352 legatione,
2190 300 2241 358 Α
2271 283 2411 341 illius
2436 287 2630 343 incola.
2681 289 2891 346 Talium
2937 290 3243 348 ubertatum
3283 290 3527 349 tellurem
3565 308 3823 365 uportette

576 374 929 443 occurrentes
958 367 1187 441 invicem
1234 368 1356 435 sibi,
1388 371 1516 440 quid
1548 383 1770 441 agerent
1798 388 1962 443 super
2004 373 2167 443 pesti-

573 442 695 509 fero
730 455 1026 524 conjuralm
1069 459 1492 528 conspirationis
1537 460 1763 517 duorum
1810 442 2166 517 ducumicon-

573 546 764 612 sortio,
797 557 1079 618 cmperunt
1104 549 1309 605 rimari.
1344 550 1489 606 Dixit
1518 561 1697 606 autem
1734 551 2005 608 Ludovico
2049 553 2161 623 regi

573 656 759 696 comes
803 639 1083 717 Arnulfus,
1134 642 1446 699 desiderans
1484 644 1783 699 annihilare
1830 660 1894 700 ac
1937 646 2163 713 perdere

571 734 843 804 primaevae
902 732 1049 790 ﬂoris
1114 736 1512 792 adolescentem
1576 736 1909 793 Richardum
1968 740 2159 793 ducem

571 827 701 879 totis
725 824 935 880 \irihus
961 842 976 880 :
1012 844 1031 877 ι
1060 824 1302 896 llugonis
1329 827 1505 898 magni
1537 828 1691 882 ducis
1715 838 1868 899 pater
1888 827 2159 884 Robcrtus

570 930 734 984 super
779 924 989 984 patrem
1031 926 1178 971 tuum
1220 916 1494 985 Carolum,
1528 918 1740 975 favente
1787 919 2012 977 Rollone
2056 936 2157 977 avo

571 1006 824 1061 ltichardi
885 1007 1068 1073 ducis,
1124 1016 1338 1078 sceptra
1404 1008 1562 1079 hujus
1628 1010 1907 1081 regiminis
1962 1012 2157 1083 injuste

566 1098 825 1166 suscepit,
856 1109 911 1152 et
947 1113 1085 1167 pene
1126 1107 1291 1153 totatn
1323 1099 1609 1155 Franciam
1641 1102 1742 1156 sibi
1775 1118 1939 1173 prave
1968 1102 2155 1172 subju-

565 1188 728 1258 gavit.
756 1188 889 1246 Cum
913 1199 1089 1245 autem
1123 1190 1228 1246 tale
1257 1207 1459 1247 severa:
1480 1192 1845 1249 altercationis
1864 1194 2152 1250 divortium

565 1286 886 1339 immensum
927 1294 1313 1350 succresceret,
1351 1285 1690 1357 Franciaque
1727 1286 1985 1358 pestifero
2015 1288 2146 1343 duo-

562 1388 683 1427 rum
730 1389 916 1443 regum
963 1376 1218 1430 conflictu
1259 1377 1495 1432 desolata
1542 1378 1880 1434 exsecrabile
1920 1379 2153 1435 casualis

560 1471 873 1526 detrimenti
905 1470 1142 1543 jurgium
1182 1469 1374 1526 ﬂebilis
1414 1488 1669 1544 perpessa
1709 1481 1882 1539 esset,
1923 1473 2152 1529 Carolus

556 1574 715 1635 pater
771 1574 893 1620 tuus
939 1565 1193 1622 Francini
1243 1566 1422 1622 solatii
1474 1583 1570 1637 spe
1617 1569 1839 1624 omnino
1886 1571 2147 1638 privatus,

2270 375 2572 444 possidere,
2617 378 2745 449 quia
2773 380 2859 435 avi
2889 388 2943 436 et
2968 380 3176 451 proavi,
3206 384 3499 455 caeterique
3544 396 3824 444 antecesso-

2269 479 2357 521 res
2410 482 2530 522 eam
2580 479 2804 540 propter
2852 486 2915 526 ea
2951 482 3192 527 tenuere.
3242 473 3449 530 Memor
3479 476 3556 531 sis
3589 477 3823 533 malorum

2267 566 2322 611 et
2356 558 2565 629 injuriae
2602 576 2728 630 quae
2752 561 2844 615 tibi
2877 560 3237 618 Northmanni
3285 563 3654 622 fraudulenter
3703 568 3821 622 intu-

2264 648 2403 715 lere;
2440 650 2595 707 facile
2629 652 2834 721 poteris
2856 669 3043 708 eorum
3067 641 3469 711 multitudinem
3497 658 3566 713 ab
3591 658 3673 712 illa
3701 668 3819 714 terra

2264 740 2463 807 delere,
2495 743 2620 813 quia
2652 751 2779 798 sunt
2810 742 3142 800 formidolosi
3186 756 3242 801 et
3288 748 3535 813 advenat,
3571 748 3821 820 solemque

2262 826 2547 883 latrocinia
2600 830 2662 884 in
2711 829 2847 886 mari
2891 844 3166 885 exercere.
3216 829 3435 900 Maioris
3481 833 3640 903 pretii
3668 834 3820 888 valen-

2261 918 2456 989 titeque
2485 927 2538 996 et
2564 919 2850 976 afﬂuentia:
2865 929 3045 977 exstat
3068 921 3226 978 tellus
3238 921 3656 977 Northmannica
3684 934 3818 993 quam

2260 1006 2636 1064 Lothariensis
2673 1018 2839 1065 terra.
2875 1029 2893 1061 ι
2930 1009 3048 1065 Rex
3098 1011 3262 1082 igitur
3308 1009 3615 1068 Ludovicus
3655 1012 3732 1068 bis
3775 1022 3818 1069 et

2259 1101 2633 1172 hujuscemodi
2662 1116 2956 1169 persuasus
2992 1144 3008 1169 ,
3040 1103 3381 1173 respondisse
3405 1104 3589 1159 comiti
3620 1104 3817 1161 Arnul'o

2257 1191 2431 1249 fertur
2458 1212 2473 1251 :
2510 1214 2528 1247 ‹
2559 1194 2747 1251 Tanta:
2780 1191 3076 1253 nobilitatis
3119 1212 3303 1253 comes
3328 1206 3601 1268 tantmque
3630 1202 3811 1255 astutia:

2257 1296 2313 1340 et
2357 1284 2658 1357 prudentiae
2705 1287 2958 1359 princeps
3010 1296 3223 1360 oportet
3266 1297 3326 1345 ut
3369 1288 3585 1361 expleat
3620 1289 3816 1347 ﬁdeliter

2254 1376 2398 1446 quod
2422 1392 2521 1433 suo
2545 1378 2749 1434 seniori
2793 1380 3032 1451 suggerit
3055 1380 3350 1436 eonsiliaus
3372 1383 3654 1452 sagaciter.
3677 1382 3815 1454 igitur

2254 1468 2513 1537 quoniam
2555 1468 2808 1524 omnibus
2846 1471 2983 1526 meis
3018 1472 3198 1526 notior
3233 1481 3287 1527 et
3324 1472 3634 1529 credibilior
3659 1474 3813 1529 valen-

2256 1557 2468 1630 tiorque
2516 1574 2595 1624 es,
2628 1574 2822 1629 precor
2882 1570 2941 1616 ut
2984 1561 3129 1632 quod
3177 1563 3492 1632 disposuisti
3548 1565 3703 1619 relatu
3730 1565 3812 1619 ho-

558 1654 789 1725 0pisque
821 1655 1182 1711 auxiliatricis
1214 1657 1297 1711 sui
1328 1673 1425 1726 per
1463 1658 1643 1713 omnia
1693 1659 1927 1729 indigus,
1959 1658 2141 1714 llenri-

2252 1651 2388 1705 nesti
2408 1651 2639 1717 consilii,
2664 1653 2836 1723 gratia
2865 1653 3223 1729 expeditionis
3254 1653 3451 1711 Othoni
3497 1655 3607 1727 regi
3641 1656 3813 1710 submi-

557 1764 682 1803 cmn
732 1748 1213 1804 'l‘ransrhenanum
1262 1764 1440 1819 regem
1492 1751 1717 1821 expetiit
1779 1751 2036 1817 velocius,
2096 1762 2145 1806 ct

559 1850 618 1895 ιιι
670 1850 861 1896 contra
913 1840 1207 1896 Rohertum
1266 1857 1445 1914 regem
1499 1859 1662 1912 super
1714 1859 1772 1899 se
1826 1843 2145 1900 exsecrabili

556 1933 895 1990 Francorum
944 1933 1249 1989 temeritate
1293 1933 1649 1989 constitutum
1692 1934 1958 1998 feritarct,
1992 1950 2145 1990 excr-

555 2027 777 2095 cituque
808 2024 1126 2096 conglobato
1151 2040 1342 2087 secum
1376 2024 1663 2081 Franciam
1694 2027 1918 2082 veniens
1958 2037 2145 2083 contra

554 2133 678 2173 eum
742 2116 999 2171 audacter
1049 2116 1365 2183 debellaret,
1413 2116 1769 2175 Lothariense
1820 2135 2040 2188 regnum
2089 2134 2146 2174 sc

554 2213 633 2267 illi
672 2212 928 2267 daturum
972 2212 1259 2282 Spopondit
1300 2211 1600 2268 ultroneus.
1650 2211 1718 2268 Ut
1760 2221 1941 2267 autem
2005 2210 2146 2266 illius

554 2306 817 2375 temporis
851 2318 1013 2359 cursu
1051 2319 1110 2359 se
1153 2303 1340 2358 habuit
1374 2318 1463 2359 res
1493 2304 1636 2358 illius
1673 2302 2005 2369 certaminis,
2039 2317 2143 2358 non

552 2399 891 2469 inexpertum
963 2404 1047 2451 est
1116 2405 1425 2451 nostrorum
1487 2396 1600 2450 ulli.
1656 2395 1927 2452 Robertus
1985 2394 2144 2467 digne

551 2486 738 2559 praelio
769 2485 996 2553 interiit,
1029 2484 1362 2558 Carolusquc
1410 2503 1503 2543 rex
1546 2496 1702 2560 pater
1745 2496 1866 2543 tuus
1904 2486 2143 2542 habenas

551 2580 706 2651 regni
733 2580 878 2649 iuste
903 2578 1156 2635 obtinuit.
1191 2578 1344 2649 llugo
1370 2588 1553 2635 autem
1587 2577 1729 2634 filius
1756 2576 1873 2647 ejus
1901 2577 2140 2648 ejusdem

551 2671 953 2741 praesumptiva:
1000 2671 1321 2728 temeritatis
1369 2685 1577 2727 veneno
1625 2669 1883 2737 infectus,
1928 2678 2141 2740 sceptra

549 2764 709 2821 istius
739 2765 888 2836 regni
920 2774 1148 2820 conatur
1189 2780 1352 2834 super
1389 2774 1439 2820 te
1466 2764 1745 2830 invadere,
1777 2772 1936 2833 teque
1977 2771 2140 2833 atque

549 2876 640 2916 me
680 2870 827 2915 tuum
877 2860 1111 2925 fidelem,
1146 2869 1436 2931 utrumque
1478 2859 1691 2930 penitus
1731 2858 1980 2929 perdere,
2011 2873 2140 2913 con-

548 2953 734 3010 ciliato
795 2951 898 3008 sibi
943 2951 1441 3008 Northmannorum
1499 2952 1655 3008 duce.
1717 2950 1923 3006 ltimari
1973 2951 2140 3023 igitur

547 3049 831 3113 condecet,
878 3063 973 3104 rex
1007 3046 1518 3118 prmpotentissime,
1553 3045 1785 3116 qualiter
1826 3044 2000 3115 possis
2049 3059 2133 3099 re-

545 3158 709 3213 gnum
760 3141 1005 3197 Francia:
1046 3141 1183 3196 tueri
1227 3148 1283 3196 et
1328 3155 1535 3212 regere.
1580 3139 1859 3210 Principes
1906 3154 2138 3208 namque

543 3235 705 3306 hujus
746 3247 904 3291 terra:
942 3235 1206 3291 adherent
1241 3234 1559 3291 obedientcr
1600 3234 1835 3305 llugoni,
1875 3245 1926 3290 et
1964 3233 2139 3288 famu-

545 3331 725 3387 lantur
783 3330 1013 3387 libenter
1061 3334 1132 3384 ei.
1185 3348 1203 3381 ι
1267 3329 1567 3397 Adversus
1602 3326 1906 3396 ltujusmodi
1973 3326 2136 3382 verba

544 3424 823 3494 respondit
853 3438 948 3477 rex
981 3421 1213 3477 Arnulfo
1252 3420 1438 3477 comiti
1472 3421 1597 3476 talia
1633 3439 1646 3476 :
1684 3438 1702 3471 ι
1735 3422 1810 3477 Da
1842 3422 1971 3477 mihi
2009 3436 2137 3478 con-

542 3515 747 3580 silium,
778 3530 886 3584 quo
924 3514 1164 3584 Hugonis
1194 3513 1535 3570 contumacis
1585 3514 1910 3585 arrogantiae
1939 3528 2134 3584 queam

541 3608 819 3673 resistere,
847 3620 933 3661 me
960 3619 1249 3676 meumque
1274 3620 1500 3676 regnum
1527 3604 1665 3660 tueri
1694 3614 1747 3659 et
1776 3614 2079 3674 protegere.
2111 3622 2129 3655 ι

540 3698 801 3755 Arnulfus
841 3713 970 3753 vero
1016 3711 1201 3752 comes
1243 3695 1485 3761 dolosns,
1530 3695 1756 3765 cupiens
1803 3694 2134 3750 Richardum

541 3793 732 3845 ducem
780 3790 1007 3860 perdere
1056 3796 1112 3845 et
1157 3786 1462 3842 annihilare
1528 3802 1651 3841 cum
1709 3787 1821 3841 suis
1863 3788 2133 3852 oumihus,

460 3903 473 3913 -
541 3895 611 3936 ne
647 3880 825 3950 quiret
847 3878 1175 3933 immeritam
1203 3892 1391 3933 necem
1438 3876 1610 3947 patris
1660 3875 1744 3930 sui
1775 3875 1959 3931 ulcisci
2003 3891 2134 3931 ven-

540 3969 678 4026 turis
706 3969 914 4033 diebus,
948 3969 1113 4038 coepit
1140 3983 1320 4038 regem
1347 3964 1660 4023 confortare
1689 3966 1871 4022 verbis
1910 3964 2134 4021 fraudu-

540 4061 825 4117 lentibus:
865 4078 885 4111 ι
921 4058 1218 4115 Consilium
1258 4057 1395 4113 dabo
1434 4057 1527 4113 tibi
1577 4056 1794 4114 salubre
1824 4068 1880 4113 et
1906 4072 2134 4128 prospe-

540 4168 685 4217 rum,
717 4167 825 4222 quo
856 4150 1037 4220 quibis
1071 4158 1361 4205 conterere
1389 4157 1442 4208 et
1470 4159 1819 4220 prosternere
1854 4148 2134 4222 llugonem

537 4258 595 4303 et
618 4246 973 4301 Richardum.
1017 4244 1095 4300 Da
1140 4243 1366 4312 Othoni,
1409 4245 1597 4300 uxoris
1644 4254 1747 4300 tua:
1784 4245 1963 4311 fratri,
1992 4246 2134 4317 quod

537 4348 699 4410 pater
732 4346 856 4392 tuus
886 4336 1029 4407 patri
1060 4350 1158 4392 suo
1205 4336 1493 4407 spopondit
1536 4336 1646 4408 regi
1689 4336 2128 4402 Transrlteuano,
2164 4336 2210 4397 Ι)

534 4429 898 4486 Lothariense
945 4441 1193 4497 regnum,
1226 4437 1286 4483 ut
1326 4429 1615 4484 devastans
1657 4438 1857 4484 terram
1890 4428 2131 4499 llugonis

538 4521 637 4577 tibi
664 4518 968 4576 resistentis
992 4518 1234 4575 Parisius
1272 4532 1465 4589 usque,
1499 4526 1555 4575 et
1586 4518 1835 4575 obsideat
1865 4528 1919 4574 ct
1955 4520 2131 4590 capiat

538 4617 634 4671 tibi
684 4615 1105 4687 Rothomagutn.
1162 4613 1495 4671 Sulﬁcientia
1555 4616 1718 4688 igitur
1780 4617 1922 4673 illius
1972 4626 2129 4672 terrae

534 4708 810 4777 profusius
878 4707 1270 4778 locupletatus,
1331 4706 1744 4778 frequentiaque
1808 4710 2128 4779 optimatum

533 4811 856 4866 propensuus
905 4796 1275 4866 constipatus,
1324 4805 1487 4867 atque
1537 4799 1802 4868 praesidiis
1853 4807 2127 4853 tantarum

538 4887 758 4941 urbium
806 4886 1133 4943 mirabiliter
1170 4886 1407 4953 adultus,
1439 4889 1678 4957 quiveris
1709 4900 1898 4945 contra
1937 4891 2129 4945 ducem

541 4977 819 5046 llugonem
886 4978 1120 5050 praeliari
1177 4993 1425 5035 securus.
1490 4980 1584 5036 Est
1662 4996 1897 5051 namque
1973 4981 2128 5039 tellus

535 5068 962 5128 Northmannica
1033 5072 1274 5127 omnium
1353 5086 1535 5128 rerum
1620 5073 1937 5130 suﬂicientia
2018 5092 2130 5146 pra:

538 5162 754 5219 exteris
812 5165 1172 5222 abundantius
1236 5165 1394 5236 plena
1429 5207 1444 5233 ,
1488 5182 1743 5237 aprorum
1810 5185 2128 5228 cervorum-

536 5267 677 5322 que,
718 5268 970 5311 ursorum
1012 5265 1175 5328 atqne
1215 5260 1591 5331 capreolorum
1639 5271 1838 5317 venatu
1909 5263 2129 5323 allluen-

2252 1741 2481 1808 nistres;
2520 1750 2577 1795 ut
2605 1752 2826 1798 strenuo
2862 1742 3166 1800 interventu
3210 1756 3321 1813 tuo,
3371 1746 3539 1801 ascita
3595 1746 3811 1801 universa

2246 1831 2505 1889 bellicosa
2531 1849 2694 1889 manu
2723 1849 2819 1889 sua
2843 1834 3085 1902 ditionis,
3117 1837 3328 1904 veniat;
3360 1837 3685 1908 depopulans
3708 1853 3813 1908 quae

2250 1939 2374 1985 sunt
2403 1929 2644 2003 llugonis
2674 1931 2741 1986 ad
2768 1932 2965 1988 mmnia
2990 1931 3279 1990 Parisiasae
3326 1934 3498 1999 urbis,
3529 1933 3815 2003 resipiscere

2248 2037 2371 2078 eum
2405 2023 2674 2094 pestifera:
2712 2024 3081 2080 subversionis
3131 2025 3348 2081 interitu
3397 2035 3577 2095 cogat,
3631 2024 3813 2080 multis-

2248 2128 2353 2186 que
2383 2114 2875 2186 dcprcedationibus
2909 2125 2964 2171 et
2992 2116 3257 2173 incendiis
3291 2133 3415 2173 eum
3464 2118 3814 2188 dilanianspe-

2247 2205 2395 2259 nitus
2426 2214 2692 2272 conterat,
2715 2220 2815 2276 pro
2846 2221 3012 2276 regno
3066 2206 3408 2263 Lothariensi
3456 2206 3814 2262 Northmanni-

2247 2308 2369 2350 cum
2403 2294 2558 2350 nobis
2597 2296 2863 2367 acquirat,
2897 2296 3205 2367 incolasque
3231 2298 3375 2355 illius
3411 2298 3635 2354 rebelles
3661 2296 3814 2353 forin-

2246 2398 2405 2440 secus
2438 2386 3071 2452 detrudat;Saxonicum
3107 2394 3271 2447 robur
3297 2392 3610 2462 experiatur
3635 2390 3811 2444 North-

2245 2476 2495 2533 mannica
2560 2475 2738 2544 tellus,
2798 2489 2853 2536 et
2906 2482 2951 2538 si
3005 2482 3146 2538 forte
3200 2484 3438 2555 quiverit
3481 2494 3667 2539 contra
3712 2483 3812 2537 co!-

2245 2566 2472 2638 luctari,
2524 2576 2715 2641 probet
2771 2570 2884 2628 suis
2935 2574 3166 2639 viribus;
3229 2573 3629 2645 Rothomagum
3676 2572 3813 2627 nobis

2243 2653 2492 2709 obsideat
2535 2660 2591 2708 et
2634 2654 2844 2724 capiat,
2877 2654 3317 2726 llichardnmque
3365 2666 3530 2711 tanta!
3575 2652 3813 2726 superbis

2244 2741 2641 2801 adolescentem
2669 2746 2889 2815 capiens
2917 2745 3328 2817 lloccipendat.»

2311 2831 2569 2889 Arnulfus
2610 2849 2741 2891 vero
2793 2850 2977 2891 comes
3018 2845 3322 2906 prreoptans
3369 2836 3583 2906 penitus
3612 2836 3813 2907 perdere

2243 2923 2384 2981 diva:
2423 2926 2699 2981 memoria:
2735 2927 3087 2991 Richardum,
3130 2942 3206 2982 ne
3252 2926 3490 2981 vindicet
3551 2928 3715 2997 patris
3741 2926 3809 2981 sui

2166 2991 2210 3053 (ἶ
2243 3013 2561 3086 sanguinem
2615 3016 2929 3081 innocuum,
2967 3015 3189 3072 festinat
3235 3016 3396 3071 citins
3448 3017 3516 3071 ad
3555 2991 3810 3072 Othonem

2242 3118 2425 3177 regem
2454 3105 2955 3161 Transrhenanum.
2990 3106 3335 3177 Venit-usque
3379 3117 3506 3161 ante
3536 3108 3679 3162 illius
3702 3123 3811 3161 con-

2240 3209 2507 3267 spectum,
2535 3198 2716 3254 verbis
2762 3199 3078 3253 humillimis
3128 3201 3263 3255 dixit
3317 3208 3373 3253 at
3424 3213 3551 3254 eum
3587 3217 3603 3253 :
3645 3220 3663 3252 ι
3715 3199 3808 3253 Rex

2239 3288 2575 3345 Francorum
2606 3289 2908 3345 Ludovicus
2940 3292 3119 3346 charte
3166 3291 3671 3363 inextricabilisque
3694 3293 3804 3347 ami-

2234 3381 2380 3435 citiae
2399 3381 2491 3436 tibi
2519 3396 2732 3437 munus.
2758 3379 3074 3436 Pestiferam
3100 3381 3398 3438 insolentia:
3427 3392 3481 3437 et
3514 3381 3810 3437 temeritatis

2240 3470 2479 3546 llugonis
2511 3474 2664 3531 ducis
2696 3484 2751 3531 et
2788 3474 3044 3530 Ricitardi
3081 3473 3581 3530 Northmanuorum
3616 3474 3809 3531 comitis

2238 3580 2345 3620 non
2394 3564 2577 3620 valens
2624 3565 2773 3621 ferre
2819 3566 3241 3631 contentionem,
3287 3567 3456 3621 mittit
3504 3583 3591 3622 me
3621 3568 3738 3633 tibi,
3758 3574 3809 3619 ut

2239 3655 2453 3726 aliquod
2509 3655 2583 3711 illi
2633 3657 2805 3727 gratia
2856 3666 2961 3711 tua:
3017 3657 3234 3727 pictatis
3292 3668 3521 3727 praestes
3570 3658 3808 3711 solamen.

2238 3747 2392 3821 Hugo
2420 3749 2581 3804 tiliam
2615 3764 2766 3804 suam
2796 3748 3066 3804 Richardo
3093 3749 3421 3805 adolescenti
3463 3750 3699 3805 maritali
3728 3750 3807 3806 fc-

2238 3842 2367 3899 dere
2397 3842 2778 3912 connubioqnc
2806 3840 3001 3913 jungit.
3035 3842 3126 3897 ille
3175 3857 3301 3897 vero
3338 3857 3470 3897 suus
3512 3844 3672 3898 miles
3698 3841 3808 3897 effe.

2238 3943 2379 4003 ctus,
2401 3934 2573 4007 gratia
2610 3934 2752 3991 illius
2780 3936 2981 3990 amoris
3011 3943 3069 3990 ut
3099 3936 3317 3992 domino
3348 3950 3448 4006 per
3474 3938 3660 3991 omnia
3696 3936 3807 3991 obc-

2238 4028 2335 4082 tlit.
2373 4026 2521 4082 illius
2545 4026 2815 4081 animatus
2840 4025 3056 4080 milliari
3089 4027 3356 4091 exercitu,
3389 4029 3560 4081 ambit
3588 4026 3807 4081 Francia:

2237 4135 2459 4192 regnum
2507 4117 2797 4186 invadere,
2835 4119 3056 4190 ejusque
3103 4119 3346 4175 habenas
3391 4126 3448 4175 et
3492 4127 3727 4189 sceptra,
3761 4124 3808 4170 ut

2236 4210 2351 4280 ejus
2406 4219 2559 4282 pater
2613 4210 2853 4280 pridem,
2898 4208 3165 4265 accelerat
3219 4211 3518 4280 possidere.
3585 4208 3810 4266 Retanda

2237 4303 2471 4369 illorum,
2522 4319 2840 4374 precamur,
2876 4303 3273 4375 prtesumptivte
3321 4305 3618 4360 voluntatis
3670 4317 3807 4357 arma

2235 4395 2473 4467 gantiam
2501 4396 2552 4451 in
2583 4397 2780 4451 virtute
2815 4409 2935 4463 sua,
2961 4406 3018 4453 et
3059 4398 3277 4452 destrue
3300 4395 3518 4452 illorum
3560 4409 3805 4466 perversis

2232 4491 2479 4548 elationis
2495 4489 2812 4562 jactantiam
2861 4493 3100 4565 potentia
3146 4501 3256 4548 tua.
3307 4492 3364 4549 Si
3410 4503 3615 4550 nostrae
3640 4497 3806 4565 deprec

2232 4585 2465 4640 cationis
2510 4585 2818 4655 expleveris
2866 4595 3073 4653 votum,
3115 4586 3271 4657 sique
3324 4587 3585 4643 obsidens
3627 4589 3806 4643 Βουτο-

2235 4691 2479 4747 magum,
2547 4677 3036 4732 Northmannicum
3109 4678 3468 4748 acquisiveris
3524 4680 3682 4735 nobis
3743 4696 3807 4733 r-

2233 4786 2419 4841 gnum,
2463 4768 2711 4825 dabimus
2746 4768 2840 4824 tibi
2881 4769 2934 4824 in
2964 4773 3292 4841 perpetuum
3334 4768 3700 4827 Lotharirnse
3740 4786 3800 4826 re

2233 4875 2419 4931 gnum,
2484 4860 2628 4928 quod
2678 4860 2818 4930 patri
2870 4867 2963 4914 tuo
3011 4859 3113 4915 fuit
3164 4861 3557 4930 repromissum
3611 4872 3805 4933 propter

2233 4951 2474 5023 praelium
2505 4949 2830 5006 Suessouico
2867 4966 3060 5022 campo
3091 4950 3417 5007 mirabiliter
3455 4963 3755 5023 peractum.
3785 4969 3800 5002 ι

2301 5041 2441 5099 Otho
2465 5056 2594 5097 vero
2621 5049 2933 5113 pranptatze
2977 5042 3263 5113 legationis
3298 5057 3555 5099 sermone
3587 5047 3801 5116 gvisus,

2231 5133 2507 5204 ascitaque
2532 5142 2588 5190 et
2615 5135 2915 5190 coadunata
2950 5133 3291 5190 orientalium
3328 5135 3611 5205 profusius
3642 5149 3801 5194 manu.

2231 5224 2589 5281 conventione
2613 5225 2679 5279 de
2703 5240 2867 5296 regno
2889 5223 3051 5291 facta,
3077 5226 3222 5281 venit
3243 5225 3527 5291 velociter,
3539 5227 3801 5283 devastans

2232 5320 2408 5346 Am-‘:an
2466 5317 2709 5346 “Anzn:nln
2746 5327 3067 5346 ΛΛΔιι--ΛιιΙΔ
3241 5316 3264 5346 Ϊ
3287 5318 3517 5346 ..ΔΛ-..ΑΔ
3552 5336 3678 5346 -Α-Α.
3707 5329 3797 5346 ραι*
