4032 6436
268 390 369 455 7η

684 398 771 454 DE
809 398 1051 455 GESTIS
1087 393 1520 454 NORMANNL‘E
1563 395 1801 454 DUCUM
1847 393 2020 457 LIBRI
2061 392 2262 449 TRES.
2301 421 2373 435 -—
2411 391 2538 447 LIB.
2581 391 2664 448 III.
2708 393 3129 452 RICIIARDUS.

3433 401 3536 456 748

265 529 427 572 secus
483 520 796 583 praeiacta,
861 514 1006 584 viget
1075 514 1515 584 inexpugnabilis
1582 514 1651 568 ab
1710 511 1854 568 omni
1883 509 2148 580 Aurbem
2173 507 2664 575 Rothomagensem
2701 510 3016 567 matutinus.
3047 511 3198 568 Mitte
3249 523 3374 570 ante
3408 530 3539 572 con-

265 614 428 677 gerite
479 612 884 672 superventura.
921 603 1220 659 Precamur
1266 605 1472 674 itaque,
1525 612 1678 658 verte
1730 611 1852 656 tan-

263 707 441 751 tarum
472 697 738 768 legionum
767 691 1062 748 exercitum
1091 695 1156 748 ad
1205 693 1659 765 Rotbomagensis
1706 692 1856 746 urbis

263 801 489 856 pagum,
537 787 666 857 quia
719 794 1008 855 antequam
1064 783 1474 839 Northmaunici
1524 781 1665 836 ruris
1719 782 1855 837 lines

263 879 530 945 attinges.
561 879 992 950 deportabuntur
1016 876 1109 930 tibi
1142 875 1286 928 illius
1315 873 1552 928 civitatis
1589 873 1782 928 claves.
1807 891 1825 924 ι

648 985 988 1027 APOSTROPHA
1024 985 1092 1022 AD
1131 980 1426 1023 ΑκΝυιῖυι.

621 1064 785 1118 Posse
811 1061 1003 1116 sistere
1029 1075 1128 1114 cur
1153 1058 1274 1124 Dei,

619 1151 870 1207 Omnium
899 1163 1112 1218 quoque
1139 1146 1371 1217 praescii,

616 1239 784 1303 Velle,
814 1238 968 1308 cujus
992 1253 1126 1308 opus
1155 1246 1359 1302 manet,

617 1331 683 1386 Et
705 1331 853 1386 calor
882 1331 1015 1401 petit
1037 1331 1242 1394 omnia,

623 1420 859 1490 Regibus
882 1421 1034 1491 cupis
1062 1421 1291 1489 asperis,

616 1512 1063 1576 Contumacibus,
1102 1510 1386 1580 improbis,

619 1600 1007 1671 Arrogantibus
1039 1608 1091 1654 et
1122 1598 1324 1654 malis?

616 1690 875 1759 Quamvis
899 1689 1188 1746 emeritum
1217 1690 1411 1745 ducem

612 1784 758 1841 Ileul
790 1793 994 1853 patrem
1028 1781 1222 1852 tetigit,
1249 1789 1397 1848 tuus,

613 1875 772 1931 Istius
793 1873 942 1944 pueri
974 1871 1117 1927 sacri

612 1965 818 2030 Mucro,
848 1964 1087 2018 sanctior
1117 1969 1176 2015 ut
1201 1960 1342 2017 foret

617 2055 793 2112 Testis
821 2053 1090 2108 almiﬂuus
1111 2052 1206 2107 Dei
1235 2070 1248 2106 :

615 2149 752 2206 Vota
783 2163 888 2203 non
924 2155 1012 2202 tua
1042 2144 1233 2201 frivola

603 2239 750 2296 Velle
777 2237 1107 2310 prospicient
1135 2234 1312 2303 tuum';

612 2332 751 2387 Ecce
776 2331 871 2386 sed
900 2343 1082 2384 comes
1111 2326 1320 2394 almior,

609 2421 853 2478 Marchio
884 2418 1223 2489 locupletior,

615 2514 844 2584 Duxque
870 2512 1108 2568 sanctior
1127 2509 1397 2577 omnibus,

610 2603 836 2670 Nobilis,
864 2602 1112 2667 celebris,
1139 2601 1281 2671 pius,

602 2693 810 2761 Justus,
843 2693 1129 2759 almificus,
1157 2692 1382 2764 probus,

611 2786 866 2851 Sanctus,
893 2785 1175 2849 innocuus,
1204 2783 1400 2845 bonus,

611 2877 784 2936 Omne
800 2877 912 2949 jam
940 2883 1143 2931 statuet
1174 2873 1398 2937 bonum,

611 2969 782 3028 Omne
811 2976 1056 3024 conteret
1075 2973 1130 3021 et
1157 2964 1379 3020 malum.

327 3060 764 3120 Multimodarum
792 3073 1027 3129 namque
1055 3055 1375 3128 petitionum
1402 3051 1840 3123 persuasionibus

239 3167 357 3213 rex
381 3155 524 3212 Otho
548 3151 879 3224 compulsus,
908 3150 1077 3205 movit
1111 3155 1277 3202 tanta;
1295 3143 1658 3200 multitudinis
1678 3158 1836 3198 exer-

242 3248 449 3312 citum,
484 3208 864 3316 profectusque
895 3248 982 3297 est
1028 3254 1151 3295 cum
1199 3251 1324 3309 rege
1375 3234 1649 3290 Ludovico
1681 3249 1843 3305 super
1868 3208 1914 3272 (ἶ

239 3338 411 3408 Εριτε
465 3333 738 3399 rivulum,
788 3331 882 3402 qui
936 3329 1168 3386 termino
1217 3322 1592 3397 diremptionis
1646 3322 1842 3381 limitat

242 3417 1031 3492 Francia:Northmannizeque
1052 3435 1297 3492 regnum.
1325 3417 1474 3474 Tunc
1513 3427 1672 3474 vocat
1699 3417 1840 3474 Otho

240 3517 916 3586 ArnulﬁmJncentorem
948 3513 1112 3568 totius
1137 3511 1284 3576 mali,
1308 3518 1364 3564 et
1407 3510 1632 3579 requirit
1661 3509 1840 3565 claves

243 3609 716 3679 Rothomagensis
745 3605 916 3672 urbis,
945 3598 1006 3659 ut
1055 3602 1155 3658 sibi
1199 3598 1521 3672 promiserat
1543 3597 1836 3668 deportari.

238 3701 514 3758 Arnulfus
557 3716 686 3756 vero
734 3699 1030 3755 intentione
1078 3703 1281 3766 arguta
1313 3691 1507 3749 mentis
1545 3690 1709 3760 coepit
1754 3703 1840 3744 re-

240 3805 377 3863 gem
423 3788 689 3844 Othonem
737 3786 889 3842 affari
919 3803 933 3839 :
971 3805 990 3838 ι
1033 3784 1262 3840 Βὸιηίηθ
1290 3797 1407 3845 rex,
1441 3797 1601 3836 nemo
1629 3778 1838 3834 Rotho-

240 3883 587 3956 magensium
635 3883 796 3937 audet
849 3890 899 3935 te
924 3877 1165 3950 aggredi,
1214 3876 1342 3947 quia
1399 3874 1596 3930 abhinc
1635 3873 1839 3928 Rotho-

238 3989 472 4044 magum
501 3987 671 4042 usque
699 3977 881 4027 exstat
905 3969 1058 4024 tellus
1085 3967 1374 4029 silvestris,
1398 3972 1804 4020 commorantur
1823 3991 1836 4003 -

238 4072 356 4136 que
388 4049 1005 4117 latrocinta'exercentes
1043 4057 1095 4112 in
1126 4053 1242 4124 ejus
1269 4055 1419 4110 silvis
1454 4063 1512 4108 et
1550 4053 1708 4108 lucis.
1743 4052 1837 4106 Est

238 4156 390 4211 alius
421 4154 684 4208 decursus
727 4164 987 4221 aquarum
1032 4147 1086 4201 in
1125 4145 1396 4216 proximo,
1445 4159 1564 4212 quae
1608 4151 1834 4197 vocatur

236 4245 498 4311 Andella,
524 4243 692 4314 pratis
726 4240 1084 4309 omnibusque
1129 4252 1314 4292 rerum
1369 4232 1658 4290 aflluentiis
1703 4248 1833 4304 pro-

237 4336 472 4409 pensius
519 4335 740 4390 referta.
781 4332 856 4387 Ibi
903 4345 1044 4396 cras,
1092 4329 1346 4399 petimus,
1378 4325 1529 4395 .figes
1579 4322 1853 4400 tentoria,’

238 4429 576 4499 venientque
622 4426 750 4481 illuc
799 4426 1086 4495 optimates
1141 4418 1688 4487 Rothomagensium,
1753 4417 1832 4471 fe-

239 4530 433 4577 rentes
465 4519 559 4575 tibi
591 4518 769 4572 claves
790 4515 942 4570 urbis
966 4523 1021 4570 et
1043 4512 1264 4584 pretiosi
1295 4511 1518 4565 honoris
1547 4523 1822 4564 munera.»
1856 4548 1908 4608 Β

239 4612 366 4668 Rex
391 4626 521 4667 vero
558 4607 699 4667 Otho
743 4607 1098 4676 deprecativis
1129 4613 1348 4659 coac'us
1390 4603 1590 4667 verbis,
1632 4599 1829 4654 abhinc

240 4702 510 4759 secedens
557 4702 610 4755 in
625 4699 875 4755 .Andcllaa
898 4696 1098 4751 ﬂuvioli
1124 4693 1324 4750 resedit
1349 4692 1543 4762 pratis.

315 4793 566 4848 Dilucuto
616 4806 744 4848 vero
797 4789 1035 4845 subdolze
1083 4786 1394 4841 calliditatis
1445 4797 1626 4838 comes
1682 4780 1830 4836 stetit

239 4892 376 4940 ante
415 4882 682 4939 Othonem
707 4896 911 4952 regem,
953 4879 1326 4948 episcoporum
1352 4884 1495 4930 coetu
1527 4874 1831 4940 ducumque

241 4985 301 5030 et
328 4989 617 5045 procerum
662 4972 964 5044 frequentia
990 4971 1349 5040 constipatum
1376 4977 1428 5022 et
1456 4964 1826 5035 refulgentem.

242 5066 485 5136 Cupiens
529 5075 708 5120 autem
774 5063 1028 5118 Richardi
1086 5060 1411 5131 praefulgidae
1453 5054 1830 5112 adolescentia:

243 5155 482 5212 multare
527 5155 747 5226 pubem,
791 5168 1052 5224 regesque
1090 5151 1392 5206 conducere
1433 5148 1500 5202 ad
1538 5147 1832 5201 Rothoma-

242 5260 468 5318 gensem
498 5246 704 5310 urbem,
728 5245 864 5298 dixit
885 5244 952 5297 ad
973 5241 1242 5298 Othonem
1281 5258 1294 5292 :
1333 5257 1350 5290 ι
1393 5237 1608 5292 Rubore
1638 5236 1833 5290 futura:

242 5334 684 5392 subsannationis
704 5333 1278 5404 Rothomagensesque
1308 5327 1538 5391 confusi,
1571 5341 1834 5382 verecun-

243 5429 448 5484 dantur
473 5426 654 5483 claves
682 5427 898 5481 mittere
927 5427 1047 5487 tibi,
1093 5424 1193 5478 nisi
1221 5421 1465 5494 oppressi
1503 5420 1704 5474 fuerint
1729 5420 1830 5473 im-

243 5522 508 5576 manitate
538 5520 742 5576 hostili.
768 5520 1007 5573 Duorum
1040 5519 1203 5589 igitur
1234 5531 1417 5587 regum
1450 5523 1831 5581 tantorumque

245 5615 444 5669 ducum
493 5622 549 5668 et
591 5629 879 5683 procerum
910 5613 1154 5666 exercitu
1201 5610 1406 5674 vallati,
1438 5625 1544 5664 non
1583 5607 1834 5662 different

246 5702 522 5758 civitatem
547 5705 773 5760 reddere
820 5704 936 5758 tibi.
986 5702 1326 5772 Quapropter
1373 5709 1627 5769 precatur
1657 5708 1708 5754 te
1737 5698 1835 5753 ob«

248 5793 375 5848 wine
413 5809 563 5849 meus
588 5797 770 5852 senior
799 5811 888 5850 rex
918 5793 1238 5856 Ludovicus,
1279 5801 1335 5845 ut
1365 5792 1724 5860 profici-caris
1763 5789 1829 5859 ad

1957 610 2200 672 spectum
2246 609 2348 655 tua:
2404 599 2703 668 majestatis
2762 601 3196 656 robustissimum
3248 602 3535 673 legionem,

1955 707 2074 762 quze
2105 691 2364 747 invadens
2405 691 2675 747 hostiliter
2703 702 3041 762 prteoccupet
3061 694 3371 763 civitatem;
3401 707 3459 751 ut
3489 698 3536 752 si

1953 801 2091 855 quos
2123 785 2426 839 forinsecus
2457 793 2663 839 stantes
2693 784 3007 840 certaminis
3038 787 3210 854 gratia
3249 786 3540 852 invenerit,

1955 877 2022 929 ad
2051 875 2322 930 civitatem
2349 874 2604 930 ferociter
2633 874 2899 942 retrudat,
2933 875 3168 945 hincque
3194 878 3422 931 tentoria
3451 889 3538 932 tua

1955 965 2166 1020 illorum
2229 977 2450 1018 securus
2515 965 2582 1018 ad
2669 973 2885 1034 portam
2955 965 3335 1020 Belvacensem
3390 966 3537 1036 ligat.

1953 1055 2086 1112 Cum
2143 1063 2321 1110 autem
2375 1055 2810 1125 appropiaveris,
2869 1065 2991 1111 tuus
3040 1057 3255 1127 meique
3313 1059 3542 1113 senioris

1945 1145 2225 1201 exercitus
2247 1158 2342 1199 eos
2371 1143 2632 1200 sollicitos
2657 1144 2863 1208 reddat,
2891 1146 3079 1214 sicque
3126 1147 3179 1200 in
3222 1149 3398 1216 primo
3424 1132 3542 1202 cer-

1955 1235 2172 1292 laminis
2200 1246 2460 1308 apparatu
2492 1248 2664 1303 eoque
2693 1233 2862 1303 praalii
2892 1233 3144 1289 conﬂictu
3186 1236 3538 1306 contemplari

1947 1327 2286 1396 quiverimus
2327 1324 2480 1396 cujus
2517 1324 2763 1380 valentia:
2797 1333 2852 1380 et
2879 1323 3216 1381 fortitudinis
3250 1326 3366 1380 haec
3408 1326 3539 1381 urbs

1949 1424 2149 1472 exstat.
2175 1435 2192 1470 ι

2021 1503 2160 1560 Tum
2198 1506 2416 1578 quidam
2443 1519 2612 1576 nepos
2638 1507 2781 1579 regis
2804 1505 3033 1564 Othonis
3069 1508 3207 1564 dixit
3228 1508 3391 1564 verbo
3418 1508 3538 1564 ela-

1950 1599 2115 1654 tionis
2143 1617 2158 1654 ;
2187 1617 2206 1651 ‹
2243 1600 2470 1655 Domine
2513 1613 2632 1664 rex,
2661 1600 2704 1654 si
2737 1599 2864 1654 licet
2902 1599 3021 1664 tibi,
3060 1600 3388 1655 antecedens
3427 1600 3536 1664 ibo,

1949 1699 2237 1762 castraque
2266 1702 2356 1746 tua
2405 1691 2670 1747 metabor.
2721 1691 2777 1745 Si
2825 1690 2962 1746 forte
3005 1692 3306 1762 ingruerint
3348 1699 3537 1747 contra

1945 1798 2035 1838 me
2065 1781 2225 1847 bella,
2255 1796 2355 1853 ego
2381 1789 2657 1836 conteram
2688 1779 2865 1851 gladio
2901 1796 3090 1836 eorum
3128 1781 3318 1837 millia.
3359 1782 3537 1852 Expe-

1872 1865 1917 1926 B
1946 1873 2059 1928 riar
2100 1871 2251 1943 Cujus
2290 1869 2621 1926 habitudinis
2670 1869 2888 1939 cujusve
2917 1870 3166 1926 valentia:
3195 1870 3279 1926 vel
3324 1863 3558 1926 fortitu?

1948 1963 2089 2019 dinis
2117 1973 2241 2019 sunt
2267 1963 2320 2017 in
2343 1963 2551 2032 prndio,
2589 1961 2812 2031 cujusve
2851 1962 3077 2018 cautela:
3110 1962 3539 2034 provisionisque

1941 2063 2002 2108 et
2027 2055 2312 2123 prudentia
2349 2055 2403 2107 in
2449 2053 2611 2108 bello.
2660 2051 2862 2106 Contra
2894 2052 3068 2108 Dacos
3103 2060 3158 2107 et
3194 2052 3396 2107 Alanos
3424 2051 3536 2107 Go-

1949 2147 2178 2218 thosque
2217 2161 2271 2204 et
2311 2148 2558 2220 llungres
2599 2163 2744 2213 smne
2789 2146 3062 2211 dimicavi,
3108 2161 3296 2202 verum
3345 2154 3533 2201 contra

1947 2236 2347 2294 Northmannos
2369 2254 2659 2310 numquam
2688 2245 2962 2294 certamen
2991 2237 3106 2293 inii.
3135 2237 3369 2293 Aciebus
3399 2253 3538 2308 prte-

1944 2331 2150 2400 paratis
2177 2331 2449 2386 lacescens
2476 2346 2592 2396 eos,
2634 2331 2956 2401 expugnabo
2995 2329 3270 2385 civitatem
3299 2339 3354 2385 et
3379 2330 3538 2385 'dissi~

1947 2421 2088 2491 pabo
2116 2419 2429 2492 dispergens
2452 2421 2674 2475 advena:
2693 2421 2869 2493 gentis
2895 2421 3129 2492 plebem.
3163 2439 3182 2473 ι
3213 2420 3327 2476 lloc
3353 2430 3534 2476 autem

1946 2509 2216 2566 referebat
2236 2509 2496 2578 jactantia
2515 2507 2778 2578 juvenali,
2819 2511 3074 2582 ignorans
3097 2511 3308 2566 varium
3347 2525 3537 2564 casua-

1945 2600 2156 2671 lemque
2182 2610 2434 2656 eventum
2465 2601 2652 2671 praelii.
2697 2601 2982 2672 Extemplo
3021 2618 3116 2658 rex
3150 2599 3292 2656 Otho
3331 2601 3534 2656 humil-

1944 2688 2088 2746 limis
2115 2690 2381 2762 regalium
2425 2691 2750 2762 petitionum
2793 2691 3014 2747 monitis
3065 2700 3313 2756 coactus,
3369 2690 3534 2744 citato

1941 2779 2186 2836 exercitu
2229 2779 2576 2851 progreditur
2606 2781 2828 2837 mittens
2857 2789 2984 2836 ante
3009 2795 3068 2837 se
3105 2765 3372 2852 perversae
3414 2779 3528 2835 ela-

1944 2872 2105 2928 tionis
2131 2881 2376 2944 nepotem
2398 2873 2673 2930 adornatis
2704 2866 3025 2944 legionibus.

2546 2983 2910 3023 APOSTROPHA.

2083 3060 2226 3117 Otho
2249 3075 2343 3116 rex
2373 3076 2600 3132 magnus
2628 3062 2951 3118 recolendus
2971 3071 3152 3132 atque,

2083 3149 2194 3205 Cur
2221 3151 2551 3224 Richardum
2585 3152 2954 3220 percelehrem
2985 3166 3326 3220 sacrumque.

2085 3239 2351 3304 Nobilem,
2369 3239 2704 3310 iustumque,
2730 3243 2980 3312 probum,
2997 3243 3322 3306 modestmn,

2085 3321 2450 3390 Marchionem
2477 3332 2875 3404 patriciumque
2901 3342 3148 3388 sanctum

2085 3423 2153 3478 Et
2179 3424 2371 3481 ducem
2404 3425 3086 3496 nunc,magnanimumque
3116 3423 3335 3487 fortem,

2088 3517 2272 3572 Ambis
2299 3516 2492 3572 infesto
2517 3515 2721 3571 laniare
2742 3526 2886 3572 cmtu

2087 3611 2151 3664 Et
2176 3608 2408 3680 maligno
2437 3609 2810 3664 contaminare
2836 3609 2980 3674 nisu,

2085 3703 2152 3757 Et
2182 3703 2441 3758 honorem
2470 3702 2655 3758 tollere
2678 3703 3035 3774 principatus,

2084 3793 2222 3861 Quin
2253 3793 2459 3862 potenti
2486 3793 2681 3848 sistere
2711 3795 2946 3865 cogitatu

2084 3883 2244 3937 Nutui
2270 3882 2433 3954 Regis
2451 3883 2738 3954 superique
2760 3885 2992 3939 summi?
3178 3955 3180 3957 ν

2080 3972 2244 4028 Posse
2264 3973 2441 4028 nullus
2470 3988 2594 4027 nam
2625 3973 2836 4045 Supero
2867 3975 3102 4042 resistet,

2079 4064 2228 4120 Velle
2258 4081 2356 4120 nec
2378 4064 2489 4134 jam
2517 4065 2791 4121 sidereum
2818 4066 3079 4125 reflectet.

2080 4155 2178 4212 llic
2206 4171 2406 4222 comes,
2435 4156 2566 4223 duv,
2591 4158 2958 4229 patriciusque
2980 4175 3248 4224 summus,

2081 4245 2318 4331 hlarchio
2351 4257 2591 4315 sanctus,
2615 4249 2864 4316 celebris,
2893 4252 3168 4307 modestus

2075 4337 2306 4408 Legibus
2335 4338 2547 4408 plebem
2580 4342 2881 4396 moderabit
2915 4342 3072 4396 almis

2073 4428 2545 4496 Torquetastutus
2575 4429 2787 4486 laceros
2818 4447 3070 4502 reosque,

2074 4519 2252 4573 Ataue
2277 4518 2440 4588 justis
2475 4523 2696 4590 praemia
2729 4523 2887 4594 digna
2910 4524 3088 4579 dedet.

2074 4610 2314 4665 Moribus
2335 4612 2537 4666 sanctis
2566 4613 2880 4683 meritisque
2909 4615 3137 4684 fulgens,

2075 4703 2166 4758 Sic
2192 4702 2300 4772 poli
2332 4703 2668 4773 splendentia
2700 4707 2925 4762 scandet
2954 4719 3122 4763 astra.

2076 4795 2154 4848 Tu
2183 4805 2374 4864 potens
2403 4810 2498 4850 rex
2533 4805 2694 4866 atque
2729 4799 2920 4869 vigens
2951 4802 3264 4871 valensque,

2073 4884 2390 4941 Contereris
2421 4887 2638 4942 numine
2665 4891 3016 4959 sempiterno,

2071 4974 2356 5032 Incubabis
2389 4978 2729 5050 ridiculmque
2757 4996 2966 5046 sannae;

2073 5065 2272 5136 Sicque
2302 5065 2688 5125 Northmannis
2722 5073 3041 5142 reprobatus
3073 5073 3172 5128 ibis

2073 5159 2154 5213 Ad
2193 5170 2298 5214 tua:
2322 5160 2464 5215 sedis
2488 5163 2821 5217 verecundus
2845 5163 3043 5217 aulam.

2001 5249 2134 5303 Cum
2151 5257 2330 5304 autem
2345 5265 2509 5320 nepos
2522 5253 2662 5323 regis
2674 5252 2902 5308 Othonis
2918 5255 3372 5326 appropinquaret.
3393 5273 3516 5328 por-

1936 5347 2044 5392 tam
2080 5339 2341 5403 civitatis,
2365 5357 2484 5410 quze
2523 5352 2858 5412 nuncupatur
2889 5345 3255 5411 Belvacensis,
3289 5363 3518 5406 corusco

1933 5429 2175 5496 equitatu
2214 5431 2470 5485 ferventis
2499 5433 2748 5488 elationis
2777 5435 3066 5506 hostilique
3117 5438 3361 5496 bellicosi
3391 5457 3514 5495 err-

1937 5521 2156 5574 taminis
2182 5524 2562 5591 congressione
2591 5523 2834 5582 feritaret
2863 5529 2914 5582 in
2939 5527 3340 5587 Northmannos
3365 5532 3510 5586 acie-

1934 5608 2036 5662 bus
2066 5609 2363 5673 adornatis,
2399 5610 2497 5679 ipsi
2553 5629 2680 5668 vero
2727 5615 3088 5674 Northmanni
3123 5620 3312 5674 talium
3340 5619 3512 5674 collu-

1933 5701 2231 5756 ctationqu
2273 5705 2447 5771 gnari,
2482 5705 2799 5762 simulantes
2829 5709 3032 5780 fugam,
3081 5715 3234 5782 quasi
3267 5714 3512 5768 hostibus

1935 5791 2167 5844 convirti
2213 5793 2524 5863 repetebant
2578 5795 2808 5854 celerius
2857 5804 3166 5858 nrmsidium
3209 5805 3373 5858 urbis.
3409 5803 3512 5860 Sa-
