4032 6444
520 402 627 461 ’119

1419 396 1720 459 DUDONIS
1760 395 2012 455 DECANI
2054 395 2115 451 S.
2161 394 2473 464 QUINTINI
2515 391 2887 451 VIROMAND.

3660 389 3771 454 πθ

526 528 699 570 xones
732 526 859 570 vero
895 511 1034 569 ﬂcL'e
1082 512 1224 583 fuga:
1262 513 1516 568 stmulate
1549 510 1774 578 hilares,
1803 509 2101 579 taliumque
2126 519 2175 575 Α
2204 508 2403 571 nimia;
2455 507 2724 563 incertum
2762 518 2998 578 namque
3031 517 3116 563 est
3171 506 3303 565 mihi
3353 510 3608 580 praescire
3651 513 3772 581 quid

518 617 745 658 casuum
774 614 973 660 eventu
999 618 1095 661 eos
1123 604 1460 667 adamantes,
1513 600 1978 672 persequebantur
2006 611 2101 653 eos

523 690 815 747 hostiliter.
849 689 1093 747 Tandem
1121 705 1250 746 vero
1276 705 1447 761 nepos
1474 689 1622 760 regis
1664 702 1988 758 congressus
2010 702 2102 742 su-

522 794 624 849 per
642 791 860 852 pontem
911 792 1081 852 portte
1130 779 1495 846 Belvacensis,
1544 779 1769 849 putabat
1796 790 2104 848 expugnare

522 868 723 924 mtenia
754 871 928 926 urbis.
988 870 1345 926 Northmanni
1404 883 1533 923 vero
1582 868 1708 923 hinc
1754 868 1876 921 itide
1906 865 2099 920 armati

516 958 964 1030 congredientes,
994 967 1049 1013 et
1080 973 1242 1029 super
1268 972 1364 1013 eos
1392 965 1453 1011 ut
1479 957 1664 1012 leones
1681 969 1844 1026 super
1871 953 2102 1025 pecudes

522 1049 863 1115 exsilientes,
894 1060 1175 1120 cmperunt
1203 1064 1297 1105 eos
1326 1049 1567 1104 lacerare
1595 1056 2020 1117 prosternentes,
2049 1054 2105 1100 et

520 1140 772 1196 occidere
798 1139 919 1195 telis
942 1140 1398 1209 mucronibusque
1419 1139 1683 1205 coruscis,
1711 1148 1877 1208 atque
1899 1136 2103 1192 discer-

519 1238 655 1298 pere
671 1229 973 1293 securibus,
1004 1239 1063 1282 ut
1088 1229 1334 1285 bidentes
1381 1229 1513 1301 lupi.
1565 1229 1744 1283 Multis
1771 1244 1898 1283 vero
1929 1227 2102 1283 Saxo-

520 1320 682 1376 nibus
728 1320 1049 1391 interfectis,
1097 1320 1451 1390 pluribusque
1478 1319 1682 1375 attritis
1702 1329 1756 1374 et
1785 1318 2100 1383 vulneratis,

520 1410 836 1480 defungitur
860 1427 1026 1482 super
1072 1422 1291 1483 pontem
1319 1413 1667 1469 mucronibus
1690 1422 1744 1467 et
1774 1412 1981 1468 lanceis
2009 1426 2101 1466 ne-

516 1518 616 1572 pos
643 1504 806 1576 regis.
858 1503 1099 1560 Tandem
1130 1504 1486 1561 Nortlnnanni
1527 1506 1750 1562 victoria
1796 1506 1972 1576 potiti,
2005 1520 2099 1559 ea-

516 1595 668 1662 piunt
695 1593 893 1649 multos
919 1594 1225 1665 principum
1254 1594 1306 1649 in
1335 1594 1584 1651 conﬂictu
1616 1594 1879 1651 mortiferi
1927 1601 2101 1651 certa-

516 1682 697 1738 minis.
731 1682 945 1753 Reliqui
979 1699 1110 1740 veto
1164 1684 1409 1741 Saxones
1446 1694 1710 1756 nepotem
1762 1686 1906 1761 regis
1951 1702 2097 1741 mor-

516 1781 665 1827 tuum
686 1789 849 1844 super
874 1783 1091 1845 pontem
1134 1773 1319 1844 jacere
1364 1786 1667 1839 cernentes,
1695 1791 1929 1846 eumque
1976 1790 2098 1830 eum

2203 598 2467 669 agendum
2497 597 2569 652 sit
2595 597 2647 653 in
2673 605 2779 652 tam
2806 597 3064 668 pestifera
3106 599 3341 656 tristium
3373 612 3663 658 eventuum
3689 618 3775 659 ca-

2200 701 2465 757 suumque
2489 685 2837 741 contritione.
2874 684 3002 754 Vos,
3047 688 3139 752 qui
3183 697 3315 744 natu
3373 704 3645 759 sensuque
3670 708 3776 747 ma-

2198 778 2348 847 jores
2365 780 2520 844 estis,
2543 793 2881 850 quorumque
2909 781 3140 837 consilio
3161 798 3283 854 quae
3298 784 3642 854 exsequenda
3660 795 3777 839 sunt

2204 869 2467 933 delibero,
2507 867 2686 923 cuncti
2715 868 2896 939 sagaci
2931 870 3158 927 interna:
3203 872 3577 928 meditationis
3636 876 3778 944 cogic

2207 969 2316 1013 tatu
2353 957 2648 1025 rimamini,
2681 961 2811 1028 quid
2859 968 3112 1030 oporteat
3160 961 3508 1017 laudabiliter
3534 964 3775 1033 exsequi.

2204 1047 2523 1113 Maleficum,
2558 1048 2603 1103 si
2650 1048 2804 1104 vobis
2845 1048 3048 1118 placet,
3095 1050 3396 1121 sophistam
3436 1052 3648 1121 capiant
3678 1052 3779 1105 Ar-

2204 1138 2429 1205 nult’um,
2462 1140 2807 1211 vinctumque
2829 1141 3036 1197 catenis
3063 1140 3337 1199 Richardo
3359 1143 3547 1201 comiti
3576 1144 3779 1199 mittam

2202 1243 2349 1295 eum;
2374 1239 2433 1283 ιιι
2461 1229 2699 1285 vindicet
2723 1230 2792 1286 de
2820 1245 2886 1287 eo
2939 1240 3150 1302 patrem
3175 1247 3356 1299 suum,
3398 1232 3779 1304 quiafraudu-

2205 1318 2377 1372 lenter
2417 1319 2592 1389 coegit
2620 1333 2720 1374 nos
2747 1319 2853 1376 huc
2900 1306 3194 1392 pr0perare
3240 1331 3297 1377 et
3349 1336 3529 1393 tegtm
3557 1320 3784 1377 Ludovi-

2201 1423 2350 1475 cum,
2375 1409 2597 1477 cupiens
2621 1410 2874 1467 occidere
2921 1413 3115 1467 ducem
3167 1413 3519 1477 liichardum.
3549 1425 3606 1467 ιιι
3658 1414 3782 1468 olim

2204 1510 2414 1570 patrem
2438 1516 2616 1557 suum.
2648 1521 2667 1555 ι
2695 1501 2848 1559 Tunc
2879 1504 3135 1573 prtcsules
3165 1514 3220 1559 et
3241 1507 3534 1575 optimates
3565 1519 3783 1573 reSpon-

2202 1589 2397 1643 derunt
2423 1589 2538 1661 regi
2567 1588 2791 1658 Othoni,
2822 1594 3065 1648 dicentes
3092 1607 3110 1645 :
3142 1612 3162 1646 ι
3192 1595 3545 1651 Evscerabile
3576 1596 3786 1651 cunctis

2203 1686 2363 1747 atque
2384 1678 2741 1750 vituperabile
2793 1682 3048 1739 omnibus
3092 1685 3273 1740 eritsi
3323 1685 3587 1755 capietur,
3631 1701 3786 1753 sique

2201 1767 2476 1825 Richardo
2504 1770 2572 1826 ad
2601 1771 2927 1842 puniendum
2956 1774 3223 1829 mittetur.
3251 1774 3593 1831 Vere-cundia
3622 1775 3784 1830 dedo;-

514 1877 709 1934 magno
736 1864 937 1935 impetu
981 1865 1222 1935 duroque
1267 1864 1521 1922 conﬂictu
1553 1868 1845 1936 rapientes,
1890 1866 2093 1922 ducen-
2126 1860 2172 1922 Β
2200 1877 2403 1931 cusqllc
2422 1864 2669 1918 obscena)
2698 1864 3035 1921 confusionis
3060 1875 3115 1921 et
3139 1864 3481 1937 datnni,qua:
3504 1866 3785 1936 condigna:

515 1953 660 2009 tibus
682 1954 1074 2011 Northmannis
1100 1956 1364 2026 plurimos
1394 1958 1604 2012 illorum
1633 1968 1823 2028 captos
1848 1959 1915 2013 ad
1956 1971 2098 2013 ma:-

513 2043 602 2097 nia
632 2043 803 2112 urbis,
836 2044 1197 2115 deportabant
1223 2047 1291 2100 ad
1325 2055 1551 2102 caeteras
1576 2047 1886 2119 phalanges.
1911 2046 2098 2119 Jurgio

512 2135 634 2191 duri
666 2135 971 2208 prolixique
992 2138 1162 2207 praelii
1201 2136 1382 2192 taliter
1418 2136 1679 2206 sejuneto,
1704 2140 1923 2194 stabant
1970 2140 2099 2195 hinc

512 2222 762 2282 Saxones
788 2235 846 2282 et
888 2226 1082 2282 Franci
1112 2234 1170 2282 et
1212 2227 1531 2284 altrinsecus
1577 2228 1953 2294 Northmanni,
1996 2243 2098 2285 nec

512 2316 785 2373 ambiebat
811 2333 944 2387 gens
964 2317 1383 2374 Transrhenaua
1411 2318 1641 2389 a:t.plius
1664 2334 1722 2374 se
1744 2320 2097 2375 commiscere

517 2409 670 2480 ipsis.

583 2504 795 2561 Interea
826 2505 1121 2563 mortifera:
1173 2507 1453 2564 relationis
1507 2506 1650 2563 fama
1696 2522 1879 2580 regem
1923 2505 2095 2563 Otho-

512 2611 661 2662 nem,
684 2597 957 2655 crudelem
1000 2600 1214 2671 nepotis
1240 2609 1470 2657 mortem
1501 2601 1851 2669 denuntians,
1905 2617 2097 2672 percu-

511 2690 618 2756 lit;
675 2700 958 2763 totumque
1008 2694 1306 2750 exercitum
1363 2709 1550 2749 rumor
1596 2695 1730 2749 tanti
1785 2693 2096 2750 detrimenti

516 2781 888 2836 conturbavit.
931 2782 1080 2837 Illico
1110 2783 1412 2838 conmmnis
1452 2784 1660 2839 ratione
1686 2783 1894 2839 consilii
1928 2784 2097 2839 hostic-

512 2872 637 2927 liter
658 2872 977 2927 invaserunt
1012 2873 1310 2940 civitatem,
1335 2874 1619 2944 cupientes
1649 2883 1810 2931 tantae
1838 2890 2094 2932 reveren-

512 2963 602 3017 tiae
642 2962 860 3032 juvenis
888 2964 1164 3021 vindicare
1213 2968 1551 3037 sanguinem.
1611 2968 1858 3025 Saxones
1890 2983 2019 3027 vero
2043 2980 2099 3026 et

511 3055 711 3110 Franci
737 3055 870 3111 nihil
899 3057 1047 3113 circa
1080 3058 1269 3113 urbem
1309 3059 1679 3129 proficientes,
1731 3062 1826 3116 sed
1855 3075 1954 3132 pro
1980 3060 2096 3131 plu-

512 3144 915 3202 rimis-suorum
937 3148 1275 3203 exercituum
1314 3149 1511 3204 occisis
1554 3149 1778 3204 nimium
1807 3148 2092 3219 ejulantes,

514 3237 933 3292 revertebantur
961 3237 1031 3292 ad
1058 3245 1263 3303 castra,
1294 3237 1675 3294 defunctorum
1709 3239 1971 3295 cadavera
2000 3241 2096 3296 de-

518 3336 824 3394 portantes.
854 3326 1079 3398 Nepotis
1104 3342 1233 3383 vero
1262 3336 1438 3384 morte
1460 3322 2098 3402 hisqueinopportunita-

512 3421 659 3477 tibus
690 3436 785 3478 rex
809 3422 950 3478 Otho
980 3432 1232 3489 maestus,
1262 3423 1557 3494 vidensque
1589 3425 1779 3499 venire
1834 3440 2099 3496 pagenses

513 3510 660 3568 illius
713 3522 871 3568 terra:
898 3512 967 3567 ad
999 3513 1187 3568 urbem
1221 3513 1567 3578 altrinsecus,
1618 3514 1757 3570 dixit
1804 3516 1916 3571 suis
1948 3517 2099 3586 prin-

515 3603 728 3674 cipibus
757 3618 772 3658 :
804 3621 823 3654 ι
879 3605 1132 3660 Potestne
1182 3605 1297 3661 haec
1333 3606 1462 3661 urbs
1491 3605 1676 3661 vallari
1706 3617 1892 3664 nostro
1938 3622 2097 3663 exer-

514 3697 647 3762 citu,
678 3698 855 3769 utqui
900 3698 1323 3753 transvehuntur
1368 3699 1608 3771 navigio,
1665 3715 1772 3757 noa
1822 3712 2099 3772 transgre-

514 3788 1250 3860 dianturbllesponlerunt:
1273 3809 1291 3841 ι
1320 3789 1833 3863 Nequaquam,quia
1847 3793 2099 3863 Sequana

516 3878 747 3950 simplex
787 3892 842 3934 et
900 3881 1192 3951 singularis
1238 3881 1488 3951 procellis
1532 3884 1648 3938 suis
1693 3885 1869 3955 quatit
1914 3900 2102 3942 nmros

515 3970 773 4036 civitatis,
806 3971 935 4040 quin
965 3972 1126 4025 etiam
1156 3971 1549 4028 inerementata
1570 3981 1630 4028 et
1673 3985 1966 4046 repugnate
1998 3975 2100 4032 ﬂu-

516 4061 695 4116 ctibus
726 4062 912 4128 maris,
941 4062 1300 4119 determinato
1328 4079 1490 4121 cursu
1547 4067 1687 4122 luna:
1732 4071 2026 4125 crementis
2046 4081 2102 4127 et

516 4148 842 4216 deficientis,
876 4150 1211 4206 incremento
1239 4155 1531 4224 septenarii
1578 4158 1809 4221 numeri,
1836 4170 2102 4216 aestuante

517 4238 705 4305 ﬂuctu,
730 4252 1073 4311 praeoccupat
1096 4255 1279 4312 portas
1307 4255 1363 4311 et
1390 4246 1589 4302 muenia
1617 4250 1765 4305 urbs.
1785 4267 1805 4302 ι
1834 4248 1984 4307 Tunc
2008 4268 2104 4308 rex.

517 4330 660 4386 Otho
690 4331 836 4386 misit
867 4331 934 4386 ad
968 4331 1325 4399 Richardum,
1358 4346 1416 4389 ut
1444 4335 1633 4392 liceret
1658 4337 1707 4395 ei
1733 4350 1887 4395 oratu
1919 4350 2103 4410 petere

519 4433 766 4481 Sanctum
793 4423 1129 4479 Audoenuzn.
1164 4425 1293 4480 Data
1337 4442 1464 4481 vero
1499 4430 1690 4483 orandi
1738 4430 1981 4499 licentia,
2009 4447 2104 4488 rex

2199 1954 2464 2010 mercedis
2512 1955 2868 2011 retributione
2896 1957 3120 2027 pateris,
3154 1973 3260 2012 non
3301 1956 3571 2012 delebitur
3601 1970 3618 2023 ;
3660 1956 3785 2025 quia

2199 2053 2324 2100 tuus
2353 2046 2624 2101 exercitus
2648 2045 2982 2103 liicbardum
3003 2055 3059 2103 et
3101 2063 3229 2103 suos
3252 2047 3475 2118 indigna
3503 2046 3787 2119 obsidione

2197 2138 2527 2208 opprimens,
2559 2136 2647 2193 hic
2676 2138 2873 2206 injuste
2902 2145 3163 2193 moratur.
3200 2137 3307 2192 Sed
3342 2136 3410 2193 de
3452 2145 3655 2191 nostra:
3691 2149 3785 2189 re-

2196 2230 2491 2297 gressionis
2518 2227 2856 2300 profectione
2891 2228 3095 2285 salubri
3122 2229 3353 2285 consilio
3401 2227 3579 2293 stude,
3606 2236 3662 2283 et
3712 2241 3787 2280 ne

2196 2318 2436 2373 deterius
2466 2320 2783 2394 tnrpiusque
2811 2319 2906 2375 tibi
2954 2320 3253 2389 contingat,
3281 2334 3404 2376 cum
3438 2318 3583 2375 omni
3607 2319 3788 2372 inten-

2197 2410 2341 2466 t'one
2369 2408 2760 2466 animadverte.
2786 2410 3047 2487 Nepotem
3098 2420 3325 2483 tuosque
3345 2411 3574 2468 comites
3616 2411 3788 2466 satel-

2197 2500 2428 2573 litesque
2473 2511 2529 2557 ct
2574 2503 3002 2578 quamplurimos
3056 2505 3255 2561 milites
3297 2504 3459 2574 hujus
3484 2503 3789 2559 obsidionis

2190 2591 2372 2665 jergio
2410 2594 2557 2666 juste
2581 2596 2890 2666 perdidisti,
2926 2597 3053 2668 quia
3080 2597 3358 2654 civitatem
3404 2597 3546 2654 hanc
3584 2596 3786 2667 injuste

2197 2684 2460 2743 invadens
2509 2686 2789 2747 obscdisti.
2818 2688 3161 2748 Inconsultus
3207 2691 3408 2746 etenim
3436 2690 3787 2761 suggestione

2196 2775 2332 2831 vafri
2362 2777 2570 2834 Amulli
2619 2780 2724 2835 huc
2777 2780 3137 2848 accelerasti;
3181 2798 3425 2853 praecave
3475 2798 3542 2837 ne
3590 2783 3789 2837 incon—

2196 2870 2371 2928 sultus
2401 2872 2746 2944 regreJiaris.
2769 2874 2813 2928 A
2836 2874 2974 2929 mari
3019 2875 3086 2930 ad
3110 2874 3418 2945 Sequanam
3452 2890 3624 2945 usque
3649 2889 3787 2929 ean.

2198 2963 2487 3034 globantur
2507 2980 2696 3021 omnes
2722 2966 2935 3031 incol-.e,
2961 2975 3193 3039 postque
3236 2967 3518 3022 biennium
3546 2967 3786 3037 gwtiunt

2197 3063 2253 3109 te
2276 3056 2499 3112 aciebus
2545 3056 2866 3127 praeparatis
2894 3057 3172 3116 invadere.
3204 3056 3321 3115 Non
3348 3067 3432 3112 est
3460 3067 3659 3113 nostra:
3686 3073 3785 3110 va-

2198 3144 2440 3202 litudinis
2478 3148 2755 3217 nostrique
2794 3148 3007 3208 consilii
3035 3158 3092 3203 et
3148 3149 3290 3220 opis,
3344 3148 3607 3204 diuturno
3644 3158 3785 3201 temv

2198 3237 2348 3308 poris
2376 3236 2661 3294 intervallo
2686 3239 2773 3294 hic
2797 3241 3020 3296 morari.
3050 3239 3255 3311 Regem
3298 3237 3632 3295 Lndovicum
3664 3252 3788 3308 pte-

2201 3327 2340 3383 nitet
2365 3327 2593 3383 nimium
2618 3328 2726 3386 huc
2766 3330 2998 3395 venisse,
3027 3330 3154 3400 quia
3206 3329 3260 3384 in
3309 3326 3471 3398 hujus
3492 3327 3788 3383 obsidimjs

2200 3416 2519 3474 dilatatione
2561 3421 2713 3475 novit
2752 3434 2813 3475 se
2858 3419 2991 3475 nihil
3043 3420 3332 3489 prolicere.
3363 3419 3625 3475 Aruulfus
3656 3434 3791 3473 vero

2199 3510 2447 3583 plurimis
2492 3512 2888 3583 sophismatnm
2943 3513 3267 3584 ambagibus
3322 3513 3631 3575 intricatus,
3661 3527 3788 3581 pro-

2201 3602 2442 3673 mulgato
2480 3603 2563 3658 sui
2614 3603 2881 3658 mendacii
2915 3603 3150 3673 ingenio,
3189 3604 3279 3660 hic
3304 3615 3357 3659 et
3386 3604 3477 3664 hic
3505 3603 3785 3666 latitantia,

2202 3707 2307 3747 non
2335 3693 2505 3749 ambit
2533 3693 2891 3749 sermocinari
2920 3704 3098 3750 tecum
3126 3694 3381 3765 amplius.
3428 3695 3499 3750 Et
3531 3696 3655 3751 ideo
3703 3695 3782 3749 itt-

2203 3792 2374 3842 ternte
2429 3785 2797 3841 meditationis
2844 3787 3086 3858 cogitatu
3160 3796 3469 3844 retractans
3519 3787 3791 3857 perpende

2200 3877 2331 3948 quid
2365 3879 2522 3934 nobis
2569 3878 3007 3941 Transrhenanis
3047 3879 3313 3949 agendum
3337 3878 3491 3935 sitia
3519 3878 3623 3934 ista
3645 3878 3787 3934 obsi.

2202 3968 2384 4025 done.
2437 3968 2582 4025 Urbs
2618 3985 2724 4025 non
2768 3971 3035 4041 capietur,
3080 3971 3299 4026 obsides
3347 3986 3456 4025 non
3495 3969 3787 4039 dabuntur,

2202 4075 2390 4116 verum
2429 4060 2773 4116 ineluctabile
2822 4061 2979 4118 nobis
3017 4062 3275 4116 damnum
3322 4069 3605 4118 accrescet
3650 4061 3788 4116 velo-

2202 4152 2342 4207 cius.
2373 4150 2593 4207 Utinam
2637 4151 3023 4222 tumjussionis
3056 4160 3324 4223 praecepto
3370 4160 3521 4207 esset
3562 4151 3788 4221 quisque

2203 4253 2474 4309 nostrum,
2500 4256 2608 4312 quo
2637 4251 2836 4298 terram
2876 4241 3033 4313 petiit
3053 4242 3280 4297 exordio
3306 4242 3611 4297 nativitatis
3634 4257 3742 4297 sua:
3769 4241 3784 4294 ι

2205 4332 2309 4388 Sed
2331 4332 2456 4404 quia
2501 4334 2658 4390 nobis
2688 4335 2867 4391 adhuc
2897 4336 3121 4390 tninime
3174 4333 3450 4389 suﬂieiunt
3478 4344 3631 4401 vota,
3662 4350 3781 4405 prec

2204 4439 2416 4491 camur,
2445 4436 2635 4497 torque
2664 4442 2940 4498 prosperae
2994 4427 3353 4499 regressionis
3397 4427 3655 4497 vestigia,
3687 4436 3785 4482 ter-

521 4533 643 4574 cum
675 4506 942 4587 episeopis
963 4527 1019 4573 et
1044 4518 1290 4585 ducibus,
1342 4519 1603 4591 depositis
1630 4524 1815 4590 armis,
1855 4527 2007 4581 venit
2036 4527 2101 4582 ad

2206 4532 2323 4571 ram
2378 4526 2577 4573 nostra:
2634 4519 2936 4574 nativitatis
2993 4519 3312 4589 repetitura.
3344 4538 3365 4572 ι
3408 4516 3587 4587 Hujus
3633 4517 3785 4589 igitur

522 4610 934 4674 monasterium,
958 4610 1101 4679 quod
1126 4618 1211 4664 est
1240 4610 1290 4664 in
1319 4610 1581 4667 suburbio
1624 4613 1883 4681 civitatis,
1909 4616 1961 4669 in
2006 4616 2101 4672 ho-

523 4718 655 4759 nore
683 4703 942 4773 cultuque
962 4703 1135 4758 sancti
1181 4701 1323 4757 Petri
1373 4706 1655 4774 sanctique
1681 4705 1923 4763 Audoeni
1956 4707 2108 4763 dedi-

524 4805 726 4850 catum.
757 4794 925 4850 Multa
967 4809 1098 4850 vero
1145 4794 1369 4849 donaria
1406 4794 1479 4851 ibi
1519 4794 1745 4868 largitus
1787 4808 1873 4854 est
1900 4799 2015 4869 ipse
2052 4807 2107 4855 et

525 4885 629 4950 sui,
657 4886 1010 4955 residensque
1041 4884 1093 4938 in
1130 4899 1218 4948 eo,
1247 4884 1525 4940 accersitis
1552 4886 1902 4956 optimatibus
1928 4888 2064 4944 dixit
2088 4903 2103 4941 :

531 4996 551 5029 ι
580 4977 719 5044 Quid
751 4978 904 5032 nobis
927 4977 1192 5046 agendum
1222 4976 1315 5041 sit,
1349 4977 1533 5032 animo
1561 4978 1861 5045 decernite,
1893 4988 1949 5036 et
1977 4980 2107 5051 quid

525 5072 685 5144 hujus
706 5071 907 5143 negotii
955 5071 1055 5125 sibi
1097 5070 1312 5124 videtur
1340 5079 1570 5138 rectum,
1622 5072 1835 5128 intimet
1858 5074 2106 5143 quisque.

527 5165 758 5221 Precatu
792 5164 935 5236 regis
969 5162 1252 5229 Ludovici,
1275 5162 1599 5232 cornitisque
1646 5162 1853 5219 Arnulﬂ
1886 5163 2110 5221 subdolo

530 5255 864 5326 sophismate
888 5254 1123 5325 decepti,
1147 5253 1253 5309 huc
1292 5253 1560 5319 venimus,
1590 5268 1698 5325 quo
1717 5270 1823 5310 non
1850 5255 2109 5312 honorem

532 5356 938 5417 recuperantes,
966 5347 1061 5402 sed
1106 5347 1363 5401 damnum
1412 5346 1901 5417 verecundiamque
1948 5355 2112 5417 atque

531 5434 910 5493 confusionem
936 5436 1109 5493 nostri
1159 5435 1380 5491 honoris
1423 5436 1653 5505 turpiter
1681 5437 1937 5507 patimur.
1967 5436 2112 5493 Nihil

536 5527 795 5583 adversus
825 5526 1227 5583 Northmannos
1275 5525 1385 5582 ullo
1437 5526 1618 5582 hostili
1668 5529 1951 5583 conamine
1978 5538 2115 5600 prm-

534 5618 717 5674 valere
745 5618 1103 5689 quiverimus,
1152 5619 1277 5689 quia
1314 5631 1417 5689 per
1438 5618 1710 5687 Sequanis
1737 5617 1945 5672 alveum
1989 5634 2117 5673 cun-

536 5717 626 5763 cta
653 5721 912 5781 prospera
953 5707 1058 5762 illis
1108 5706 1609 5782 subministrantur.
1642 5703 1967 5761 lntolerabili
2017 5705 2114 5760 ita-

534 5810 644 5873 que
672 5799 886 5856 crucior
919 5797 1142 5856 tristitia
1171 5806 1334 5868 atque
1362 5796 1706 5853 animositate
1735 5811 1947 5869 pnngor
1973 5812 2114 5869 pra:-

2204 4610 2473 4665 sermonis
2503 4610 2953 4666 eollocntionibus
2976 4626 3072 4667 rex
3110 4609 3255 4668 Otho
3288 4612 3661 4679 submonitus,
3685 4609 3785 4665 for-

2206 4699 2527 4771 midansqne
2572 4701 2861 4771 pestiferos
2911 4701 3077 4756 futuri
3129 4700 3355 4772 periculi
3402 4717 3591 4769 casus,
3636 4698 3780 4773 quasi

2206 4788 2347 4845 infra
2399 4800 2600 4847 statum
2646 4806 2759 4848 sua:
2810 4796 3009 4850 mentis
3049 4803 3323 4864 receptus,
3371 4793 3579 4849 diutius
3628 4790 3783 4847 medi-

2208 4892 2350 4948 tans,
2376 4884 2495 4940 inﬂt
2519 4885 2855 4957 principibus
2883 4903 2896 4940 :
2926 4904 2944 4937 ι
2973 4884 3054 4941 Ne
3091 4883 3275 4956 pejora
3320 4884 3599 4955 prioribus
3627 4882 3787 4939 infor-

2211 4972 2361 5027 tunia
2391 4973 2613 5029 fortuitu
2656 4977 2948 5045 patiamur,
2972 4990 3111 5031 neve
3147 4975 3318 5031 nostri
3367 4974 3577 5031 inimici
3625 4970 3781 5029 nostri

2208 5060 2520 5117 detrimenti
2573 5065 2918 5120 successibus
2942 5064 3216 5121 exsultent
3265 5065 3519 5136 amplius,
3564 5065 3667 5120 iter
3693 5074 3784 5116 to-

2210 5161 2338 5207 strae
2365 5152 2741 5224 regressionis,
2768 5155 2816 5208 si
2864 5155 3017 5211 vobis
3048 5156 3197 5217 libet.
3243 5169 3370 5213 cras
3411 5168 3779 5226 repetamus-»

2212 5243 2328 5302 Hoc
2375 5262 2609 5319 namque
2653 5249 2941 5304 consilium
2981 5248 3385 5305 Transrhenani
3424 5247 3785 5304 collaudantcs

2212 5350 2312 5407 per
2351 5337 2555 5402 Omnia,
2595 5339 2842 5393 oratione
2871 5337 2986 5394 fusa
3019 5339 3072 5393 in
3125 5347 3301 5394 sanctt
3335 5337 3481 5393 Petri
3512 5337 3786 5405 sanctique

2212 5428 2463 5484 Andoeni
2518 5428 2764 5496 basilica,
2799 5439 3051 5501 repetunt
3079 5429 3281 5485 hilares
3313 5428 3569 5486 tentoria.
3600 5426 3786 5482 Arnol-

2216 5516 2301 5573 fus
2336 5534 2467 5575 vero
2495 5533 2713 5586 comes,
2744 5520 2919 5593 relatu
2951 5519 3339 5597 quorumdam,
3384 5528 3446 5575 ut
3478 5518 3789 5590 praevideret

2182 5623 2287 5667 une
2327 5618 2633 5681 caperetur,
2681 5604 2925 5676 edoctus,
2975 5611 3222 5668 obscura:
3274 5611 3453 5666 noctis
3505 5605 3791 5667 conticinio

2183 5731 2187 5736 ν
2216 5700 2597 5774 expergefacta
2618 5717 2719 5760 suo
2747 5703 3016 5771 exercitu,
3045 5703 3244 5759 castris
3270 5703 3627 5773 tentonisque
3652 5713 3790 5757 com-

2216 5793 2432 5866 plicatis
2465 5798 2726 5854 secretius
2771 5804 2936 5866 atque
2972 5810 3039 5853 ex
3082 5794 3233 5851 omni
3272 5792 3623 5865 suppellectili
3669 5802 3793 5848 oae-
