4058 5406
285 236 384 320 ,721
681 243 770 300 DE
811 247 1060 309 GESTIS
1100 254 1532 320 NORMANNIE
1575 267 1813 326 DUCUM

1943 275 2040 332 3m
2081 280 2278 338 TRES.
2319 315 2393 327 —
2429 287 2554 344 LIB.
2597 291 2682 347 lll.
2724 293 3135 360 RlCllARDUS.

289 340 415 401 ratis
462 363 615 418 equis
660 362 717 407 et
763 344 1064 428 plaustris,
1117 375 1280 422 noctu
1331 372 1554 430 silenter
1604 390 1755 434 caute

285 528 496 586 dreusia
528 531 915 597 velocissimus.

907 632 1286 697 Arosrnorm.

281 706 439 773 Otho,
472 726 631 786 surge
655 714 920 790 velocius,
941 735 997 780 et
1028 727 1149 800 fuge
1176 748 1321 788 nunc
1345 735 1502 803 citus,

417 800 658 861 Natalem
681 819 803 879 pete
829 813 1039 884 glebam
1065 819 1077 872 ε

279 887 480 947 Vindex
511 910 636 951 nam
660 914 888 971 superus
915 914 1004 962 tua
1031 912 1242 968 territat
1263 917 1496 987 agmina.

417 981 652 1056 Surgens
680 1007 824 1048 nunc
852 997 961 1050 cito
990 1002 1120 1055 cede
1147 1004 1159 1056 !

279 1068 477 1128 Ductor
507 1078 766 1137 subdolus
793 1089 1015 1143 evanuit
1050 1101 1206 1160 tuus;
1235 1112 1301 1152 cn
1334 1097 1457 1170 fuga

415 1163 489 1222 Te
519 1185 663 1226 nunc
685 1189 811 1231 erue
835 1194 1040 1250 prazpes
1066 1185 1078 1236 ε

269 1250 470 1309 Contra
492 1260 630 1317 velle
654 1264 745 1318 Dei
774 1269 903 1336 quid
934 1273 1112 1328 adhuc
1142 1279 1409 1335 recubas?
1433 1280 1580 1355 Fuge

417 1347 570 1404 Nunc
593 1353 633 1418 i,
667 1369 810 1410 nunc
836 1357 980 1430 fuge,
1012 1378 1178 1425 nunc.
1200 1383 1364 1424 nunc.

265 1440 402 1495 Cum
431 1439 859 1501 Nortlimannica
890 1455 1226 1521 przepedient
1258 1459 1350 1515 tibi
1373 1470 1425 1518 et
1457 1466 1698 1536 agmina,

409 1530 545 1597 Heu,
579 1533 685 1588 heu
711 1535 724 1588 !
753 1540 962 1610 turpius
995 1543 1120 1600 ibis.

259 1618 518 1674 Cressum
549 1637 690 1678 nunc
717 1635 862 1694 pete,
895 1645 1037 1686 nunc
1065 1632 1210 1706 fuge,
1243 1653 1384 1694 nunc
1413 1641 1522 1698 iter
1546 1647 1730 1718 arripe

406 1711 568 1768 Fides
603 1716 796 1774 cedere
828 1726 990 1792 coge!
1376 1717 1381 1722 ’

260 1799 377 1857 Rex
400 1819 566 1871 nunc,
591 1821 661 1862 ne
683 1823 898 1879 pereas,
927 1813 1072 1886 fuge,
1100 1818 1254 1886 cede,
1284 1821 1652 1902 liqueseeque,

405 1893 604 1965 Septns
635 1898 818 1956 labere
853 1910 1029 1962 caatu!

257 1983 568 2042 Richardus
591 1988 806 2058 juvenis
835 1997 1036 2064 probus
1065 2009 1120 2056 et
1149 2005 1270 2074 pius
1296 2016 1350 2062 et
1376 2007 1550 2066 bonus

400 2078 610 2150 Agmen
637 2081 751 2150 jam
782 2087 913 2143 citat
944 2090 1156 2163 ingens,

259 2168 517 2227 Summus
548 2177 814 2242 marchie,
847 2180 954 2236 dux
985 2198 1220 2256 quoque,
1247 2191 1529 2262 patricius,
1560 2209 1765 2265 comes,

399 2261 468 2316 Et
501 2273 552 2318 te
581 2266 774 2322 cedere
802 2271 982 2340 gestit.

253 2351 424 2422 Hujus
453 2364 636 2410 rector
661 2357 838 2425 humi,
867 2361 1126 2434 locuples,
1167 2367 1341 2428 bonus
1369 2382 1423 2430 et
1455 2390 1640 2448 sagax,

391 2442 500 2498 Aut
523 2459 653 2514 non,
684 2456 776 2501 aut
806 2451 960 2516 velis,
990 2467 1191 2512 exstat.

253 2529 459 2602 Legum
489 2541 546 2588 et
570 2535 857 2594 distribuet
887 2544 1082 2613 papulo
1117 2549 1546 2610 moderaminum

393 2623 566 2680 Judex
589 2626 770 2697 justus
805 2630 1066 2691 habenas.

250 2710 444 2768 Damni
470 2726 704 2787 postque
728 2718 976 2788 lugubria
1007 2725 1185 2782 debita
1209 2728 1405 2787 ﬂebilis

391 2803 566 2877 Digne
595 2810 818 2864 scandet
844 2811 1154 2885 Olympum.

489 2909 832 2954 APOSTBOPHA
866 2918 934 2956 AD
974 2921 1354 2968 LUTHDOVICUM
1392 2927 1589 2971 REGEI.

247 2982 419 3050 Quem
460 2987 643 3057 regale
681 2989 869 3058 decus,
894 3005 1167 3066 sceptrum
1205 3004 1516 3078 passimque
1548 3022 1838 3070 coruscum

387 3075 616 3134 Jactitat
640 3082 918 3150 eximium,

246 3165 549 3225 Stemmate
575 3173 742 3243 regali
771 3192 932 3246 quem
957 3184 1206 3255 exporgit
1231 3200 1362 3242 sexu
1390 3190 1461 3247 ab
1486 3199 1716 3264 utroque

389 3259 562 3332 Regia
592 3267 902 3336 progenies,

245 3347 418 3417 Quem
455 3351 613 3410 decet
639 3357 809 3413 attolli
839 3376 1053 3420 summo
1083 3368 1389 3436 conamine,
1421 3386 1542 3442 quae
1568 3383 1700 3432 sunt

388 3440 559 3512 Regia
587 3445 634 3500 si
660 3450 899 3521 peragis,

245 3527 311 3582 Et
339 3529 497 3599 cujus
525 3539 713 3604 proavi
741 3540 825 3597 bis
855 3551 936 3599 ter
963 3545 1068 3602 tria
1097 3562 1260 3621 regna
1292 3552 1533 3612 feruntur

391 3621 698 3682 Conciliare
727 3630 852 3698 sibi,

245 3709 357 3767 Cur
383 3714 594 3774 vicibus
631 3723 792 3777 tantis
821 3724 1156 3787 Richardum
1186 3741 1432 3794 sternere
1459 3748 1646 3810 gestis,

388 3804 766 3868 Percelebrem
790 3815 1081 3885 juvenem?

247 3892 497 3952 Pcrlidia:
518 3900 732 3958 deditus
757 3921 915 3963 casso
943 3913 1212 3970 conabere
1238 3926 1434 3974 cuncta

389 3988 636 4062 Namque
664 4012 825 4068 supra
852 4003 986 4058 satis
1013 4005 1147 4061 ltzec.

246 4076 403 4136 Nune
427 4080 606 4152 fugias
637 4087 837 4157 potius,
865 4093 1038 4163 magis
1067 4095 1184 4151 haec
1211 4102 1479 4157 sententia
1505 4112 1746 4176 prestat,

390 4171 637 4244 Praepete
663 4193 803 4249 equo
833 4191 887 4237 et
905 4176 1150 4242 volucri.

246 4262 450 4320 Contra
478 4267 878 4328 Nortbmaunos
903 4275 1033 4330 olim
1062 4278 1264 4336 bellare
1293 4281 1535 4353 cupisti,_

390 4355 528 4422 Quid
566 4373 774 4416 memor
796 4365 975 4433 attigit
999 4380 1079 4422 es.

245 4442 386 4501 ﬁam
414 4457 604 4519 raptus
625 4451 750 4508 belli
781 4458 1096 4525 certamine,
1135 4462 1465 4518 succubuisti

393 4539 626 4598 Casibus
663 4544 986 4602 innumeris.

248 4627 404 4685 Nunc
431 4631 578 4700 fuge,
607 4635 760 4702 cede,
785 4639 1000 4706 recede,
1027 4640 1192 4697 itiner
1218 4657 1352 4714 cape
1376 4654 1597 4715 praepeti
1628 4662 1838 4719 gressu,

395 4721 592 4781 Vivere
625 4727 670 4782 si
706 4723 922 4799 cupias!

247 4812 434 4886 Iurgia
468 4832 565 4873 nec
592 4830 809 4889 repetas
831 4831 1044 4890 contra,
1071 4840 1231 4896 quem
1261 4827 1480 4885 dextera
1511 4833 1695 4887 sanxit

396 4906 602 4964 Iudicis
630 4910 878 4976 :etberei,

251 4993 423 5059 Quem
455 5011 683 5053 censura
708 4998 810 5053 Dei
838 5002 1180 5068 pra-destinat
1205 5008 1591 5078 omnipotentis

397 5086 631 5146 Moribus
656 5100 714 5147 et
741 5092 970 5159 meritis.

251 5176 521 5234 Ecclesias
549 5183 670 5238 altis
702 5182 970 5240 extollens
999 5187 1346 5257 culminibus,
1379 5206 1487 5263 quo

395 5270 658 5338 IEdiﬁcet,
692 5281 922 5338 statuat,

1878 1725 1929 1788 B

1862 4409 1918 4470 D

3449 313 3552 367 7-22

1761 395 1865 450 que
1893 389 1936 447 Α
1968 385 2188 447 Ordinis
2222 402 2384 466 atque
2413 403 2719 475 gradusque
2749 415 3044 471 mouastiea
3073 423 3336 491 suppleat,
3370 436 3547 491 ornet,

286 447 443 506 atque
495 441 803 498 clanculum
858 451 1152 522 profectus,
1203 465 1481 531 repetebat
1529 483 1653 524 rura
1705 441 1863 527 Flau-

2107 481 2347 557 Stringat
2374 500 2430 545 et
2455 497 2768 564 ampliﬁcet,

1963 568 2214 642 cheque
2243 582 2468 638 normali
2498 589 2826 658 compellens
2852 593 3032 652 vivere
3061 613 3216 672 cogat

2106 662 2340 724 Servilio
2365 671 2681 745 Altitbroni,

1965 751 2164 825 Sicque
2193 761 2464 820 corollarii
2493 771 2676 838 superi
2707 787 3034 834 commercia
3065 780 3303 850 lucrans,

2104 847 2259 906 Vivet
2285 853 2338 909 in
2366 870 2489 914 arce
2518 861 2646 931 poli.

2352 983 2689 1027 APOSTROPHA
2723 992 2752 1030 Λ
2763 992 2791 1030 D
2827 993 2947 1034 ιιιοα
2957 997 3154 1038 ιιιυωι.

2103 1071 2398 1145 Ricbarde,
2422 1079 2613 1152 bonus,
2642 1092 2976 1159 recolendus,

2104 1161 2274 1235 Digne
2300 1177 2661 1245 venerandus,
2695 1185 2976 1251 amandus,

2105 1251 2168 1307 Et
2197 1260 2464 1328 marcbio,
2492 1266 2621 1332 dux,
2649 1283 2831 1333 comes
2862 1276 3036 1333 almus
3061 1309 3132 1321 —

2103 1342 2238 1401 Nam
2267 1355 2601 1417 prmtimidos
2630 1359 2896 1433 faciendo,

2103 1437 2278 1510 Super
2309 1445 2409 1502 hos
2441 1450 2603 1508 timor
2629 1455 2785 1514 irruit
2814 1477 2941 1520 ecce

2097 1531 2261 1604 Regis
2285 1537 2488 1598 domini
2512 1549 2900 1620 omnipotentis
2921 1587 2988 1597 ~-

2095 1622 2176 1679 Ne
2201 1628 2466 1689 sollicitus
2491 1637 2684 1697 timeas
2707 1659 2868 1713 nunc,

2083 1713 2380 1790 Jaculoque
2411 1725 2504 1782 Dei
2535 1730 2741 1790 celeres
2761 1735 2874 1806 jam

2092 1807 2334 1869 Perculsi
2367 1817 2549 1875 animo
2580 1821 2857 1896 fugiendo,

2094 1897 2286 1957 Plures
2325 1907 2577 1966 manibus
2607 1917 2904 1989 capientur,

2097 1987 2290 2048 Gladio
2319 1995 2500 2064 plures
2528 2005 2850 2064 morientur.

2097 2081 2190 2138 Sic
2217 2085 2305 2140 vix
2334 2090 2566 2156 patriam
2596 2099 2948 2166 repedabunt.

2095 2169 2174 2226 Tu
2200 2172 2410 2244 legibus
2431 2189 2486 2234 et
2507 2185 2827 2253 populorum

2093 2261 2268 2320 Judex
2297 2267 2508 2328 animos
2538 2275 2860 2339 redomabis.

2093 2353 2192 2410 Ast
2217 2357 2478 2417 ecclesias
2505 2369 2810 2439 statuendo,

2095 2441 2384 2502 Famulatu
2411 2449 2707 2512 sollicitare

2091 2531 2341 2594 Practico
2370 2541 2742 2617 theoricoque,

2095 2624 2367 2686 Triforme
2393 2632 2494 2690 boc
2519 2639 2727 2698 ordinis
2752 2658 2964 2715 agmen,

2094 2717 2308 2777 Deitate
2337 2737 2509 2783 sacrae
2535 2728 2818 2792 Trinitatis

2089 2809 2283 2881 Coges,
2309 2818 2528 2888 urgebis
2555 2831 2610 2879 et
2639 2840 2825 2899 anges.

2562 2929 2926 2974 Αιδοετιιοιηυ.

2088 2990 2304 3055 lnsidiis
2332 3001 2604 3074 remisque
2639 3007 2915 3067 hiantibus

2091 3088 2313 3148 Cunctis
2341 3097 2608 3168 malisque
2637 3103 2886 3170 traditus,

2083 3179 2296 3238 Exosus
2323 3184 2571 3252 nimium,
2606 3198 2666 3244 ut
2695 3193 2968 3260 putridum
2997 3211 3188 3266 pecus,

2085 3272 2280 3330 Clades
2308 3291 2525 3346 perosa,
2557 3281 2791 3350 odibilis,

2080 3361 2315 3420 Pestifer
2343 3375 2400 3422 et
2425 3381 2656 3437 nocuus,
2683 3373 2813 3444 quin
2845 3375 3098 3445 perﬁdus,

2084 3452 2341 3524 lnjurius,
2369 3459 2582 3515 eunetis
2607 3460 2742 3525 lues,

2082 3541 2152 3598 Et
2175 3543 2321 3602 dicto
2347 3555 2404 3602 et
2429 3546 2596 3615 facto,
2625 3551 2994 3617 meditamine,

2085 3631 2364 3693 Obnoxius
2393 3639 2621 3706 cunctis,
2656 3657 2800 3707 reus,
2869 3706 2871 3709 ι

2083 3721 2330 3795 Amplius
2355 3727 2498 3784 haud
2529 3746 2754 3787 renoves
2775 3733 2885 3804 jam
2906 3732 3084 3808 jurgia

2085 3808 2272 3872 Nullos
2302 3816 2499 3875 eitabis
2525 3820 2727 3887 litibus,

2084 3904 2279 3962 Desine
2308 3907 2636 3964 Richardum
2659 3911 2933 3982 juvenem,
2960 3914 3207 3983 prolnnr~

2085 3997 2536 4057 Prazdestinatum
2557 4003 2668 4073 jam
2699 4004 2828 4062 Deo.

2085 4089 2344 4158 Marchio,
2375 4095 2654 4164 patricius,
2682 4098 2789 4153 dux
2815 4109 2870 4154 et
2897 4115 3100 4169 comes,

2084 4181 2324 4251 Electus,
2355 4184 2550 4254 almus,
2577 4200 2905 4260 praepotens,

2083 4274 2368 4347 Egregius,
2393 4276 2592 4346 justus,
2623 4281 2745 4350 pius
2773 4294 2825 4339 et
2858 4287 3079 4354 probus,

2084 4366 2320 4425 Sanctus
2346 4371 2754 4444 modestusque,
2781 4376 3063 4458 innocens,

2081 4457 2380 4532 Religionis
2409 4477 2653 4535 apeane
2679 4481 2849 4522 sacrae
2873 4467 3082 4534 cluens,

2084 4549 2153 4604 Et
2175 4549 2346 4607 forma
2376 4569 2600 4610 normae
2627 4559 2893 4625 prtecluis,

2082 4639 2203 4700 Ιδηα
2229 4657 2439 4699 summa
2464 4645 2592 4700 boni
2621 4645 2780 4715 hujus
2808 4647 2972 4704 lucidi

2083 4728 2299 4786 Plebem
2329 4731 2474 4789 fovet
2497 4733 3001 4794 Nortbmannicam.

2013 4842 2182 4915 Igitur
2204 4844 2415 4914 plebeio
2441 4846 2598 4917 lmjus
2620 4849 2956 4908 nocturnalis
2979 4851 3274 4908 murmuris
3299 4857 3532 4912 tumultu

1944 4937 2368 5009 sonipedumque
2421 4941 2652 5011 strepitu
2702 4957 2858 5015 reges
2911 4943 3190 5010 exterriti,
3247 4946 3536 5022 nimiasque

1944 5023 2249 5082 formidinis
2290 5035 2528 5086 tremore
2580 5033 2842 5102 perculsi,
2898 5033 2950 5088 in
3011 5032 3243 5103 caligine
3292 5035 3540 5096 obscura

1943 5115 2122 5175 noctis
2145 5117 2408 5186 putabant
2434 5119 2607 5191 gratia
2636 5123 2952 5179 certaminis
2979 5122 3313 5181 Richardum
3352 5135 3544 5188 adesse
3624 5191 3631 5201 ,

1943 5205 2240 5277 ευιηζειιὶε.
2285 5207 2531 5280 Repente
2574 5214 2912 5270 conclamata
2946 5223 3032 5272 est
3075 5219 3318 5274 omnium
3377 5225 3524 5281 salus

1943 5305 2176 5338 υἱιιηηιιβ
2217 5300 2409 5338 ηλιιρῖη
2452 5319 2682 5338 υηορηιιο
2720 5306 2932 5338 ετξ-νου.ιῖ
2977 5310 3204 5338 ..Δίνη-εἷο
3254 5311 3320 5338 ..1.
3383 5334 3398 5338 -
3431 5317 3522 5338 γ...3
