4032 6408
576 391 679 448 723

1472 390 1771 451 DUDONIS
1813 391 2062 449 onem
2104 390 2163 449 s.
2209 387 2519 463 QUINTlNl
2560 389 2948 463 VIROllAND.

3690 397 3769 469 ἳξρ

569 505 820 575 plexatus
856 511 918 559 ιιι
959 519 1148 560 amens
1186 502 1469 576 fugitabat,
1505 505 1644 560 alius
1693 514 1845 561 scuta
1899 504 2166 575 revellens
2192 511 2241 571 Α
2271 505 2423 574 naria
2481 515 2843 562 sacrosanctae
2902 504 3145 567 ecclesia:
3188 505 3454 563 distribuit
3499 508 3767 577 laetissimus.

572 598 767 653 insano
795 597 992 669 spiritu
1019 597 1175 669 quasi
1218 613 1316 668 per
1358 598 1596 655 latebras
1628 599 1866 655 errabat.
1900 600 2004 655 Alli
2034 617 2163 664 vero

576 687 808 742 tentoria
870 696 1162 757 castraque
1198 698 1339 743 terra
1390 696 1543 742 tenus
1573 690 2022 759 prosternebant,
2070 687 2161 743 alii

570 787 752 832 autem
794 791 967 848 equos
1011 778 1251 849 phaleris
1289 766 1644 834 exornabant.
1672 777 1769 833 Hic
1798 766 1900 834 hac
1933 780 2162 849 illacque

570 885 680 938 quo
719 869 994 925 nesciebat
1025 870 1343 941 cursitabal,
1373 870 1461 924 hic
1490 869 1825 940 stupefactus
1864 878 1918 923 et
1960 880 2162 925 tremu-

569 959 654 1015 lns
726 976 940 1031 unoque
1010 963 1202 1016 obtutu
1278 961 1487 1016 defixus
1548 960 1808 1016 haerebat.
1854 960 1954 1017 llic
2020 960 2162 1015 inter

576 1053 919 1125 lluctivagam
958 1052 1352 1124 tremulamque
1389 1052 1598 1122 plebem
1643 1052 1965 1124 quieritabat
2001 1068 2160 1109 suum

569 1143 880 1209 seniorem,
933 1144 1020 1198 hic
1067 1144 1209 1199 inter
1258 1145 1610 1199 commistum
1661 1159 1882 1215 gregem
1936 1143 2161 1199 inermis

567 1233 823 1305 palpabat
868 1222 1156 1289 clamitans
1193 1249 1348 1289 suum
1381 1235 1627 1299 militem.
1675 1235 1773 1291 llic
1814 1234 1950 1306 pede
1997 1234 2158 1294 celeri

567 1339 760 1391 gressu
807 1322 987 1394 fugam
1035 1326 1273 1394 petebat,
1318 1325 1372 1380 hi
1425 1326 1583 1397 equis
1629 1326 1935 1382 calcaribus
1977 1325 2161 1383 citatis

568 1416 807 1472 inermes
855 1415 1179 1487 fugitabant.
1235 1415 1300 1471 lli
1359 1416 1562 1473 trilices
1617 1416 1814 1473 loricas
1870 1414 2160 1487 galeasque

565 1525 701 1564 auro
741 1517 986 1579 comptas
1030 1509 1218 1573 furtim
1259 1509 1686 1575 abscondebant,
1734 1509 1793 1565 hi
1835 1517 2157 1568 ornamenta

563 1599 767 1670 regalia
839 1610 1149 1671 caeteraque
1223 1601 1326 1657 sibi
1400 1601 1764 1661 vindicabant.
1833 1600 2157 1664 Pavidorutn

561 1689 897 1745 exercituum
921 1706 1169 1745 murmur
1191 1690 1392 1757 multus
1425 1693 1543 1764 (sic)
1568 1691 1676 1747 alte
1710 1690 2021 1758 resonabat,
2055 1705 2153 1746 vo-

563 1798 671 1851 que
722 1782 1088 1840 inarticulatzn
1153 1784 1414 1840 tumultus
1477 1785 1793 1854 clamorque
1856 1784 2191 1839 ululatuum.

2267 592 2361 650 llis
2392 595 2478 649 .ita
2508 594 2689 650 divino
2741 604 2876 650 nutu
2929 595 3177 666 expletis,
3227 598 3391 665 erepit
3431 600 3694 670 praecipuus
3728 607 3769 660 iu

2266 686 2413 742 omni
2440 694 2585 741 terra
2624 685 3143 753 Northmannorum,
3171 684 3564 759 Britonumque,
3587 691 3772 752 Franco-

2264 797 2383 837 rum
2430 792 2486 838 et
2531 783 2972 854 Burgundionum
3022 783 3234 840 haberi.
3284 783 3493 840 Nitebat
3531 789 3654 842 enim
3699 806 3771 860 pro

2263 886 2518 941 generum
2567 872 2879 937 nobilitate,
2924 871 3149 928 ﬂorebat
3193 873 3491 929 bonitatum
3541 877 3771 949 agalmate,

2263 960 2501 1017 Moribus
2531 972 2652 1018 erat
2680 962 2930 1030 illustris,
2976 964 3366 1035 sublimiorque
3411 968 3590 1024 merito
3630 971 3772 1027 astris.

2262 1051 2450 1123 Eﬂigie
2504 1050 2782 1120 rutilabat,
2846 1055 3089 1125 nullique
3134 1056 3337 1126 pietate
3381 1059 3630 1114 secundus
3665 1073 3771 1118 erat.

2264 1141 2479 1198 Statum
2537 1146 2846 1217 reipublicae
2899 1146 3110 1202 Archos
3160 1146 3447 1209 meliiﬂuus
3492 1150 3772 1220 adornabat,

2261 1237 2549 1307 omnisque
2586 1239 2877 1309 probitatis
2903 1238 3045 1299 fama
3069 1255 3233 1309 super
3268 1240 3467 1296 mtbera
3495 1250 3636 1297 notus
3669 1256 3772 1300 erat.

2261 1326 2593 1395 Monstrabat
2638 1329 2810 1385 solers
2848 1328 3068 1402 jugibus
3110 1329 3299 1393 factis;
3330 1331 3538 1396 studiis,
3561 1334 3769 1403 exemplis

2260 1428 2317 1475 et
2366 1420 2725 1489 documentis,
2756 1421 2939 1485 omnia
2992 1423 3272 1479 commoda
3320 1421 3578 1478 imitanda:
3615 1423 3776 1479 bonita-

2262 1512 2348 1567 tis.
2384 1512 2540 1582 Vultu
2566 1515 2749 1570 clarus
2782 1524 2925 1580 erat,
2955 1516 3213 1585 omnique
3240 1524 3363 1571 actu
3390 1515 3581 1570 clarior
3604 1520 3772 1574 cunctis

2259 1605 2561 1670 exstiterat,
2579 1605 2751 1661 dulcis
2787 1606 3057 1681 emicabat
3082 1605 3321 1675 eloquio,
3339 1606 3513 1661 habitu
3543 1615 3593 1663 et
3612 1606 3776 1661 incessu

2259 1693 2512 1761 omnibus
2562 1695 2804 1750 suavior.
2859 1693 3074 1749 Nitidus
3128 1709 3225 1751 ore
3275 1693 3565 1762 melliﬂuo,
3602 1711 3778 1751 serenus

2260 1798 2473 1854 semper
2505 1785 2667 1840 corde
2685 1784 3097 1854 jucundissimo.
3139 1785 3407 1853 Fervebat
3435 1800 3643 1854 namque
3681 1785 3775 1850 licia,

563 1874 791 1930 confuse
841 1876 1097 1931 tinnibat.
1147 1876 1487 1947 Quapropter
1527 1853 1877 1931 tumultuario
1923 1874 2162 1945 plebeio-
2194 1853 2236 1912 Β
2265 1853 2436 1943 speet
2459 1853 2743 1940 cbaritate,
2767 1875 3076 1946 duplicique
3099 1876 3190 1930 Dei
3213 1886 3266 1931 et
3288 1876 3513 1945 proximi
3530 1853 3777 1933 dilectione.

567 1981 674 2036 que
705 1965 865 2035 hujus
896 1968 1135 2023 confusa:
1166 1967 1503 2038 altivolacque
1531 1967 1937 2023 vociferationis
1963 1966 2160 2030 tinnitu

565 2056 1038 2125 llothomagcnses
1071 2052 1316 2127 excitati,
1352 2057 1704 2113 formidantes
1728 2070 1797 2111 ne
1819 2070 2162 2127 praeoccupa-

570 2157 764 2203 rentur
776 2159 1000 2217 repente
1020 2148 1217 2219 futura:
1236 2138 1556 2221 crepusculo
1571 2149 1656 2209 die
1666 2147 1789 2221 [sic,
1809 2148 1851 2219 ί.
1868 2146 2020 2219 diei},
2037 2162 2160 2202 mu-

565 2239 789 2295 nierunt
814 2239 999 2296 urbem
1022 2228 1340 2307 custodibus
1358 2243 1605 2307 armatis,
1636 2241 1849 2312 ipsique
1870 2238 2162 2311 pervigiles

571 2329 1032 2399 praestolabantur
1053 2331 1235 2387 tristes
1259 2340 1486 2389 eventus
1507 2331 1791 2403 praeoptati
1810 2330 2003 2401 praelii.
2025 2329 2159 2386 Cum

563 2431 746 2478 autem
795 2437 995 2480 aurora
1044 2412 1339 2480 tenebrosa:
1388 2423 1564 2480 noetis
1607 2422 1892 2495 caliginem
1928 2421 2162 2493 puniceo

562 2516 767 2572 amictu
814 2517 1058 2574 emicans
1105 2506 1427 2584 desiccaret,
1467 2517 1739 2588 rebusque
1781 2515 1936 2573 color
1982 2515 2162 2572 notio-

564 2606 760 2677 nisque
797 2605 1114 2678 imaginatio
1158 2608 1380 2671 rediret,
1427 2615 1713 2678 coeperunt
1754 2604 2161 2668 Transrhenani

561 2697 796 2770 magalia
835 2698 1175 2771 succendere.
1197 2700 1407 2770 iterque
1441 2699 1763 2762 desideratze
1802 2696 2162 2770 regressionis

566 2798 846 2860 repetere,
911 2789 1230 2860 viarumque
1291 2791 1467 2860 ignari
1527 2792 1631 2847 hac
1691 2789 1921 2859 illacque
1978 2787 2160 2860 pavidi

567 2881 858 2938 ﬂuctuare.
895 2880 1202 2938 Richardus
1247 2897 1378 2938 vero
1406 2881 1515 2937 dux
1546 2880 1944 2953 magnanimus,
1973 2878 2161 2943 ﬂorida

565 2986 822 3043 congruae
869 2970 1192 3049 pubertatis~
1227 2970 1480 3044 lanugine
1527 2971 1792 3038 decorus,
1856 2970 2018 3041 hujus
2081 2968 2160 3024 rei

568 3071 771 3118 eventu
820 3062 1012 3119 hilaris
1065 3072 1120 3118 et
1168 3062 1324 3120 laetus
1394 3063 1563 3129 voluit
1607 3064 1729 3119 iHos
1774 3062 1991 3134 aggredi
2040 3076 2163 3117 cum

565 3152 681 3209 suis
733 3152 987 3210 omnibus
1034 3153 1353 3225 praeparatis
1405 3153 1645 3215 aciebus.
1697 3153 2163 3224 Rotbomagenscs
2189 3194 2234 3259 Ο

566 3262 702 3303 vero
747 3248 1073 3327 prcccupida:
1114 3249 1518 3321 congressionis
1560 3249 1897 3321 propositum
1946 3264 1977 3302 a
2027 3248 2162 3303 duce

567 3348 723 3396 tanto
747 3355 1004 3398 amovere
1026 3352 1310 3407 conantes,
1335 3342 1590 3397 dixerunt
1615 3341 1810 3397 blande
1839 3341 2158 3399 unanimes:

572 3452 593 3485 ι
630 3432 857 3491 Domine
900 3433 1009 3490 dux
1038 3433 1547 3512 praepotentissime,
1581 3442 1767 3489 tenera
1803 3434 1952 3504 viges
1984 3432 2163 3488 adhuc

567 3531 747 3591 aetate,
775 3539 947 3606 asque
985 3539 1110 3596 spes
1146 3533 1347 3581 nostra:
1388 3523 1581 3583 salutis
1609 3535 1664 3586 et
1698 3523 1934 3591 ﬁduciae.
1954 3524 2164 3581 Formi-

567 3618 781 3684 damus,
813 3617 867 3673 si.
908 3617 1094 3683 iveris,
1128 3634 1196 3675 ne
1239 3619 1651 3690 praeoccuperis
1686 3628 1889 3677 morte.
1931 3618 2045 3674 Hac
2089 3618 2165 3673 si-

569 3707 796 3765 multate
827 3710 1019 3782 decipi,
1057 3719 1117 3766 ut
1158 3726 1360 3776 rentur,
1393 3726 1491 3767 nos
1536 3719 1857 3777 autumant;
1900 3710 2165 3782 nobisque

568 3801 651 3857 sic
699 3801 834 3857 urbe
878 3801 1317 3872 prosilientibus,
1368 3817 1564 3871 capere
1610 3816 1730 3858 eam
1785 3800 2161 3872 praeiudicant.

568 3889 695 3946 Non
724 3898 808 3947 est
836 3891 1009 3948 nostri
1055 3891 1266 3948 consilii
1312 3900 1366 3947 te
1397 3892 1676 3947 nobiscum
1704 3892 1771 3947 ad
1798 3889 1960 3960 hujus
1988 3899 2166 3949 certa-

574 3985 740 4040 minis
765 3984 1008 4054 praalium
1041 3985 1317 4057 congredi.
1364 3983 1566 4039 Verum
1602 3984 1981 4055 qualicumque
2005 3985 2165 4041 modo

573 4076 736 4148 hujus
774 4076 849 4131 rei
885 4090 1008 4133 sors
1042 4089 1101 4130 se
1142 4075 1359 4142 habeat,
1384 4073 1619 4130 viriliter
1644 4090 1767 4129 cum
1800 4073 2045 4144 pluribus
2074 4089 2166 4128 ur-

565 4169 697 4224 bem
738 4167 970 4223 custodi.
1004 4165 1114 4223 Nos
1154 4181 1286 4223 vero
1329 4181 1424 4222 eos
1474 4175 1635 4222 caute
1673 4180 2070 4237 prosequemur
2111 4175 2167 4221 et

573 4258 744 4314 armis
786 4272 884 4316 eos
926 4257 1193 4314 lacessere
1247 4257 1586 4326 conabimur.
1625 4277 1645 4312 ι
1697 4257 1868 4329 Hujus
1915 4257 2165 4314 blanditii

577 4361 824 4420 syrmate
870 4350 960 4404 vix
1008 4349 1216 4405 evictus
1265 4348 1599 4416 Richardus,
1647 4348 1860 4419 juvenis
1915 4347 2165 4419 pracluis

573 4437 905 4508 nobilitatis,
940 4439 1073 4496 urbe
1107 4454 1231 4495 cum
1269 4439 1515 4510 pluribus
1560 4440 1842 4505 remansit,
1876 4439 2165 4509 czeterique

2265 1962 2522 2019 Prudenti
2570 1963 2917 2034 simplicitate
2964 1965 3283 2031 renidebat,
3329 1964 3644 2035 simplicique
3687 1982 3779 2035 pru-

2263 2052 2446 2108 dentia
2500 2054 2842 2120 coruscabant,
2864 2053 3042 2125 jnrgia
3081 2055 3313 2125 litesque
3359 2064 3414 2109 et
3444 2057 3579 2123 rixas
3611 2064 3779 2116 strenue

2262 2143 2507 2211 sedabat,
2539 2144 2925 2221 populumque,
2954 2154 3010 2200 ut
3066 2154 3224 2216 pater
3275 2144 3438 2212 filios,
3487 2143 3779 2213 attticabiliter

2263 2234 2501 2305 regebat.
2528 2235 2871 2291 Exuberahat
2901 2236 3201 2292 hottitatum
3245 2236 3553 2299 commodis,
3580 2234 3773 2289 inforu-

2262 2325 2353 2380 bat
2380 2328 2642 2397 plurimos
2672 2326 3001 2399 probitatum
3052 2326 3335 2396 exemplis.
3366 2326 3423 2385 1n
3450 2326 3597 2380 domo
3624 2326 3777 2394 quippe

2260 2415 2377 2486 ejus
2400 2421 2599 2493 veritas
2621 2429 2673 2475 et
2698 2419 2889 2492 gloria,
2909 2420 2959 2474 in
2977 2420 3232 2490 operibus
3256 2419 3401 2473 illius
3425 2416 3780 2488 teqttitassplcug

2262 2508 2426 2566 debat
2453 2522 2507 2568 et
2539 2513 2752 2583 justitia
2780 2531 2792 2566 :
2817 2512 3140 2583 optimatum
3171 2527 3409 2582 namque
3437 2509 3724 2566 Francorum
3742 2515 3781 2562 et

2261 2606 2705 2677 Burgundionum
2735 2616 2886 2681 gesta
2915 2605 3290 2676 dirigebantur
3326 2601 3444 2672 ejus
3488 2600 3780 2674 providentia,

2263 2700 2452 2770 reique
2478 2698 2707 2768 publicae
2742 2698 3116 2770 tractabantur
3146 2696 3301 2752 utilia
3351 2696 3492 2752 illius
3533 2694 3779 2767 prudentia.

2262 2793 2394 2864 Ejus
2442 2806 2677 2862 namque
2724 2790 3065 2859 sanctitatis,
3099 2789 3382 2861 dignitatis
3427 2799 3481 2846 et
3535 2786 3780 2851 afﬂuentia,

2264 2884 2423 2957 longe
2466 2884 2681 2955 lateque
2710 2867 3112 2939 dill‘undebatur
3159 2894 3387 2953 experta
3435 2882 3618 2953 opinio.
3661 2879 3781 2935 Flauo

2263 2976 2489 3033 drenses
2523 2985 2574 3031 et
2607 2974 2912 3032 Orientales
2951 2974 3408 3045 obtemperabant
3431 2975 3544 3045 ejus
3586 2970 3780 3041 imparia.

2265 3069 2461 3127 Verum
2490 3069 2744 3141 quoniam
2771 3067 2993 3123 ntinime
3018 3066 3161 3122 valet
3201 3065 3425 3121 lucerna
3469 3064 3660 3120 ccelitus
3682 3076 3783 3117 cane

2265 3162 2485 3219 delabro
2515 3161 2766 3232 imposita
2812 3160 3026 3214 latitare
3071 3157 3173 3215 sub
3225 3158 3396 3213 modii
3439 3157 3634 3220 umbra,
3659 3151 3783 3222 coepit

2265 3253 2647 3324 prsentaximus
2680 3250 2821 3305 inter
2842 3264 2969 3306 suos
2994 3248 3204 3313 haberi,
3236 3262 3402 3317 quem
3431 3245 3622 3301 indiciis
3653 3242 3782 3296 tuin-

2262 3342 2461 3399 bilibus
2486 3340 2736 3396 Christus
2761 3339 3021 3394 Dominus
3049 3336 3317 3406 disposuit
3344 3331 3672 3390 manifestari.
3697 3328 3780 3384 lla-

2263 3432 2593 3506 gnilicabilis
2620 3432 2799 3504 clerus
2827 3439 2884 3495 et
2926 3432 3175 3501 populus,
3201 3430 3296 3498 qui
3335 3427 3469 3483 tanti
3498 3424 3633 3481 ducis
3665 3434 3783 3492 parce

2262 3522 2749 3593 bantjussionibus.
2766 3520 3169 3591 Omn'potentis
3179 3534 3418 3591 namque
3438 3517 3526 3572 Dei
3547 3513 3780 3571 auxiliante

2264 3615 2571 3677 clementia,
2588 3623 2644 3671 et
2663 3614 2757 3671 sui.
2779 3614 2934 3670 ducis
2963 3613 3219 3669 Bichardi
3242 3620 3565 3684 procurante
3589 3603 3781 3669 solertis,

2266 3708 2372 3764 illis
2402 3708 2455 3762 in
2502 3708 2691 3764 diebus
2722 3709 2947 3780 pulchra
2994 3707 3198 3764 Christi
3249 3706 3500 3770 ecclesia,
3521 3712 3570 3759 et
3608 3697 3780 3755 uiutium

2265 3801 2481 3857 decora.
2536 3799 2783 3860 Moribus
2803 3801 2999 3872 quippe
3026 3800 3195 3861 sacris
3229 3797 3352 3868 ejus
3400 3795 3592 3854 monitu
3615 3801 3783 3860 cotupoo

2265 3894 2517 3960 nebatur,
2556 3908 2621 3949 ac
2666 3892 2969 3964 insignibus
3014 3892 3278 3954 virtutum
3310 3890 3674 3949 illustrabatur,
3702 3894 3780 3944 non

2266 3984 2472 4039 habens
2523 3999 2618 4053 per
2663 3984 2870 4040 crimen
2917 3983 3184 4039 maculam
3224 3998 3329 4039 nec
3355 3997 3452 4053 per.
3475 3975 3781 4050 duplicitateat

2266 4091 2478 4146 rugam.
2508 4073 2778 4131 Radiabat
2805 4089 3038 4144 namque
3063 4074 3118 4128 in
3141 4072 3473 4133 sublimitate
3500 4066 3780 4141 palatorum

2267 4167 2431 4229 solari
2477 4175 2782 4233 venustate,
2810 4174 2976 4235 atque
3014 4166 3069 4219 in
3125 4163 3434 4220 humilitate
3481 4157 3782 4229 subjectomm

2267 4258 2442 4314 lunari
2475 4258 2823 4315 claritudine.
2854 4257 2972 4328 ipse
3001 4270 3129 4312 vero
3155 4256 3283 4311 vita
3316 4250 3606 4311 innocentis
3625 4253 3781 4303 statum

2264 4346 2648 4421 benignissima
2698 4359 2881 4404 mente
2948 4345 3269 4414 retinebat,
3317 4338 3781 4420 gubernaculumque

2266 4442 2649 4500 ecclesiasticae
2676 4439 3116 4511 dispensationis,
3139 4438 3306 4494 corde
3329 4433 3668 4493 serenissima,
3686 4426 3779 4479 licei

569 4530 865 4587 satellitum
890 4540 947 4587 et
975 4533 1211 4593 tironum
1254 4532 1467 4603 agmina
1499 4532 1700 4604 regalia
1743 4543 2155 4602 prosequentes,
2184 4540 2236 4602 ι)
2261 4532 2438 4590 laicali
2490 4532 2684 4595 ordine
2719 4529 3027 4587 adornabat
3074 4549 3089 4583 :
3126 4529 3297 4595 facto,
3326 4528 3470 4584 dicto
3510 4531 3562 4578 et
3597 4516 3779 4587 cogiiam

568 4622 986 4692 prosternebant
1008 4623 1272 4695 plurimos
1291 4624 1623 4693 occidentes.
1648 4622 1887 4690 Tandem
1916 4622 2161 4692 quaedam

572 4713 810 4783 phalanx
840 4714 1358 4785 Rothomagensium
1397 4715 1670 4772 commisit
1702 4715 1770 4770 ad
1799 4714 2011 4779 silvam,
2043 4728 2163 4783 quae

570 4804 774 4862 dicitur
796 4805 1227 4875 Maliforaminis,
1255 4824 1377 4864 cum
1403 4809 1483 4864 eis
1510 4808 1778 4879 prazlium,
1801 4817 1963 4879 atque
1989 4808 2162 4877 opitu-

572 4894 722 4952 lante
735 4897 846 4954 Deo
862 4897 1092 4966 devictis
1104 4898 1350 4957 hostibus
1365 4899 1598 4968 obtinuit
1610 4898 1962 4970 triumphum.
1977 4897 2162 4953 Altera

567 5004 702 5046 vero
731 4992 921 5047 concio
964 4990 1801 5065 similiter‘Rothomagensium,
1844 4990 2162 5060 praestolans

571 5084 640 5140 ad
662 5086 841 5141 exitus
869 5084 1127 5147 silvarum
1165 5086 1394 5142 duorum
1424 5101 1610 5157 regum
1660 5085 1982 5149 exercitum,
2032 5097 2161 5154 pro-

572 5178 771 5233 sternit
792 5187 847 5233 et
869 5178 1068 5234 occidit
1088 5178 1349 5248 plurimos
1371 5179 1633 5244 hostium,
1651 5176 1908 5249 fugatque
1931 5186 2163 5231 caeteros

572 5284 743 5338 usque
765 5268 832 5324 ad
853 5268 1273 5326 Ambianensem
1287 5285 1503 5341 pagum.
1528 5270 1958 5340 ltoiomagenses
1980 5276 2161 5325 autem

574 5362 733 5432 potiti
783 5362 851 5417 de
897 5362 1133 5418 inimicis
1191 5362 1500 5429 victoriam,
1532 5361 1685 5416 urbis
1734 5367 2038 5415 remeantes
2094 5356 2162 5412 ad

573 5453 848 5524 praesidia,
888 5467 1009 5523 qua:
1040 5454 1357 5519 acciderunt
1380 5452 1684 5515 retulerunt
1719 5450 1992 5505 Richardo
2045 5464 2162 5505 om-

583 5548 693 5601 nia.
723 5545 877 5602 Tunc
920 5545 1225 5602 Richardus
1261 5546 1558 5603 recolendte
1589 5544 1865 5609 memoriae
1893 5542 2160 5607 marchio,

576 5637 798 5710 duxque
827 5648 881 5693 et
932 5639 1192 5708 patricius
1222 5638 1977 5709 princellentissimus,grates
2025 5649 2162 5706 pra:-

585 5737 856 5790 maximas
886 5733 998 5801 regi
1029 5730 1345 5788 saeculorum
1376 5747 1498 5786 cum
1525 5732 1669 5786 omni
1697 5730 1843 5795 clero
1867 5738 1919 5784 et
1968 5727 2164 5798 populo

580 5822 817 5890 reddidit
842 5824 1330 5890 mansuetissimus,
1362 5823 1634 5894 multaque
1662 5821 1920 5878 beneﬁcia
1964 5828 2016 5875 et
2068 5819 2164 5875 do—

2264 4639 2529 4696 prospero
2580 4623 2838 4679 omnibus
2884 4620 3187 4677 excellebat
3238 4619 3548 4676 meritorum
3605 4604 3777 4702 lumine,

2264 4716 2614 4785 moribusque
2662 4714 3012 4778 coruscabat.
3038 4712 3331 4781 Enimvero
3379 4700 3779 4795 Spiritussanclt

2263 4805 2438 4878 gratia
2470 4804 2791 4874 locupletius
2811 4802 3106 4865 dilabatur,
3134 4798 3474 4870 septilidique
3499 4790 3778 4878 charismalis

2267 4874 2532 4967 έδρίθηῑῖθ
2561 4894 2890 4965 [Impensius
2912 4891 3297 4964 repletabatur.
3329 4885 3571 4956 Quotidie
3610 4874 3778 4935 merito.

2263 5003 2406 5053 rum,
2436 4986 2790 5056 omniumque
2824 4985 3089 5040 bonorum
3125 4980 3395 5053 amuentia
3441 4975 3633 5048 dignius
3662 4976 3780 5034 θυεθο

2264 5082 2451 5145 batur,
2481 5079 2728 5151 diligenti
2762 5073 3437 5147 subtiliqueindagatione
3462 5057 3777 5141 perscrulaln‘

2267 5181 2355 5228 tur
2401 5173 2582 5229 omnia
2643 5187 2763 5242 quae
2815 5168 2990 5242 laicali
3043 5166 3318 5231 intellectu
3354 5163 3553 5219 discere
3593 5153 3773 5242 pelitth-

2266 5266 2402 5319 Erat
2448 5236 2685 5334 namque
2737 5236 3271 5317 ditatusbonoribus
3297 5248 3660 5313 sanctimonia,
3686 5236 3776 5334 illa:

2264 5365 2469 5412 stratus
2516 5331 2860 5411 commerciis
2900 5348 3318 5422 magnificentiae
3345 5387 3361 5413 ,
3387 5341 3601 5415 Spiritus
3641 5331 3776 5424 sane"

2264 5448 2437 5520 gratia
2483 5456 2775 5518 praeeunte.
2816 5442 3140 5499 Celestibus
3187 5437 3457 5499 inhiabat,
3492 5429 3776 5520 vitial’af“:

2264 5510 2577 5611 pendebat,
2628 5537 2941 5606 incolasque
2988 5529 3427 5601 Nortbmannicze
3470 5516 3653 5617 telluris
3688 5510 3774 5617 lese

2266 5637 2516 5706 augebat.
2554 5633 2687 5689 Erat
2721 5640 2903 5687 autem
2934 5628 3152 5700 juvenis
3179 5632 3504 5682 mansuetus,
3530 5610 3771 5706 omni

2266 5698 2433 5785 bitate
2489 5710 2744 5796 repletus.
2780 5698 2990 5780 morum
3037 5721 3280 5780 bonitate
3315 5711 3630 5789 grandaevus.
3663 5699 3716 5796 εί.

2267 5819 2484 5875 Christo
2508 5780 2565 5873 iul
2585 5816 2904 5872 humilitatis
2932 5830 3023 5886 gra
3048 5812 3186 5868 libus
3214 5807 3477 5866 fu.;dalu:.
3504 5780 3772 5854 MattSlt‘nW
