4032 6462
212 370 324 424 725

630 364 719 422 DE
755 363 991 421 GESTIS
1030 358 1458 420 NORMANNIIE
1498 357 1739 416 DUCUM
1778 355 1960 413 LIBRI
1998 355 2200 413 TRES.
2239 387 2307 397 —-
2347 355 2474 411 LlB.
2516 354 2601 410 lll.
2645 351 3058 437 lllCllAllDUS.

3381 348 3485 404 726

212 484 389 539 verbo
415 489 471 537 et
498 492 662 550 opere
710 492 837 547 qua.
865 475 1064 532 mentis
1096 472 1395 529 intentione
1445 470 1790 525 introductus
1819 470 1866 530 Α
1893 466 2167 523 humiliter
2187 465 2301 534 ejus
2315 463 2650 534 jussionibus
2675 472 2729 519 et
2761 463 2942 527 dictis,
2964 470 3020 517 et
3038 459 3489 531 obtemperabant

214 583 343 629 erat
367 574 433 628 ad
463 572 691 627 salutem
726 568 1003 639 regiminis
1031 565 1194 622 totius
1221 564 1429 634 patriae.
1467 562 1598 617 Erat
1634 575 1794 616 nam—

216 681 329 735 que
370 660 622 719 mellifiua
650 659 876 714 dulcedo
926 656 1170 722 fortium,
1219 654 1479 711 fortitudo
1522 651 1796 715 debilium,

217 752 911 821 defensoriorphanorum,
959 747 1160 803 solator
1206 745 1550 809 miserorum,
1581 739 1803 797 baculus

215 849 502 912 orborum,
532 850 809 914 reparator
836 841 1208 904 ecclesiarum,
1239 838 1332 893 lux
1371 838 1584 893 sincera
1631 847 1803 890 caeco-

219 954 371 1005 rum,
404 953 541 1006 apex
584 935 932 1001 clericorum,
963 933 1108 988 salus
1138 929 1436 1003 agentium,
1467 928 1681 983 culmen
1714 938 1805 996 ge—

219 1045 441 1093 nerum,
469 1028 636 1082 decus
668 1024 975 1097 praesuluin,
1021 1022 1166 1078 salus
1190 1021 1494 1084 viduarum,
1539 1029 1800 1074 cacnmen

219 1117 591 1180 sacerdotum,
625 1121 836 1169 amator
859 1112 1147 1178 fmderum,
1176 1110 1355 1166 cultor
1383 1109 1666 1170 virtutum,
1692 1118 1807 1158 ma-

219 1210 373 1265 xima
409 1222 532 1277 spes
558 1206 801 1260 omnium
833 1221 846 1257 :
879 1204 1051 1274 pictas
1077 1209 1416 1264 maestorum,
1449 1194 1804 1254 memorabile

221 1303 421 1373 pignus
463 1298 864 1361 amicitiarum,
914 1295 1089 1366 palma
1144 1291 1590 1363 desperantium,
1640 1286 1808 1343 tutela

220 1390 690 1461 presbyterorum,
715 1386 870 1442 sedes
909 1385 1109 1457 legum,
1135 1393 1316 1441 rector
1342 1381 1682 1453 populorum,
1709 1391 1810 1448 pa-

219 1488 344 1535 stor
397 1492 724 1548 pauperum,
779 1474 952 1530 forma
992 1474 1322 1538 proborum,
1353 1486 1506 1526 arma
1556 1469 1809 1535 militum,

214 1570 484 1639 judicium
533 1567 901 1623 accusandum
948 1573 1004 1621 et
1048 1574 1452 1627 accusatorum,
1476 1561 1612 1617 libra
1667 1572 1814 1629 quae-

222 1665 486 1726 stionum,
516 1658 1084 1728 mitigator-rixarum,
1101 1666 1255 1727 pater
1274 1655 1541 1717 exsulum,
1567 1658 1815 1720 receptor

224 1753 600 1823 profugerum,
661 1749 981 1805 distributor
1064 1750 1350 1815 bonorum,
1422 1744 1595 1802 dulcis
1661 1751 1815 1796 amor

1900 556 2210 612 obedientes
2246 555 2361 625 ejus
2398 556 2698 627 prmceptis.
2737 553 2854 624 lpse
2891 554 3109 624 regebat
3142 566 3237 607 eos
3270 552 3488 615 blande,

1902 647 2366 718 utpaterfamilias
2386 662 2593 712 servos,
2624 655 2678 701 et
2721 644 2896 700 alebat
2922 658 3013 699 eos
3047 641 3277 698 dulciter
3305 641 3492 698 fomite

1902 739 2316 810 benignissimo,
2344 749 2401 794 ut
2447 748 2602 810 pater
2645 737 2801 793 tilios.
2846 734 2975 805 Ejus
3025 733 3249 791 consilio
3296 742 3494 790 tracta-

1892 831 2102 886 bantur
2149 832 2433 886 commoda
2482 830 2793 886 secretioris
2833 827 3039 884 ordinis
3086 826 3190 882 sub
3243 825 3495 897 palaestra

1907 922 2164 977 theoricae
2187 923 2311 977 vitm
2340 920 2673 986 desudantis,
2703 919 2927 989 ejusque
2969 916 3116 973 cultu
3158 914 3517 971 adornaban-.

1908 1022 1998 1067 tur
2024 1013 2178 1068 utilia
2198 1013 2405 1068 ordinis
2439 1012 2750 1083 ampliorem
2793 1012 2961 1067 vitam
2992 1009 3260 1075 ducentis,
3289 1005 3499 1063 scilicet

1909 1104 2009 1159 sub
2053 1104 2306 1173 practicae
2353 1104 2476 1159 vitae
2524 1118 2696 1174 agone
2741 1101 3083 1158 colluctantis
3112 1098 3498 1170 rempublicam

1910 1204 2149 1261 strenue,
2177 1193 2477 1265 blandeque
2505 1203 2561 1250 et
2590 1195 2784 1249 leniter
2821 1193 3073 1264 prailatos
3107 1205 3295 1263 regere
3335 1203 3497 1260 coge-

1907 1290 2023 1353 bat,
2052 1297 2106 1345 et
2144 1303 2211 1343 ne
2241 1288 2401 1343 alicui
2435 1287 2599 1342 ullum
2632 1286 3003 1358 praejudicium
3033 1285 3294 1350 facerent,
3321 1282 3499 1338 mina-

1910 1378 2076 1435 batur
2108 1388 2163 1434 et
2187 1379 2509 1450 postulabat.
2545 1379 2816 1434 lticliardo
2859 1393 2991 1433 vero
3040 1378 3177 1432 duce
3205 1376 3382 1447 sagaci
3409 1375 3501 1447 ju-

1914 1477 2107 1538 stoque
2136 1468 2309 1537 legum
2334 1470 2701 1525 moderamine
2728 1480 2926 1523 terram
2957 1483 3092 1538 pene
3124 1468 3286 1523 totius
3317 1466 3505 1523 Gallia:

1913 1560 2204 1617 salubriter
2239 1570 2479 1631 regente,
2515 1560 2861 1616 exsultabant
2893 1560 3153 1616 caelorum
3193 1559 3361 1622 cives,
3405 1558 3505 1612 im-

1916 1665 2131 1706 mensas
2150 1653 2538 1720 praeconiorum
2569 1650 2756 1708 laudes
2777 1650 3064 1706 individua:
3092 1640 3341 1705 Trinitati
3369 1647 3507 1703 refe-

1919 1751 2121 1797 rentes.
2146 1740 2425 1798 Gaudebat
2442 1742 2620 1797 omnis
2646 1750 2810 1807 terra,
2824 1741 3059 1812 jubilans
3087 1741 3311 1796 Domino
3331 1756 3382 1793 ιιι
3412 1739 3505 1795 la:-

224 1806 596 1905 vernularum,
654 1838 961 1910 exemplum
1019 1847 1368 1904 cunctorum;
1394 1850 1554 1906 poena
1604 1832 1805 1897 furum,
1837 1806 1883 1867 Β
1914 1833 2052 1889 titia.
2081 1832 2413 1890 Plaudebant
2436 1847 2625 1889 omnes
2647 1835 2700 1887 in
2722 1832 2950 1888 excelsis
2981 1830 3358 1886 etreferebant
3377 1843 3505 1898 gra-

222 1933 610 1989 detrimentum
675 1929 943 1985 latronum
968 1969 983 1993 ,
1023 1928 1341 1983 emendator
1399 1925 1806 1988 confessorum,

224 2039 367 2094 Opus
388 2022 673 2092 pietatum,
705 2034 891 2074 murus
921 2017 1221 2088 regionum,
1246 2016 1424 2072 lumen
1465 2022 1805 2078 cunctorum,

230 2111 510 2180 specimen
539 2107 910 2171 sanctitatum,
941 2104 1097 2160 dulce
1127 2113 1286 2175 caput
1316 2102 1620 2170 consulum,
1652 2102 1808 2156 auxi-

218 2203 390 2260 liator
419 2215 628 2272 regum,
655 2206 931 2268 protector
951 2195 1190 2251 omnium
1220 2193 1536 2265 populorum

613 2304 777 2345 APOST
785 2304 954 2344 ROPHA
992 2303 1059 2343 AD
1097 2300 1424 2343 NCBARDUI.

223 2384 434 2441 Censor
457 2381 526 2435 ab
551 2394 747 2436 occasu
777 2392 936 2449 quem
965 2377 1083 2433 laus
1111 2377 1356 2447 exporgit
1386 2374 1521 2441 Eoo,

225 2476 397 2530 Fama
434 2472 712 2528 recensita:
741 2469 933 2534 laudis,
974 2477 1288 2539 septemque
1321 2466 1505 2531 trioni,

224 2566 431 2626 Patrici
464 2563 756 2629 liicbarde,
783 2576 987 2626 comes,
1008 2560 1139 2626 dux,
1179 2559 1443 2625 marcliio,
1470 2556 1741 2627 princeps.

230 2654 536 2727 lielligione
557 2641 756 2717 calens,
786 2650 1113 2722 probitatuni
1141 2648 1410 2721 agalmate
1438 2646 1662 2713 ﬂorens,

226 2747 481 2817 Alioquin
512 2745 678 2809 mitis,
705 2743 1006 2799 bonitatum
1035 2755 1215 2797 merce
1241 2739 1506 2809 eelebris,!

228 2839 437 2895 Callem
461 2836 648 2909 judicii
674 2848 899 2892 servans
924 2832 1293 2891 moderamine
1320 2830 1475 2903 legis.

227 2929 469 2987 Grandia
501 2927 833 2983 causidicum
859 2933 1123 2996 superant
1144 2932 1232 2979 tua
1260 2924 1402 2979 facta
1435 2922 1712 2994 pusillum,

230 3022 615 3091 Compressum
647 3017 871 3073 nimium
912 3031 1093 3071 rerum
1132 3030 1330 3088 aggere
1361 3015 1845 3075 multimodarum..

230 3110 345 3165 Nec
373 3108 514 3163 valet
541 3108 828 3178 exsequier
852 3107 994 3177 quod
1022 3107 1186 3179 gestit
1211 3106 1449 3163 scribere
1473 3120 1709 3177 semper,

230 3204 406 3258 Actus
436 3202 665 3272 impetus
691 3200 875 3259 eximii
902 3215 1027 3255 nam
1060 3200 1187 3255 vicit
1210 3199 1462 3265 inertem,

233 3294 546 3361 Quamlibet
573 3294 877 3349 immeritus
901 3293 1099 3364 poterit
1121 3293 1263 3363 quod
1293 3292 1532 3350 scribere
1555 3302 1749 3349 certet.

235 3388 357 3444 llcu
384 3387 399 3441 ι
442 3386 623 3441 atbcta
656 3385 752 3441 Dei
781 3386 964 3466 vigeas
986 3386 1046 3466 in
1074 3384 1310 3441 culmine
1338 3385 1463 3441 divi.

235 3476 452 3534 Gaudia
480 3490 602 3531 eum
633 3475 838 3532 sanctis
861 3458 1061 3531 liabeas
1088 3491 1184 3545 per
1203 3489 1402 3546 pascua
1435 3476 1606 3547 pacis.

311 3569 450 3624 Cum
469 3574 650 3622 autem
686 3564 991 3622 Ricliardus
1018 3566 1261 3622 marebio
1304 3566 1534 3623 celebris
1577 3566 1828 3623 videlicet

236 3657 490 3716 columba
536 3656 778 3725 Christi,
823 3657 941 3713 sine
986 3655 1112 3713 felle
1152 3658 1551 3726 amaritudinis,
1598 3659 1830 3716 eniteret

236 3750 485 3807 omnium
520 3750 782 3805 bonorum
815 3748 1003 3818 titulis,
1035 3759 1384 3821 quietumque
1414 3758 1469 3805 et
1498 3749 1729 3806 solidum
1759 3749 1828 3805 ab

241 3843 480 3900 inimicis
502 3850 711 3899 teneret
755 3858 981 3914 regnum
1007 3842 1445 3900 Nortlima‘unicm
1480 3843 1832 3899 Britannicae-

240 3952 352 4005 que
400 3934 657 4006 regionis,
709 3934 962 4006 nullaque
987 3950 1120 4007 gens
1176 3936 1400 3990 auderet
1448 3933 1671 3990 feritare
1704 3949 1829 3990 cum

242 4027 611 4083 Riebardidis.
639 4026 815 4098 Hugo,
846 4028 954 4082 dux
978 4042 1206 4099 magnus
1220 4035 1273 4082 et
1296 4026 1580 4092 mirabilis,
1608 4035 1832 4084 coactus

238 4118 618 4178 imbecillitate
646 4118 728 4171 sui
766 4118 1032 4188 corporis,
1077 4119 1395 4174 eoaduuatis
1416 4119 1620 4190 pariter
1646 4118 1834 4174 militi-

232 4212 343 4273 bus
372 4225 507 4274 suis,
549 4222 838 4282 antequam
884 4212 1287 4283 defungeretur,
1334 4214 1389 4269 in
1436 4214 1694 4269 extremis
1732 4228 1831 4284 po-

233 4300 400 4364 situs,
436 4300 609 4355 dixit:
646 4319 664 4352 σ
699 4300 971 4356 Ricbardo
1001 4300 1514 4365 ,Northmannorum
1542 4304 1662 4358 duci
1690 4318 1831 4374 pra:-

234 4390 619 4461 potentissimo
660 4391 822 4447 tiliam
866 4408 1063 4458 meam,
1106 4392 1232 4449 licet
1281 4402 1481 4449 tenerae
1515 4394 1691 4449 aetatis
1737 4394 1837 4459 sit,

1910 1923 2506 1995 tes.0mnipotenti,qui
2524 1924 2631 1979 illis
2646 1924 2929 1995 patricium
2953 1930 3007 1977 ct
3030 1922 3216 1977 ducem
3236 1929 3506 1975 tantorum

1910 2019 2173 2075 bonorum
2216 2017 2566 2074 incrementis
2614 2017 2843 2089 largitus
2873 2025 2957 2072 est
2994 2015 3284 2071 cluentem.
3310 2011 3510 2067 North-

1912 2110 2101 2166 manni
2122 2124 2253 2167 vero
2275 2118 2424 2166 tanto
2458 2124 2687 2166 censore
2718 2117 2971 2178 tantoque
3001 2107 3265 2162 advocato
3294 2113 3511 2177 gratan-

1910 2210 2015 2265 tes,
2048 2201 2252 2272 illoque
2292 2211 2556 2272 praesente
2586 2216 2690 2255 non
2740 2209 2947 2255 tantum
2995 2198 3099 2253 frui
3129 2196 3390 2261 volentes,
3417 2209 3512 2249 ve-

1911 2304 2035 2348 rum
2065 2291 2228 2348 etiam
2251 2290 2320 2346 de
2346 2290 2660 2361 posteritate
2686 2289 3009 2359 cogitantes,
3050 2298 3108 2341 ut
3138 2285 3306 2356 gloria
3336 2283 3510 2355 prolis

1916 2383 2033 2441 viro
2060 2398 2167 2439 non
2191 2382 2424 2449 deesset,
2454 2390 2620 2453 utque
2645 2381 2746 2436 viri
2789 2380 3049 2452 germine
3074 2394 3178 2434 non
3208 2376 3513 2433 destituan-

1918 2485 2007 2532 tur
2028 2490 2129 2547 per
2152 2474 2533 2548 progenierum
2570 2474 2964 2539 successiones,
3003 2479 3267 2527 venerunt
3296 2470 3362 2526 ad
3387 2484 3511 2525 eum

1919 2565 2204 2622 dicentes:
2249 2583 2269 2618 ι
2304 2564 2413 2620 Res
2441 2562 2704 2635 cujusque
2732 2563 2958 2635 negotii,
3001 2577 3123 2634 qua:
3172 2570 3515 2617 sacramento

1917 2672 2062 2715 verae
2099 2657 2226 2714 ﬁdei
2258 2658 2693 2714 determinantur
2722 2658 2790 2712 ab
2817 2655 3152 2720 orthodoxis,
3185 2669 3366 2725 opera:
3393 2671 3521 2726 pre«

1917 2750 2054 2807 tium
2084 2758 2168 2807 est
2202 2765 2312 2821 quo
2357 2749 2679 2821 expleantur
2716 2749 3130 2804 indeterminato
3178 2755 3353 2817 spatio
3384 2762 3519 2818 prie-

1922 2843 2064 2900 ﬁniti
2134 2843 2413 2913 temporis.
2472 2840 2736 2910 Quocirca
2810 2839 2974 2895 ﬁliam
3022 2839 3285 2911 Hugonis,
3337 2838 3517 2910 magni

1918 2929 2258 2988 Francorum
2298 2930 2474 2996 ducis,
2508 2945 2671 3002 quam
2702 2930 2794 2986 illo
2837 2929 3128 3000 superstite
3173 2937 3517 2985 sacramento

1921 3022 2352 3079 connectendam
2409 3021 2509 3077 tibi
2559 3019 2830 3076 connubio
2897 3019 3169 3085 sanxisti,
3223 3026 3517 3089 antequam

1921 3112 2258 3183 prteﬁniatur
2303 3112 2568 3168 terminus
2616 3112 2803 3168 statuti
2850 3112 3141 3182 temporis,
3184 3112 3229 3166 si
3280 3125 3518 3181 congrua

1843 3177 1894 3244 ο
1925 3177 2226 3277 babilisque
2250 3213 2307 3262 et
2334 3204 2535 3261 nubilis
2560 3203 2741 3270 fuerit,
2769 3204 2886 3276 lege
2916 3177 3151 3259 maritali
3182 3177 3516 3275 pmdignunt

1924 3304 2010 3352 est
2038 3297 2136 3351 tibi
2165 3295 2431 3367 copulari.
2463 3293 2555 3350 llla
2579 3309 2730 3359 vero,
2777 3303 2836 3350 ut
2865 3295 3189 3359 audivimus,
3213 3293 3365 3363 virgo
3409 3290 3521 3347 ele-

1926 3386 2257 3458 gantissima:
2280 3384 2481 3455 speciei
2508 3393 2565 3440 et
2597 3377 2956 3456 formae,'apta
3002 3382 3229 3455 genialis
3262 3381 3517 3439 connubii

1926 3476 2318 3542 commistioni,
2360 3474 2786 3548 congruentique
2823 3475 3156 3532 delectabilis
3199 3473 3521 3531 concubitus

1927 3567 2277 3638 amplexioni,
2306 3567 2592 3623 masculini
2635 3566 2859 3622 seminis
2890 3565 3098 3621 viribus
3148 3565 3369 3620 minime
3414 3562 3519 3618 dif-

1928 3659 2036 3718 fert
2078 3661 2449 3717 succumbere.
2494 3679 2513 3713 ι
2549 3659 2850 3716 Ricliarilus
2901 3674 3030 3714 vero
3080 3657 3254 3714 virilis
3296 3659 3519 3713 uberta-

1930 3751 2000 3809 tis
2027 3759 2310 3822 potestate,
2336 3751 2538 3806 dieitur
2579 3751 2691 3807 suis
2723 3750 3063 3820 respondisse
3100 3765 3115 3805 :
3153 3749 3304 3817 Quod
3342 3747 3521 3804 sanci-

1929 3851 2047 3899 tum
2090 3852 2179 3899 est
2225 3841 2330 3898 llde
2362 3851 2639 3913 peractum
2669 3842 2758 3907 iri,
2805 3855 3143 3910 consequens
3171 3851 3254 3895 est
3293 3852 3524 3894 exsecu-

1935 3942 2048 3990 tum
2074 3933 2164 3988 iri.
2189 3932 2339 3989 lllico
2374 3942 2746 4004 pra2parantur
2796 3932 3048 4002 nuptialis
3092 3939 3337 4001 sumptus
3366 3944 3515 3985 com-

1930 4026 2115 4094 moda,
2165 4027 2604 4098 adornanturque
2644 4026 2886 4083 mirifica:
2931 4025 3339 4098 compositionis
3366 4038 3524 4094 spon-

1931 4120 2083 4176 salia.
2127 4120 2545 4176 Northmannim’
2600 4120 2802 4192 igitur,
2846 4119 3240 4188 Britouiczeque
3289 4116 3524 4188 regionis

1931 4214 2252 4284 optimatum
2302 4226 2467 4269 manu
2518 4214 2730 4280 ascita,
2791 4212 3214 4284 prmparatisque
3270 4209 3524 4265 omnibus

1932 4302 2247 4360 fesceninno
2259 4304 2554 4375 cultuiqute
2573 4315 2732 4360 erant
2758 4304 3089 4371 necessaria,
3113 4319 3234 4360 eum
3249 4302 3524 4372 incompti-

1932 4397 2158 4469 pntabili
2205 4398 2511 4470 principum
2563 4398 2945 4470 congressione
2999 4413 3120 4454 eam
3169 4398 3429 4454 decenter
3468 4397 3526 4449 et

234 4482 446 4539 futuris
478 4484 679 4555 nuptiis
706 4483 995 4551 connubio,
1019 4494 1358 4541 sacramento
1398 4494 1578 4543 vestro
1605 4485 1833 4542 consilio
1860 4525 1912 4586 Β
1936 4488 2234 4546 honoriﬁce
2265 4490 2486 4545 deduxit
2515 4489 2581 4544 ad
2620 4485 3072 4563 Rmbomag'ensis
3122 4488 3273 4544 urbis
3299 4484 3521 4558 palatia.

236 4575 485 4642 tradidi;
518 4590 701 4646 quam,
744 4591 867 4631 cum
896 4590 1135 4648 congrua
1162 4576 1465 4648 habilisque
1500 4579 1616 4635 viro
1650 4577 1832 4644 fuerit,

240 4666 436 4744 largiri
492 4665 571 4720 illi
619 4665 926 4722 nullatenus
972 4664 1258 4723 ditferatis.
1306 4667 1423 4739 Ipse
1476 4683 1607 4725 vero
1655 4669 1840 4725 uxoris

242 4774 385 4815 meae
408 4756 608 4826 filiique
639 4757 766 4821 mei,
814 4757 940 4812 dum
983 4757 1042 4812 in
1076 4757 1127 4812 id
1176 4758 1354 4814 aetatis
1394 4758 1519 4824 erit,
1547 4759 1842 4816 advocatus

239 4852 337 4912 sit,
372 4863 574 4918 vosque
628 4847 870 4904 consiliis
915 4849 1033 4920 ejus
1075 4848 1446 4904 saluberrimis
1488 4859 1543 4905 et
1572 4848 1842 4906 mandatis

241 4937 489 4994 ultronei
536 4937 866 4993 inlimreatis.
903 4957 923 4991 ι
968 4937 1232 4994 Defuncto
1261 4953 1387 4994 vero
1414 4937 1639 5010 Hugone
1671 4938 1843 4995 Fran-

241 5047 436 5085 corum
470 5031 630 5097 iluce,
652 5046 843 5087 omnes
872 5031 1156 5087 unanimes
1197 5033 1265 5089 ad
1296 5032 1646 5100 Ricbardum,
1676 5042 1842 5090 tantae

242 5120 539 5190 potestatis
564 5123 957 5191 marchionem,
985 5138 1306 5190 convenere,
1339 5141 1506 5196 seque
1549 5127 1840 5184 commise-

246 5220 378 5265 runt
423 5211 524 5266 sub
566 5214 866 5284 patrocinio
914 5215 1127 5271 consilii
1152 5214 1270 5285 ejus
1309 5225 1365 5272 ct
1394 5217 1592 5273 tutelae.
1632 5218 1847 5274 Incum-

246 5304 454 5359 hebant
479 5313 656 5360 autem
704 5321 896 5366 omnes
916 5308 1219 5365 voluntarie
1246 5308 1363 5380 ejus
1403 5309 1642 5376 servitio,
1669 5320 1724 5364 et
1760 5311 1843 5366 fa-

245 5393 595 5448 mulabantur
633 5395 864 5453 libenter
925 5407 985 5454 ut
1049 5399 1278 5456 Domino
1330 5400 1455 5471 ipsi.
1500 5401 1621 5472 Ipse
1659 5411 1851 5458 autem

250 5485 565 5542 muneribus
609 5490 975 5556 prtemaximis
1039 5491 1480 5562 mirabilibusque
1541 5492 1698 5548 donis
1749 5504 1851 5549 eos

247 5574 479 5641 ditabat,
507 5576 896 5652 beneﬁciisque
938 5582 1258 5654 largissimis
1300 5599 1395 5639 eos
1439 5583 1839 5654 augmentabat.

251 5664 356 5735 ipsi
388 5675 572 5725 autem
601 5676 714 5724 toto
741 5671 937 5727 mentis
966 5672 1157 5728 alfectu
1198 5674 1493 5741 diligebant
1525 5689 1669 5740 eum,
1697 5690 1845 5731 sum-

256 5774 451 5841 moque
499 5761 818 5818 reverentia:
863 5764 1009 5819 cultu
1041 5764 1357 5821 reco'ebaut-
1391 5782 1534 5822 eum.
1576 5765 1848 5823 Parebant

2553 4592 2911 4636 APOSTROPHA.

2153 4672 2330 4730 Prolis
2361 4681 2559 4744 optata:
2592 4673 2995 4747 prosperitatis,

2149 4763 2196 4821 0
2221 4779 2437 4835 semper
2462 4750 2665 4833 cupidi,
2701 4763 3041 4843 indignique,

2154 4853 2514 4910 Northmanni
2538 4867 2816 4924 proceres,
2843 4853 3214 4926 belligerique,

2155 4947 2372 5005 Vivacis
2399 4949 2597 5003 mentis
2625 4947 2750 5018 igne
2784 4945 3023 5003 calentes
3045 4965 3058 5000 :
3236 4938 3247 4947 ’

2156 5036 2275 5092 Non
2305 5036 2405 5092 hac
2429 5051 2551 5107 qua:
2584 5037 2821 5104 vehitur,
2849 5035 3066 5107 virgine
3104 5033 3285 5105 proles

2155 5126 2438 5192 Nascetur,
2464 5126 2829 5198 populumque
2856 5134 3009 5197 reget
3034 5126 3230 5181 haeres.

2154 5215 2356 5271 Verum
2387 5215 2569 5271 divino
2598 5216 2819 5272 numine
2841 5223 3008 5270 nutus

2153 5305 2404 5362 Gtelestis
2432 5306 2586 5378 virgo
2604 5307 2795 5376 prodet
2821 5305 2949 5361 olim

2159 5399 2342 5471 Stirpe
2369 5400 2661 5472 Dacigena,
2691 5400 2908 5467 nobilis,
2934 5400 3099 5465 alma,

2153 5489 2406 5559 Pulchra,
2435 5491 2790 5560 pereelebris,
2817 5499 2872 5545 et
2900 5490 3217 5559 reverenda,

2165 5584 2359 5656 Digna,
2387 5582 2691 5653 prmelecta,
2718 5591 2772 5637 et
2798 5581 3103 5649 recolenda,

2154 5676 2325 5733 Cauta
2351 5676 2598 5741 consilio,
2626 5676 2866 5747 provida,
2899 5675 3168 5747 prudens:

2154 5769 2333 5841 Quam
2358 5768 2466 5824 dux
2486 5767 2810 5834 Richardus,
2843 5768 3085 5824 marcbin
3109 5767 3304 5838 justus,
