4058 5406
478 182 485 225 ἰ
500 126 601 195 797

712 241 963 302 Pluribus
991 245 1204 305 sibimet
1230 247 1393 320 eliget
1418 268 1601 317 uuam,

716 334 957 406 Jungeus
984 340 1273 406 connubio,
1298 341 1523 408 ﬁndere,
1557 355 1733 414 pacto,

712 424 938 497 Quaque
963 438 1221 500 vergente
1250 440 1491 501 tempore
1519 435 1714 506 dignus

716 512 981 573 Nascetur
1008 518 1183 575 hteres
1206 523 1468 592 germinis
1497 523 1646 581 almi.

476 682 485 707 ί
566 625 701 680 Cum
761 635 939 703 autem
1000 639 1161 688 tantae
1224 635 1520 693 nobilitatis
1571 641 1816 712 conjugts
1867 646 2079 701 decenti

474 714 865 785 gratularetur
890 723 1197 790 consortio,
1243 723 1637 798 Britonicaeque
1686 740 1848 800 atque
1882 732 2081 788 North-

483 808 762 871 ,mannica:
796 813 985 880 patria:
1030 814 1256 885 papulas
1288 830 1568 875 serenaret
1605 821 1730 891 jure
1773 824 2077 891 salutifero,

481 908 658 979 atque
706 916 805 972 per
855 912 1021 959 totam
1084 922 1221 976 pene
1266 908 1551 969 Franciam
1600 912 2080 985 Burgundiamque

419 1067 423 1070 ν
481 992 699 1059 salubri
747 996 974 1052 consilio
1026 1001 1339 1067 repentinas
1383 1005 1778 1077 insurgentium
1813 1008 2077 1064 malorum

478 1090 885 1152 commotiones
930 1105 1300 1162 compesceret
1344 1096 1522 1167 dignre
1569 1101 1851 1169 potestatis
1907 1102 2079 1158 domi-

480 1178 625 1245 nio;
656 1179 876 1249 quidam
903 1195 1117 1254 satrapa
1144 1187 1361 1242 nomine
1388 1186 1698 1255 Tctboldus,
1721 1192 1871 1249 dives
1891 1208 2075 1263 apum,

494 1266 839 1339 militumque
887 1270 1375 1331 sullicientissimus
1402 1317 1416 1343 ,
1472 1281 1853 1337 novercalibus
1896 1282 2076 1350 furiis,

492 1359 716 1430 zeloque
745 1371 801 1417 et
842 1363 967 1420 odio
993 1380 1305 1433 succensus,
1345 1371 1511 1441 cmpit
1538 1371 1782 1428 insidiari
1816 1374 1866 1429 ei
1897 1374 2078 1431 multis

478 1450 1026 1520 ,subsaunationibus,
1076 1459 1351 1530 rixarique
1397 1473 1587 1519 contra
1635 1481 1782 1533 eum,
1813 1478 1868 1522 et
1902 1482 2075 1539 oppu-

488 1558 657 1613 gnare
705 1546 977 1603 incassum
1021 1558 1221 1604 terram
1273 1553 1408 1622 ejus.
1456 1553 1767 1627 Decerncns
1805 1564 1986 1613 autem
2016 1573 2076 1616 se

1398 138 1703 200 DUDONIS
1743 145 2089 217 DECANIS.
2135 150 2443 220 QUINTI’NI
2487 150 2871 223 “ROMANO,

2106 266 2154 333 Δ

3665 151 3760 208 ’[Ξὸ

2790 277 3149 329 Αροετιιοιιιιλε

2188 372 2208 411 t
2254 352 2399 410 Heu.
2458 355 2586 413 quid
2632 355 2809 412 adhuc
2852 354 2990 412 furis
3030 355 3340 419 ardescens,
3385 369 3420 410 ο
3464 356 3763 428 Amulpbe,

3140 446 3289 520 [odio
3327 447 3701 528 perﬁdiaque,

2183 535 2407 594 Invidiae
2439 536 2666 592 nimium
2694 536 2922 599 amictus
2955 537 3107 593 taedis
3134 547 3189 593 et
3218 537 3493 594 laniatus?

2180 624 2379 682 Desine
2412 627 2586 681 moliri
2616 637 2804 681 contra
2833 643 3089 698 superum
3121 627 3365 696 velleque
3390 642 3554 698 posse

2176 715 2489 772 Pervacuus
2519 717 2742 773 nimium
2784 717 2938 773 labor
2959 726 3075 782 est,
3121 731 3284 787 quem
3310 733 3455 774 nunc
3484 719 3652 773 corde
3679 734 3757 776 re-

3448 807 3677 881 {tractas

2179 898 2297 955 Non
2322 901 2733 971 capitur,quem
2761 901 2950 956 dextra
2983 900 3074 955 Dei
3104 900 3296 963 sancit,
3322 902 3560 972 protegit
3581 911 3763 970 atque.

2179 992 2314 1048 Nam
2338 991 2539 1061 justus,
2594 993 2826 1064 probus,
2879 993 3174 1059 innocuus,
3220 1001 3472 1056 sanctus,
3521 994 3762 1063 percole.

3452 1082 3697 1155 [hrisque

2180 1173 2454 1240 Marcbio,
2507 1174 2912 1246 patriciosque,
2951 1179 3174 1241 eomes,
3222 1172 3326 1229 dux
3372 1174 3683 1230 Ricltardus
3712 1186 3766 1233 et

3456 1264 3702 1339 [almus,_

2177 1359 2387 1429 Aggere
2420 1358 2739 1428 quadriﬁda:
2759 1367 2969 1415 mactus
2999 1356 3218 1412 virtutis
3251 1357 3529 1429 rutilanti,

2177 1450 2400 1506 Plebem
2436 1451 2784 1506 commissam
2831 1450 3050 1508 sibimet
3095 1457 3252 1520 pater
3296 1458 3355 1506 ut
3399 1452 3644 1523 corriget
3676 1467 3768 1508 air-

3506 1544 3665 1617 [gens

489 1611 624 1687 nihil
657 1646 845 1695 contra
875 1652 997 1693 eum
1026 1611 1319 1708 prolicere,
1340 1626 1614 1713 profer-tus
1636 1655 1721 1701 est
1752 1648 1818 1702 ad
1841 1647 2075 1706 Cerber-

2177 1632 2457 1705 Proteget,
2487 1633 2858 1699 auxiliabitur,
2886 1643 2942 1689 et
2964 1634 3214 1698 salvabit,
3244 1611 3567 1701 refovebit-J

491 1738 613 1793 gam
666 1728 949 1797 reginam,
1003 1729 1278 1801 liliumque
1332 1731 1447 1801 cjtts
1509 1735 1840 1793 Francorum
1892 1754 2073 1810 regem

488 1813 805 1871 Lotharium
838 1828 1238 1875 commorantes
1265 1821 1522 1880 Lauduno
1550 1836 1750 1882 monte.
1797 1827 1898 1896 Qui
1931 1831 2075 1884 mul-

478 1907 560 1969 tis
592 1907 1056 1977 prosecutionibus
1104 1914 1268 1984 cmpit
1301 1929 1394 1969 eos
1422 1931 1636 1986 urgere,
1670 1927 1731 1972 ut
1759 1920 2077 1991 decipienda

486 1998 819 2068 deponerent
864 2016 985 2055 eum
1046 2009 1194 2064 tanto
1242 2005 1469 2061 honore.
1514 2008 1841 2080 Vcncuoque
1890 2010 2085 2079 livoris

488 2091 757 2159 inlectus,
791 2093 1008 2150 dicebat
1038 2096 1147 2165 regi
1175 2104 1228 2152 et
1260 2102 1419 2154 matri
1452 2101 1607 2170 ejus:
1657 2120 1675 2153 t
1704 2103 1898 2159 Mirum
1942 2105 2076 2160 mihi

487 2193 544 2238 cl
573 2186 827 2245 omnibus
854 2201 951 2241 cur
995 2197 1157 2244 tanta:
1203 2193 1528 2262 arrogantia:
1558 2209 1740 2251 comes
1772 2197 2075 2254 ltichardus

487 2273 941 2331 Nortmannicum
976 2277 1368 2350 Britonumque
1416 2291 1607 2340 tenens
1637 2300 1864 2355 regnum
1915 2287 2075 2358 quie-

488 2374 596 2428 tus,
625 2381 790 2435 super
809 2365 1053 2424 Francos
1077 2381 1504 2443 praesumptuosa
1542 2377 1846 2442 temeritate
1875 2377 2075 2445 elatus,

483 2456 823 2526 principatur
848 2467 1138 2515 contumax
1187 2477 1299 2532 prae
1343 2464 1614 2522 omnibus.
1663 2465 1774 2522 Nec
1802 2468 1932 2535 Deo,
1977 2481 2077 2525 nec

484 2548 577 2605 ulli
605 2551 835 2616 militat,
867 2551 1159 2608 famulatur
1188 2563 1244 2610 et
1272 2557 1472 2625 servit;
1507 2574 1698 2614 verum
1728 2559 1783 2614 in
1806 2576 1917 2617 suae
1939 2577 2077 2631 pne.

485 2640 812 2708 sumptionis
852 2639 1114 2709 jactantia
1143 2683 1159 2706 ,
1206 2644 1532 2702 inreverenti
1578 2649 1760 2705 animo
1804 2652 2075 2722 cordeqne

488 2728 753 2799 inl‘t'unito
782 2732 1022 2789 conlidit.
1055 2733 1374 2793 Nostrorum
1399 2754 1668 2812 quemque
1706 2744 2074 2815 parvipcndit,

485 2819 932 2894 Francorumque
975 2833 1035 2879 ut
1091 2841 1184 2882 rex
1234 2828 1440 2885 ditioue
1476 2835 1709 2902 superba
1764 2837 2076 2893 dominatur

485 2919 541 2966 et
608 2913 766 2983 regit.
821 2911 992 2984 llujus
1050 2917 1279 2974 consilio
1339 2930 1638 2979 tractantur
1693 2937 1887 3000 cuncta
1952 2943 2142 3000 qua!"

488 3004 842 3081 Fraucigenis
885 3015 1012 3063 sunt
1060 3008 1424 3068 incommoda.
1474 3013 1590 3070 Non
1626 3026 1711 3075 est
1743 3017 1818 3072 tui
1850 3033 1948 3077 nec
1976 3035 2070 3076 no-

488 3098 589 3167 stri
629 3097 854 3173 honoris
881 3108 941 3154 ut
979 3100 1102 3157 talis
1150 3117 1333 3159 comes
1383 3104 1693 3163 dominetur
1745 3111 1938 3165 nostri.
1973 3110 2075 3166 De-

488 3192 656 3263 decus
679 3192 877 3263 quippe
932 3202 1015 3249 est
1058 3194 1136 3249 tui
1181 3194 1391 3267 imperii
1438 3199 1562 3269 quia
1601 3200 2075 3272 Burgundionibus

489 3285 761 3356 jmperat,
806 3286 1111 3356 Aquitanos
1145 3290 1327 3359 arguit
1358 3298 1414 3346 et
1453 3290 1716 3363 increpat,
1736 3293 1986 3349 Britones
2018 3302 2075 3350 et

488 3376 891 3435 Nortbmaunos
936 3381 1076 3451 regit
1102 3390 1158 3435 et
1185 3382 1469 3452 gubernat,
1502 3383 1862 3440 Flandrenses
1901 3387 2076 3441 mina-

488 3479 575 3529 tur
603 3480 657 3526 et
688 3470 957 3536 devastat,
1010 3471 1183 3527 Dacos
1223 3481 1280 3529 et
1324 3473 1728 3541 Lotharienses,
1776 3476 2073 3546 quinetiam

494 3564 738 3620 Saxones
762 3565 864 3621 sibi
895 3567 1168 3622 connectit
1194 3575 1251 3623 et
1277 3568 1547 3623 conciliat.
1596 3569 1754 3641 Angli
1783 3584 1997 3640 quoque
2021 3570 2072 3625 ei

488 3655 804 3715 obedienter
828 3656 1153 3722 subduntur,
1189 3656 1335 3713 Scoti
1364 3667 1419 3713 et
1449 3656 1716 3715 Hiberues
1742 3660 1858 3730 ejus
1887 3669 2073 3730 patro-

489 3746 635 3802 cinio
681 3756 960 3819 reguntur.
1004 3747 1258 3804 Omnium
1310 3749 1510 3818 quippe
1552 3763 1841 3819 regnorum
1882 3764 2075 3806 omnes

485 3846 675 3905 gentes
707 3836 757 3890 ei
792 3834 1124 3891 famulantur
1151 3845 1206 3892 et
1241 3837 1534 3903 obediunt,
1585 3853 1686 3893 nec
1728 3848 1813 3893 est
1858 3838 1960 3893 nisi
2018 3846 2075 3893 tu

486 3925 578 3994 qui
610 3934 772 3994 queat
802 3924 1054 3980 resistere
1092 3925 1424 3998 superbieuti
1466 3927 1763 3985 temeritati
1807 3925 1924 3996 ejus
1974 3929 2076 3983 mi-

490 4015 756 4085 lituntque
782 4031 1025 4071 suorum.
1068 4017 1241 4088 Magis
1289 4034 1354 4075 ac
1398 4019 1593 4091 magis,
1626 4035 1900 4091 supraque
1939 4021 2075 4078 satis

490 4106 806 4175 ingruenler
831 4107 1170 4175 confortatur
1197 4116 1253 4165 et
1284 4109 1645 4180 prmvalescit,
1688 4126 1791 4167 nec
1814 4111 2077 4168 multillua

491 4196 726 4252 militum
759 4198 1014 4270 congerie
1058 4199 1338 4264 conlidens
1367 4200 1655 4272 resipiscit.
1694 4202 1828 4258 Vide
1876 4218 1945 4258 ne
1985 4218 2074 4263 re-

2255 1743 2273 1778 (
2302 1725 2359 1780 Si
2383 1726 2649 1781 universa:
2664 1725 2907 1782 Francia:
2928 1734 2984 1781 et
3009 1726 3331 1798 Burgundire
3357 1728 3593 1784 militari
3608 1745 3775 1786 manu

2177 1817 2370 1880 ascita,
2401 1817 2681 1887 prolectus
2709 1817 2874 1873 fuerit
2907 1834 3000 1873 rex
3034 1817 3327 1875 Lotharius
3375 1828 3501 1875 tuus
3533 1821 3677 1876 illius
3701 1823 3769 1875 ad

2179 1909 2297 1978 ejus
2323 1908 2489 1964 urbes
2517 1909 2931 1973 munitissimus,
2966 1908 3062 1963 ille
3114 1909 3161 1964 si
3210 1910 3465 1965 maluerit
3509 1913 3775 1967 resistens

2180 2000 2463 2056 dimicabit
2492 2009 2679 2056 contra
2711 2016 2856 2054 eum.
2889 1999 2943 2055 Si
2991 2017 3117 2065 non,
3166 2010 3453 2072 componet
3486 2019 3550 2059 se
3594 2005 3647 2059 in
3679 2003 3776 2061 lir-

2181 2092 2443 2148 missimis
2475 2092 2865 2147 munitionibus
2894 2093 3289 2149 tutissimarum
3322 2096 3630 2150 civitatum.
3663 2097 3772 2151 De-

2178 2186 2343 2256 nique
2417 2184 2739 2257 conglobato
2817 2186 3253 2242 Christicolarum
3322 2202 3779 2259 paganorumth

2177 2279 2444 2346 exercitu,
2478 2278 2812 2349 depopulans
2838 2287 3035 2334 cuncta
3065 2280 3407 2350 aggredietur
3427 2280 3596 2335 urbes
3620 2294 3776 2347 snas,

2178 2378 2235 2425 et
2262 2370 2307 2425 si
2334 2368 2475 2424 forte
2502 2374 2708 2439 ceperit
2747 2384 2864 2432 eas,
2910 2369 3246 2425 Francorum
3296 2370 3774 2440 Burgund’onum-

2179 2475 2285 2531 que
2332 2460 2536 2516 tenebit
2581 2476 2806 2516 securus
2856 2476 3043 2532 regna.
3093 2461 3419 2516 Prudentius
3468 2476 3779 2531 congruen-

2177 2554 2391 2623 tiusque
2415 2563 2496 2609 est
2526 2569 2648 2608 cum
2679 2553 2805 2608 dolo
2830 2553 3170 2623 aliquatenus
3205 2569 3326 2608 eum
3361 2569 3583 2624 capere,
3606 2570 3781 2624 quam

2175 2645 2549 2701 monarchiam
2601 2643 2720 2713 ejus
2769 2644 3092 2707 devastare,
3149 2644 3418 2714 urbesque
3472 2646 3766 2711 obsidere;

2174 2737 2302 2808 quia
2351 2736 2488 2792 nihil
2546 2735 2891 2807 proﬁciemus
2932 2735 2987 2791 in
3041 2736 3144 2791 hac
3207 2736 3578 2807 expeditione.
3631 2737 3771 2791 Ani-

2174 2829 2476 2885 madvertet
2501 2830 2644 2885 enim
2676 2829 3012 2899 propositum
3041 2829 3332 2884 voluntatis
3358 2837 3561 2883 nostra:
3584 2828 3776 2899 sicque

2173 2920 2386 2976 cautius
2412 2920 2649 2975 tuebitur
2687 2935 2765 2975 se.
2809 2918 3030 2985 Verum,
3063 2919 3221 2974 mitte
3266 2920 3501 2990 legatum
3533 2920 3604 2973 ad
3636 2910 3775 2973 Bru-e

2175 3026 2371 3067 nouem
2419 3010 2794 3067 Coloniensem
2821 3011 3288 3081 archiepiscopum
3335 3009 3560 3066 fratrem
3597 3020 3769 3075 tuum,

2176 3102 2586 3158 Lothariensem
2617 3104 2825 3161 scilicet
2853 3104 3045 3159 ducem
3093 3104 3425 3174 prmeipuum
3445 3146 3460 3167 ,
3492 3116 3553 3159 ut
3583 3107 3775 3162 veniat

2174 3194 2242 3247 ad
2276 3201 2328 3247 te
2350 3206 2573 3263 propter
2624 3195 2785 3263 hujus
2817 3196 3024 3251 erroris
3063 3195 3360 3267 negotium,
3413 3197 3763 3268 decipiatque

2175 3283 2401 3353 alicujus
2452 3283 2763 3340 calliditatis
2814 3284 3145 3354 sophismate
3197 3284 3530 3340 Ricbardum
3597 3294 3764 3341 tanta:

2174 3375 2427 3433 elationis
2462 3377 2690 3432 virumn
2716 3376 2862 3433 illico
2888 3377 3073 3447 regina
3119 3376 3285 3432 mittit
3311 3375 3381 3432 ad
3410 3376 3758 3443 Brunonem,

2174 3478 2229 3526 et
2253 3486 2468 3525 omnem
2502 3471 2659 3540 hujus
2680 3469 3014 3541 deceptionis
3035 3469 3311 3525 mandavit
3338 3470 3561 3525 seriem.
3580 3469 3764 3524 Bruno

2173 3578 2304 3618 vero
2339 3562 2495 3633 petiit
2544 3562 2831 3617 Franciam
2892 3561 3071 3629 illico,
3128 3575 3457 3632 veniensque
3506 3561 3765 3617 Virman-

2175 3651 2395 3707 densem
2426 3667 2649 3722 pagum,
2689 3651 2838 3707 misit
2888 3652 3175 3721 quemdam
3204 3651 3517 3721 episcopum
3554 3652 3650 3722 qui
3682 3651 3763 3705 di-

2175 3757 2323 3801 ceret
2349 3745 2625 3800 llichardo
2647 3744 2700 3798 in
2733 3744 2895 3800 dolo:
2940 3763 2959 3796 ‹
2989 3744 3170 3800 Bruno
3197 3743 3540 3800 Coloniensis
3582 3743 3764 3799 archi—

2175 3835 2391 3905 prtesul,
2426 3835 2553 3891 licet
2578 3835 2851 3905 indignus,
2882 3834 2976 3889 tibi
3027 3833 3266 3891 ﬁdelium
3295 3835 3606 3890 orationum
3639 3850 3764 3890 mu-

2176 3941 2298 4002 nus.
2352 3926 2618 3993 Quoniam
2665 3927 2884 3996 quidem
2949 3935 3136 3981 uoster
3199 3926 3386 3981 senior
3426 3925 3568 3983 bene
3616 3926 3766 3981 norit

2175 4017 2316 4088 quod
2341 4016 2686 4088 evangelicus
2729 4031 2911 4073 sermo
2954 4017 3243 4073 referendo
3293 4016 3447 4083 dicit,
3478 4015 3638 4071 Beati
3667 4035 3763 4087 pa-

2174 4110 2332 4174 ciﬁci,
2357 4110 2606 4181 quoniam
2644 4108 2744 4178 ﬁlii
2774 4109 2870 4164 Dei
2919 4114 3260 4165 vocabuntur.
3306 4108 3515 4165 Idcirco
3562 4109 3770 4165 obnixe

2174 4213 2432 4276 precatur
2475 4210 2533 4256 ut
2574 4202 2763 4257 venias
2803 4210 2993 4258 contra
3045 4216 3168 4258 eum
3216 4201 3570 4258 Ambianensi
3628 4214 3769 4271 pago

492 4304 656 4372 gnum
695 4289 792 4345 tibi
821 4289 1220 4346 hacrcditarium
1248 4300 1476 4355 conetur
1510 4307 1675 4364 super
1714 4302 1765 4350 te
1795 4294 2072 4363 invadere,
2101 4322 2153 4383 ι)
2178 4293 2436 4359 velocius.
2468 4292 2688 4348 Audivit
2730 4292 2875 4348 enim
2920 4306 3138 4348 errores
3180 4287 3581 4362 insurgentium
3615 4290 3669 4344 in
3713 4299 3770 4345 te

491 4394 655 4451 teque
682 4380 752 4437 ab
780 4380 870 4435 illo
898 4381 1266 4439 exterminare
1295 4391 1352 4439 et
1374 4386 1684 4441 extrudere.
1726 4386 1784 4441 Si
1814 4387 1958 4455 quod
1989 4388 2073 4442 in-

484 4472 634 4539 juste
664 4481 810 4528 tenet
840 4482 1072 4553 teneres,
1104 4473 1287 4529 omnia
1340 4489 1504 4544 regna
1533 4475 1629 4530 tibi
1662 4476 1937 4534 vindicare
1957 4480 2078 4549 qui-

490 4578 634 4619 res.»
684 4562 886 4618 llarnm
940 4564 1142 4635 quippe
1190 4563 1466 4622 l‘allacium
1511 4567 1797 4640 ambagum
1841 4568 2078 4639 alloquio

492 4657 702 4724 audito,
763 4657 1053 4733 subintulit
1091 4656 1356 4715 Tetboldo
1399 4659 1585 4733 regina
1616 4660 1789 4718 tristis
1828 4671 1884 4717 et
1929 4677 2078 4718 com-

492 4758 676 4804 mota:
722 4768 742 4801 ι
772 4730 851 4804 Tu
885 4751 1056 4806 nostri
1082 4752 1290 4822 secreti
1332 4753 1608 4819 conscius,
1656 4754 2078 4825 secretiorisque

490 4840 702 4895 consilii
752 4841 897 4913 ﬁdus
942 4842 1272 4913 secretarius
1316 4851 1374 4898 et
1420 4843 1790 4909 consiliarius;
1825 4846 1891 4900 da
1923 4845 2079 4901 nobis

491 4931 780 4985 cmsilium
810 4948 973 5005 super
997 4933 1081 4987 his
1109 4933 1290 4987 rebus.
1321 4931 1532 4987 Nullius
1556 4934 1855 5003 juvaminis
1878 4936 2079 4993 virtute

492 5021 718 5086 suli'ulti,
759 5025 860 5080 nisi
892 5024 1009 5090 Dei,
1032 5039 1323 5094 precamur
1351 5033 1410 5078 ut
1433 5033 1612 5087 motus
1637 5027 1837 5096 pietate
1875 5027 1928 5082 in
1978 5028 2081 5083 hoc

473 5097 752 5182 ‘negotio,
811 5116 1110 5172 clementer
1168 5131 1461 5173 succurras
1508 5116 1684 5173 nobis.
1745 5118 2081 5176 Aversamur

493 5201 730 5271 undique
771 5220 950 5274 secus,
995 5217 1047 5263 et
1077 5210 1517 5280 comprimimur,
1555 5217 1613 5265 et
1654 5226 1919 5280 nusquam
1965 5221 2089 5291 tuta.

496 5295 634 5351 ﬁdes
696 5301 1026 5371 reperitur.»
1081 5301 1376 5359 Tetboldus
1434 5317 1565 5359 vero
1630 5317 1815 5359 comes
1857 5304 2080 5374 cupiens

2177 4385 2461 4451 rixarum,
2506 4384 2729 4453 vultque
2771 4384 2979 4438 ardenti
3020 4384 3203 4438 animo
3224 4382 3294 4438 ob
3317 4397 3559 4437 amorem
3611 4391 3767 4436 tuum

2180 4474 2371 4531 sedare
2400 4483 2643 4529 tumores
2663 4488 2873 4528 earum.
2910 4473 2987 4527 Te
3018 4482 3074 4527 et
3113 4487 3293 4543 regem
3324 4481 3577 4544 nepotem
3602 4487 3765 4526 suum

2168 4565 2539 4635 inextricabili
2588 4565 2904 4622 conciliabit
2958 4563 3184 4630 fredere,
3223 4573 3278 4619 te
3313 4573 3371 4618 et
3413 4563 3765 4627 Tetboldum,

2179 4666 2512 4724 caaterosque
2564 4654 2844 4710 malivolos
2885 4653 3197 4724 pacilicabit
3233 4654 3448 4723 dempta
3504 4652 3767 4723 pestifera

2178 4747 2473 4803 voluntate.
2505 4745 2698 4805 Omnia
2745 4761 2911 4818 regna
2948 4747 3160 4816 nepotis
3202 4744 3424 4801 ditionis
3452 4754 3619 4799 rectm
3647 4760 3765 4798 am-

2180 4839 2260 4897 bit
2301 4841 2418 4910 lcge
2460 4854 2714 4895 coercere
2761 4849 2819 4896 et
2868 4854 3124 4896 serenare
3155 4881 3170 4907 ,
3217 4855 3487 4909 omneque
3524 4841 3765 4912 jurgium

2180 4933 2492 5001 discerpere
2534 4938 2590 4985 et
2641 4930 2963 4987 conculcare
3026 4931 3311 4986 Desiderat
3381 4930 3527 4985 enim
3574 4944 3766 4984 omnes

2180 5032 2506 5089 connectere
2558 5020 2802 5078 ﬁdelitati
2869 5024 2954 5078 sui
3004 5022 3257 5093 nepotis,
3296 5022 3510 5090 sicque
3560 5020 3765 5076 sedatis

2181 5121 2424 5194 rixarum
2451 5120 2778 5184 turbinibus,
2825 5130 3090 5190 pactaque
3114 5119 3182 5173 ab
3209 5117 3464 5172 omnibus
3514 5129 3669 5186 pace,
3697 5112 3765 5167 ad

2182 5230 2278 5271 sua
2309 5214 2539 5284 regredi.
2555 5233 2574 5266 ι
2593 5212 2742 5268 Tunc
2758 5213 3060 5287 Richardus
3082 5211 3325 5267 marchio
3343 5208 3764 5279 benignissimus

2181 5306 2268 5361 bis
2314 5304 2518 5360 dolosis
2566 5302 2820 5359 all’atibus
2870 5304 3167 5373 deceptus,
3222 5301 3386 5372 cmpit
3434 5301 3517 5355 ire
3571 5307 3766 5354 contra
