4032 6398
259 316 365 379 729

658 315 750 373 DE
788 316 1034 374 GESTIS
1072 317 1505 409 NOR‘MANXL’E
1544 322 1787 382 DUCUM
1831 324 2013 382 LIBRI
2052 325 2256 384 TRES.
2301 358 2363 369 —-
2405 329 2536 385 LIB.
2576 330 2661 387 Ill.
2704 332 3121 390 RICIIARDUS.

3426 335 3546 403 7'50,

255 440 367 487 duo
396 431 727 488 Tetboldidae
747 433 990 491 dicentes
1017 435 1203 492 divino
1226 445 1356 493 nutu
1389 437 1636 508 iuspirati
1662 454 1677 494 :
1710 459 1727 492 ι
1757 438 1848 495 Ti-
1876 448 1922 505 Α
1951 440 2075 509 dus,
2108 440 2401 513 cmterique
2430 442 2666 501 factores
2704 444 2827 501 talis
2866 446 3078 502 consilii
3121 455 3177 505 et
3219 447 3532 504 calliditatis

252 520 336 587 bi,
373 522 482 577 dux
506 562 521 588 ,
557 523 819 580 secretius
865 524 969 580 I'ari
1014 526 1285 582 volumus.
1336 549 1355 583 ι
1400 529 1667 586 Ricbardo
1697 544 1846 586 sece-

255 611 447 677 dente,
475 612 777 670 intulerunt
822 616 935 671 illi:
987 636 1005 670 ι
1034 617 1281 688 Majusne
1327 619 1443 678 fore
1496 622 1601 677 dux
1642 621 1845 679 North-

252 717 605 770 marinorum,
623 719 784 774 quam
806 717 962 761 extra
988 709 1261 778 regionem
1286 720 1431 766 tuam
1458 722 1643 783 pastor
1663 715 1845 768 ovium

251 804 311 849 et
338 796 667 865 caprarum?
692 816 716 850 ο
760 796 1035 855 Richardo
1065 815 1196 855 vero
1218 802 1416 857 comite
1447 803 1499 857 in
1524 821 1630 859 uno
1651 805 1845 859 obtutu

254 885 462 952 deﬁxo,
491 898 545 941 et
574 887 901 945 mirabiliter
948 891 1220 960 luerente,
1265 894 1572 965 nulliusque
1616 912 1842 965 respou-

254 979 435 1033 sionis
479 980 704 1034 verbum
736 980 841 1036 illis
877 984 1058 1051 dante,
1104 984 1179 1039 illi
1221 986 1509 1042 admodum
1566 996 1842 1059 stupuere.

253 1069 417 1126 Hlata
463 1084 594 1126 vero
645 1063 944 1143 propositio
989 1075 1118 1144 quid
1169 1076 1504 1147 signiﬁcaret
1539 1090 1839 1148 scrutatus,

253 1161 512 1233 infraque
541 1165 892 1236 semetipsum
920 1168 1075 1237 quasi
1125 1179 1393 1239 receptus,
1419 1172 1554 1227 dixit
1586 1174 1691 1228 illis
1712 1174 1844 1229 dno-

253 1252 397 1309 bus:
454 1273 471 1306 ι
504 1254 677 1322 Unde,
715 1258 801 1313 vel
848 1259 1001 1329 cujus
1049 1260 1234 1318 ﬁdeles
1275 1265 1438 1320 estis?
1467 1286 1485 1320 ι
1530 1267 1845 1338 Responde-

252 1359 426 1404 runt:
472 1370 491 1403 ς
529 1352 668 1420 Quid
721 1352 814 1408 tibi
854 1344 1049 1424 cujus?
1098 1355 1288 1412 Nonne
1326 1360 1483 1414 tui?»
1541 1360 1844 1419 [lic-bardus

252 1438 700 1498 aniznadvertens
740 1459 832 1499 eos
880 1460 1009 1501 suos
1064 1446 1249 1503 ﬁdeles
1298 1465 1438 1517 esse,
1469 1466 1670 1523 eosque
1713 1469 1840 1523 pro-

251 1529 428 1598 palari
461 1530 613 1600 cujus
649 1543 833 1593 essent
881 1536 1043 1604 nolle,
1089 1547 1271 1606 grates
1318 1557 1502 1610 agens,
1534 1552 1588 1599 et
1612 1544 1731 1600 vale
1758 1545 1840 1599 di-

253 1632 413 1685 cens,
442 1620 729 1690 honoravit
756 1626 1021 1691 secretius
1068 1628 1189 1686 illos
1233 1636 1519 1703 praecipue.
1564 1633 1665 1690 Uni
1712 1650 1843 1692 vero

252 1725 444 1766 ensem
476 1729 541 1767 ex
572 1730 708 1770 auro
765 1725 1000 1788 quatuor
1044 1720 1304 1776 librarum
1343 1723 1394 1781 in
1444 1725 1636 1795 capulo
1685 1726 1842 1799 fulgi-

254 1801 411 1881 dum,
443 1802 599 1859 alteri
630 1821 758 1861 vero
789 1807 938 1863 dedit
974 1811 1239 1866 armillam
1272 1793 1525 1869 totidenr
1546 1815 1702 1873 libris
1745 1793 1843 1888 pu-
1872 1793 1916 1853 Β

250 1892 458 1947 tissimi
486 1895 600 1949 auri
632 1894 974 1952 fabricatam.
1022 1898 1131 1956 Illis
1174 1917 1407 1973 namque
1440 1907 1838 1975 recedentibus,

249 1996 379 2053 qua:
405 1984 707 2041 retulerunt
731 1986 1003 2045 intimavit
1029 1991 1143 2046 suis
1182 1993 1554 2071 optimatibus.
1584 1996 1733 2053 'l‘unc
1766 1997 1841 2053 illi

250 2084 552 2132 retractata
584 2088 636 2133 et
664 2079 1022 2150 interpretata
1072 2085 1437 2155 propositione
1480 2096 1641 2153 tantae
1685 2090 1842 2147 inve-

245 2166 454 2222 ctionis
499 2176 556 2222 et
613 2172 1078 2250 comparationis,
1128 2186 1422 2247 coegerunt
1471 2178 1619 2234 illum
1666 2181 1844 2238 redire

214 2259 455 2313 ‘llltEllla
504 2259 960 2335 Rothomagcnsis
990 2267 1142 2322 urbis
1167 2308 1182 2332 ,
1230 2269 1575 2341 legatumque
1625 2273 1844 2331 mittere

248 2350 319 2404 ad
358 2349 689 2419 llrnnonem,
744 2355 835 2424 qui
885 2370 946 2412 se
991 2373 1097 2413 non
1140 2370 1425 2416 venturum
1469 2365 1536 2418 ad
1582 2363 1841 2435 placitqu

246 2441 531 2495 nuntiaret
561 2442 658 2496 illi.
705 2443 907 2516 Legato
955 2464 1086 2507 vero
1134 2449 1376 2506 Brnnoni
1432 2454 1844 2529 archiepiscopo

245 2533 541 2590 nuntiante
592 2534 921 2593 Richartlum
985 2541 1053 2596 ad
1096 2541 1357 2614 placitum
1405 2560 1512 2600 non
1553 2559 1843 2605 venturum

245 2637 393 2688 esse,
422 2626 624 2694 stupuit
644 2667 660 2693 ,
690 2637 1052 2703 autumatque
1092 2643 1256 2689 tanta:
1302 2638 1640 2708 deeeptionis
1665 2641 1847 2697 cousi-

245 2711 383 2767 liuin
415 2715 566 2770 illum
601 2718 1083 2791 animadvertisse;
1111 2725 1355 2796 dixitque
1381 2727 1560 2800 legato
1588 2747 1600 2785 :
1632 2749 1650 2783 ι
1692 2731 1843 2786 Vade

244 2804 433 2870 citius,
467 2806 663 2877 dieque
703 2810 977 2869 Richartlo
1023 2831 1222 2887 magno
1263 2818 1387 2874 duci
1421 2827 1478 2874 ut
1534 2820 1716 2877 saltim
1747 2837 1841 2880 ve-

245 2893 367 2947 niat
403 2910 564 2964 super
587 2898 735 2969 Eptae
758 2900 1055 2971 ﬁuviolum,
1105 2911 1152 2963 si
1195 2911 1436 2982 requiem
1471 2914 1729 2986 pacisque
1758 2915 1844 2970 iu—

243 3000 586 3091 cremciitum
617 2994 766 3061 cupit
791 2995 993 3054 habere
1014 3014 1233 3057 suorum
1265 3004 1630 3076 inimicorum,
1659 3019 1714 3065 et
1741 3024 1844 3082 ego

244 3095 350 3152 pro
400 3096 518 3151 ejus
564 3098 754 3141 amore
801 3091 1123 3159 proliciscar
1164 3093 1292 3151 illuc
1332 3098 1606 3155 soluturus
1656 3116 1833 3157 eum.»

251 3171 409 3229 Tunc
430 3174 668 3246 legatus:
706 3198 725 3232 ι
754 3178 872 3236 Non
904 3194 1127 3256 propter
1147 3201 1255 3255 me,
1282 3204 1383 3246 nec
1408 3200 1631 3263 promer
1649 3208 1840 3264 quem-

254 3278 423 3333 quam
457 3275 668 3324 tuornm
698 3273 764 3326 ad
792 3288 1035 3344 praesens
1073 3279 1286 3333 venerit
1316 3290 1507 3337 contra
1540 3291 1592 3338 te
1620 3285 1686 3339 ad
1727 3285 1842 3354 pla-

253 3356 480 3411 citunm
516 3358 686 3432 llujns
709 3363 873 3431 igitur
900 3370 1268 3437 responsionis
1295 3373 1581 3430 obstaculo
1604 3415 1618 3440 ,
1644 3384 1839 3433 tantae-

247 3462 358 3516 que
389 3449 694 3507 traditionis
720 3452 842 3508 dolo
872 3458 1090 3527 penitus
1138 3462 1375 3531 detecto,
1429 3467 1727 3522 revertitur
1768 3467 1839 3523 ad

241 3551 346 3614 sua
376 3542 709 3603 verecundus
731 3543 930 3601 Bruno.

864 3652 1226 3701 APOSTROPIIA.

606 3724 905 3785 Moliuntur
927 3746 1056 3789 ecce
1088 3734 1295 3806 plures,

604 3820 649 3879 0
676 3820 948 3881 Richarde
974 3827 1226 3900 benigne,

606 3910 834 3982 Duxque
863 3917 1230 3990 patriciusque
1265 3935 1523 3993 magnus,

605 3999 828 4061 CUIICIIS
852 4016 907 4061 et
930 4023 1115 4065 comes
1142 4011 1337 4067 almus.

608 4092 911 4169 Subjugare
938 4110 991 4155 te
1021 4110 1271 4170 potenter

606 4186 770 4243 Val’ra
795 4175 1116 4260 calliditate,

606 4278 676 4333 Et
704 4290 964 4338 retractat
990 4285 1221 4358 quisque
1250 4287 1399 4358 dolo,

606 4369 724 4437 Quo
754 4382 806 4428 te
830 4376 1023 4444 perdat
1045 4379 1247 4451 inique.

603 4460 833 4535 Propter
863 4468 963 4524 hoc
992 4471 1149 4527 stude
1174 4474 1425 4531 valenter.

605 4552 788 4623 Certa,
817 4572 1040 4630 Speque,
1071 4562 1283 4634 ﬁdeque

604 4641 827 4702 Enitere
854 4648 906 4703 vi
932 4650 1190 4718 micante,

606 4734 815 4795 Meritis
844 4745 1199 4815 mercedeque
1224 4739 1390 4814 iusta,
1431 4787 1434 4790 .

607 4829 725 4898 Quo
755 4849 926 4904 queas
951 4836 1133 4906 vigere
1159 4854 1374 4910 semper

610 4922 806 5003 Solerti
835 4928 1124 4997 probitate,

608 5016 771 5075 Callis
794 5029 851 5076 et
871 5021 1002 5093 justi
1030 5034 1215 5080 tenere

609 5108 852 5179 Libram,
881 5123 1087 5173 rectum
1120 5116 1401 5187 itinerque.

604 5201 829 5261 Frueris
851 5217 998 5264 sorte
1027 5209 1141 5273 tali,

609 5292 729 5363 Quo
760 5313 1035 5369 nunquam
1062 5300 1330 5370 capieris:

612 5382 720 5441 Sed
760 5385 970 5458 vigebis
999 5389 1308 5445 seculorum

611 5473 730 5532 1am
760 5493 857 5548 per
882 5480 1077 5535 saicula
1100 5490 1317 5537 cuneta.

326 5561 483 5620 Tunc
500 5578 601 5635 per
625 5575 790 5623 totam
838 5569 1040 5641 quippe
1081 5570 1401 5639 Franciam,
1445 5572 1837 5644 Burgundiam-

255 5667 368 5723 que
395 5663 453 5711 et
481 5665 675 5714 caetera
699 5675 891 5734 regna,
912 5678 1100 5720 rumor
1122 5673 1285 5721 tantae
1319 5666 1648 5733 traditionis,
1678 5669 1841 5725 tanti-

254 5759 369 5816 que
395 5747 504 5809 doli
527 5753 841 5831 propalatur
866 5763 922 5814 et
947 5757 1016 5815 ab
1041 5756 1310 5815 universis
1337 5757 1521 5817 Bruno
1541 5768 1598 5816 et
1628 5758 1839 5817 'l'etbol-

1864 3138 1912 3203 C

1949 534 2349 604 vituperantur.
2397 534 2701 592 Ricliardus
2746 551 2880 592 vero
2936 536 3047 591 dux
3107 538 3527 606 sanctissimus,

1953 633 2117 680 tanta:
2148 625 2483 697 deceptionis
2507 635 2563 682 et
2599 625 2913 682 calliditatis
2958 626 3170 682 insidiis
3201 636 3415 693 erutus,
3446 643 3532 682 re-

1946 717 2157 773 fert-bat
2205 717 2447 788 quotidie
2490 728 2673 788 grates
2700 717 2835 790 Regi
2889 735 3074 791 regum
3126 718 3390 785 devotius,
3438 720 3530 789 qui

1947 810 2237 869 eruiteum
2266 812 2333 867 de
2356 812 2598 883 periculo
2634 812 2825 868 mortis
2870 821 2927 869 et
2974 811 3304 882 captivitatis
3350 813 3534 881 propi-

1948 906 2077 960 tius.
2108 904 2243 959 Erat
2272 905 2453 974 itaque
2482 904 2700 979 Christo
2732 904 2958 965 Domino
3005 919 3218 974 semper
3265 902 3316 957 in
3358 902 3534 957 omni-

1944 996 2047 1052 bus
2074 996 2329 1065 operibus
2359 992 2633 1063 subjectus
2659 1035 2674 1059 ,
2726 995 3010 1050 devotione
3036 1003 3088 1049 et
3116 993 3534 1049 mansuetudine

1946 1087 2198 1142 omnibus
2224 1086 2433 1141 viribus
2459 1095 2724 1140 armatus.
2776 1084 3019 1140 Moribus
3059 1095 3116 1140 et
3163 1085 3372 1140 meritis
3402 1100 3534 1154 pra:-

1956 1178 2170 1249 cipnus,
2195 1186 2554 1233 sacrosancta:
2580 1176 2835 1232 Ecclesiae
2881 1175 3320 1244 Nortbmanniw
3362 1176 3530 1229 advo-

1946 1272 2159 1328 catione
2181 1272 2395 1342 dignus,
2422 1271 2528 1327 ﬁde
2574 1270 2943 1341 plenissimus,
2975 1285 3070 1339 spe
3100 1269 3529 1335 robustissimus,

1945 1364 2044 1418 rba
2055 1363 2215 1417 ritate
2240 1362 2593 1433 largissimus.
2618 1360 2889 1417 Obediens
2902 1360 2993 1414 Dei
3013 1359 3319 1431 prmreptis,
3338 1360 3533 1413 credu-

1945 1455 2030 1511 lus
2070 1455 2125 1510 in
2178 1454 2375 1510 divinis
2415 1453 2719 1525 promissis.
2766 1452 3051 1508 Allluentia
3108 1467 3289 1507 rerum
3320 1452 3532 1505 bonita-

1947 1544 2666 1616 tumqneloenples,divino
2715 1541 2863 1597 cultu
2917 1541 3285 1612 mundialiqne
3335 1540 3531 1594 solers.

1946 1636 2151 1693 Docilis
2178 1637 2231 1691 in
2263 1652 2450 1708 opere,
2481 1633 2810 1705 Ionganimis
2846 1634 2899 1688 in
2929 1647 3052 1704 spe;
3085 1632 3307 1701 sapiens
3340 1632 3392 1685 in
3426 1630 3535 1685 col-

1944 1730 2149 1801 loquio,
2180 1731 2417 1801 prudens
2446 1729 2500 1782 in
2531 1726 2779 1783 consilio.
2819 1725 2875 1780 lit
2921 1724 3244 1799 corrigendo
3276 1732 3555 1801 constans.

1944 1836 1998 1879 et
2024 1823 2340 1889 vehemens,
2371 1821 2425 1876 in
2453 1821 2743 1878 dilectione
2797 1820 2892 1875 Dei
2942 1828 2997 1874 et
3036 1819 3267 1889 proximi
3310 1817 3528 1872 ardens.

1943 1914 2162 1971 Patiens
2193 1913 2245 1968 in
2277 1912 2558 1977 adversis,
2605 1911 2761 1966 fortis
2804 1912 2857 1965 in
2903 1908 3182 1980 periculis.
3231 1908 3290 1963 ln
3336 1907 3543 1966 divinis,

1944 2004 2404 2074 Stecularibusque
2433 2000 2734 2073 disciplinis
2753 2008 3070 2056 mansuetus
3137 1999 3191 2054 in
3230 1998 3532 2068 elcemosy-

1942 2100 2029 2156 nis
2057 2098 2415 2170 largissimus.

2012 2190 2280 2246 Assiduus
2304 2193 2360 2245 in
2406 2187 2605 2245 studiis
2651 2186 2809 2243 bonae
2862 2184 3218 2256 operationis,
3270 2184 3535 2240 sollicitus

1945 2292 2095 2339 metu
2124 2282 2338 2337 mortis.
2385 2280 2631 2354 Eximius
2686 2279 2739 2334 in
2789 2279 2985 2333 timore
3040 2276 3159 2342 Dei,
3214 2278 3535 2346 magniﬁcus

1943 2373 2135 2429 ordine
2176 2371 2475 2445 habituque
2499 2368 2699 2425 laicali.
2718 2368 2775 2423 In
2801 2367 3075 2437 exsequiis
3090 2376 3410 2423 cunctorum
3441 2366 3537 2419 de-

1943 2464 2301 2527 voﬁssimns,
2350 2464 2406 2517 in
2458 2459 2833 2516 misericordia
2883 2468 2939 2514 et
2992 2459 3194 2528 pietate
3242 2457 3553 2539 gloriosus._

1945 2554 2280 2610 Pra'cellenti
2310 2554 2529 2625 ingenio
2552 2553 2850 2624 pneditus,
2893 2552 2949 2608 in
2994 2551 3141 2608 omni
3190 2565 3353 2619 opere
3396 2558 3534 2605 stre-

1945 2664 2105 2703 nuus.
2133 2647 2347 2704 Judicio
2366 2646 2691 2716 iustitiaque
2723 2645 2972 2716 insignis,
3005 2643 3060 2698 in
3092 2658 3214 2697 reos
3244 2641 3534 2696 severitate

1950 2741 2233 2807 terribilis,
2258 2740 2310 2795 in
2339 2742 2540 2811 probos
2568 2739 2981 2815 lenitatemitis.
3004 2737 3081 2791 Ad
3106 2736 3337 2807 gratiam
3364 2734 3531 2789 meri-

1946 2841 2123 2887 torum
2147 2840 2453 2907 promptus,
2476 2829 2544 2884 ad
2572 2829 2956 2901 ignoscendum
2981 2826 3346 2883 oll‘ensorilins
3368 2840 3553 2907 para-u

1949 2930 2057 2978 ttts.
2092 2921 2430 2978 Ilumilitatis
2452 2921 2712 2992 gradibus
2740 2919 3088 2993 summus,in
3117 2918 3263 2973 omni
3295 2916 3532 2987 hospita-

1945 3013 2116 3071 litatis
2144 3012 2402 3069 famulatu
2433 3013 2760 3085 praecipuus.
2799 3012 2960 3067 Altor
2999 3011 3412 3071 monachorum,
3443 2994 3557 3093 ρει-μ’

1946 3108 2396 3176 nonicorumque,
2448 3115 2611 3176 atque
2654 3120 2877 3177 gregum
2922 3104 3200 3175 piissimus
3236 3103 3533 3155 advocatus

1944 3214 2170 3253 suorum
2198 3198 2478 3269 providus.
2513 3198 2866 3267 Dispensator
2911 3193 3188 3251 commissi
3239 3191 3430 3247 talenti
3463 3182 3553 3244 ﬁ?

1943 3290 2107 3357 delis,
2158 3290 2472 3346 moderator
2513 3290 2754 3344 rixarum
2798 3287 3047 3355 insignis.
3098 3284 3363 3340 Delictnm
3412 3298 3554 3371 pro:

1940 3381 2121 3452 prium
2146 3396 2371 3448 canens,
2409 3381 2636 3436 alterius
2661 3379 2923 3435 severiter
2947 3377 3194 3448 puniens.
3225 3376 3443 3431 Plebem
3474 3387 3535 3431 ut

1940 3480 2097 3540 pater
2127 3471 2266 3526 ﬁlios
2292 3470 2503 3536 fovens,
2527 3469 2729 3525 Christi
2775 3478 3047 3540 praecepta
3092 3465 3325 3521 ﬁdeliter
3352 3465 3529 3520 adim-

1938 3559 2113 3629 plens.
2138 3558 2365 3629 Propter
2388 3574 2485 3615 vos
2513 3558 2784 3614 interdum
2815 3559 3007 3623 armis,
3029 3558 3297 3613 interdum
3323 3556 3530 3627 patien—

1941 3648 2017 3703 tia
2046 3648 2303 3715 vincens;
2328 3664 2567 3723 paganos
2591 3647 2720 3719 jngo
2767 3648 2970 3704 Christi
3002 3648 3104 3727 levi
3129 3657 3184 3704 et
3206 3642 3547 3703 suavissimo

1939 3741 2199 3798 subdens.
2233 3740 2498 3798 Defensor
2538 3741 2725 3812 patria:
2754 3740 3188 3805 robustissimus,
3218 3735 3550 3808 solatoj'que'

1938 3831 2224 3886 viduarum
2253 3832 2650 3888 sanctissimus.
2678 3832 2947 3898 Prudens,
3003 3832 3402 3909 magnanimus,
3433 3833 3530 3888 bo-

1938 3937 2042 3977 nus
2070 3931 2128 3977 et
2151 3923 2445 3989 modestus,
2477 3923 2714 3995 augebat
2758 3924 2986 3994 populos
3028 3933 3246 3980 statutis
3296 3924 3525 3993 legibus.

1940 4013 2262 4071 Praecellens
2297 4025 2455 4085 pater
2483 4017 2687 4072 exsulis
2741 4026 2796 4072 et
2842 4018 3075 4088 egentis,
3123 4017 3528 4088 incomparabi-

1939 4104 2114 4178 lisque
2143 4106 2347 4162 solator
2375 4108 2607 4178 orphani
2630 4116 2683 4161 et
2706 4109 2913 4179 pupilli,
2956 4109 3165 4179 largum
3196 4107 3527 4178 pauperibus

1937 4198 2119 4259 cibum
2148 4199 2515 4261 ministrabat,
2562 4198 3026 4268 ecclesiarnmque
3071 4198 3322 4253 assiduus
3365 4212 3524 4266 repa-

1940 4299 2091 4345 rator
2121 4290 2412 4345 reniteliat.
2454 4289 2654 4345 Sacros
2692 4290 2912 4345 ordines
2955 4290 3217 4361 graduum
3253 4286 3525 4342 Ecclesia-

1939 4394 2061 4435 rum
2092 4379 2324 4435 miriﬁce
2351 4396 2462 4451 prae
2495 4380 2750 4435 omnibus
2780 4380 3105 4444 honorabat,
3140 4389 3302 4449 atque
3334 4382 3525 4432 monaé

1858 4480 1913 4542 Ῑ)
1942 4469 2077 4523 stica
2108 4483 2335 4539 qumque
2364 4470 2680 4524 adornabat.
2709 4469 2982 4535 Attentus,
3024 4468 3317 4523 benevolus
3344 4478 3399 4521 et
3425 4468 3521 4520 do—

1940 4558 2064 4613 cilis
2094 4560 2148 4613 in
2195 4559 2342 4613 omni
2378 4574 2541 4629 opere
2589 4559 2899 4624 existebat,
2946 4561 3427 4627 accusantiumqne
3471 4566 3529 4612 et

1941 4658 2317 4704 accusatorum
2348 4650 2538 4721 aequali
2572 4652 2724 4706 lance
2756 4653 3005 4722 querelas
3033 4653 3331 4708 discutiens
3362 4652 3525 4706 truti-

1939 4741 2125 4795 nabat.
2175 4739 2290 4795 Non
2338 4757 2598 4810 personas
2644 4758 2939 4813 pauperum
2993 4748 3075 4798 vel
3125 4743 3424 4815 potentium
3467 4744 3531 4811 in.

1935 4832 2142 4904 judicio
2191 4833 2300 4888 ullo
2357 4833 2506 4889 cultu
2555 4835 2872 4889 reverentia:
2914 4836 3272 4907 respiciebat;
3335 4850 3521 4893 verum

1938 4925 2367 4997 expugnantium
2439 4925 2874 4996 querimonias,
2922 4924 3142 4996 drmpta
3196 4908 3536 4994 scrupulose,

1940 5016 2018 5070 rei
2066 5015 2439 5087 ambiguitate,
2486 5006 3185 5089 recensens,‘dijudieahat.
3225 5016 3429 5072 Meritis
3469 5026 3531 5091 ct

1942 5109 2099 5166 factis
2130 5110 2471 5182 praecellebat
2497 5111 2551 5165 in
2586 5111 2735 5166 omni
2788 5110 3004 5181 negotio
3031 5110 3264 5176 cunctis,
3295 5118 3531 5180 eratque.

1938 5205 2195 5261 Omnibus
2250 5205 2517 5260 mirabilis
2574 5214 2820 5275 reSpectu
2874 5204 3133 5259 bonitatis
3167 5213 3224 5258 et
3273 5204 3531 5279 honoris.

1938 5297 2397 5370 Floccipendebat
2442 5308 2758 5370 arrogantes
2809 5307 2864 5353 et
2919 5299 3214 5368 improbos,
3265 5301 3524 5371 puniebat

1939 5400 2295 5445 contumaces
2329 5399 2388 5445 et
2428 5405 2575 5455 reos,
2628 5389 2904 5445 exaltabat
2935 5391 3168 5446 humiles
3197 5401 3254 5445 et
3287 5388 3529 5452 benevo—j

1939 5483 2045 5550 los,
2076 5483 2433 5543 conculcabat
2477 5492 2722 5554 raptores
2768 5493 2825 5539 et
2868 5483 3119 5556 injustos.
3152 5483 3379 5539 Tirones
3408 5500 3521 5541 suae

1941 5579 2136 5634 domus
2159 5564 2400 5650 praemiis
2427 5590 2484 5635 et
2506 5579 2822 5655 muneribus
2850 5580 2917 5633 ad
2952 5578 3295 5649 serviendum
3329 5576 3523 5631 incita-

1940 5669 2059 5736 bat,
2087 5671 2321 5741 majores
2348 5679 2481 5727 natu
2527 5670 2808 5726 beneﬁciis
2836 5668 3117 5726 allluenter
3143 5668 3372 5725 (litabat.
3419 5665 3522 5722 Vix

1940 5775 2100 5819 nemo
2131 5762 2361 5819 audebat
2384 5763 2439 5819 in
2472 5777 2638 5835 regno
2663 5776 2761 5820 suo
2786 5761 3154 5834 przejudicium
3177 5758 3378 5826 facere,
3404 5756 3522 5812 nul-
