4058 5406
507 305 604 361 731

1346 290 1354 295 ’
1420 309 1720 368 DUDONIS
1758 312 2005 368 escam
2045 314 2101 370 s.
2145 315 2450 384 nummi
2490 318 2858 379 “nomne.

503 424 696 496 lusque
728 439 793 479 cu
819 439 924 495 que
950 440 1244 496 qumquam
1275 426 1575 498 subripere.
1602 428 1877 498 Degeoant
1903 445 2092 486 outnes
2123 446 2164 495 Α
2194 433 2424 504 Jamjam
2453 435 2673 506 pudebit
2703 435 2972 506 cngitasse
3003 450 3104 493 nec
3130 450 3443 509 perversum

505 518 558 572 in
591 515 708 584 ejus
733 516 937 571 ditione
963 517 1138 572 securi
1173 518 1438 572 malorum
1474 526 1529 571 et
1557 516 1882 573 laborabant
1932 518 2082 575 festi-

506 618 701 665 nanter
727 609 1029 666 accelerata
1061 610 1398 666 exhibitione
1421 610 1663 666 omnium
1692 623 1939 681 operum.

1125 717 1461 759 APOSTBOPIIA
1470 741 1484 756 .

502 789 746 847 I’rol‘usis
776 793 1030 862 precibus
1059 793 1232 848 lector
1256 794 1479 864 supplex
1510 792 1604 849 tibi
1636 792 1781 860 dico,

572 880 720 936 Artis
746 881 1007 953 septillua:
1034 897 1222 954 gnare,
1259 898 1541 954 capaane
1568 882 1726 937 bene.

502 970 695 1026 Deﬁcit
720 972 992 1042 eloquium
1023 991 1036 1026 :
1066 988 1170 1027 non
1202 975 1344 1028 hunc
1369 973 1656 1028 sustollere
1683 988 1902 1045 possum

574 1061 842 1127 Quantum
866 1071 1182 1132 opporteret
1205 1063 1453 1119 laudibus
1481 1064 1801 1121 innumeris.

499 1150 611 1206 Nec
642 1153 833 1223 stringi
861 1154 1121 1219 numeris,
1152 1170 1257 1210 nec
1287 1164 1515 1226 possunt
1544 1155 1737 1211 cedere
1759 1155 1942 1212 verbis

575 1243 706 1310 Quae
731 1243 869 1298 mala
899 1244 1130 1311 sedavit,
1161 1260 1279 1314 quae
1306 1246 1445 1300 bona
1482 1245 1772 1301 distribuit.

500 1333 696 1388 Custos
722 1333 1082 1404 defensorque
1110 1350 1222 1389 suae
1249 1336 1438 1406 patriae
1470 1336 1798 1403 luculentus,

574 1426 710 1490 Dux,
736 1440 921 1481 cernes
946 1426 1048 1481 iste
1076 1427 1270 1494 bonus,
1299 1427 1563 1492 marchio,
1589 1428 1871 1498 patricius,

498 1517 819 1573 Archidicus
851 1526 1034 1575 rector
1059 1535 1243 1575 rerum
1275 1520 1321 1576 si
1349 1520 1606 1591 quislibet
1631 1529 1795 1587 esset,

573 1607 761 1665 Posset
795 1610 1038 1666 veridica
1070 1610 1311 1667 scribere
1330 1626 1451 1682 quae
1479 1621 1724 1682 cuperet.

497 1703 596 1757 Ast
624 1718 721 1774 ego
744 1704 966 1772 stultus,
987 1705 1170 1771 hebes,
1197 1716 1513 1777 cunctaeque
1543 1708 1770 1764 rationis
1795 1716 1850 1764 et
1871 1723 2088 1781 expers,

570 1795 825 1851 Scribere
855 1812 960 1852 non
983 1798 1140 1854 valeo
1168 1798 1348 1854 dicere
1374 1812 1495 1868 qua:
1516 1804 1695 1871 cupio.

496 1887 658 1944 Istius
686 1897 829 1945 notae
854 1891 1180 1960 scriptccque
1208 1890 1347 1946 libro
1376 1891 1647 1948 bonitates

570 1978 698 2048 Ejus
729 1980 991 2036 stellifero
1018 1982 1107 2050 qui
1139 1981 1292 2036 sedet
1321 1981 1374 2036 in
1401 1982 1556 2038 solio.
1660 1986 1665 1991 ’

471 2078 481 2084 ’
572 2072 667 2128 llis
695 2082 750 2128 et
772 2072 894 2128 aliis
924 2072 1338 2144 quampluribus
1391 2076 1752 2144 prohitatibus
1794 2077 1901 2133 huc
1933 2078 2090 2134 illuc-

497 2181 604 2236 quc
635 2167 867 2236 sparsim
899 2164 1131 2232 diffusis,
1163 2166 1508 2239 copiosisque
1538 2170 1879 2225 diversarum
1906 2187 2087 2226 rerum

499 2259 793 2315 al‘lluentiis
840 2260 1160 2331 propensius
1203 2259 1531 2329 dill‘amatis,
1580 2262 1871 2319 Tetboldus
1907 2280 2090 2320 comes

500 2352 894 2407 incendebatur
933 2353 1282 2409 excruciatus
1331 2353 1534 2408 invidia
1577 2363 1633 2410 et
1675 2355 1852 2422 furiis,
1906 2356 2091 2412 livoris

496 2454 554 2500 et
604 2445 843 2516 perﬁdia:
892 2444 1128 2502 suﬂ‘nsus
1181 2460 1432 2512 veneno,
1479 2448 1803 2518 suggerebat
1848 2444 2105 2518 quotidie

498 2541 615 2612 regi
644 2540 906 2597 Lothario
936 2548 995 2596 ut
1024 2540 1301 2612 deciperet
1331 2540 1666 2595 Richardum
1700 2550 1865 2596 tantae
1911 2541 2090 2612 digni-

500 2636 631 2689 tatis
678 2633 856 2689 virum
904 2632 1064 2698 dolo,
1119 2639 1437 2701 teneretqne
1485 2630 1937 2687 Northmanniam
1985 2631 2084 2687 sub

498 2741 611 2781 sua:
632 2724 855 2781 ditionis
878 2723 1027 2794 jugo.
1054 2722 1294 2778 Tandem
1326 2737 1456 2776 vero
1482 2737 1579 2777 rex
1603 2721 1896 2776 Lotharius
1921 2714 2098 2790 ipsius

498 2814 717 2887 comitis
740 2814 1055 2884 sophisticis
1084 2811 1525 2883 suggestionibus
1555 2819 1884 2877 excaecatus,
1935 2812 2087 2868 misit

496 2904 566 2961 ad
619 2904 956 2960 Richardum
1011 2903 1104 2973 qui
1161 2903 1366 2958 diceret
1422 2902 1474 2957 ei
1536 2902 1738 2958 dolosis
1794 2903 2109 2960 atl'atibusz'

503 3017 524 3051 ι
554 2996 848 3068 Usquequo
889 2993 1248 3066 prmstolabor
1290 2993 1626 3064 paenitentiae
1660 2994 2087 3049 recordationis-

497 3108 606 3164 que
634 3099 739 3146 tua:
767 3098 1096 3160 respectum,
1122 3097 1184 3141 ut
1223 3085 1474 3142 frivolum
1502 3082 1767 3155 cujusque
1789 3087 1967 3158 gentis
2002 3102 2088 3142 me

500 3149 664 3240 tloties
701 3149 1085 3254 parvipeudis?
1105 3176 1296 3234 Nonne
1318 3149 1586 3233 subnixus
1610 3149 1823 3232 tuorum
1853 3178 2086 3234 admini-
2115 3149 2158 3210 Ο

496 3275 620 3332 culo
656 3275 1026 3339 inimicorum,
1068 3285 1289 3342 possum
1340 3267 1593 3324 obsidere
1634 3276 1691 3324 et
1741 3284 1957 3338 capere,
1995 3286 2088 3323 cx-

498 3365 675 3437 eeptis
699 3364 891 3419 amicis
924 3363 1051 3429 tuis,
1090 3362 1254 3418 urbes
1298 3360 1660 3416 munitionum
1692 3361 1942 3416 tuarum?
1972 3360 2087 3417 Non

498 3473 758 3529 umquam
787 3456 1045 3527 cuiquam
1100 3462 1153 3509 te
1204 3452 1556 3523 subjugabis?
1598 3452 1835 3508 Norisne
1859 3467 1944 3507 me
1970 3466 2090 3509 esse

498 3566 681 3624 regem
708 3547 1083 3604 Francorum?
1108 3545 1300 3602 Nonne
1329 3547 1425 3602 tibi
1466 3545 1697 3614 iniurius
1724 3561 1845 3602 esse
1873 3554 2086 3616 potero,

498 3645 545 3703 si
576 3659 696 3716 qua:
720 3641 826 3699 mei
851 3641 993 3711 juris
1023 3649 1128 3707 est,
1161 3639 1331 3695 ascita
1374 3653 1570 3705 manu,
1624 3639 1692 3695 ad
1739 3647 1792 3693 te
1834 3637 2090 3693 obnixius

499 3737 895 3813 properavero?
921 3736 978 3793 Si
1012 3735 1120 3791 tuis
1160 3734 1359 3789 invidis
1400 3732 1717 3798 credidero,
1766 3740 1932 3802 tuque
1959 3745 2091 3785 vero

500 3834 639 3890 meis
662 3830 899 3903 periuris
945 3838 1001 3885 et
1046 3826 1353 3883 inﬁdelibus
1382 3825 1586 3881 laveris
1630 3834 1815 3880 mente
1840 3832 1896 3879 et
1923 3823 2090 3879 corde

501 3938 638 3994 tuo,
686 3940 966 3996 nunquam
1024 3921 1434 3995 paciﬁcabiniur
1492 3920 1699 3977 findere
1742 3918 2087 3990 complacito.

501 4018 701 4075 Desine
737 4018 864 4073 talia
911 4015 1123 4081 rimari,
1156 4025 1212 4070 et
1240 4014 1404 4071 libeat
1450 4015 1545 4071 tibi
1593 4030 1804 4071 mecum
1855 4011 2092 4084 gaudere

500 4118 557 4164 et
579 4106 967 4179 congratulari.
1018 4104 1418 4161 Connectamur
1445 4106 1610 4175 igitur
1634 4104 1940 4160 adinvicem
1968 4101 2092 4157 tali-

501 4209 587 4256 ter
615 4199 993 4272 competentiis
1021 4208 1221 4255 mutua:
1245 4199 1560 4263 voluntatis,
1594 4208 1655 4254 ut
1681 4213 1841 4253 nemo
1870 4204 2091 4251 nostro-

501 4309 625 4349 rum
650 4299 839 4364 suapte
866 4290 1163 4362 quidquam
1203 4291 1481 4361 possideat
1526 4290 1826 4346 facultatis.
1852 4287 1909 4343 Si
1939 4286 2090 4356 quis-

501 4384 650 4453 piam
679 4383 733 4438 in
776 4390 828 4438 te
871 4380 958 4438 vel
1001 4382 1056 4437 in
1094 4391 1187 4437 me
1233 4383 1438 4438 rixatus
1472 4380 1783 4438 exercuerit
1824 4377 2093 4451 iurgium,

500 4492 603 4548 ego
629 4485 803 4542 tuum,
845 4485 900 4532 tu
945 4491 1076 4532 vero
1107 4491 1285 4531 meum
1318 4486 1539 4532 contere
1567 4486 1621 4531 et
1652 4474 1854 4543 dissipa
1896 4472 2086 4528 adver—
2121 4493 2165 4553 ο

502 4568 730 4623 sarium.
778 4565 963 4623 Simus
998 4567 1158 4622 unius
1195 4565 1420 4632 cordis,
1470 4566 1740 4635 uniusque
1790 4561 1985 4618 mentis
2033 4567 2089 4616 et

505 4656 835 4723 voluntatis,
892 4665 949 4714 et
999 4666 1349 4714 conteremus
1384 4666 1443 4712 et
1487 4657 1860 4726 dispergamus
1928 4661 2091 4721 atque

504 4749 854 4820 subjiciamus
880 4749 1203 4806 Tetboldum
1235 4765 1356 4805 cum
1389 4750 1523 4804 suis.
1567 4748 1933 4802 Fiandreuses
1959 4759 2089 4800 vero

503 4854 836 4916 caeterasque
860 4852 1049 4914 gentes
1080 4842 1136 4897 in
1166 4858 1267 4897 nos
1314 4841 1543 4896 rebelles
1563 4882 1577 4905 ,
1610 4840 1741 4910 dirae
1786 4838 1924 4910 legis
1960 4836 2093 4907 iugo

505 4932 825 5006 allligamus,
853 4947 1054 5002 easque
1082 4930 1239 4986 nobis
1286 4930 1491 4984 servire
1512 4940 1566 4986 et
1593 4937 1857 4999 petestate
1900 4942 2094 4996 urgea-

507 5037 625 5054 νηί-ο
694 5022 1037 5054 ΛιιυιηιιΛηΙοΙι
1075 5018 1316 5054 nnnnlnnn
1355 5020 1545 5054 vnnirn
1575 5026 1764 5054 nnnlrn
1815 5031 1902 5054 uno
1948 5016 2094 5054 vuln-

2192 524 2563 596 Ingloriusque
2596 527 2721 592 hoc,
2753 527 2887 581 heu!
2916 527 3073 583 velle.

2190 613 2423 670 Pravqu
2458 628 2604 670 tuum
2635 616 2726 671 sed
2754 617 2887 672 velle
2912 631 3069 688 posse
3100 618 3243 676 haud
3275 620 3574 694 continget.

2264 707 2435 780 Igitur
2480 707 2790 763 Richardus
2846 709 2953 764 dux
3001 725 3292 783 comesque
3338 712 3777 784 praecellentissi-

2190 816 2341 864 mus,
2393 799 2653 855 falsidicis
2704 800 2896 856 harum
2943 796 3361 858 blanditionum'
3393 803 3780 875 minarumque

2189 894 2554 966 legationibus
2585 892 2862 963 deceptus,
2907 891 3184 963 profectus
3224 901 3309 960 est
3359 904 3549 949 contra
3578 894 3780 949 L'othao

2190 987 2328 1041 rium
2357 1000 2537 1055 regem
2571 985 2638 1040 ad
2668 984 2945 1055 placitum,
2971 986 3139 1039 ascita
3184 984 3404 1041 militari
3448 1000 3637 1041 manu.
3663 984 3777 1040 Rex

2188 1092 2322 1133 vero
2353 1076 2671 1132 coadunatis
2705 1078 2824 1148 ejus
2873 1075 3108 1131 inimicis
3153 1076 3208 1131 in
3263 1075 3404 1140 dolo,
3450 1074 3779 1131 Carnotensi

2190 1167 2400 1224 scilicet
2451 1164 2755 1232 Tetboldo,
2805 1166 3181 1236 Andegavensi
3238 1164 3558 1231 Goizt‘rido,
3615 1174 3781 1235 atque

2189 1259 2511 1315 Flandrensi
2566 1260 2767 1314 comite
2814 1257 3112 1323 Balduino;
3176 1257 3270 1329 qui
3319 1257 3485 1313 etiam
3529 1256 3782 1311 exercitu

2187 1354 2542 1426 plurimorum
2572 1352 2688 1422 ejus
2715 1352 3057 1407 inimicorum
3086 1350 3226 1405 clam
3273 1349 3620 1422 conglobate,
3659 1362 3783 1403 me,

2191 1446 2417 1502 rabatur
2449 1460 2613 1516 super
2647 1444 2832 1499 Helme
2878 1442 3153 1499 iluviolum
3194 1441 3525 1497 fraudulenti
3571 1440 3778 1495 animo.

2191 1538 2288 1592 Die
2315 1553 2442 1593 vero
2495 1537 2679 1592 indicti
2723 1535 2926 1607 placiti,
2979 1550 3084 1605 qua
3136 1533 3319 1589 dolose
3363 1541 3624 1588 statutum
3660 1540 3805 1586 erat‘

2192 1641 2288 1684 eos
2315 1626 2593 1692 foederari,
2621 1625 2772 1681 misit
2796 1626 2901 1681 dux
2944 1639 3172 1695 magnus
3194 1623 3499 1679 Richardus
3527 1621 3784 1692 explora-

2194 1726 2361 1783 tores,
2388 1727 2447 1771 ut
2473 1733 2593 1787 qua:
2628 1716 2958 1787 gerebantur
2997 1714 3139 1784 apud
3187 1728 3369 1782 regem
3397 1713 3789 1768 renuntiarent

2118 1803 2163 1860 Β
2192 1807 2317 1871 sibi,
2342 1807 2783 1876 inquirerentque
2809 1805 2901 1875 qui
2933 1813 3113 1860 essent
3142 1819 3265 1859 eum
3314 1818 3461 1873 rege,
3491 1802 3621 1857 etsi
3651 1799 3786 1872 quid

2192 1896 2528 1967 deccptionis
2572 1895 2812 1951 latitaret
2842 1895 2895 1949 in
2924 1894 3253 1964 exsequendi
3303 1894 3537 1964 negotiis
3568 1892 3782 1963 placiti.

2191 1990 2266 2046 Illi
2299 1999 2478 2044 autem
2511 1988 2636 2044 illuc
2670 1986 2922 2060 profecti,
2953 1985 3279 2043 Tetboldum
3309 1995 3647 2055 caaterosque
3672 1985 3780 2038 ini-’

2190 2081 2362 2137 mices
2389 2080 2542 2136 ducis
2565 2079 2824 2135 Riehardi
2859 2087 2985 2133 ante
3032 2091 3214 2148 regem
3258 2083 3599 2145 repererunt.
3644 2072 3786 2126 [line

2191 2187 2408 2243 quoque
2454 2186 2617 2242 super
2666 2169 2937 2224 mandatis
2986 2168 3131 2240 regis
3184 2167 3483 2230 haerentes,
3546 2163 3785 2217 nimium

2192 2271 2535 2333 stupuerunt.
2565 2261 2675 2317 Illis
2704 2273 2887 2315 autem
2914 2269 3039 2314 ante
3063 2273 3245 2328 regem
3276 2255 3621 2312 morantibus
3648 2267 3787 2323 pau-

2191 2351 2397 2418 lulum,
2451 2367 2581 2407 ecce
2632 2359 2899 2407 venerunt
2939 2349 3213 2414 Tetboldi,
3257 2345 3553 2403 Gozifroidi
3620 2354 3799 2413 atque

2190 2444 2441 2499 Balduini
2492 2444 2750 2500 comitum
2796 2440 3011 2497 loricati
3039 2448 3095 2495 et
3135 2439 3329 2510 galeati
3367 2434 3665 2497 exercitus,
3697 2434 3785 2487 in-

2192 2542 2483 2604 surgentes
2537 2533 2663 2589 hinc
2709 2533 2834 2589 inde
2878 2530 3042 2587 celeri
3093 2529 3361 2599 equitatu,
3410 2526 3697 2596 cupientes
3724 2533 3786 2578 ut

2184 2627 2395 2699 jussum
2426 2638 2546 2683 erat
2567 2626 2786 2699 aggredi
2818 2623 3151 2680 Richardum
3191 2631 3247 2677 et
3282 2636 3410 2677 suos
3435 2618 3621 2674 hostili
3652 2632 3787 2671 eon-

2191 2736 2405 2795 gressu.
2442 2721 2700 2776 Videntes
2742 2726 2924 2773 autem
2972 2716 3074 2771 hoc
3118 2715 3215 2781 illi,
3259 2712 3518 2768 innuebat
3545 2712 3785 2780 quisque

2191 2814 2317 2881 sibi”,
2341 2822 2401 2868 ut
2428 2811 2804 2868 renuntiarent
2830 2808 3061 2865 celerius
3083 2822 3203 2878 quae
3229 2806 3479 2861 viderant
3505 2802 3793 2857 Richardo

2191 2908 2399 2963 Comiti.
2432 2906 2584 2961 'l'unc
2616 2920 2756 2959 unus
2781 2903 2995 2959 illorum
3038 2900 3288 2971 przepetis
3312 2898 3438 2965 equi
3482 2898 3652 2953 dorso
3693 2911 3782 2950 re-

2190 2999 2395 3064 sidens,
2429 2997 2598 3053 veloci
2625 3012 2787 3051 cursu
2830 2995 3048 3065 repetiit
3074 2992 3407 3049 Richardum
3437 2990 3782 3060 praedignmn

2190 3092 2464 3156 comitem,
2492 3089 2674 3145 omnia
2725 3088 2939 3159 agmina
2992 3085 3326 3149 transiliens,
3359 3082 3785 3150 voeiferansque

2191 3200 2312 3241 cum
2343 3183 2509 3237 nimio
2555 3181 2777 3252 gemitu,
2834 3187 2890 3233 et
2941 3178 3168 3233 dicens:
3210 3195 3229 3229 ‹
3259 3175 3509 3236 Domine.
3563 3173 3786 3228 domine

2192 3276 2303 3331 dux
2334 3272 2841 3345 pra‘potentissime,
2858 3284 2989 3325 erue
3016 3277 3088 3331 te.
3116 3283 3182 3322 ne
3200 3267 3439 3323 intereas
3465 3265 3653 3320 hostili
3679 3265 3784 3319 ima

2192 3378 2482 3433 inanitate;
2513 3367 2639 3437 quia
2687 3379 2879 3420 onmes
2925 3361 3133 3417 inimici
3191 3360 3266 3415 tui
3321 3360 3623 3431 congressi
3657 3373 3782 3413 cum

2190 3476 2338 3532 rege,
2376 3460 2614 3530 gestiunt
2643 3468 2695 3512 te
2723 3464 2953 3526 tuosque
2992 3461 3084 3508 aut
3110 3467 3322 3523 capere,
3361 3460 3455 3505 aut
3499 3449 3784 3504 interime-

2192 3569 2303 3608 re.»
2334 3550 2432 3606 llis
2461 3549 2659 3604 auditis
2707 3547 3010 3603 Richardus
3061 3545 3168 3599 dux
3213 3542 3619 3613 imperterritus
3661 3556 3784 3597 sur-

2194 3645 2357 3710 rexit,
2394 3643 2617 3712 suisque
2658 3639 2909 3695 lidelibus
2954 3638 3144 3693 ascitis
3194 3635 3373 3691 dixit:
3433 3653 3452 3685 ι
3480 3633 3780 3688 Prandium

2190 3749 2317 3791 ecce
2343 3740 2590 3804 paratum
2640 3728 2819 3794 nobis,
2850 3736 3139 3796 antequam
3178 3726 3553 3803 devertamus,
3587 3721 3780 3792 pradi-

2191 3826 2383 3881 bemus
2428 3822 2558 3878 illud
2589 3823 2644 3876 in
2668 3820 2887 3876 nomine
2914 3817 3149 3875 Domini.
3183 3816 3383 3886 Sicque
3410 3821 3783 3870 sacrosanctae

2191 3916 2371 3972 crucis
2399 3912 2597 3968 vexillo
2626 3910 2960 3983 praemuniti,
2989 3909 3365 3980 prtestolemur
3399 3905 3640 3961 hostium
3688 3919 3783 3957 cn-

2190 4021 2323 4062 neos
2349 4004 2628 4075 intrepidi.
2680 4000 2932 4072 Nequitia
2968 4001 3171 4055 etenim
3221 3998 3436 4053 illorum
3465 4004 3525 4050 et
3554 3993 3801 4066 perﬁdia

2192 4105 2390 4154 atteret
2413 4096 2574 4167 digne
2605 4093 2762 4158 illos;
2807 4091 3051 4163 probitas
3077 4103 3208 4145 vero
3236 4103 3385 4159 purae
3416 4086 3538 4141 ﬁdei
3582 4095 3640 4141 et
3667 4087 3805 4156 spei.

2191 4194 2347 4243 eruet
2375 4200 2497 4239 nos.
2544 4183 2780 4254 Impetus
2832 4195 3105 4252 perversae
3154 4176 3518 4234 multitudinis
3564 4174 3785 4231 illorum

2192 4291 2301 4333 non
2325 4290 2421 4330 VOS
2449 4254 2724 4330 exterreat
2747 4311 2762 4336 ,
2785 4285 2975 4326 verum
2999 4269 3454 4340 prtedecessorum
3472 4274 3785 4320 vestrorum

2194 4370 2248 4425 in
2280 4367 2427 4424 omni
2465 4366 2811 4422 adversitate
2828 4363 3173 4419 robustorum
3201 4360 3591 4416 monimentum
3615 4356 3793 4413 fortes

2193 4458 2411 4515 faciat.»
2442 4456 2576 4512 Cum
2606 4453 2911 4520 antem,_ad
2948 4452 3234 4523 prandium
3282 4447 3554 4513 residens,
3577 4447 3698 4503 haec
3728 4456 3787 4502 et

2192 4551 2297 4605 alia
2323 4547 2721 4619 quamplurima
2748 4544 3028 4600 suadendo
3073 4540 3361 4612 proferret,
3394 4540 3591 4608 suique
3617 4553 3783 4608 quam

2192 4641 2407 4716 plurimi
2457 4641 2708 4695 abessent
2744 4636 2950 4701 fideles,
2999 4633 3152 4689 venit
3195 4632 3335 4688 alius
3382 4631 3608 4686 nuntius
3635 4629 3781 4686 refe.

2195 4750 2321 4790 rens
2351 4732 2541 4788 adesse
2570 4729 2807 4786 hostium
2852 4728 3019 4783 acies.
3065 4725 3340 4780 llichardo
3370 4737 3501 4777 vero
3546 4723 3783 4777 sanctis-
3860 4716 3868 4723 ’

2194 4825 2334 4881 sime
2360 4823 2482 4879 duci
2512 4818 2890 4893 percunctanti
2928 4804 3059 4887 quot
3093 4815 3258 4871 millia
3291 4812 3571 4868 hominum
3600 4819 3803 4867 essent~

2196 4917 2359 4988 regis,
2388 4916 2542 4984 sique
2572 4914 2686 4983 ipse
2712 4920 2860 4967 esset
2903 4925 2997 4964 rex
3051 4908 3104 4962 in
3145 4904 3532 4975 congressione
3574 4901 3781 4966 hostili,

2197 5008 2392 5054 ιριυιῐιις
2422 5005 2575 5054 nmiit
2596 5004 2778 5054 citatis
2814 4999 3124 5054 calcaribus
3156 4997 3331 5054 equis.
3363 4994 3467 5054 Qui
3501 4992 3644 5048 dixit
3687 4992 3737 5047 ei
3761 5010 3799 5045 ε-
