4032 6396
156 374 289 429 733
326 360 331 365 '

600 369 691 426 DE
731 367 978 428 GESTIS
1016 364 1448 425 NORMANNIE
1490 362 1727 420 DUCUM
1769 361 1949 418 LIBRI
1984 356 2186 415 TRES.
2216 388 2280 400 —-
2322 353 2544 409 LIBJII.
2588 346 3007 406 RICIIAIlDUS.

3322 330 3433 386 734

157 485 324 540 vada
354 483 512 551 Depae
540 478 962 550 praeoccupavit,
1008 492 1079 532 ne
1126 476 1343 532 veniret
1366 475 1432 529 ad
1460 488 1608 529 eum.
1641 471 1768 539 Qui-
1797 476 1846 533 Α
1874 468 2007 535 Quis
2031 468 2172 522 bona
2197 480 2317 535 quae
2347 462 2554 518 studuit
2577 459 2891 515 elueubrata
2921 454 3118 551 forent.

157 575 306 629 dam
338 580 516 629 autem
548 569 891 625 inimicorum
917 576 1305 639 persequentes
1326 563 1766 620 ducem-Richar—

157 662 334 726 dum,
370 661 421 719 in
453 659 630 714 medio
675 657 801 712 vadi
849 656 1012 726 Depte
1059 654 1230 710 armis
1274 654 1609 707 invaserunt.
1660 649 1769 704 Illis

159 767 315 806 vero
370 750 531 806 simul
581 747 881 821 przeliando
926 746 1038 801 illic
1091 744 1557 808 colluctantibus,
1609 756 1768 797 reco-

160 857 454 914 gnoscens
480 838 767 911 quemdam
809 844 1130 893 venatorem
1176 850 1333 891 suum
1372 834 1594 888 nomine
1625 831 1771 885 Wal-

122 973 129 977 ι
163 944 383 995 terum,
422 933 528 987 dux
551 929 859 986 Richardus
885 927 1128 984 cucurrit
1155 941 1277 982 cum
1310 924 1614 993 domigenis
1643 922 1770 977 illuc

160 1025 510 1095 intrepidus,
530 1031 586 1078 et
610 1021 811 1091 eripuit
838 1021 989 1075 illum
1019 1019 1234 1075 caeteris
1263 1017 1461 1088 fugatis
1489 1025 1544 1071 et
1570 1015 1772 1071 occisis

162 1116 463 1177 hostibus;
509 1113 816 1184 restititque
855 1111 1003 1168 omni
1051 1109 1311 1167 exercitui
1371 1108 1514 1180 regis
1566 1107 1634 1163 ad
1672 1105 1773 1161 llu-

159 1207 306 1261 violi
341 1206 503 1275 Depte
531 1204 733 1260 exitus.

238 1296 573 1352 Contﬂueutc
601 1309 735 1351 vero
764 1294 1003 1364 undique
1051 1309 1215 1350 secus
1261 1293 1405 1364 regis
1430 1300 1487 1348 et
1519 1290 1773 1346 inimico-

162 1407 300 1446 rum
328 1390 601 1453 exercitu,
626 1389 883 1445 dixerunt
912 1387 1103 1443 ducem
1132 1387 1199 1442 ad
1236 1385 1570 1441 Richardum
1607 1382 1773 1452 majo-

166 1498 263 1538 res
297 1493 435 1537 natu
481 1482 861 1538 defendentem
910 1482 1175 1537 severiter
1199 1481 1322 1535 vadi
1353 1480 1572 1534 aditus:
1617 1497 1635 1530 ‹
1666 1477 1775 1532 Do-

167 1574 328 1628 mine
354 1574 462 1629 dux
488 1572 853 1643 magnanime,
873 1572 1022 1628 fraus
1043 1570 1204 1641 hujus
1231 1569 1492 1640 perfidiae,
1510 1568 1774 1637 dolusque

168 1665 528 1736 deceptionis
555 1664 800 1719 nefandae
829 1665 1078 1720 detectus
1105 1672 1189 1719 est
1215 1663 1325 1718 Deo
1378 1669 1671 1717 annuente.
1698 1658 1776 1715 Ne

167 1756 354 1825 igitur
382 1756 780 1826 prmoccuperis
808 1764 1002 1819 morte,
1034 1764 1127 1809 aut
1168 1754 1424 1825 capiaris,
1458 1767 1773 1823 precamur,

170 1847 433 1911 diverte;
465 1848 763 1915 urbemque
809 1845 1301 1916 Rothomagensem
1332 1845 1496 1901 celeri
1529 1846 1777 1914 equitatu

169 1946 331 2007 pete,
370 1952 439 1991 ne
474 1936 614 1992 forte
648 1937 854 1991 inimici
884 1938 957 1992 tui
984 1946 1362 2007 praeoccupent
1390 1951 1489 1991 nos
1517 1935 1777 1991 velociori

169 2040 378 2089 cursu,
403 2040 635 2095 eamque
659 2026 937 2081 vindicent
980 2028 1115 2092 sibi,
1170 2028 1511 2097 reperientes
1544 2042 1776 2081 vacuam

173 2116 507 2173 militibus.»
542 2117 660 2171 Dux
693 2125 877 2172 autem
924 2116 1231 2172 Richardus
1269 2116 1484 2173 illorum
1514 2131 1779 2187 respuens

171 2208 419 2264 consilia
445 2248 460 2275 ,
503 2208 759 2279 cupiebat
801 2223 927 2264 eum
965 2208 1231 2264 tironibus
1287 2209 1402 2264 suis
1444 2207 1777 2263 venientium

176 2297 447 2356 invadere
489 2298 724 2368 agmina.
768 2297 922 2352 Tunc
950 2296 1185 2366 majores
1214 2306 1347 2352 natu
1375 2297 1624 2352 videntes
1651 2312 1779 2353 eum

173 2386 229 2441 in
280 2403 403 2442 suae
444 2388 640 2443 mentis
679 2387 955 2459 proposito
1002 2402 1385 2458 perseverare,
1436 2388 1781 2458 salubrisque

175 2477 405 2533 consilii
429 2477 612 2533 verbis
640 2492 747 2533 non
794 2478 1167 2548 acquiescere,
1218 2479 1609 2551 aggrediuntur
1655 2493 1776 2534 eum

174 2580 231 2625 et
257 2584 367 2641 per
404 2569 542 2625 freni
574 2569 815 2626 habenas
859 2570 1184 2642 arripientes
1205 2611 1219 2637 ,
1246 2573 1623 2641 precabantur
1653 2586 1780 2629 eum

176 2660 461 2716 secedere.
529 2658 771 2714 Tandem
828 2674 959 2715 vero
1027 2658 1247 2730 majoris
1307 2663 1486 2719 :etatis
1540 2663 1777 2720 militum

175 2751 505 2821 precatibus
528 2750 620 2805 vix
645 2760 866 2807 coactus
916 2752 1144 2808 secessit
1187 2761 1243 2807 et
1283 2753 1443 2823 petiit
1488 2753 1780 2810 Rotomum

177 2840 516 2897 festinanter
542 2856 612 2897 ne
633 2841 1434 2914 caperetur.lllicopropalante
1457 2844 1603 2901 fama
1625 2860 1782 2902 exse-

177 2931 393 2991 crabile
424 2932 721 3003 conjuratae
753 2932 1091 3004 deceptionis
1131 2934 1415 3003 placitum,
1461 2937 1642 2993 omnis
1680 2952 1779 3006 po-

176 3020 355 3090 pulus
385 3022 621 3089 regionis
644 3022 787 3078 illius
809 3022 1031 3078 conﬂuit
1058 3024 1314 3081 celeriter
1342 3025 1412 3082 ad
1442 3026 1635 3082 ducem
1668 3042 1783 3082 ma-

178 3124 356 3180 gnum
385 3111 716 3167 Richardum
744 3153 759 3179 ,
805 3114 1015 3170 crebris
1066 3097 1509 3187 multimodisque
1557 3118 1780 3174 monitis

181 3201 531 3259 incessanter
557 3217 756 3272 urgens
779 3216 925 3269 eum,
963 3211 1022 3259 ut
1051 3204 1165 3275 regi
1194 3213 1249 3261 et
1274 3204 1546 3263 Tetboldo
1593 3207 1780 3264 comiti

181 3295 446 3363 redderet
476 3304 785 3352 retractatae
815 3298 1152 3369 deceptionis
1197 3299 1482 3367 talionem,
1515 3302 1785 3359 invadens

180 3400 380 3444 eorum
412 3400 655 3457 regnum.
681 3386 800 3458 Ipse
828 3402 958 3444 vero
987 3396 1188 3458 grates
1214 3387 1487 3445 referebat
1539 3390 1785 3461 quotidie

181 3475 384 3532 devote
410 3475 542 3547 Regi
565 3492 778 3548 regmn,
804 3479 899 3548 qui
936 3478 1005 3534 de
1047 3479 1270 3535 interitu
1315 3482 1511 3536 mortis
1532 3488 1627 3535 aut
1647 3496 1779 3551 cap-

180 3567 354 3629 tionis
408 3568 607 3639 eripuit
644 3584 790 3624 eum.
820 3569 1095 3631 Ecclesias
1136 3571 1313 3642 palliis
1357 3573 1783 3643 monasticisque

180 3659 362 3727 rebus
387 3659 510 3714 ideo
538 3660 751 3729 plenius
776 3663 1107 3731 honorabat,
1129 3664 1566 3735 pauperibusque
1601 3664 1780 3722 cibum

180 3763 233 3808 et
260 3762 457 3824 potum
488 3753 730 3825 largiflua
774 3770 942 3811 manu
988 3756 1355 3815 abundantius
1406 3757 1760 3816 ministrabat

182 3843 498 3914 divinaeque
532 3846 811 3905 servitutis
839 3845 1016 3910 ofﬁcio
1052 3848 1371 3905 incumbens
1419 3864 1645 3921 cperam
1686 3852 1782 3907 da-

182 3937 309 3995 bat.
339 3935 554 3993 Judicia
578 3940 711 4010 justi
752 3941 1022 4003 examinis
1058 3941 1349 4000 libramine
1390 3945 1591 4003 rectius
1621 3946 1784 4001 truti-

184 4031 384 4096 nabat,
418 4030 566 4086 rixas
597 4029 831 4102 litesque
875 4043 1041 4105 atque
1071 4034 1372 4092 discordias
1404 4050 1778 4107 compescens,

187 4121 407 4195 plebem
467 4122 800 4179 moderatius
845 4126 1088 4195 regebat.
1141 4126 1352 4183 Cuncta
1411 4128 1556 4183 bona
1614 4142 1782 4199 opera

187 4212 449 4285 sagacius
473 4213 812 4283 perﬁciebat,
852 4216 906 4270 in
955 4218 1208 4274 omnibus
1229 4219 1487 4289 operibus
1514 4218 1623 4274 Deo
1645 4222 1779 4274 sub-

188 4306 341 4365 ditus
380 4307 678 4377 perfectior
712 4318 851 4364 erat.
898 4308 1184 4381 Orpbanos
1229 4311 1571 4382 pupillosque
1600 4321 1656 4368 et
1686 4327 1784 4367 ex-

187 4396 364 4461 sules,
396 4406 459 4450 ut
484 4405 641 4467 pater
672 4397 833 4465 lilios,
867 4399 1041 4455 lenius
1090 4401 1434 4473 sustentabat
1480 4401 1782 4471 viduasque

186 4495 239 4542 et
267 4485 533 4559 profugos
581 4489 804 4546 suavius
854 4489 1153 4547 refovebat.
1206 4492 1503 4549 Monachos
1553 4493 1782 4551 canoni-

187 4595 397 4652 cosque
450 4591 618 4653 atque
658 4582 825 4647 laicus
885 4583 1136 4647 famulari
1174 4584 1287 4642 Deo
1332 4585 1574 4643 strictius
1625 4601 1785 4659 urge-

190 4671 317 4736 bat;
348 4687 592 4742 paganos
643 4673 1045 4745 sceleratosque
1086 4674 1641 4748 refutans,'populum
1671 4692 1785 4734 sure

190 4763 564 4821 advocationis
624 4763 867 4829 fomento
918 4767 1228 4829 securitatis
1277 4769 1598 4840 prudentius
1688 4786 1789 4830 nu.

191 4851 415 4919 triebat.

607 5023 611 5027 ν
655 4966 1000 5008 arosrnorua
1036 4968 1105 5010 an
1128 4968 1324 5009 unum.

192 5038 238 5098 0
265 5040 467 5112 civitas
490 5041 775 5099 fecundior
799 5046 1236 5116 quampluribus,

192 5131 504 5190 Fertilitate
533 5136 684 5203 boni,
713 5137 1084 5208 militibusque
1112 5139 1314 5195 sacris!

194 5223 347 5281 Tuus
370 5238 503 5282 ecce
525 5227 633 5283 dux
666 5228 928 5298 prudens,
958 5230 1101 5299 pius,
1129 5239 1369 5299 sanctus,
1398 5230 1594 5299 bonus,

196 5313 500 5375 Tantorum
530 5332 819 5388 procerum
850 5328 1039 5376 erutus
1067 5320 1302 5387 insidiis,

196 5407 415 5482 Peragit
441 5409 536 5466 Dei
564 5427 686 5483 quae
708 5421 857 5479 sunt,
884 5413 1090 5486 tibique
1113 5429 1355 5487 congrua

196 5500 349 5559 [lecti
378 5519 476 5574 per
500 5512 696 5562 cuncta
726 5507 942 5562 tramite
960 5506 1176 5576 judicii.

199 5592 304 5649 Sed
326 5595 472 5664 quod
498 5596 724 5653 colonus
754 5612 860 5652 non
885 5596 961 5653 fui
988 5596 1262 5668 quondam
1296 5606 1436 5664 tuus,

200 5682 394 5742 Nescio
421 5686 669 5759 digerere
694 5704 815 5760 qute
852 5692 1063 5745 studuit
1094 5690 1294 5747 facere.

202 5775 440 5855 Utinam,
479 5790 668 5853 poetas
699 5783 1009 5854 possideres
1038 5783 1304 5857 garrulos.

1806 3163 1853 3227 C

1871 558 2023 625 Quod
2049 557 2266 611 vatibus
2299 553 2454 623 culpa
2488 559 2592 615 est,
2624 564 2780 605 cares
2807 546 3131 603 rectoribus.

1868 650 2079 705 lnstrue
2105 661 2251 701 nunc
2276 657 2474 715 pueros
2500 641 2708 696 artibus
2737 639 3069 698 innumeros,

1873 737 2161 793 Successio
2194 733 2453 805 quidquid
2479 739 2701 803 peraget
2730 728 2907 799 magni
2936 725 3126 797 patris,

1871 828 2125 885 Carmine
2151 823 2444 879 multicano
2472 821 2794 879 elueubrare
2813 818 3011 873 sciant.

1943 921 2150 974 Interea
2183 917 2340 986 longe
2366 914 2581 983 lateque
2610 926 2709 982 per
2734 919 2902 965 totam
2948 908 3219 977 Europam
3265 901 3453 975 profu-
3530 928 3537 937 υ

1872 1012 1986 1067 sius
2012 1008 2346 1081 promulgata
2380 1004 2519 1061 tanti
2574 1003 2786 1073 patroni
2832 1001 3077 1068 tantique
3118 996 3270 1051 ducis
3300 992 3459 1050 boni-

1874 1113 2004 1169 tate,
2052 1100 2346 1156 Tetboldus
2389 1095 2632 1155 veneﬁco
2689 1092 2930 1163 perfidia:
2982 1089 3214 1145 infecfus
3263 1088 3455 1150 livore,

1876 1194 2074 1250 iterum
2121 1192 2254 1261 petit
2292 1204 2472 1259 regem
2515 1186 2855 1249 Lotharium,
2891 1183 3137 1252 dixitque
3168 1181 3242 1234 illi
3272 1177 3462 1233 doloso

1874 1284 2078 1341 corde:
2115 1302 2131 1333 ι
2159 1280 2445 1335 Paterisne
2491 1277 2770 1333 convictus
2822 1274 3159 1331 contumacis
3199 1266 3461 1326 Richardi

1868 1377 2053 1448 jurgio
2099 1372 2469 1444 praeiudicium
2509 1384 2621 1425 suae
2674 1367 3000 1438 arrogantiae
3043 1366 3098 1419 in
3149 1371 3242 1419 tuo
3289 1376 3459 1432 regno
3533 1383 3539 1388 -

1874 1462 2202 1539 persistere?
2223 1460 2557 1528 'l‘enebitque
2583 1472 2807 1528 regnum
2834 1452 3320 1509 Northmannicum
3342 1449 3462 1503 sine

1878 1563 1982 1610 tute
2006 1552 2303 1611 voluntatis
2329 1547 2657 1621 largitione?
2683 1544 2963 1614 Quomodo
2984 1542 3106 1612 jure
3129 1556 3223 1596 rex
3254 1553 3463 1594 nuncu-

1878 1648 2121 1718 paberis,
2149 1647 2193 1702 si
2220 1657 2411 1715 regere
2444 1656 2670 1711 regnum
2700 1638 3034 1694 Francorum
3063 1650 3169 1689 non
3191 1630 3463 1702 quiveris?

1876 1739 2144 1795 Caeterum
2202 1735 2449 1793 fortassis
2485 1733 2657 1789 ascita
2689 1731 2957 1801 Dacigena
3007 1726 3351 1800 gentilitate,
3405 1732 3465 1776 ut

1807 1819 1850 1878 Β
1879 1846 2015 1886 avus
2040 1845 2173 1885 suus
2207 1827 2362 1882 Rullo
2383 1827 2513 1881 olim
2566 1838 2730 1894 super
2778 1836 2937 1875 avum
2985 1829 3133 1873 tuum
3182 1815 3460 1878 Carolum,

1882 1936 2106 1992 regnum
2130 1919 2355 1974 ditionis
2405 1925 2508 1971 tuae
2555 1913 2846 1986 supercilio
2868 1910 3149 1981 iactantiae
3178 1924 3289 1964 suae
3328 1906 3464 1961 deli-

1880 2012 2036 2068 berat
2064 2010 2341 2066 invadere.
2368 2009 2573 2063 Contra
2617 2007 2773 2061 istius
2820 2003 3219 2075 praesumptivte
3262 1997 3462 2054 callidi-

1882 2101 2342 2166 tatis'molimina,
2399 2100 2540 2156 dabo
2591 2098 2685 2153 tibi
2730 2095 2971 2169 prosperi
3017 2089 3469 2158 saluberrimique

1881 2195 2140 2265 adjutorii
2190 2192 2438 2249 consilia.
2494 2190 2688 2246 lnvade
2738 2196 2792 2243 et
2838 2186 3066 2251 obside,
3123 2195 3284 2252 atque
3335 2193 3469 2249 cape

1880 2286 2011 2341 mihi
2055 2284 2344 2340 Ebroicam
2391 2266 2690 2343 civitatem,
2719 2292 2819 2348 ego
2847 2274 3133 2330 vindicabo
3161 2272 3254 2328 tibi
3295 2279 3468 2325 totam

1881 2374 2371 2431 Northmannicam
2410 2373 2707 2443 regionem.
2739 2389 2757 2421 ι
2788 2369 2900 2423 ilex
2924 2381 3052 2420 vero
3084 2364 3166 2418 his
3186 2359 3472 2431 promissis

1880 2468 2072 2522 hilaris
2095 2475 2150 2523 et
2176 2466 2355 2531 la:tus,
2389 2465 2538 2519 misit
2578 2463 2646 2518 ad
2683 2476 2871 2516 omnes
2910 2474 3037 2513 suos
3085 2456 3297 2518 ﬁdeles,
3332 2470 3468 2526 qua-

1884 2569 2043 2615 tenus
2089 2558 2339 2614 venirent
2371 2556 2438 2611 ad
2460 2570 2519 2611 se
2543 2553 2724 2610 hostili
2772 2564 3086 2621 congressu.
3120 2543 3471 2615 Conglubatis

1881 2652 2047 2721 igitur
2094 2650 2262 2707 totius
2298 2648 2545 2705 Francize
2570 2656 2626 2702 et
2652 2645 2977 2717 Burgundite
3006 2647 3225 2712 reperta
3265 2639 3467 2708 princi-

1881 2743 2061 2814 pibus,
2085 2741 2348 2805 occurrit,
2373 2748 2428 2794 et
2446 2736 2661 2793 obsedit
2687 2744 2850 2803 atque
2881 2733 3023 2805 cepit
3068 2730 3328 2785 Ebruicas
3375 2742 3465 2784 re-

1880 2835 2105 2905 pentino
2149 2831 2401 2889 conflictu
2431 2871 2446 2896 ,
2495 2829 2753 2900 deditque
2807 2843 2930 2884 eam
2981 2823 3241 2881 Tetboldo
3289 2820 3469 2892 gratia

1882 2930 2267 2989 conventionis
2292 2929 2593 2985 ultroneus.

2498 3033 2837 3075 APOSTBOPHA

2026 3111 2290 3179 Celebris,
2322 3110 2483 3180 digne
2518 3108 2733 3171 nobilis,
2762 3115 2925 3177 atque

2028 3204 2268 3262 Marchio
2296 3216 2564 3264 summus,
2600 3201 2817 3269 duxque
2852 3195 3139 3260 verendus,

2029 3298 2200 3354 Tutor
2234 3296 2389 3359 cleri,
2423 3294 2594 3364 plebis
2628 3302 2685 3348 et
2714 3301 2926 3356 auctor,

2030 3391 2234 3445 Rector
2263 3387 2468 3458 populi,
2501 3385 2682 3453 justus
2706 3394 2762 3440 et
2785 3384 2976 3449 almus,

2026 3481 2265 3552 Orphani
2292 3488 2346 3534 et
2373 3479 2578 3536 exsulis
2607 3477 3013 3543 irrevocantlur,

2031 3572 2214 3627 Vidn-ae
2251 3572 2562 3641 solatorque
2588 3569 2874 3640 benignus,

2024 3662 2291 3720 Fortuitis
2320 3677 2465 3717 nunc
2483 3661 2701 3716 casibus
2727 3658 2847 3714 istis

2031 3753 2181 3810 Velle
2204 3752 2504 3808 modestum
2536 3767 2643 3805 non
2685 3749 2978 3805 minuetur.

2026 3843 2174 3900 Neve
2199 3842 2474 3914 instigeris
2502 3840 2820 3904 dubitando,

2026 3934 2256 3990 Sibimet
2283 3934 2408 3988 dum
2444 3930 2743 3986 infortunia
2776 3937 3051 3993 crescunt,

2031 4026 2262 4097 Jamque
2284 4039 2446 4094 quem
2473 4023 2605 4079 colit
2631 4024 2771 4078 hunc
2801 4021 3003 4077 lacerat
3031 4032 3190 4086 acre,

2027 4116 2272 4188 Pyrrius,
2299 4124 2556 4177 aeternus,
2588 4113 2900 4177 refovendo,

2026 4210 2187 4265 Pater
2217 4218 2278 4265 ut
2314 4208 2554 4264 sobolem
2584 4222 2839 4263 recreans
2864 4204 3042 4260 dulce.

2027 4302 2157 4371 Qua:
2184 4304 2399 4374 peragis
2428 4318 2570 4356 nunc
2590 4315 2786 4371 perage
2807 4312 3040 4368 semper,

2028 4397 2161 4464 Quae
2185 4398 2431 4467 operaris
2461 4396 2623 4451 modo
2650 4396 2766 4450 haec
2795 4407 3042 4462 operare.

2030 4489 2174 4547 Urbs
2197 4490 2376 4553 ablata
2405 4490 2499 4544 tibi
2524 4503 2739 4560 quoque
2777 4486 2989 4554 furtim,

2025 4580 2149 4638 Tibi
2173 4580 2446 4646 reddetur,
2475 4580 2656 4650 judice
2680 4593 2914 4634 summo.

1960 4672 2263 4729 Richardus
2316 4673 2481 4743 igitur
2521 4672 2627 4726 dux
2672 4667 3223 4740 praepotentissimus,
3258 4670 3467 4724 subtta-

1888 4783 1994 4826 neo
2022 4768 2216 4823 horum
2243 4773 2536 4820 eventuum
2569 4778 2699 4818 casu
2745 4761 2918 4816 tristis
2964 4769 3020 4815 et
3070 4767 3317 4824 moestus,
3343 4772 3479 4813 con-

1887 4856 2102 4915 vocavit
2133 4854 2541 4910 rohustissimas
2579 4852 2821 4922 legiones
2870 4848 3279 4905 Northmannici
3317 4860 3479 4903 exer-.

1889 4952 2053 5016 citus,
2092 4948 2295 5018 ivitque
2323 4961 2487 5017 super
2516 4943 2864 5008 Tetboldum,
2891 4942 3064 4997 fretus
3096 4936 3475 4995 innumerabili

1887 5044 2109 5102 militari
2136 5058 2325 5107 manu,
2353 5039 2687 5112 depOpulans
2731 5046 2789 5094 et
2830 5035 3125 5092 Incendens
3166 5033 3473 5101 Caruoten-

1887 5154 2004 5195 sem
2050 5138 2468 5205 Dunensetnque
2502 5134 2779 5204 regionem
2826 5128 3090 5185 remeavit
3132 5124 3472 5194 imperterri-

1889 5238 1996 5286 tus.
2025 5229 2299 5300 Dispersis
2338 5226 2680 5296 reversisque
2720 5224 2789 5278 ad
2838 5236 2935 5276 sua
2982 5218 3240 5274 Riehardi
3294 5215 3475 5284 magni

1887 5323 2042 5379 ducis
2067 5320 2417 5379 exercitibus.
2452 5316 2748 5374 Tetboltlus
2791 5328 2974 5369 comes
3020 5308 3341 5382 conglobate
3373 5320 3476 5361 suo

1887 5414 2024 5471 clam
2051 5414 2318 5478 exercitu,
2366 5411 2594 5479 inrepsit
2632 5404 3075 5463 Nortlunannicis
3098 5401 3317 5467 ﬁnibus.
3335 5399 3469 5455 Cum

1888 5514 2067 5561 autem
2113 5505 2284 5559 relatu
2333 5502 2693 5573 quorumdam
2734 5498 3039 5554 Ricltardus
3087 5496 3194 5551 dux
3241 5506 3473 5564 magnus

1889 5597 2172 5653 didicisset
2216 5596 2360 5665 quod
2400 5593 2694 5649 Tetboldus
2732 5588 3188 5654 Nortltmannicos
3217 5590 3350 5641 lmes
3380 5599 3472 5653 ag-

1790 5736 1795 5741 .
1890 5691 2143 5760 gredicns
2168 5687 2477 5752 adveniret,
2503 5686 2644 5740 misit
2675 5683 2963 5761 quemdam
3002 5681 3328 5737 [Iit-bardum
3379 5694 3483 5747 qut

1892 5782 2048 5854 cujus
2078 5778 2440 5837 multitudinis
2465 5778 2739 5834 exercitus
2784 5785 2951 5847 esset,
2979 5774 3242 5831 velociter
3274 5780 3483 5826 rentur.
