4032 6398
540 323 701 400 735'

544 546 1233 615 morabatur,aggressus,
1295 542 1557 613 quosdam
1610 541 1823 596 illorum
1857 540 1927 595 ab
1969 555 2131 595 exer-

543 637 654 693 citu
686 644 1055 705 sequestratos
1093 632 1389 703 reperiens,
1434 630 1719 696 interimit,
1771 629 2127 687 Tetboldum-

544 742 651 797 que
676 726 930 781 comitem
980 725 1174 781 adesse
1218 724 1496 778 Ricbardo
1538 723 1661 778 duci
1703 722 2010 777 occisorum
2046 721 2130 775 in-

544 819 720 876 fectus
748 834 942 875 cruore
971 818 1322 874 renuntiavit.
1362 817 1564 874 Videns
1611 824 1793 872 autem
1828 830 1955 871 eum
1995 830 2126 870 san-

546 913 953 984 gninolentum,
1010 908 1236 981 ejusque
1283 924 1435 965 arma
1472 922 1669 963 cruore
1715 907 1966 979 perfusa,
2016 908 2124 962 dux

546 1016 776 1074 magnus
798 1003 1103 1059 Ricbardus
1132 1000 1269 1056 dixit
1297 996 1638 1054 adstantibus
1663 1017 1674 1052 :
1723 1014 1743 1050 ι
1764 997 1868 1053 ls'te
1894 1012 2128 1067 namque

545 1112 668 1152 cum
697 1097 812 1151 suis
856 1095 1103 1150 interfuit
1151 1093 1460 1158 certamini,
1493 1091 1737 1161 dixitque
1780 1090 1854 1146 illi
1883 1107 1896 1144 :
1928 1109 1947 1141 ί
1984 1090 2130 1156 Quot

544 1189 663 1257 ejus
713 1191 1047 1244 exercituum
1079 1185 1286 1242 millia?
1325 1199 1500 1253 quave
1526 1193 1681 1255 parte
1728 1182 1994 1252 Sequanae
2028 1197 2126 1252 ag-

545 1282 791 1350 greditur
835 1290 1019 1334 nostra
1074 1277 1345 1333 confinia?
1371 1296 1389 1329 ι
1431 1275 1770 1346 Respondit:
1829 1290 1847 1325 ι
1876 1272 2024 1339 Tria,
2054 1271 2130 1325 le-

546 1384 721 1440 vaque
748 1378 900 1440 parte
936 1369 1221 1438 Sequanae,
1267 1382 1388 1437 quze
1433 1375 1519 1422 est
1556 1363 1994 1430 Ebroicacensis,
2030 1378 2127 1418 oc—

546 1464 720 1517 currit
752 1463 1023 1518 hostiliter
1048 1462 1261 1517 nobis.»
1292 1462 1392 1517 Cui
1424 1461 1532 1517 dux
1559 1474 1828 1529 magnus:
1863 1457 1954 1512 «Si
1985 1472 2126 1527 prae-

545 1557 675 1611 lium
706 1566 894 1612 contra
919 1572 1039 1621 nos,
1069 1566 1163 1610 aut
1188 1556 1528 1611 obsidionem
1552 1554 1703 1608 urbis
1727 1550 1939 1608 Rotomi
1967 1564 2129 1622 agere

547 1648 808 1713 ambiret,
874 1647 1221 1714 altrinsecus,
1280 1662 1387 1717 qua
1436 1645 1641 1701 eminet
1693 1644 1852 1711 urbs,
1905 1643 2129 1700 feritare

544 1748 735 1794 contra
773 1755 873 1795 nos
903 1739 1257 1795 acceleraret.
1294 1739 1522 1805 Verum,
1558 1737 1682 1807 quia
1729 1737 1898 1792 altum
1926 1735 2131 1807 Sequa-

542 1846 629 1886 na:
654 1830 879 1901 pelagus
908 1830 1065 1885 nobis
1091 1839 1147 1884 et
1187 1829 1296 1885 illis
1328 1829 1669 1884 obstaculum
1699 1835 1899 1895 exstat,
1929 1842 2127 1883 naves-
2158 1809 2201 1869 Β

543 1936 651 1990 que
699 1922 897 1976 absunt
934 1920 1048 1987 illi,
1093 1921 1291 1991 quibus
1341 1929 1623 1985 transeat,
1678 1918 1985 1974 nullatenus
2027 1931 2127 1974 nos

542 2014 685 2070 bello
710 2015 981 2070 lacessere
1032 2014 1222 2080 tentat',
1251 2013 1345 2069 sed
1385 2014 1621 2084 patriam
1661 2020 1865 2066 nostra:
1908 2009 2130 2066 ditionis

546 2106 878 2176 depopulare
900 2115 1063 2175 atque
1102 2119 1347 2160 cremare
1369 2104 1541 2161 nostri
1573 2102 1789 2158 ruboris
1809 2100 2129 2158 confusione

543 2199 810 2253 atrociter
836 2195 1117 2252 deliberat.
1142 2196 1253 2252 Nos
1281 2212 1432 2263 vero,
1469 2197 1668 2266 quibus
1709 2195 1908 2251 adsunt
1936 2206 2126 2259 naves,

545 2289 738 2345 ascitis
785 2289 1124 2360 principibus
1174 2288 1380 2343 nostris
1434 2287 1503 2343 ad
1567 2286 1689 2342 illos
1742 2295 2127 2349 transeamus,

545 2380 795 2449 quodque
849 2381 960 2436 Deo
1006 2379 1275 2449 placuerit
1301 2379 1444 2434 inter
1466 2393 1565 2433 nos
1588 2378 1991 2449 experiamur.»
2032 2375 2129 2430 His

545 2473 744 2538 dictis,
794 2482 1160 2529 sacrosancta:
1186 2470 1481 2527 Genitricis
1532 2470 1627 2525 Dei
1678 2478 1868 2539 petens
1913 2467 2125 2533 aulam,

544 2580 818 2635 superque
872 2564 1044 2620 altare
1072 2565 1190 2635 ejus
1216 2563 1440 2634 pretiosi
1488 2562 1733 2617 muneris
1778 2574 1985 2632 ponens
2008 2559 2130 2629 pal-

544 2656 702 2723 lium,
735 2658 803 2713 ad
830 2645 1175 2727 profuturum
1202 2655 1435 2712 efficacis
1456 2655 1722 2711 orationis
1753 2652 1997 2723 confugit
2035 2667 2130 2706 au-

544 2746 759 2803 xilium.
794 2748 899 2804 Sed
926 2749 1087 2814 Deus,
1114 2748 1204 2817 qui
1234 2747 1487 2817 superbis
1516 2747 1744 2812 resistit,
1794 2744 2133 2814 humilesque

546 2840 804 2894 sublimat
832 2848 886 2894 et
911 2839 1096 2910 erigit,
1145 2838 1509 2894 humillimum
1553 2838 1763 2893 devotae
1805 2836 1923 2907 ejus
1953 2835 2132 2905 precis

545 2941 731 2986 votum
772 2931 1073 2987 exaudivit.
1120 2931 1415 2987 Tetboldus
1462 2944 1596 2985 vero
1636 2944 1820 2985 comes
1867 2927 2132 2983 malivola:

548 3021 868 3078 intentionis
893 3022 1169 3093 proposito
1208 3020 1610 3092 inalignabatur
1633 3019 1821 3074 feriter
1859 3018 1911 3073 iu
1939 3017 2132 3072 tellure

547 3113 1003 3171 Northmannica:
1036 3112 1422 3189 profectusque
1443 3119 1528 3167 est
1562 3110 1898 3179 constipatus
1925 3106 2129 3162 ferrata

548 3208 668 3263 acie
717 3209 997 3279 usquead
1043 3222 1199 3263 casas
1247 3205 1659 3261 llermentrudis
1698 3203 1861 3269 villae,
1892 3203 1945 3257 in
1976 3211 2134 3273 portu

548 3298 790 3356 fluminis
837 3299 1103 3371 Sequanae
1134 3298 1457 3354 altrinsecus
1485 3305 1674 3353 contra
1706 3295 1994 3350 Rotomum
2038 3309 2135 3363 po-

549 3392 690 3448 sitae.
724 3391 1034 3447 Richardus
1074 3406 1207 3447 vero
1256 3390 1501 3446 marchio
1552 3386 1964 3444 robustissimus
2005 3386 2138 3440 alte-

550 3484 668 3539 rius
694 3492 885 3555 portus
916 3484 1190 3555 navigium
1221 3484 1469 3556 expetiit,
1501 3491 1721 3551 totaque
1748 3488 1908 3535 nocte
1933 3478 2140 3549 Sequa-

551 3590 636 3629 nte
664 3584 1009 3630 transmeans
1057 3574 1296 3641 alveum,
1342 3589 1508 3645 super
1550 3572 1869 3629 Tetboldum
1901 3569 2140 3625 diluculo

552 3667 789 3733 irruens,
834 3667 1031 3722 bellum
1080 3676 1268 3723 contra
1319 3682 1441 3722 eum
1494 3681 1617 3722 cum
1660 3666 1850 3736 paucis
1899 3664 2040 3718 iniit.
2082 3662 2138 3717 ln

553 3762 732 3830 primo
758 3760 976 3830 quidem
1024 3775 1319 3831 congressu
1366 3758 1705 3821 certaminis,
1750 3756 2140 3827 praeliabantur

555 3851 851 3906 decurtatis
902 3850 1021 3904 telis
1046 3860 1101 3905 et
1129 3849 1361 3916 lanceis;
1415 3849 1656 3904 secundo
1703 3862 1835 3902 vero
1866 3846 2140 3902 mucroni-

556 3942 657 3996 bus
681 3941 945 3996 coruscis.
971 3941 1123 3996 Tunc
1152 3942 1370 3996 robusta
1400 3956 1590 3995 manus
1616 3939 2137 4006 Northmannorum,

556 4032 865 4100 conjunctis
905 4029 1355 4099 complicatisquc
1382 4030 1448 4083 ad
1479 4030 1708 4083 invicem
1752 4027 1971 4099 clypeis,
2023 4028 2141 4084 acie

557 4134 784 4175 corusca
845 4136 1164 4174 mucronum
1223 4119 1581 4191 aggrediens,
1635 4119 1841 4173 invadit
1900 4130 2141 4176 armatos

556 4211 944 4281 obstantesque
990 4211 1361 4278 Francorum,
1409 4222 1463 4267 et
1508 4221 1634 4267 ante
1684 4213 1877 4268 dextra
1907 4223 1962 4269 et
2006 4214 2139 4269 laeva

556 4299 826 4370 lacerans,
854 4312 1310 4374 prosternensque
1352 4312 1513 4374 atque
1561 4305 1905 4376 disrumpens
1938 4321 2139 4363 cuneos

557 4390 798 4447 hostium
847 4394 1041 4456 secuit,
1102 4394 1356 4464 cquitans
1398 4410 1562 4465 super
1616 4400 1886 4451 cadavera
1934 4397 2139 4452 occiso-

1472 335 1775 393 DUDO‘NIS
1815 332 2063 393 DECANI
2102 331 2161 387 S.
2207 330 2515 388 RUINTINI
2563 312 2933 391 νιῐιοῑιΑΝι).

542 455 725 511 tiarct.
776 453 868 510 Ille
918 468 1053 510 vero
1102 467 1167 510 ce
1187 453 1268 509 eri
1322 452 1611 523 equitatu,
1659 466 1768 521 quo
1829 449 2203 509 TetboldusA

2161 3156 2208 3223 ϐ

2841 463 3206 507 Αροετκονιλ.

2232 542 2465 600 Fet-vere
2492 545 2639 601 ccede
2668 560 2809 600 nova
2841 545 3010 601 silvas
3034 560 3365 618 camposque
3390 555 3650 619 patentes,

2228 634 2463 705 Corpora
2487 636 2794 692 tumtutum
2825 636 3053 707 pariter,
3085 637 3399 709 lacerosque
3418 639 3623 709 jacere,

2227 724 2450 781 Rustica
2474 742 2604 797 gens
2631 742 2770 797 quos
2801 727 3039 782 induviis
3066 726 3177 783 fera
3219 728 3566 798 dlspoliabat,

2226 821 2401 890 Atque
2427 825 2623 876 rubere
2648 837 2804 877 sacro
2830 830 3145 893 spumantes
3175 825 3442 895 sanguine
3468 826 3645 893 rivos;

2226 911 2457 983 Fingere
2480 927 2751 983 quemque
2781 914 2883 968 sibi
2914 914 3047 969 varii
3081 914 3397 970 discrimina
3440 915 3595 980 lethi,

2226 1002 2405 1073 Atque
2432 1019 2595 1073 super
2614 1021 2838 1076 gramen
2875 1006 3110 1076 tepidum
3152 1005 3364 1061 fumare
3387 1021 3671 1073 cruorem,

2226 1092 2668 1165 Bicbardumque
2692 1096 2882 1150 ducem
2909 1097 3136 1166 gratari,
3168 1106 3352 1169 strage
3392 1106 3642 1168 peracta,

2226 1183 2487 1240 Militibus
2525 1184 2684 1251 laetis,
2715 1201 2865 1242 esses
2896 1189 2939 1241 si
2977 1185 3135 1253 forte,
3161 1189 3393 1245 videres.

2298 1279 2537 1337 Tandem
2565 1297 2695 1337 vero
2722 1297 2905 1339 comes
2927 1284 3242 1352 Tetboldus,
3277 1285 3479 1358 fugatis
3502 1289 3818 1358 prostratis-

2226 1388 2332 1444 que
2362 1383 2526 1444 atque
2565 1375 2764 1430 occisis
2802 1375 3048 1432 fidelibus
3097 1380 3210 1434 suis
3241 1380 3504 1449 privatus,
3547 1379 3687 1448 fugae
3726 1396 3821 1436 ex.

2226 1466 2383 1536 petiit
2408 1466 2667 1522 auxilium
2694 1482 2816 1522 cum
2846 1469 3037 1539 paucis
3077 1470 3340 1537 velocius,
3355 1485 3459 1527 nec
3493 1471 3715 1527 divertit
3751 1474 3817 1526 ad

2228 1558 2537 1625 Ebroicam,
2564 1575 2727 1631 quam
2764 1560 2846 1615 sui
2893 1561 3168 1627 tenebant,
3195 1562 3407 1629 urbem,
3451 1561 3640 1617 citatis
3670 1562 3824 1631 cquis

2226 1650 2555 1707 calcaribus.
2617 1651 2811 1707 Merito
2863 1668 3100 1722 namque
3144 1654 3289 1708 beati
3336 1654 3675 1709 marchionis
3732 1655 3824 1710 lli-

2227 1741 2417 1797 cbardi
2461 1742 2841 1812 quadripartiti
2883 1743 3208 1799 detrimento
3232 1743 3323 1797 illo
3353 1743 3442 1799 die
3465 1742 3826 1799 infortunium

2230 1831 2530 1903 persensit;
2581 1832 2833 1889 videlicet
2888 1833 3073 1893 ﬁdeles
3117 1850 3245 1890 suos
3291 1835 3478 1906 prrelio
3520 1844 3828 1906 prostratos

2230 1921 2513 1990 conspexit
2538 1939 2551 1975 :
2581 1921 2695 1991 ipse
2719 1921 2935 1994 fugatus
2961 1932 3017 1979 et
3041 1922 3312 1981 laceratus
3334 1925 3571 1988 exstitit,
3608 1926 3825 1995 quidam

2229 2011 2372 2068 filius
2398 2010 2515 2080 ejus
2541 2022 2717 2069 morte
2756 2025 3167 2086 praeoccupatus
3193 2016 3448 2072 occubuit
3477 2030 3493 2070 :
3525 2016 3663 2071 urbs
3690 2015 3824 2071 Car-

2229 2104 2473 2159 notensis
2494 2113 2548 2159 et
2570 2104 2880 2175 prmsidimn
2906 2102 3024 2172 ejus
3052 2105 3174 2175 igne
3202 2116 3553 2162 concremata
3587 2108 3827 2163 funditus

2230 2195 2360 2251 ruit.
2389 2195 2695 2251 Ricbardus
2720 2209 2849 2250 vero
2871 2195 3115 2251 marchio
3140 2195 3380 2252 bonitate
3402 2196 3827 2261 famosissimas.

2230 2288 2531 2347 certamine
2557 2288 2874 2359 prolixaque
2896 2287 3279 2357 prosecutione
3307 2288 3548 2343 hostium
3572 2287 3829 2360 fatigatus

2228 2382 2519 2438 Rotomum
2551 2381 2769 2451 repetiit
2806 2381 3165 2451 vespertinus.
3212 2381 3461 2444 Diluculo
3484 2392 3671 2437 autem
3701 2397 3804 2438 con

2229 2489 2474 2545 surgens,
2503 2487 2754 2541 campum
2793 2472 2962 2542 prmlii
3006 2473 3349 2542 aggrediens,
3375 2481 3678 2527 sexcentos
3699 2489 3827 2543 qua-

2229 2567 2474 2637 draginta
2506 2574 2748 2620 mortuos
2778 2564 3076 2634 reperiens,
3112 2562 3300 2618 funere
3327 2572 3604 2618 tantorum
3630 2564 3830 2634 pietate

2228 2656 2526 2719 condoluit,
2570 2654 2785 2723 sepeliri
2834 2669 2927 2708 eos
2970 2651 3154 2723 jussit,
3198 2653 3351 2707 vivos
3392 2653 3567 2709 adhut
3625 2653 3826 2707 feretro

2231 2746 2428 2821 leniter
2461 2744 2526 2801 ad
2557 2746 2846 2800 Rotomum
2877 2745 3148 2815 deportari
3187 2753 3242 2799 et
3276 2744 3459 2800 sanari
3504 2743 3659 2799 fecit.
3686 2743 3828 2798 Prae

2233 2848 2383 2893 terea
2425 2836 2579 2892 lucos
2624 2836 2969 2907 paludesque
3007 2837 3296 2906 exquirere
3328 2836 3480 2902 fecit,
3524 2836 3832 2905 multosque

2233 2938 2481 2985 mortuos
2516 2938 2571 2984 et
2607 2928 2854 2998 plagatos
2900 2928 3125 2999 reperit,
3168 2928 3595 2998 quibuseadem
3633 2928 3835 2999 pietate

2233 3020 2554 3090 obsequium
2575 3020 2848 3090 praestitit.

2849 3125 3194 3166 Αροετιιοιιῐιλ

2238 3202 2462 3274 Gurgite
2487 3202 2718 3260 cmruleo
2744 3212 3008 3257 oeaua‘nre
3033 3209 3179 3256 meat
3206 3208 3496 3257 :rstuantts
3520 3217 3651 3256 amn
3678 3218 3732 3268 ς,

2238 3296 2305 3353 Et
2334 3306 2514 3352 movet
2537 3297 2780 3367 ingentes
2806 3293 3029 3365 pelagos
3058 3307 3190 3362 vaga
3217 3302 3537 3349 Clll‘SllallllS
3575 3304 3767 3360 :cstus,

2238 3388 2457 3443 Lambit
2483 3385 2788 3442 odoriferas
2810 3396 2865 3440 et
2891 3385 3134 3456 gramine
3162 3384 3450 3440 floridaute
3476 3386 3645 3455 ripas,

3535 3476 3767 3549 [ample,

2240 3572 2474 3628 Molliter
2520 3570 2951 3639 herbarumque,
2999 3583 3185 3624 comas
3232 3567 3372 3623 lavat
3427 3571 3571 3624 unda
3622 3582 3837 3638 pra-pes

2240 3664 2413 3736 Ipsam
2442 3678 2565 3720 cum
2597 3661 2820 3717 relluum
2855 3669 3071 3729 torquet
3107 3674 3258 3714 mare
3299 3660 3611 3714 detrimenti
3646 3658 3832 3719 aluxzo,

2242 3757 2525 3812 Detrusam
2562 3767 2862 3809 retrorsum
2890 3751 3147 3807 ﬂuctibus
3172 3751 3408 3821 aequoris
3440 3751 3725 3815 minantis,

2240 3848 2478 3918 Eptadus
2507 3845 2682 3900 ollicio
2713 3843 2978 3899 mutantia
3016 3842 3102 3897 vel
3139 3854 3416 3899 crementa
3454 3857 3698 3912 passum.

2242 3941 2510 3999 Umbroso
2537 3948 2594 3995 et
2620 3940 2803 3995 vestiti
2838 3938 3060 4009 palmite
3086 3937 3407 4008 praenitente
3437 3934 3603 3990 colles

2243 4035 2544 4092 Deliciosus
2570 4049 2701 4104 ager
2725 4033 3012 4100 vinetaque
3034 4030 3318 4085 continens
3346 4028 3596 4082 honesta.

2239 4128 2498 4185 Cursibus
2533 4127 2798 4181 undarum
2840 4124 3058 4196 irriguis
3108 4121 3241 4178 satis
3283 4120 3631 4188 emicantque
3659 4126 3830 4187 prata,

2242 4221 2384 4277 Urbs
2410 4239 2513 4292 qua
2551 4220 2878 4292 percelebris
2902 4235 3045 4274 nunc
3072 4218 3300 4272 liotome
3326 4216 3582 4287 pne-nites
3608 4214 3828 4277 decora,

2240 4311 2495 4367 Labentis
2515 4310 2768 4380 jocundis
2798 4311 2984 4365 usibus
3014 4308 3295 4363 allluentcr
3323 4306 3524 4372 amnis,

2241 4403 2417 4459 Merce
2439 4403 2637 4473 quibus
2659 4403 2791 4457 varii
2825 4413 3149 4470 componere
3177 4397 3401 4453 fmnoris
3428 4403 3593 4467 queat
3614 4410 3697 4449 se.

556 4496 701 4545 rum,
750 4491 1084 4539 condcnsum
1136 4500 1329 4554 agmen
1378 4487 1743 4552 obstantium,
1801 4487 2135 4558 rellcctitquc
2163 4499 2213 4560 ι)
2242 4493 2347 4548 Sed
2377 4495 2582 4547 munita
2620 4493 2781 4547 nimis
2809 4492 3000 4546 rutilas
3025 4491 3194 4557 magis
3220 4488 3403 4556 inclyti
3432 4486 3650 4554 patricii

553 4573 802 4645 praelium
850 4574 904 4630 iu
933 4591 1136 4632 cuneos
1182 4578 1306 4634 hinc
1362 4578 1489 4633 inde
1535 4580 1952 4635 remanentium.
2003 4580 2139 4636 llinc

553 4664 683 4721 hinc
705 4663 1167 4738 Fran'cigenarum
1214 4681 1424 4742 strages
1452 4670 1704 4738 efﬁcitur,
1736 4674 2138 4745 multigenaquc

555 4770 753 4812 manus
804 4762 1068 4815 multatur
1124 4771 1179 4817 et
1228 4762 1577 4818 interimitur.
1642 4764 2138 4821 Northmannorum

555 4860 794 4919 namque
858 4866 989 4921 gens
1037 4853 1293 4923 belligera
1342 4861 1399 4909 et
1440 4854 1605 4909 ell‘era
1653 4856 1966 4912 discurrens
2020 4873 2140 4927 per-

555 4947 706 5011 meat
748 4941 918 5010 prmlii
968 4943 1280 4999 discrimina
1328 4944 1475 4999 velut
1526 4945 1635 5015 lupi
1683 4960 1784 5015 per
1837 4946 2140 5002 bidentium

556 5032 749 5098 ovilia,
798 5032 1055 5091 occidens
1096 5044 1152 5090 ct
1188 5046 1544 5107 prosternens
1588 5039 1824 5093 hostium
1876 5041 2143 5096 severiter

557 5129 795 5198 agmina.
831 5127 1183 5185 Ricbardidis
1227 5131 1493 5201 siquidem
1544 5132 1877 5187 unanimiter
1927 5134 2136 5189 vocife-

558 5222 825 5289 rantibus,
882 5214 1327 5293 quodDicbardi
1376 5225 1556 5293 magni
1601 5224 1756 5279 ducis
1806 5232 1924 5280 erat
1971 5224 2140 5294 przelii

558 5321 820 5380 campus,
871 5312 1066 5368 fiducia
1119 5312 1403 5383 praeliamli
1455 5313 1683 5369 recessit
1733 5329 1763 5369 a
1805 5313 2142 5371 'l‘etboldidis

557 5402 836 5469 omnibus,
865 5405 1099 5475 vitaeque
1120 5404 1460 5461 conclamata
1491 5414 1575 5460 est
1606 5404 1771 5460 salus.
1802 5403 2047 5476 Quisque
2083 5421 2142 5461 se

557 5496 839 5552 liberando
863 5511 972 5567 quo
1015 5498 1252 5554 divertat
1289 5498 1524 5571 ignorat,
1564 5512 1779 5569 quoque
1822 5512 1881 5553 se
1920 5498 2142 5553 latitans

557 5589 880 5646 abscondat.
905 5591 1011 5646 Alii
1042 5592 1179 5649 lucis
1206 5595 1554 5650 concretione
1594 5591 1850 5648 fruticum
1905 5592 2145 5649 conden-

555 5682 653 5747 sis,
685 5682 776 5737 alii
808 5674 1094 5755 paludibus
1138 5685 1278 5751 alnis
1328 5687 1652 5759 populisque
1691 5685 1911 5742 densius
1952 5700 2143 5742 conra-

556 5774 752 5829 dicatis
800 5785 1069 5850 reponunt
1131 5794 1253 5849 se,
1289 5795 1359 5835 ne
1414 5777 1798 5835 occiderentur
1851 5791 1880 5832 a
1945 5775 2145 5835 North-

558 5879 788 5922 ‘:‘-'.nuts.

2241 4583 2496 4640 Richardi
2528 4585 2735 4638 meritis
2761 4592 2816 4636 et
2846 4586 3084 4636 moribus
3111 4590 3472 4649 undecunque
3499 4577 3687 4647 justis,

2240 4676 2341 4745 Qui
2365 4677 2581 4731 virtutis
2609 4674 3040 4746 inexpugnabilis
3078 4673 3321 4728 almitate
3348 4671 3564 4742 plenus,

2240 4767 2501 4838 Protegit,
2528 4766 2750 4830 eraltat,
2779 4772 2943 4819 temet
2971 4763 3130 4835 regit,
3159 4770 3215 4816 et
3237 4761 3426 4815 fovens
3465 4768 3673 4814 tuetur.

2240 4862 2386 4916 Auro
2405 4860 2526 4930 plus
2548 4867 2802 4914 constans
2828 4858 3011 4912 hostes
3037 4854 3206 4927 fugat,
3236 4855 3415 4909 obstat
3441 4853 3745 4923 arguitque,

2242 4953 2481 5009 Marcbio
2507 4952 2741 5022 duxque,
2762 4965 2944 5007 comes
2967 4947 3227 5004 mirabilis
3254 4955 3309 5003 et
3334 4946 3635 5015 stupendus
3667 4945 3821 5007 act's,

3522 5037 3739 5111 [destus

2241 5134 2684 5207 Prazdignusque,
2713 5136 2937 5207 probus,
2964 5142 3202 5196 sanctus,
3234 5133 3357 5201 pius
3396 5139 3449 5186 et
3486 5129 3683 5193 bonus,
3718 5144 3822 5182 mo-

2312 5227 2405 5283 llis
2430 5235 2484 5282 et
2507 5227 2813 5298 hujusmodi
2857 5224 3254 5296 triumphaliter
3296 5222 3553 5293 peractis,
3579 5223 3687 5274 dux
3720 5236 3824 5273 tua-

2242 5335 2380 5390 gnus
2426 5319 2731 5375 Richardus
2779 5319 3081 5389 praecipuos
3121 5330 3234 5370 sua:
3271 5316 3465 5369 domus
3516 5312 3725 5384 legatos
3763 5309 3825 5362 ad

2244 5410 2463 5466 Daciam
2493 5410 2745 5465 celeriter
2785 5408 2955 5471 misit,
2993 5415 3049 5460 ut
3085 5420 3215 5477 gens
3251 5402 3624 5459 robustissima
3663 5400 3825 5454 Daco-

2243 5519 2363 5558 rum
2388 5510 2694 5558 accelerato
2717 5502 2995 5573 juvamine
3024 5506 3369 5555 succurreret
3401 5496 3497 5550 illi.
3539 5496 3667 5551 Daci
3702 5508 3823 5548 vero

2242 5594 2329 5650 his
2353 5594 2712 5665 legationibus
2752 5592 2972 5659 hilares,
3009 5589 3578 5662 aptatis‘oneratisque
3605 5586 3823 5641 navibus

2243 5687 2515 5755 celeriter,
2570 5682 2961 5759 aggrediuntur
3003 5686 3288 5741 Rotomum
3338 5684 3676 5739 festinanter.
3716 5681 3821 5733 Dux

2245 5792 2379 5835 vero
2407 5769 2895 5848 constantissimus,
2942 5785 3103 5838 tanta:
3150 5773 3514 5833 multitudinis
3555 5769 3825 5839 principes
