4058 5406
216 185 321 244 757

646 186 737 243 DE
771 184 1016 243 GESTIS
1055 184 1484 241 ΝΟΒΜΛΝΝΙᾸΞ
1528 180 1769 241 DUCUM
1807 178 1987 234 LIBRI
2026 176 2228 234 TRES.
2269 208 2339 218 —
2378 176 2523 232 LIB.‘
2549 176 2635 232 lll.
2680 173 3101 232 RICHARDUS.

3383 174 3488 231 758

216 302 583 369 ωιιερῑςίειιε,
627 313 847 370 sumque
903 298 1289 369 indignationis
1336 295 1805 362 anituositatisque
1833 294 1878 353 Α
1910 285 2109 352 sitatis;
2128 278 2349 341 delubra
2366 284 2733 353 ecclesiasque
2751 283 3360 341 abincolisveneranter
3375 300 3494 356 pcr-

212 388 645 444 malivolentiam
690 388 969 444 vindicare
1021 388 1308 452 ambiens,
1364 395 1548 457 petere
1594 382 1806 440 Givoldi

210 480 418 536 fossam
460 479 646 549 jussit,
683 487 739 536 et
768 481 1056 536 devastare
1097 495 1219 551 qua:
1262 489 1420 535 erant
1457 477 1700 534 Tetboldi
1751 484 1807 532 et

211 572 382 642 regis.
417 570 543 626 Daci
575 584 702 626 vero
734 570 862 625 hinc
900 570 1182 635 abeuntes,
1212 584 1482 640 superque
1528 582 1710 637 regem
1753 575 1809 622 et

212 660 542 716 Tetboldum
569 661 1004 730 congredientes,
1051 662 1520 734 depopulabantur
1555 676 1676 731 quas
1722 673 1809 714 re-

209 752 504 821 periebant
547 751 938 808 indill'erenter.
992 752 1144 809 Villis
1190 755 1514 810 rusticorum
1556 754 1810 809 omnibus

211 842 532 908 devastatis,
578 844 890 898 suburbana
942 846 1324 911 incendebant,
1378 854 1542 916 atque
1587 843 1807 900 castella

211 935 622 1008 plurimabumo
667 945 825 991 tenus
866 936 1301 1007 prosternebant.
1342 936 1636 993 Obstantes
1704 933 1808 989 sibi

211 1024 515 1080 crudeliter
550 1025 889 1090 occidebant,
910 1034 1271 1095 ceteramque
1305 1041 1526 1080 manum
1560 1024 1810 1079 ﬂebiliter

215 1115 280 1171 ad
308 1130 481 1171 naves
518 1116 807 1171 vexabant.
851 1116 1136 1171 Desolatur
1179 1116 1321 1187 regis
1349 1127 1396 1172 et
1442 1115 1689 1172 Tetboldi
1717 1132 1812 1172 co-

212 1204 361 1265 mitis
389 1204 571 1259 omnis
613 1213 755 1258 terra
787 1203 981 1259 talibus
1025 1204 1270 1260 hostibus
1304 1204 1554 1275 nequiter
1588 1202 1806 1258 atllicta.

212 1294 421 1350 Fames
448 1294 722 1359 oboritur,
746 1294 871 1366 quia
902 1303 1045 1351 terra
1073 1304 1261 1351 aratro
1307 1312 1571 1365 nusquam
1607 1295 1811 1351 scindi-

212 1396 325 1441 tur.
381 1385 600 1452 Pervia,
629 1387 838 1457 vimque
876 1395 931 1442 et
976 1389 1184 1443 semitm
1226 1388 1570 1458 ignorantur,
1615 1389 1738 1458 quia
1778 1404 1810 1443 a

206 1479 429 1534 nemine
459 1479 699 1536 calcibus
744 1487 1069 1535 atteruntur.
1115 1478 1274 1536 Salus
1310 1495 1545 1551 spesque
1586 1489 1642 1536 et
1676 1480 1811 1535 ﬁdu-

201 1570 289 1624 cia
317 1585 350 1622 a
380 1568 616 1625 residuis
638 1568 1042 1635 conclamatur;
1079 1570 1204 1640 quia
1244 1572 1511 1627 universa:
1549 1571 1809 1642 pestilen-

1910 376 2151 441 lustrari,
2177 377 2603 447 mysteriumtjue
2635 373 2803 430 divini
2837 372 2995 428 cilicii
3017 373 3332 430 solemniter
3355 391 3491 430 cnn-

1909 467 2056 537 Spexi
2081 466 2378 532 celebrari;
2409 465 2671 535 quidquid
2701 478 2832 518 vero
2859 464 2926 517 ad
2965 464 3167 519 cultum
3194 480 3336 521 verte
3366 465 3493 525 ﬁdei

1908 558 2107 612 attinet
2138 557 2479 612 incessanter
2503 556 2751 626 exsequi,
2768 555 3054 611 christiani
3076 556 3314 611 nominis
3334 558 3491 613 tidem

1909 651 2271 722 augmentari.
2296 650 2404 704 Nos
2424 650 2711 704 atterimur
2734 649 2938 716 rapinis
2964 658 3020 703 et
3051 648 3335 712 incendiis,
3364 649 3494 718 quin

1909 742 2077 798 etiam
2124 741 2424 811 repentinis
2473 740 2993 810 uocturualibusque
3020 740 3240 795 casibus
3267 742 3493 806 mortis;

1908 842 1964 888 et
1990 833 2306 903 ignoramus
2355 833 2509 902 cujus
2535 832 2851 888 intentionis
2892 831 3293 901 propositohoe
3319 832 3497 888 scelus

1910 923 2236 980 detestabile
2289 924 2570 995 peragitur
2612 924 2788 979 nobis.
2860 922 2978 990 Quo
3032 922 3175 978 circa
3208 939 3499 994 precamur

1898 1010 2131 1082 iobuixc,
2155 1017 2311 1075 (lexis
2334 1019 2581 1089 corporis
2608 1018 2886 1086 animique
2914 1016 3228 1086 poplitibus,
3262 1026 3322 1071 ιιι
3342 1017 3498 1085 cujus

1912 1111 1991 1164 rei
2048 1125 2211 1164 causa
2258 1112 2358 1165 hoc
2392 1109 2728 1165 exsecrabile
2779 1106 3164 1160 detrimentum
3220 1106 3500 1161 Francicze

1910 1201 2089 1269 gentis
2118 1201 2419 1269 peragitur,
2454 1200 2609 1254 nobis
2639 1209 2689 1253 te
2714 1198 2785 1253 ob
2817 1198 2918 1252 hoc
2944 1200 3218 1269 aggressis
3248 1214 3500 1255 sermone

1911 1293 2165 1347 veritatis
2190 1292 2528 1347 rnucleetur.
2560 1313 2579 1345 ι
2610 1290 2761 1345 Tune
2784 1291 2894 1345 dux
2920 1290 3227 1346 liicbardus
3257 1307 3418 1345 verax
3444 1301 3502 1347 et

1903 1381 2082 1451 justus
2114 1403 2128 1438 :
2162 1402 2182 1436 ι
2217 1383 2563 1439 Memoresne
2598 1383 3010 1438 rentiuiscimini
3044 1394 3173 1438 ante
3230 1385 3497 1438 mulorum

1913 1490 2158 1531 meorum
2185 1486 2531 1544 peractorum
2570 1484 2624 1529 et
2655 1484 3071 1529 retractatorum
3098 1475 3332 1529 ?Nouue
3354 1475 3500 1529 frau-

1913 1565 2131 1621 dulenta
2181 1565 2426 1620 Tetboldi
2485 1565 2705 1620 comitis
2748 1567 3095 1636 suggestione
3150 1578 3377 1621 conatus
3417 1575 3503 1620 est

206 1658 295 1713 tia:
326 1659 626 1730 ignominia
656 1658 986 1731 aﬂliguntur.
1013 1639 1269 1716 Riebanli
1302 1678 1430 1718 vero
1456 1639 1634 1733 magni
1657 1663 1811 1719 ducis
1842 1639 1885 1700 Β
1912 1657 2096 1712 Bruno
2139 1659 2246 1712 dux
2297 1658 2668 1713 Lotbarieusis
2720 1673 2805 1712 me
2866 1657 3118 1728 decipere
3165 1658 3188 1712 ’ἓ
3229 1658 3500 1727 Numquid

206 1756 354 1802 terra
399 1749 570 1802 solida
616 1759 737 1803 erat
779 1759 835 1803 et
876 1750 1095 1819 quieta,
1140 1765 1239 1806 nec
1280 1751 1442 1806 ullius
1487 1752 1813 1808 calamitatis

204 1845 362 1905 peste
390 1836 616 1902 aﬂlieta,
650 1837 744 1892 sed
792 1838 949 1895 liberi
989 1840 1198 1895 arbitrii
1229 1840 1411 1896 labore
1449 1842 1518 1897 ab
1560 1842 1814 1897 omnibus

206 1927 539 1982 exercitata.
586 1928 826 1999 Quisque
874 1929 1099 1985 colonus
1144 1932 1286 2002 quod
1330 1932 1603 1987 ambiebat
1646 1932 1815 1988 libere

208 2020 430 2086 agebat,
461 2019 825 2087 pOSsibilitate
851 2035 965 2076 suae
997 2022 1287 2078 voluntatis
1320 2032 1594 2094 percepta.
1627 2023 1814 2081 Tantae

206 2108 587 2165 altercationis
623 2119 896 2181 tantaeque
947 2112 1117 2170 cladis
1151 2113 1592 2170 Nortlunannica:
1628 2124 1685 2170 et
1722 2132 1814 2172 ra-

205 2197 351 2267 pinas
410 2211 574 2256 nocte
619 2200 815 2271 dieque
864 2204 1165 2273 innumeris
1217 2206 1437 2262 casibus
1485 2222 1593 2263 uno
1641 2207 1839 2264 lustro

204 2304 346 2359 pene
373 2291 592 2358 aﬂlicta,
624 2297 882 2367 nequibat
914 2300 1147 2372 amplius
1186 2303 1319 2359 tanti
1352 2303 1635 2359 infortunii
1670 2305 1814 2361 ferre

209 2386 554 2442 discrimina.
583 2387 717 2449 Tota
745 2391 911 2461 igitur
946 2393 1061 2451 fere
1107 2394 1341 2453 Francia
1379 2396 1630 2453 Tetboldi
1672 2399 1814 2470 regi-

212 2477 350 2532 mini
379 2477 626 2547 subjecta
655 2481 724 2537 ab
753 2483 946 2541 incolis
988 2485 1407 2557 derelinquitur,
1453 2489 1700 2545 ecclesiae
1729 2489 1815 2546 bis

210 2568 435 2649 casibus
482 2571 758 2630 destitutae
783 2592 814 2630 a
841 2577 991 2634 nullo
1021 2577 1347 2635 Christicola
1376 2580 1809 2651 frequentantur.

210 2654 482 2716 Przesules
508 2661 675 2733 igitur
706 2666 871 2721 totius
905 2668 1150 2725 Francia:
1181 2669 1677 2728 Nortbmannorum
1717 2688 1813 2742 pa-

214 2765 486 2818 gannrum
517 2756 786 2812 saevitiam
814 2758 1057 2829 perpessi
1094 2772 1529 2817 convocavcrunt
1566 2773 1812 2817 sanetam

210 2841 500 2910 synodum,
536 2846 663 2915 quid
695 2858 919 2918 agerent
948 2853 1266 2919 scrutaturi,
1307 2853 1436 2923 quia
1471 2854 1689 2909 casibus
1732 2855 1815 2909 in-

209 2930 455 2986 numeris
496 2936 1016 3011 quampluribusque
1063 2943 1362 3009 incendiis,
1406 2944 1718 3015 rapinisque
1758 2957 1814 3002 et

212 3018 710 3089 deprtedationibus
778 3031 1133 3098 permaximis
1197 3034 1412 3099 vexati,
1463 3035 1816 3104 agitabantur
1842 3018 1885 3047 υ

209 3108 551 3170 Christicolae
584 3117 809 3188 subjecti
851 3123 1128 3192 periculis.
1173 3123 1468 3180 Tetboldus
1511 3142 1640 3181 vero
1689 3129 1814 3185 dolo

211 3202 576 3263 fraudulenta:
599 3208 941 3282 intentionis,
967 3218 1291 3288 suggerebat
1314 3216 1452 3273 falso
1473 3219 1816 3290 pontificibus

209 3304 269 3350 et
317 3296 578 3366 palatinis
621 3304 765 3371 quod
804 3320 904 3373 pro
933 3315 1077 3361 statu
1121 3308 1428 3377 reipublicae
1460 3316 1515 3363 et
1554 3309 1815 3366 ﬁdelitate

212 3387 360 3457 regis
428 3388 643 3459 agitans
704 3391 885 3465 jurgia
938 3397 1224 3451 rixabatur
1268 3413 1392 3453 eum
1442 3398 1715 3454 llichardo
1762 3408 1818 3456 et

212 3477 463 3547 paganis.
502 3479 751 3551 Episcopi
781 3493 994 3548 autem,
1023 3487 1239 3554 cognita
1266 3495 1316 3542 et
1351 3487 1534 3543 audita
1573 3488 1817 3545 bonitate

210 3569 554 3623 sanctissimi
585 3570 739 3628 ducis
765 3572 1045 3641 Riehardi,
1076 3578 1415 3633 mirabantur
1456 3594 1619 3650 super
1659 3580 1817 3637 dictis

216 3655 469 3713 Te:boldi
521 3663 759 3717 comitis.
803 3663 976 3735 llujus
1030 3666 1194 3737 igitur
1244 3668 1320 3722 rei
1362 3670 1541 3740 gratia
1583 3669 1815 3725 consulti

211 3746 586 3816 deprecantur
611 3749 1000 3809 Caruotensem
1027 3755 1336 3824 prassulem,
1374 3755 1527 3826 cujus
1561 3759 1814 3815 volunta-

211 3837 284 3891 tis
338 3846 487 3893 esset
535 3830 656 3894 dux'
686 3857 913 3914 magnus
962 3844 1268 3903 Ricbardus
1319 3849 1590 3905 sciscitari
1652 3866 1818 3921 super

214 3929 494 3999 peStifera:
518 3934 759 4001 penuria:
792 3936 1085 4007 ignominia
1114 3947 1169 3994 et
1209 3940 1554 3997 calamitatis.
1584 3941 1818 4000 Coactus

212 4029 397 4074 autem
422 4023 647 4077 monitis
671 4027 1135 4097 coepiscoporum,
1154 4031 1303 4086 misit
1327 4033 1612 4101 quemdam
1637 4050 1820 4089 mona-

210 4110 377 4165 chum
406 4112 475 4166 ad
506 4114 696 4169 ducem
733 4116 1082 4184 liichardum,
1116 4121 1206 4191 qui
1234 4123 1368 4177 dixit
1399 4124 1448 4178 ei
1490 4123 1649 4192 hujus
1674 4126 1821 4197 lega-

215 4202 383 4257 tionis
405 4204 720 4259 tnandatum
746 4222 759 4261 :
789 4227 807 4260 ι
844 4208 1194 4267 Carnotensis
1231 4214 1518 4284 episcopus
1543 4217 1637 4271 tibi
1662 4217 1820 4273 lidele

1913 1750 2265 1811 nonftlolosis
2308 1748 2677 1818 falsidicisquc
2725 1746 2967 1817 ejusdem
3014 1749 3233 1804 comitis
3263 1750 3502 1819 ambagi-

1912 1841 2015 1897 bus
2044 1856 2138 1895 rex
2162 1840 2456 1895 Lotltartus
2484 1840 2745 1910 deceptus
2775 1840 2994 1894 molitus
3020 1849 3105 1894 est
3133 1856 3217 1894 me
3251 1856 3501 1911 compre-

1914 1931 2151 1986 hendere
2192 1941 2285 1988 aut
2338 1932 2610 1995 occidere,
2655 1944 2816 1999 quem
2851 1931 2993 1985 Deus
3022 1931 3167 1985 eruit
3215 1947 3310 1986 sua
3351 1931 3502 2001 larga

1913 2024 2269 2081 miseratione
2318 2025 2341 2078 ?
2394 2023 2584 2079 Nonne
2636 2024 2778 2079 idem
2833 2039 3018 2079 comes
3070 2024 3330 2080 Lothario
3385 2026 3502 2097 regi

1915 2117 2205 2186 spopondit
2253 2114 2699 2170 Nortmanuicam
2759 2116 3071 2186 regionem,
3124 2117 3170 2171 si
3225 2116 3299 2171 illi
3348 2118 3505 2173 daret

1914 2202 2232 2270 Ebroieam,
2263 2221 2427 2275 quam
2452 2205 2612 2259 modo
2644 2212 2811 2269 tenet,
2843 2204 3119 2260 civitatem
3149 2206 3173 2260 ?
3204 2206 3499 2273 therum,

1914 2313 2095 2353 nonne
2117 2299 2409 2355 devastatus
2429 2310 2484 2355 ct
2508 2302 2802 2357 incendens
2848 2301 3125 2357 lacessivit
3154 2317 3239 2357 me
3278 2303 3344 2358 ad
3374 2318 3502 2373 por-

1918 2399 2030 2444 tum
2065 2388 2310 2457 Rotomi,
2339 2392 2659 2461 conglobata
2691 2392 2912 2447 immani
2938 2392 3238 2449 hostilitate
3259 2395 3281 2448 ?
3306 2413 3327 2446 ι
3353 2393 3505 2450 'l‘unc

1914 2482 2113 2553 przesul
2144 2500 2158 2538 :
2192 2502 2227 2537 Δι
2259 2483 2377 2539 Non
2407 2484 2457 2539 ei
2491 2485 2745 2540 talionem
2802 2485 3015 2540 debetis
3058 2486 3126 2540 de
3160 2486 3502 2554 blaSphema-

1917 2575 2063 2629 tione
2112 2573 2258 2631 illius
2309 2577 2734 2646 provocationis.
2768 2577 2874 2632 Sed
2911 2577 3000 2633 ille
3030 2592 3214 2633 comes
3236 2577 3412 2648 jactat
3441 2594 3502 2633 se

1915 2682 2221 2739 repugnare
2278 2678 2335 2723 et
2381 2668 2655 2725 relurtari
2691 2681 2881 2725 contra
2914 2679 2965 2725 te
2996 2671 3066 2725 ob
3093 2681 3295 2725 statum
3316 2686 3507 2726 sacro-

1915 2769 2118 2814 sanctae
2147 2759 2423 2825 Ecclesiae,
2448 2761 2639 2830 reique
2659 2761 2909 2831 publica}.
2933 2761 3327 2831 Qualicumque
3349 2762 3507 2818 modo

1917 2863 2012 2903 rex
2050 2849 2268 2904 scelesti
2297 2851 2501 2921 negotii
2528 2867 2587 2905 se
2644 2851 2862 2913 haheat,
2896 2856 3187 2921 precamur
3210 2853 3506 2922 impetrare

1916 2940 2068 3009 pacis
2095 2941 2453 3005 incrementa,
2491 2950 2546 2995 ιιι
2585 2941 2805 3013 gloriari
2868 2941 3050 2997 valeas
3084 2958 3206 2997 eum
3237 2944 3508 3013 episeOpis

1916 3038 1973 3084 et
2008 3045 2136 3099 rege
2173 3029 2456 3096 Lotbario,
2504 3032 2715 3101 ipsique
2746 3040 2803 3086 et
2831 3027 2948 3102 ipse
2986 3033 3055 3086 de
3083 3041 3137 3087 te
3170 3033 3265 3087 tali
3287 3037 3426 3088 duce
3449 3041 3506 3088 et

1916 3129 2147 3188 patrono
2169 3120 2652 3175 christianissimo.
2698 3140 2717 3173 ι
2754 3121 3061 3197 [tie-bardus
3091 3130 3272 3176 autem
3296 3138 3507 3192 purpo-

1918 3208 2258 3262 tentissimus
2311 3223 2710 3278 recognoscens
2734 3209 2939 3263 nullum
2970 3217 3079 3263 tam
3122 3209 3233 3265 Deo
3258 3221 3509 3281 accepta-

1915 3299 2025 3354 bile
2052 3300 2430 3355 holocaustum
2477 3309 2532 3355 et
2573 3300 2905 3356 sacriﬁcium
2944 3316 3107 3371 quam
3139 3302 3292 3371 pacis
3323 3301 3507 3358 inere-

1880 3446 1886 3452 ,
1917 3400 2184 3455 mentum,
2233 3391 2573 3460 diligeusque
2602 3401 2660 3446 ut
2698 3391 2898 3454 vivere,
2932 3392 3225 3461 paeilicare
3282 3392 3508 3448 Franci-

1918 3497 2041 3537 cum
2094 3490 2153 3536 et
2200 3481 2696 3537 Nortbmanuieunt
2752 3498 3000 3553 regnum,
3064 3498 3253 3538 verum
3314 3484 3510 3540 nolens

1918 3572 2294 3628 demonstrare
2335 3582 2557 3643 propter
2612 3573 2934 3629 Tetboldum
2989 3575 3187 3629 mentis
3230 3573 3506 3644 affectum,

1918 3662 2055 3718 dixit
2101 3663 2319 3733 praesuli
2353 3664 2690 3719 internuntio
2740 3665 3187 3736 coepiscoporum
3223 3681 3237 3719 :
3273 3684 3290 3719 I
3328 3666 3386 3722 Si
3411 3681 3510 3738 pa-

1918 3756 2098 3824 ganis,
2127 3757 2234 3811 buc
2288 3767 2512 3826 propter
2553 3771 2641 3811 me
2671 3758 2962 3828 aggressis,
3010 3758 3167 3829 pacis
3192 3759 3509 3817 felicitatem

1919 3845 2214 3917 impetrare
2266 3849 2491 3917 quivere
2538 3848 2750 3919 ignoro,
2805 3846 2966 3916 hujus
3001 3849 3080 3905 rei
3118 3850 3281 3905 causa
3309 3858 3511 3907 nutans

1923 3935 2120 3992 titubo.
2155 3938 2498 4009 Quapropter
2534 3940 2830 4008 assumptis
2872 3947 3046 4003 tecum
3082 3939 3355 4009 aliquibus
3383 3954 3509 3996 coe-

1920 4029 2266 4100 piseoporum
2307 4039 2363 4085 et
2421 4032 2811 4100 palatinorum,
2868 4034 3088 4105 aggredi
3144 4050 3231 4089 me
3282 4049 3404 4090 cum
3427 4035 3509 4090 sol

1921 4123 2241 4178 mediaverit
2294 4138 2535 4179 mensem
2588 4123 2822 4190 Maium,
2885 4125 3213 4194 interimque
3264 4122 3509 4181 conabor

1922 4229 2271 4285 compescere
2317 4216 2603 4271 blandiens
2637 4216 3040 4272 contumaciam
3081 4219 3316 4274 ferocem
3354 4232 3511 4276 arro—

212 4296 793 4387 orationumumunus.
837 4301 1023 4357 Ambit
1060 4319 1294 4374 namque
1331 4316 1382 4362 te
1416 4309 1657 4379 aggredi,
1702 4325 1820 4363 mu-
1849 4307 2164 4387 Dgantium
2209 4323 2567 4378 paganorum.
2620 4326 2639 4360 ι
2707 4307 2783 4362 Eo
2830 4317 3011 4362 autem
3061 4308 3190 4377 quid
3247 4309 3510 4364 audivita

218 4386 441 4457 tuisque
496 4385 748 4444 aﬂ‘atibus
804 4391 897 4446 tibi
948 4395 1336 4459 sermocinari;
1395 4397 1518 4453 ideo
1580 4400 1821 4470 postulat

219 4479 416 4533 ducem
448 4486 503 4533 et
534 4480 853 4536 advocatum
882 4482 1093 4540 itineris
1142 4487 1248 4553 sui,
1297 4488 1673 4560 viatoremque
1718 4491 1820 4551 sibi

221 4569 366 4635 dari,
397 4585 466 4624 ne
492 4568 631 4625 forte
659 4572 918 4629 devorent
948 4578 1390 4649 manducentque
1425 4595 1483 4636 se
1519 4585 1594 4635 ttti
1622 4570 1821 4639 diaboli

221 4669 276 4715 et
302 4659 438 4730 lupi.
471 4679 491 4712 ι
545 4659 642 4716 llis
682 4664 880 4720 auditis
925 4665 1232 4724 llichardus
1278 4670 1388 4724 dux
1435 4672 1822 4728 serenissimus

222 4751 537 4817 subridens,
565 4753 818 4824 misitqui
851 4759 1178 4813 conduceret
1198 4760 1265 4813 ad
1291 4775 1351 4815 se
1378 4761 1691 4832 episcopum
1717 4765 1824 4819 sal-

221 4858 347 4897 vum
369 4852 424 4899 et
454 4844 801 4900 ltICOIUllletll.
826 4848 1132 4905 Adveniens
1159 4866 1394 4921 namque
1426 4852 1517 4909 ille
1555 4854 1672 4909 iniit
1698 4854 1822 4912 duci

223 4949 427 5005 magno
475 4933 749 4991 Richardo
785 4954 798 4990 :
828 4956 847 4989 ι
888 4937 1282 5010 Μθιιιοροιῑιιιιιί
1328 4958 1450 4999 cum
1487 4946 1824 5018 coepiscopis

222 5024 506 5080 Ἐπιιιείοω
529 5027 706 5097 gentis
736 5027 833 5082 tibi
867 5030 1232 5087 indelirientis
1262 5048 1489 5089 munera
1534 5036 1821 5094 orationis.

222 5117 490 5172 Miramur
511 5134 743 5189 namque
765 5122 985 5192 stupidi,
1006 5139 1124 5179 cum
1154 5123 1334 5179 cultor
1357 5125 1451 5182 Dei
1474 5126 1825 5184 Christicola-

223 5222 333 5279 que
357 5210 659 5278 praecipuus
685 5211 740 5264 in
769 5218 880 5267 t0to
897 5214 1028 5271 orbe
1045 5206 1729 5289 nomineris,eurpagauos
1748 5220 1826 5276 iu-

225 5300 413 5353 sanite
433 5296 486 5352 in
510 5298 855 5356 Christianos
876 5306 1137 5388 severiter
1159 5307 1469 5374 permittis?
1487 5307 1827 5368 Transeunte

1922 4399 2198 4457 Ricbardo
2252 4418 2447 4473 magno
2495 4408 2652 4466 duce,
2702 4404 2814 4473 regi
2842 4412 2896 4457 et
2935 4404 3276 4474 coepiscopis
3303 4420 3507 4459 renun-

1925 4492 2124 4555 tiante,
2153 4494 2336 4547 statim
2380 4493 2770 4547 animadvertit
2817 4495 3191 4563 comperitque
3241 4494 3359 4549 sine
3408 4509 3513 4549 suo

1924 4582 2151 4637 consilio
2205 4582 2502 4638 Tetboldus
2549 4597 2734 4637 eomes
2774 4597 2962 4651 pacem
3016 4584 3339 4652 requisitam
3367 4582 3510 4639 esse.

1923 4672 2209 4744 Extemplo
2234 4673 2381 4729 misit
2423 4674 2713 4743 quemdam
2745 4676 3068 4730 monachum
3091 4674 3159 4727 ad
3187 4673 3380 4729 ducem
3404 4689 3513 4729 ma-

1924 4780 2087 4836 guum
2135 4763 2467 4818 Richardum
2492 4804 2508 4830 ,
2545 4763 3144 4832 subsequentia-verba
3202 4765 3512 4819 dicturam:

1930 4874 1949 4908 ι
1982 4856 2179 4911 Comes
2201 4855 2498 4912 Tetboldus
2531 4857 2624 4912 tibi
2675 4855 2863 4911 ﬁdeles
2900 4855 3217 4911 famulatus.
3251 4856 3521 4922 Quorum-

1926 4945 2048 5001 dam
2093 4946 2298 5000 etenim
2354 4946 2690 5003 Francorum
2735 4961 2906 5014 pravo
2943 4942 3173 5003 censilio
3214 4946 3522 5015 deceptum,

1920 5035 2201 5108 jurgatum
2237 5052 2358 5094 esse
2394 5050 2585 5096 contra
2614 5049 2667 5093 te
2713 5036 2832 5097 sine
2863 5052 2926 5094 re
2946 5047 3001 5094 et
3031 5035 3275 5090 rixatum
3306 5040 3533 5107 poenitet

1927 5144 1985 5185 se
2027 5136 2083 5184 et
2135 5125 2335 5185 fecisse
2372 5134 2518 5199 quod
2560 5129 2692 5185 fecit
2732 5127 2961 5198 malum,
3015 5134 3073 5182 et
3126 5128 3413 5194 proﬁtetur
3473 5144 3533 5186 se

1927 5222 2225 5293 quidquam
2284 5224 2415 5277 mali
2470 5224 2709 5297 amplius
2761 5236 2871 5277 non
2924 5226 3209 5281 facturum
3261 5224 3534 5288 Ambit,si

1925 5314 2080 5379 libet,
2114 5312 2213 5368 tibi
2237 5315 2511 5375 secretius
2545 5325 2603 5373 ut
2626 5327 2819 5370 servus
2843 5315 3082 5374 Domino
3104 5309 3544 5390 lari,reddeti|tle
