4032 6420
555 359 660 414 759

1502 346 1802 406 DUDONIS
1839 345 2092 402 DECANI
2131 343 2187 400 S.
2232 335 2934 411 QUINTINLVIROMAND

3717 331 3809 388 πω

558 469 705 524 valet
756 465 1017 524 resistere
1067 461 1288 519 saevitiae
1341 469 1506 517 tantae
1560 442 1941 523 multitudinis,
1969 469 2145 527 neque
2177 461 2222 518 Α
2251 467 2375 509 cum
2416 465 2562 506 0mm
2616 445 2938 520 supellectili
2968 451 3028 499 ut
3059 443 3275 514 jussum
3319 451 3436 501 erat
3467 443 3815 516 egredientes,

559 561 781 632 placare
812 573 934 613 eam
996 563 1256 625 congesto
1298 553 1477 614 pretio
1505 552 1673 608 totius
1716 551 1892 621 regni,
1923 550 2026 604 nisi
2052 563 2149 618 per

565 662 617 705 te
643 650 736 720 qui
769 650 1067 718 imperator
1087 661 1146 702 es
1167 644 1337 715 hujus
1369 644 1470 699 rei.
1510 642 1773 697 Precatur
1809 639 1964 696 ﬁexis
1997 641 2149 709 geni-

566 741 664 795 bus
715 740 962 809 corporis
1019 745 1076 794 et
1129 736 1317 800 animi,
1350 743 1409 788 ut
1461 733 1740 803 indulgeas
1792 739 2150 786 sacrosanctae

565 831 822 885 Ecclesiae
848 838 903 883 et
954 827 1214 882 desolatze
1276 825 1442 895 plebi,
1470 831 1526 878 et
1586 823 1794 878 habeas
1847 837 1906 876 se
1933 820 2146 876 ﬁdelem

567 921 830 976 famulum
862 919 978 982 tibi,
1008 931 1362 987 compescens
1391 914 1682 987 pestiferos
1713 913 1964 969 incursus
1990 912 2154 968 Daci-

566 1030 716 1084 genae
747 1012 1065 1068 ferocitatis.
1107 1030 1124 1061 ι
1158 1010 1465 1064 Richardus
1503 1021 1637 1062 vero
1673 1007 1782 1061 dux
1821 1005 1907 1061 his
1929 1004 2151 1069 auditis,

569 1107 734 1161 tacito
764 1104 958 1158 atfcctu
1008 1101 1204 1155 mentis
1235 1099 1344 1153 Deo
1369 1107 1550 1169 grates
1579 1096 1709 1165 egit,
1734 1095 2002 1151 monacho
2024 1109 2155 1164 quo-

567 1213 674 1269 que
712 1193 1034 1250 snbintulit:
1075 1211 1093 1244 ι
1139 1190 1341 1261 Siqua:
1369 1189 1610 1261 loqueris
1644 1202 1848 1244 verane
1875 1203 1997 1243 esse
2031 1203 2155 1258 pos-

570 1289 731 1346 sunt?
760 1307 777 1340 ι
806 1282 1104 1355 Respondit
1132 1301 1146 1336 :
1181 1301 1202 1336 ι
1235 1284 1398 1348 Vera,
1421 1291 1478 1337 et
1499 1296 1602 1337 non
1619 1281 1784 1352 gestit
1813 1280 1958 1334 aliud
1985 1280 2152 1334 bene-

573 1379 753 1433 ﬁcium
802 1373 1122 1446 promereri,
1175 1372 1408 1428 reddens
1459 1371 1912 1427 Ebroicacensem
1965 1369 2154 1425 urbem

573 1468 689 1530 tibi,
723 1465 826 1522 nisi
868 1479 1226 1536 perseverans
1263 1463 1599 1534 propositum
1635 1469 1742 1516 tua:
1770 1460 1998 1516 interna:
2021 1461 2155 1516 dile-

572 1559 797 1622 ctionis;
849 1564 908 1610 ut
933 1570 1034 1625 pax
1082 1563 1138 1612 et
1176 1553 1467 1610 concordia
1512 1551 1902 1608 indissolubilis
1937 1550 2158 1607 fcederis

572 1656 791 1704 maneat
830 1645 1110 1702 vobiscum
1160 1645 1370 1700 cunctis
1421 1643 1612 1698 diebus
1651 1643 1847 1713 quibus
1887 1643 2153 1698 vixeritis.

578 1739 873 1810 Venietque
917 1745 1082 1793 noctu
1127 1750 1250 1791 eum
1293 1735 1612 1790 secretariis
1641 1734 1777 1801 suis,
1821 1733 2035 1804 quando
2063 1733 2156 1788 tibi

2248 545 2519 600 miserunt
2576 545 2642 598 ad
2689 542 2882 598 ducem
2914 540 3247 596 Richardum
3292 548 3353 594 ut
3381 555 3501 595 eam
3539 543 3814 609 reciperet.

2250 635 2367 704 lpse
2421 644 2599 690 autem
2653 649 2773 689 eam
2831 631 3102 702 recipiens
3165 631 3532 686 abundantius
3575 631 3823 688 militibus

2238 711 2612 794 praemunivit,
2662 724 3016 794 omniumque
3062 723 3331 779 bonorum
3362 722 3643 778 afﬂuentia
3675 723 3822 780 hone-

2252 824 2403 872 stans
2423 814 2762 873 fecundavit.

2849 920 2985 961 ΔΑΡΟΒ
2992 920 3196 962 τῐιοΡιιΑ
3214 943 3229 960 ο

3469 997 3581 1071 [lus
3616 1008 3768 1056 ornet

2255 1092 2511 1149 Rusticus
2527 1092 2714 1149 inscia:
2749 1092 2865 1166 [pro
2891 1090 3140 1165 inscitiae]
3155 1106 3487 1164 quamquam
3501 1102 3706 1149 nostra:
3729 1105 3824 1165 sty-

2255 1184 2465 1241 Diversi
2500 1184 2668 1240 variis
2696 1184 2914 1256 generis
2937 1185 3130 1240 metris
3149 1199 3288 1255 opus
3313 1184 3484 1252 istud,

3619 1273 3762 1346 ique.

2258 1365 2614 1423 Prazvacuum
2652 1366 2841 1434 nimis,
2871 1367 3264 1438 indignumque
3289 1367 3434 1438 opis,
3491 1366 3630 1422 artis
3659 1369 3821 1438 inops-

2257 1459 2650 1530 Rhetoricique
2683 1459 2793 1517 favi
2826 1459 3118 1516 redolentis
3146 1461 3389 1516 nectaris
3415 1474 3634 1527 exsors,

2259 1552 2490 1608 Heroico
2515 1553 2698 1623 potius
2721 1561 2893 1608 metro
2917 1553 3122 1624 pollere
3143 1554 3392 1618 deceret;

2261 1643 2375 1699 lloc
2409 1643 2690 1713 Iugubrata
2721 1644 2906 1714 vigent
2938 1645 3066 1714 quia
3104 1643 3266 1700 fortia
3302 1644 3450 1700 facta
3478 1645 3745 1700 virorum.

2260 1733 2361 1788 llic
2397 1748 2522 1788 nam
2572 1734 2658 1787 vir
2705 1732 2881 1800 fortis,
2914 1743 3194 1798 constans,
3225 1734 3482 1790 robustus
3511 1735 3568 1790 in
3590 1737 3765 1788 armis.

571 1831 858 1902 placuerit,
891 1843 1056 1886 causa
1083 1827 1244 1898 hujus
1272 1824 1497 1896 negotii,
1522 1825 1589 1879 ad
1621 1825 1825 1882 mmnia
1859 1825 2157 1880 Rotlioma-
2193 1826 2233 1884 B
2265 1825 2549 1890 Paciﬁcus,
2573 1825 2773 1890 bonus,
2798 1834 2960 1895 atque
2988 1825 3212 1896 probus,
3240 1827 3381 1897 pius,
3408 1826 3530 1896 ipse
3552 1826 3822 1881 modestus.

575 1924 754 1992 gensis
791 1921 963 1985 urbis,
993 1921 1309 1975 ﬁrmaturus
1342 1924 1687 1974 sacramento
1713 1932 1856 1972 verae
1887 1915 2010 1971 ﬁdei
2041 1930 2160 1985 qua:

576 2013 673 2068 tibi
703 2011 966 2083 suggessi.
1007 2029 1026 2064 ι
1084 2009 1236 2066 Tunc
1275 2008 1617 2064 Ricbardus:
1648 2027 1667 2060 ι
1704 2009 1797 2063 Dei
1829 2007 1933 2062 ﬁde
1959 2022 2066 2077 qua
2087 2006 2162 2061 vi-

575 2106 752 2160 vimus
772 2114 826 2159 et
852 2113 1190 2173 vegetamur,
1221 2101 1505 2170 tenaciqne
1542 2101 1716 2156 nostri
1743 2099 1948 2155 tenoris
1976 2101 2160 2153 ﬁrma-

578 2206 761 2252 mento
804 2196 1173 2252 collaudamus
1220 2202 1279 2248 ut
1323 2193 1508 2248 veniat
1559 2194 1627 2248 ad
1678 2208 1798 2258 nos,
1867 2192 1911 2248 si
1948 2191 2159 2247 libitum

570 2289 762 2357 fuerit,
791 2289 875 2347 bis
904 2288 1075 2345 tribus
1109 2287 1404 2343 transactis
1429 2287 1643 2352 diebus,
1683 2297 1739 2341 et
1773 2294 2163 2342 connectamus

580 2379 963 2437 fmderanullo
1005 2394 1136 2434 casu
1178 2377 1462 2443 solubilia;
1498 2369 1601 2433 sed'
1616 2376 1895 2448 perpetuis
1917 2385 1970 2430 et
2006 2375 2162 2430 inex-

582 2475 921 2532 tricabilibus
954 2473 1163 2544 legibus
1190 2471 1586 2527 conservanda.
1630 2490 1648 2522 ›
1686 2470 1981 2525 Monachus
2013 2483 2165 2523 nam-

580 2584 687 2640 que
724 2583 845 2638 quze
887 2565 1093 2622 audivit
1124 2563 1390 2620 Tetboldo
1439 2562 1625 2618 comiti
1667 2561 2020 2616 renuntiavit.
2046 2560 2166 2630 Ipse

582 2668 763 2714 autem
795 2658 950 2712 laetus
977 2665 1031 2711 et
1061 2655 1254 2710 hilaris
1307 2668 1470 2722 super
1495 2651 1869 2723 hujuscemodi
1895 2652 2169 2707 renuntia-

583 2749 674 2814 tis,
733 2749 923 2804 diebus
968 2755 1051 2800 ter
1092 2745 1306 2800 duobus
1352 2743 1661 2806 transactis,
1692 2741 1843 2798 venit
1873 2741 2163 2796 Rotomum

584 2849 749 2896 noctu
777 2855 900 2895 cum
930 2838 1044 2893 suis
1074 2835 1411 2892 secretariis.
1446 2835 1684 2905 Uterque
1714 2834 1907 2888 horum
1936 2841 1995 2887 ut
2026 2832 2166 2888 alte-

587 2948 706 2991 rtnn
737 2929 1039 2999 conspexit,
1071 2928 1266 2983 obvius
1301 2926 1534 2996 quisque
1557 2925 1818 2989 cucurrit,
1853 2924 2166 2993 amplexan—

587 3033 778 3092 tesque
806 3035 866 3075 se
895 3019 1130 3074 invicem
1187 3017 1369 3072 oscula
1396 3016 1654 3079 libarunt,
1685 3030 2004 3084 sessumque
2034 3016 2169 3082 peti-

2262 1915 2601 1988 Magniﬁcus,
2645 1917 2892 1982 meritus,
2921 1917 3236 1987 praecelsus,
3262 1918 3485 1982 nobilis,
3511 1918 3706 1972 almus.

2260 2007 2520 2079 lnclytus,
2543 2010 2820 2079 egregius,
2845 2009 3128 2074 mirabilis,
3158 2019 3323 2078 atque
3348 2011 3600 2065 decorus.

2265 2096 2551 2164 Maximus,
2580 2099 2835 2164 eximius,
2863 2099 3201 2169 praecellens,
3232 2100 3737 2170 magnanimusque.

2262 2188 2597 2259 Praecipuus,
2615 2189 2816 2258 justus,
2846 2201 3088 2256 sanctus,
3109 2191 3466 2261 humilisque,
3493 2201 3767 2246 venustus.

2263 2280 2556 2351 Propitius,
2601 2281 2762 2347 lenis,
2804 2293 3143 2348 mansuetus,
3186 2283 3354 2348 mitis,
3383 2283 3638 2338 acerbus.

2265 2372 2634 2443 Longanimis,
2664 2373 2921 2442 celebris,
2961 2375 3240 2442 solemnis,
3266 2375 3548 2442 amabilis,
3583 2384 3742 2444 atque

3632 2465 3771 2537 lque-

2267 2556 2538 2624 Cletnens,
2592 2557 2898 2628 indulgens,
2955 2572 3239 2624 misereris,
3272 2555 3542 2614 scelerum
3593 2559 3836 2628 puniens-

2266 2649 2574 2716 Protcctor,
2603 2667 2825 2717 censor,
2856 2660 3023 2718 tutor,
3057 2651 3286 2721 largitor
3312 2651 3602 2706 honorum.

2271 2747 2517 2803 Prudens
2536 2757 2592 2802 et
2620 2748 2860 2817 sapiens,
2895 2747 3176 2811 industris,
3207 2761 3428 2817 gnarus,
3461 2745 3718 2800 enormis.

2271 2837 2620 2909 Linguarum,
2650 2840 3094 2908 diversarumque
3114 2837 3292 2893 sciens
3311 2837 3610 2908 regionum.

2270 2930 2546 2996 Attentus,
2576 2930 2784 2995 docilis,
2811 2931 3063 3000 cupidus,
3092 2929 3392 2999 sitiensque
3425 2929 3707 2984 bonorum.

2275 3018 2549 3085 Miriﬁcus,
2579 3020 2809 3084 stabilis,
2836 3020 3038 3084 suavis,
3073 3019 3336 3090 ﬁdusque,
3370 3019 3568 3075 ﬁdelis.

587 3122 799 3167 verunt.
819 3111 971 3165 Tunc
995 3109 1146 3180 prior
1172 3107 1467 3163 Tetboldus
1494 3125 1508 3159 :
1537 3125 1556 3157 ‹
1579 3107 1658 3161 Ad
1677 3117 1821 3160 tuam
1842 3105 2166 3158 inell‘abilem
2208 3174 2236 3180 μ
2275 3109 2645 3178 Tranquillus,
2677 3111 2940 3178 placidus,
2966 3110 3141 3175 laetus,
3175 3111 3292 3164 sine
3315 3111 3481 3174 nube,
3513 3124 3760 3164 serenus.

587 3205 846 3274 pietatem
895 3174 1123 3272 supplex
1171 3214 1351 3264 venio,
1393 3200 1518 3268 quia
1580 3207 1670 3251 tua
1731 3198 2076 3252 miseratione
2115 3203 2171 3250 CI.
2273 3174 2567 3267 Jocun—dus,
2594 3174 2788 3266 dulcis,
2814 3203 3168 3273 blandusque,
3198 3201 3428 3259 affabilis
3453 3203 3622 3259 omni.

561 3294 685 3350 .Dei
733 3293 1118 3364 propitiatione
1157 3290 1399 3346 omnium
1456 3288 1689 3361 indigeo.
1751 3286 1996 3342 Ustnlata
2044 3297 2170 3341 sunt

590 3387 918 3454 ubicumque
945 3365 1216 3438 terrarum
1239 3396 1358 3450 qua:
1374 3380 1646 3450 possideo,
1666 3380 2000 3448 habeturque
2017 3379 2171 3434 tellus

592 3478 698 3533 mei
729 3476 872 3544 juris
910 3475 1074 3530 veluti
1131 3475 1378 3544 quaedam
1411 3473 1666 3528 solitudo.
1693 3472 1900 3526 Idcirco
1929 3487 2047 3541 quae
2076 3471 2170 3526 tibi

590 3567 863 3637 suggessit
919 3565 1219 3620 monachus
1264 3563 1486 3633 exsequi
1520 3563 1753 3617 libenter
1782 3577 1900 3617 sum
1928 3571 2169 3631 paratus.

591 3654 966 3724 Pra‘judicium
991 3668 1152 3708 omne
1172 3654 1274 3708 mei
1318 3652 1527 3708 consilii
1555 3661 1610 3707 et
1639 3653 1764 3707 facti
1791 3653 1884 3706 tibi
1915 3653 2168 3707 emenda-

589 3749 692 3813 bo;
729 3747 996 3818 hujusque
1021 3745 1097 3799 rei
1123 3745 1296 3814 gratia
1323 3745 1478 3814 quasi
1522 3759 1620 3813 pro
1644 3743 1910 3798 beneﬁcio
1937 3742 2030 3796 tibi
2061 3757 2174 3796 ser—

591 3841 744 3894 viens
775 3839 1039 3903 militabo;
1062 3836 1454 3891 Ebroicaceuse
1482 3844 1722 3889 castrum
1749 3833 1842 3888 tibi
1870 3831 2174 3887 voluntarie

592 3932 780 3996 reddo,
811 3932 1132 4000 veniamque
1151 3938 1205 3984 et
1235 3929 1620 4000 indulgentiam
1671 3936 1775 3981 tuae
1807 3926 2174 3980 miserationis

594 4021 896 4093 promereri
954 4020 1180 4090 supplex
1237 4019 1472 4088 postulo,
1525 4018 1669 4086 quod
1723 4025 1914 4071 contra
1962 4025 2013 4069 te
2047 4016 2174 4070 illud

597 4113 764 4166 tenui.
799 4131 817 4164 ι
855 4111 1025 4181 llujus
1055 4109 1384 4176 humilitatis
1411 4108 1696 4183 devotione
1734 4105 2038 4160 Ricliardus
2069 4108 2176 4158 dux

593 4217 821 4272 magnus
861 4199 1292 4254 misericorditer
1345 4206 1528 4252 mente
1579 4197 1860 4260 subactus,
1897 4195 2176 4265 respondit

596 4291 858 4348 Tetboldo
883 4290 1067 4346 comiti
1093 4289 1428 4344 humillimus
1459 4305 1472 4340 :
1507 4306 1523 4339 ι
1561 4287 1690 4342 Sine
1712 4285 1899 4341 obside
1919 4294 1973 4340 et
1993 4300 2178 4340 sacra-

595 4391 781 4438 mento
813 4382 936 4436 ﬁdei
961 4395 1094 4435 mea:
1130 4382 1236 4436 huc
1269 4379 1665 4434 nihiltitubans
1695 4379 1999 4443 accessisti,
2033 4392 2179 4447 qure-

596 4487 831 4543 cumqne
865 4471 1098 4543 requiris
1149 4471 1482 4541 impetrabis.
1522 4471 1805 4526 Continui}:
1833 4470 1982 4541 pacis
2011 4469 2179 4525 felici-

599 4573 764 4619 tatem
818 4563 1064 4628 habebis,
1113 4578 1274 4619 nemo
1327 4578 1570 4619 meorum
1628 4565 1722 4619 tibi
1774 4573 1829 4619 et
1887 4564 1994 4620 tuis
2039 4563 2178 4619 ultra

598 4653 828 4723 injurius
852 4662 908 4709 et
936 4669 1145 4709 nocuus
1169 4654 1296 4709 erit.
1329 4654 1440 4724 Ego
1466 4669 1595 4710 vero
1623 4655 1822 4710 abhinc
1854 4663 1997 4720 tuus,
2039 4655 2180 4710 sicut

601 4754 654 4798 tu
699 4758 875 4809 meus,
909 4753 1206 4812 mutuoque
1255 4744 1563 4799 communis
1605 4743 1789 4798 auxilii
1841 4743 2177 4809 interventu,

599 4838 928 4894 ﬁducialiter
968 4837 1208 4891 vicissim
1260 4837 1519 4892 solemur.
1573 4837 1697 4891 Fiat
1746 4853 1852 4908 pax
1902 4838 2176 4907 opulenta.

599 4930 814 4999 requies
863 4929 1135 4999 jocunda,
1195 4930 1462 4984 serenitas
1513 4929 1824 4998 tranquilla,
1887 4931 2179 4985 concordia

597 5023 742 5078 inter
784 5036 884 5076 nos
937 5021 1150 5075 stabilis
1175 5029 1230 5074 et
1275 5021 1540 5090 perfecta,
1574 5037 1670 5090 per
1699 5022 1916 5076 decreta
1950 5022 2180 5076 inextri-

597 5113 819 5168 cabilia.
843 5132 861 5165 ι
878 5112 1252 5183 Allatisigitur
1267 5122 1578 5168 sanctorum
1599 5114 1909 5184 pignoribus
1934 5114 2181 5170 fmilerati

600 5213 749 5259 sunt.
793 5204 1059 5258 Similiter
1114 5205 1396 5273 utriusque
1440 5206 1656 5260 comitis
1715 5205 2012 5260 consiliarii
2067 5206 2184 5261 haec

600 5295 792 5348 eadem
847 5308 989 5348 verte
1044 5295 1168 5348 fidei
1204 5303 1547 5350 Sacramenta
1574 5295 2003 5349 auctorizarunt.
2032 5296 2186 5350 Tunc

602 5383 910 5436 Richardus
937 5384 1179 5438 inarchio
1209 5384 1564 5456 largissimus,
1610 5388 1925 5441 muneribus
1952 5396 2005 5441 et
2030 5388 2187 5442 donis

600 5472 973 5544 prannaximis
1027 5488 1150 5527 eum
1193 5473 1474 5530 afﬂuenter
1518 5476 1828 5531 honoravit.
1860 5478 1977 5547 lpse
2003 5489 2185 5533 autem

580 5570 790 5636 Voptato
819 5562 1003 5617 osculo
1025 5572 1079 5618 et
1114 5564 1363 5633 amplexu
1417 5565 1725 5620 desiderato
1765 5565 1953 5622 fruens
1982 5567 2188 5625 disces-

601 5663 698 5719 su,
753 5655 1053 5724 eademque
1109 5643 1269 5710 noete
1315 5658 1583 5712 secretius
1618 5658 1916 5713 Carnotum
1946 5661 2182 5728 repetiit.

605 5748 725 5820 Ipso
767 5764 1002 5821 namque
1053 5750 1140 5808 die
1173 5750 1504 5809 Tetlioldidte
1529 5752 1597 5807 ab
1640 5753 1773 5811 urbe
1802 5754 2185 5813 Ebroicacensi

2274 3295 2525 3356 Facetus,
2567 3293 2717 3356 felix,
2751 3294 2994 3363 frugalis,
3017 3294 3410 3363 juridicusque.

2276 3385 2591 3449 Formosus,
2622 3386 2792 3451 dives,
2819 3385 3074 3456 locuples,
3106 3394 3160 3441 et
3203 3385 3572 3440 muniﬁcator.

2276 3474 2440 3530 Dulce
2465 3485 2626 3545 caput
2653 3476 2854 3545 populi,
2893 3491 3016 3546 spes
3037 3487 3090 3532 et
3117 3476 3308 3531 ﬁducia
3335 3475 3498 3546 plebi.

2277 3564 2564 3632 Procerus,
2592 3566 2942 3636 pulcherque,
2975 3566 3211 3637 elegans,
3245 3567 3416 3621 forma
3457 3564 3754 3634 speciosus.

2276 3654 2380 3711 Pes
2405 3655 2618 3722 claudo,
2658 3665 2713 3710 et
2737 3655 2926 3711 oculus
2963 3672 3130 3722 cmco,
3159 3657 3494 3727 baculusque
3521 3656 3752 3720 labanti,

2277 3747 2436 3801 Omni
2465 3747 2742 3802 sufﬁciens
2773 3756 2932 3817 potus
2959 3748 3106 3818 large
3135 3749 3360 3803 sitienti.

2280 3839 2430 3894 Esca:
2451 3839 2728 3909 prailargai
2759 3848 2814 3894 et
2849 3840 3014 3895 variae
3036 3841 3190 3896 cibus
3219 3841 3504 3896 esurienti.

2277 3931 2556 4000 Pauperis,
2583 3931 2805 3997 exsulis,
2827 3940 2881 3985 at
2896 3932 3072 4002 inopis
3083 3942 3365 4001 susceptor
3385 3932 3646 3988 enormis.

2280 4022 2563 4077 Protector
2592 4023 2787 4087 viduae,
2814 4024 3014 4093 conqu
3043 4024 3188 4079 velut
3209 4035 3372 4094 atque
3399 4025 3648 4078 maritus.

2282 4114 2498 4171 Solator
2525 4131 2843 4188 regumque.
2875 4118 3096 4182 ducum,
3136 4132 3450 4186 procerum,
3473 4117 3848 4186 comitumque.

2283 4207 2416 4261 Dum
2440 4207 2640 4262 mundo
2660 4208 2846 4277 viguit;
2875 4208 2954 4262 sic
2978 4209 3229 4263 omnibus
3249 4210 3428 4263 omnia
3451 4208 3650 4273 factus,

2281 4295 2474 4352 Olfecit
2491 4297 2674 4364 nullis,
2703 4299 2934 4354 certavit
2960 4298 3179 4369 profore
3201 4299 3437 4354 cunctis.

2352 4387 2448 4443 His
2473 4389 2547 4444 ita
2576 4402 2799 4446 secrete
2814 4401 3079 4460 cauteque
3106 4393 3353 4463 expletis,
3383 4394 3629 4448 marchio
3652 4394 3849 4461 duxque

2284 4479 2516 4536 celebris
2556 4496 2775 4536 scenam
2801 4483 3108 4538 Richardus
3131 4485 3282 4538 mirae
3301 4485 3680 4554 amplitudinis
3709 4495 3846 4552 atque

2281 4569 2637 4640 longitudinis
2681 4586 2846 4642 super
2878 4573 3051 4642 ripam
3099 4572 3310 4628 Givoldi
3357 4574 3513 4629 fossa:
3531 4573 3700 4642 jussit
3730 4573 3845 4632 ﬁeri,

2282 4660 2337 4716 in
2395 4663 2630 4717 adventu
2687 4662 3050 4732 palatinorum
3111 4665 3531 4735 pontiﬁcumque
3591 4665 3847 4720 Francica:

2286 4751 2484 4822 gentis.
2556 4753 2930 4811 Determinato
2982 4755 3147 4825 igitur
3201 4766 3444 4826 tempore
3491 4757 3661 4810 iduati
3717 4755 3846 4819 maii,

2285 4841 2628 4898 inﬂammatis
2652 4844 2860 4900 scilicet
2881 4847 2950 4901 ab
2971 4857 3237 4902 aestuante
3269 4849 3384 4903 sole
3407 4848 3678 4913 Geminis,
3711 4860 3846 4902 vene

2285 4943 2414 4987 runt
2438 4935 2614 5004 gratia
2643 4935 2997 5006 impetranda:
3045 4939 3194 5009 pacis
3220 4941 3287 4994 ad
3316 4939 3647 4995 Richardum
3678 4944 3844 4996 ducem

2286 5039 2544 5094 magnum
2579 5025 2704 5081 illuc
2731 5027 2955 5096 palatini
2987 5045 3108 5084 cum
3138 5031 3423 5100 episcopis,
3450 5047 3655 5101 eosque
3678 5032 3845 5085 decen-

2288 5121 2371 5168 ter
2401 5123 2457 5168 et
2479 5126 2809 5171 veneranter
2838 5119 3031 5188 recipi,
3075 5120 3530 5190 scenisquejuxta
3566 5121 3842 5175 mirabilem

2287 5219 2506 5260 scenam
2564 5207 2744 5272 factis,
2797 5208 2962 5278 jussit
3007 5211 3295 5281 hospitari.
3348 5213 3597 5266 Crastina
3634 5222 3844 5276 namque

2288 5303 2374 5358 die
2426 5303 2705 5358 venientes
2753 5315 2879 5359 ante
2929 5307 3118 5362 ducem
3177 5307 3524 5372 Ilichardum,
3575 5308 3843 5360 inzulcrnnt

2287 5393 2334 5446 ei
2368 5406 2434 5445 ex
2462 5403 2616 5462 parte
2643 5393 2977 5449 Francorum
3032 5397 3214 5451 munia
3243 5397 3476 5451 ﬁdelium
3509 5397 3838 5450 famulatuum

2288 5495 2340 5540 et
2363 5486 2698 5551 orationum,
2742 5496 2797 5540 et
2829 5488 3080 5542 dixerunt
3113 5506 3125 5541 :
3159 5507 3175 5538 ι
3209 5490 3323 5543 Dux
3355 5489 3606 5542 inanditm
3636 5493 3840 5558 potesta-

2289 5579 2382 5643 tis,
2432 5577 2880 5649 suﬂicientimque,
2929 5589 2987 5634 et
3040 5580 3291 5644 virtutis,
3353 5580 3642 5648 optimates
3697 5573 3837 5629 totius

2289 5669 2536 5724 Francia:
2587 5669 2736 5740 regni
2793 5681 3086 5740 precantur
3129 5673 3458 5727 unanimiter
3500 5670 3648 5725 flexis
3699 5667 3837 5721 humo

2293 5770 2450 5815 tenus
2504 5759 2730 5832 genibus
2781 5764 2981 5830 cordis,
3041 5775 3100 5818 ut
3140 5763 3463 5833 indulgeatis
3515 5759 3836 5819 sacrosancta:
