4032 6398
258 282 356 340 7-H

252 489 552 560 caeterique
600 488 935 547 Francorum
969 494 1192 559 residui,
1230 498 1518 568 omnisque
1547 499 1728 555 clerus
1759 510 1843 556 to-

247 578 366 635 tius
397 582 569 652 regni,
594 598 753 639 omne
782 585 981 640 bonum
1011 601 1252 655 praesens
1278 598 1331 643 et
1359 589 1600 645 futurum
1655 600 1846 661 optant

254 666 381 735 libi,
405 672 450 727 si
473 673 733 728 smvitiam
756 690 1088 745 paganorum
1105 679 1529 749 compescueris,
1548 695 1845 750 eorumque

238 765 512 836 pestifera
539 766 852 823 incursione
884 768 1173 825 Franciam
1203 771 1432 826 erueris.
1464 770 1845 829 Fraudulente

240 854 620 925 suggestionis
635 855 881 911 Tetboldi
906 858 1122 914 comitis
1138 859 1468 925 hortamine,
1489 873 1845 933 quaecumque

234 951 349 999 Te:
366 952 553 1000 contra
568 953 620 1000 te
633 953 889 1013 operatus
900 955 983 1001 est
997 946 1125 1002 fecit
1140 965 1154 1013 ;
1172 949 1546 1019 bonorumque
1559 967 1678 1020 qua:
1692 962 1847 1023 pater

248 1039 382 1087 tuus
398 1035 540 1104 patri
558 1049 657 1089 suo
671 1033 850 1089 intulit
863 1037 1219 1094 reminiscens
1234 1040 1391 1095 taedet
1404 1056 1464 1096 se
1479 1041 1605 1097 facti
1617 1082 1630 1095 .
1645 1043 1847 1110 Quem-

245 1124 718 1197 admodumigitur
743 1142 836 1182 rex
869 1127 1179 1185 Ludovicus
1205 1140 1526 1201 patersuus,
1545 1134 1846 1202 opitulante

240 1225 409 1287 patre
445 1224 538 1272 tuo
579 1217 633 1272 in
665 1228 831 1289 regno
860 1219 1184 1291 subrogatus
1229 1223 1421 1294 viguit,
1472 1223 1545 1278 ita
1573 1239 1736 1296 regna
1770 1238 1847 1283 te-

242 1324 406 1375 nere,
433 1309 899 1382 superborumqtm
926 1313 1218 1379 dominari,
1251 1329 1447 1386 magno
1475 1323 1579 1370 tum
1607 1324 1847 1385 potesta-

234 1401 320 1456 \is
344 1402 623 1472 juvamin'e
651 1405 1007 1475 concupiscit.
1057 1405 1190 1461 Sitis
1223 1409 1603 1463 communibus
1650 1418 1848 1466 mutate

241 1496 627 1567 competentia:
650 1498 962 1567 precatibus
998 1500 1314 1565 concordes,
1341 1499 1584 1570 alterque
1606 1511 1847 1557 vestrum

238 1586 763 1658 alteriusjuvamine
785 1588 1122 1645 conﬁdentes
1147 1591 1513 1660 perseveretis
1540 1591 1845 1648 unanimes.

238 1673 369 1744 Ipse
393 1684 573 1731 autem
598 1692 716 1741 rex,
736 1676 1133 1749 optimatesque
1162 1680 1327 1735 totius
1354 1680 1598 1736 Francia:
1626 1696 1847 1753 regnum

142 1758 151 1762 ’
239 1765 733 1823 Northmannicum
763 1769 856 1823 tibi
905 1770 1118 1841 tuisque
1146 1770 1453 1828 hmredibus
1471 1770 1706 1841 jurando
1725 1789 1849 1844 pro-
1880 1755 1923 1814 Β

235 1856 380 1926 priis
408 1857 659 1913 manibus
701 1858 946 1914 sancient
988 1859 1040 1913 in
1082 1868 1432 1930 perpetuum;
1478 1869 1663 1932 postea
1690 1879 1850 1919 nemo

240 1945 460 2003 illorum
498 1948 771 2006 ullatenus
813 1952 1071 2007 tractabit
1119 1952 1212 2007 tibi
1244 1953 1475 2024 alicujus
1504 1954 1849 2011 adversitatis

238 2040 522 2096 damnum.
558 2062 577 2094 ι
604 2040 777 2110 Hujus
799 2043 1086 2114 legationis
1116 2053 1385 2115 praecepta
1412 2046 1848 2115 persolventibus
1891 2084 1899 2089 ι

237 2133 521 2202 respondit
560 2132 805 2188 marchio
851 2133 1069 2203 duxque
1115 2134 1697 2204 prtecellentissimus:
1745 2155 1764 2189 ‹
1802 2135 1847 2192 0

236 2222 503 2291 pnesules
526 2224 810 2278 reverendi
843 2225 1087 2279 omnium
1126 2226 1388 2280 virtutum
1421 2225 1694 2282 aﬁluentia
1722 2244 1847 2298 pro-

235 2312 413 2399 fusius
442 2312 629 2383 Opimi,
653 2328 754 2367 nec
793 2328 899 2369 non
928 2329 1186 2384 proceres
1209 2324 1528 2372 cunctorum
1575 2317 1842 2373 bonorum

222 2402 648 2473 ‘forensiumque
681 2418 861 2459 rerum
892 2406 1140 2461 ubertate
1182 2404 1505 2477 propensius
1547 2406 1842 2475 fecundati,

221 2494 576 2564 propositum
622 2508 754 2549 mea!
793 2495 1064 2550 continua:
1102 2496 1423 2552 intentionis
1451 2506 1506 2552 et
1549 2497 1843 2554 voluntatis

235 2600 344 2641 non
374 2586 621 2641 diﬁ'eram
649 2586 977 2642 ﬁducialiter
1005 2586 1252 2643 conﬁteri
1278 2588 1451 2643 vobis.
1476 2588 1839 2660 Quapropter,

221 2676 579 2732 conﬁdenter
594 2678 971 2749 experiamini,
990 2676 1124 2751 [me]
1142 2679 1277 2733 velle
1290 2694 1633 2750 summopere
1646 2682 1839 2739 melius

233 2768 504 2823 felicitate
533 2769 685 2840 pacis
712 2769 959 2824 stabilire
980 2776 1034 2824 et
1059 2770 1305 2838 exsequi,
1325 2785 1490 2839 quam
1514 2771 1676 2827 ullius
1703 2788 1837 2844 pro~

228 2859 515 2930 speritatis
535 2867 589 2914 et
609 2858 831 2915 honoris
852 2872 989 2929 opus
1011 2860 1256 2931 aggredi.
1280 2860 1394 2915 lloc
1416 2861 1548 2916 mihi
1564 2876 1835 2919 summum

220 2961 289 3009 et
331 2951 613 3022 peculiare
645 2966 863 3022 semper
894 2952 1125 3008 exstitit.
1154 2951 1377 3019 Verum,
1398 2968 1500 3023 pro
1527 2963 1835 3011 vestrorum

227 3042 1833 3163 iTP°IiifEif"2f‘.?fL{'J'3..‘fi"i'l:ifi":‘.t.‘13.€2"ft1'13‘3;
1860 3066 2113 3163 c‘senus
2142 3088 2363 3144 stabam
2413 3042 2654 3159 quotidie
2683 3088 2794 3145 ίιιίο
2818 3042 3131 3161 ειυρέτεειί.
3158 3098 3214 3147 ει
3250 3092 3536 3150 sumeban-

223 3150 344 3198 rer,
370 3134 615 3204 nequivi.
636 3134 773 3202 Quia
798 3133 934 3189 nihil
955 3142 1040 3189 est
1064 3134 1117 3188 in
1143 3133 1326 3205 aliquo
1348 3143 1603 3206 suspectu
1629 3135 1832 3207 aliquid

221 3226 457 3297 gravius
478 3225 620 3295 quod
644 3224 874 3288 cruciet,
905 3238 1069 3294 quam
1097 3238 1366 3293 quemque
1392 3231 1485 3279 aut
1511 3241 1616 3280 non
1646 3227 1833 3281 videre

224 3319 380 3387 quod
402 3319 606 3388 cupiat,
631 3326 721 3371 aut
745 3316 931 3373 videre
954 3316 1097 3386 quod
1120 3318 1312 3386 perdat
1337 3330 1352 3368 :
1376 3330 1499 3371 cum
1524 3317 1577 3370 in
1602 3326 1834 3387 utroque

227 3412 453 3465 animus
498 3409 736 3481 pondere
778 3408 1161 3465 sollicitudinis
1212 3410 1565 3477 prtemaximo
1611 3423 1832 3479 pressus

228 3502 456 3565 titubat,
491 3511 624 3556 utet
648 3500 791 3572 quod
815 3500 1068 3556 diuturne
1088 3500 1356 3556 sollicitus
1378 3508 1588 3570 spectat
1610 3500 1829 3566 habeat,

226 3604 289 3648 et
320 3602 380 3647 ut
406 3591 598 3665 [quod]
646 3592 847 3648 habere
877 3591 1104 3662 coeperit
1143 3605 1212 3646 ne
1248 3591 1485 3645 amittat.
1516 3590 1832 3661 Recogitate

205 3684 402 3755 'igitur
433 3691 486 3739 et
515 3681 926 3737 reminiscimini
956 3681 1276 3736 insidiarum
1304 3691 1359 3737 et
1413 3680 1680 3736 malorum
1710 3695 1832 3750 quae

216 3777 306 3829 ab
326 3789 395 3829 eo
416 3788 614 3843 passus
638 3788 780 3839 sum,
809 3780 868 3828 et
887 3772 1306 3827 animadvertite
1324 3781 1385 3827 et
1411 3771 1714 3837 intuemini,
1742 3770 1829 3825 cui

224 3875 549 3920 nostrorum
573 3872 990 3932 vestrorumque
1016 3859 1701 3930 exstiteritpraziudicium.
1725 3860 1830 3916 Vos

228 3975 343 4014 non
364 3958 624 4029 ignoratis
637 3954 984 4028 suggestione
1004 3953 1250 4011 Tetboldi
1266 3953 1500 4019 comitis,
1522 3953 1830 4009 Brunouem

220 4069 262 4108 -a
272 4049 677 4122 rchipraasulem
697 4046 1095 4111 Colonieusem,
1123 4054 1179 4103 et
1198 4047 1391 4102 ducem
1410 4046 1617 4117 pariter
1630 4044 1833 4100 Letha-

220 4146 475 4200 riensem
522 4157 612 4197 me
656 4141 895 4197 voluisse
945 4139 1216 4210 decipere.
1275 4139 1382 4194 \‘os
1428 4153 1535 4193 non
1565 4137 1830 4207 ignoratis

220 4238 479 4308 ejusdem
530 4234 774 4291 falsidtca
825 4243 1176 4305 provocatum
1223 4230 1464 4287 versutia
1511 4230 1829 4286 Lotbarium

226 4345 416 4402 regem
443 4337 681 4384 vestrum
716 4328 989 4382 seniorem
1013 4324 1252 4380 voluisse
1291 4336 1378 4378 me
1407 4336 1602 4392 capere
1621 4329 1715 4376 aut
1736 4336 1829 4377 oc-

222 4425 437 4480 cidere.
462 4420 607 4490 Quid
637 4418 854 4475 refertis
891 4417 960 4473 de
989 4415 1370 4471 Ebroicacensi
1397 4427 1562 4484 quam
1595 4411 1829 4467 reddidit

228 4513 369 4569 mihi
394 4513 553 4578 urbe,
581 4509 756 4567 Deus?
778 4508 874 4564 llis
903 4515 960 4563 et
994 4506 1191 4562 talibus
1239 4501 1632 4575 hujuscemodi,
1662 4500 1832 4573 pluri-

228 4605 445 4674 busque
491 4600 996 4672 importunitatibus
1063 4612 1201 4669 quas
1275 4596 1435 4651 ttedet
1511 4594 1782 4650 recenscri
1812 4634 1828 4661 ,

229 4705 450 4761 motus,
482 4694 604 4750 misi
628 4694 698 4749 ad
743 4692 934 4758 Dacos,
964 4700 1233 4763 quatenus
1260 4688 1392 4744 mihi
1437 4693 1829 4744 succurrerent

227 4789 492 4846 velocius.
534 4788 741 4855 Quibus
768 4785 1198 4843 molestinanter
1240 4780 1702 4852 aggredientihus,
1727 4780 1831 4832 lm-

229 4880 419 4952 peravi
467 4880 521 4935 in
573 4894 669 4935 vos
714 4889 974 4934 exercere
1029 4872 1373 4946 tyrannidem
1415 4870 1589 4927 cladis
1634 4868 1828 4939 hujus;

229 4978 361 5051 quia
384 4974 490 5031 nisi
516 4988 606 5028 res
639 4970 1055 5043 ponderaretur,
1084 4964 1309 5021 minime
1337 4962 1683 5032 resipisceret
1707 4959 1833 5015 stul-

230 5082 342 5128 tus.
367 5067 425 5124 Si
454 5064 598 5137 quod
624 5063 791 5134 igitur
817 5059 1047 5117 retulisti
1071 5058 1202 5113 mihi
1229 5065 1408 5112 exstat
1433 5068 1645 5120 verum,
1668 5052 1833 5109 stabi-

225 5160 328 5215 lite
354 5153 676 5212 necessariae
696 5150 848 5223 pacis
875 5145 1334 5219 opportunitatem
1366 5158 1603 5201 mecum.
1624 5162 1644 5195 ι
1681 5140 1831 5196 Tunc

225 5249 537 5308 Ricbardus
557 5244 804 5302 marcbio
827 5240 1243 5303 famosissimus,
1269 5237 1453 5293 ascitis
1472 5233 1833 5293 communiter

229 5341 623 5405 Nortbmannis
663 5336 916 5394 omnibus
969 5333 1137 5404 cmpit
1182 5329 1411 5388 blandiri
1470 5337 1527 5383 et
1575 5338 1831 5382 serenare

230 5448 330 5492 eos
345 5427 801 5489 mansuetissimis
824 5421 1245 5482 allocutionibus
1273 5437 1287 5474 :
1318 5439 1337 5472 ι
1366 5419 1411 5477 0
1434 5431 1659 5475 summa:
1680 5431 1831 5472 reve-

231 5527 426 5585 rentia:
463 5534 670 5597 patres,
714 5518 1023 5591 grandzevo,
1053 5514 1447 5584 mediocrique,
1494 5519 1657 5580 atque
1675 5508 1829 5577 juve-

231 5618 328 5675 nili
372 5616 483 5673 situ
512 5611 742 5670 miriﬁce
791 5608 1121 5674 redolentes,
1150 5605 1357 5678 gratias
1401 5602 1572 5659 debeo
1618 5598 1830 5655 referre

233 5709 389 5771 vobis
434 5709 786 5774 incessanter,
818 5702 952 5777 quin
979 5700 1143 5760 etiam
1188 5711 1411 5756 mutiera
1442 5693 1627 5768 largiri
1674 5691 1829 5748 vobis

239 285 356 368 ‘7.“
660 285 749 342 DE
787 288 1030 346 GESTIS
1070 290 1508 351 ΝΟΜΜΑΝΝΙᾸΞ
1551 296 1792 355 DUCUM
1832 300 1838 354 l

1939 300 2011 357 BI
2053 301 2252 361 TRES.
2294 338 2363 348 —
2404 307 2531 365 LIB.
2574 312 2662 369 ll].
2706 314 3125 375 RICIIARDUS.

254 396 506 503 ecclesia:
551 406 641 503 et“
659 399 934 456 annulataz
985 403 1151 503 genti.
1197 404 1309 461 Rex
1360 417 1564 471 autem,
1612 423 1841 480 nosque,
1873 416 1918 473 Α
1948 412 2304 485 sullicienter;
2334 419 2486 489 quia,
2538 421 2784 481 tellurem
2837 436 3034 485 vestras
3077 431 3399 503 nativitatis,

3439 324 3545 381 742

3449 455 3550 510 pro

1944 504 2256 573 praejudicio
2311 510 2441 564 mihi
2483 511 2603 568 sine
2649 530 2707 570 re
2753 514 2919 580 illato,
2967 519 3301 590 deserentes,
3345 504 3547 601 iurgati

1946 597 2217 666 rixatique
2245 601 2379 655 estis
2399 600 2470 656 ob
2495 618 2736 660 amorem
2765 622 2943 662 meum
2973 625 3143 682 usque
3177 615 3337 672 modo
3359 597 3550 676 contra

1945 696 2163 743 exteras
2188 700 2398 762 gentes.
2422 692 2664 764 Ipsarum
2692 707 2870 753 autent
2894 701 3135 770 gentium
3162 718 3278 772 rex,
3304 705 3470 762 duces
3494 718 3551 764 et

1946 783 2176 836 comites
2220 782 2404 839 alllicti
2435 791 2635 842 vestris
2678 789 3182 861 depOpulationihus
3214 796 3551 855 incessanter

1946 879 2000 925 et
2024 871 2312 939 hostiliter,
2355 876 2637 945 requirunt
2662 891 2958 950 sequestra:
2981 885 3128 952 pacis
3165 887 3400 954 spatium
3429 890 3549 945 dari

1948 961 2050 1017 sibi
2099 964 2432 1035 suppliciter.
2466 968 2521 1022 Si
2565 969 2695 1025 libet
2723 974 2892 1029 vobis.
2928 990 3267 1047 consequens
3287 990 3371 1035 est
3396 982 3546 1049 dari;

1949 1053 1993 1109 si
2020 1070 2148 1121 non,
2189 1066 2401 1127 oportet
2430 1060 2693 1117 abdicari.
2727 1064 3008 1120 Decernite
3040 1070 3314 1138 requisitas
3342 1072 3420 1128 rei
3445 1087 3550 1128 ne-

1949 1147 2152 1216 gotium
2197 1150 2470 1204 communi
2503 1153 2751 1219 consilio,
2786 1165 2842 1209 et
2865 1172 3027 1227 super
3077 1160 3178 1215 hoc
3220 1166 3549 1234 respondere

1948 1237 2286 1294 rimaminor.
2323 1259 2341 1292 ι
2377 1241 2528 1299 Tunc
2555 1244 2938 1315 Northmanni,
2970 1251 3060 1319 qui
3092 1262 3147 1306 et
3178 1252 3328 1321 Daci,
3357 1257 3550 1311 unani-

1948 1344 2063 1384 mes
2093 1329 2392 1387 intulerunt
2430 1332 2704 1391 Richardo
2756 1339 2901 1405 duci,
2934 1340 3221 1398 dicentes:
3261 1362 3279 1397 ι
3327 1333 3547 1418 Νὲψιςι-

1949 1430 2113 1494 quam
2158 1441 2262 1496 pax
2290 1428 2572 1495 continua,
2605 1445 2781 1502 neque
2810 1433 3216 1505 intercapedine
3243 1446 3547 1509 temporum

1949 1516 2182 1572 discreta
2211 1521 2567 1587 concedetur;
2601 1537 2789 1579 verum
2838 1525 3019 1581 omnis
3065 1526 3316 1594 Francia,
3363 1540 3550 1589 exter-

1950 1607 2173 1662 minatis
2208 1619 2301 1664 aut
2326 1611 2525 1667 occisis
2568 1613 2923 1685 principibus,
2957 1617 3007 1671 vi
3037 1626 3091 1672 et
3134 1628 3403 1707 potesta'te
3450 1622 3548 1678 tibi

1951 1697 2285 1767 acquiretur.
2337 1698 2486 1755 Heu!
2524 1702 2654 1758 heu!
2715 1705 2846 1773 quid
2904 1703 3126 1773 facient,
3159 1710 3244 1765 vel
3284 1697 3414 1781 quid
3458 1712 3546 1768 di-

1954 1795 2078 1842 ccnt
2103 1788 2283 1844 caeteri
2310 1789 2590 1863 Dacigente
2612 1801 2668 1848 et
2690 1792 3154 1868 Northvegigenae,
3186 1801 3300 1871 qui,
3330 1818 3545 1873 praepa-

1954 1877 2088 1933 ratis
2116 1886 2173 1935 et
2201 1880 2441 1936 oneratis
2473 1882 2699 1938 navibus
2728 1884 2886 1954 hujus
2918 1889 2995 1943 rei
3019 1888 3323 1959 juvamine,
3355 1908 3547 1964 aggre-

1952 1968 2167 2024 dientur
2210 1973 2489 2028 nobiscum
2523 1976 2743 2030 immani
2792 1977 3127 2035 hostilitate?
3171 1984 3310 2048 Quid
3356 1987 3422 2039 de
3455 1984 3548 2039 lli-

1952 2061 2220 2128 rensibus,
2250 2063 2378 2133 quid
2405 2065 2472 2121 de
2521 2066 2729 2133 Alanis,
2763 2069 2892 2138 quid
2923 2070 2990 2125 de
3019 2075 3234 2129 caeteris
3263 2074 3556 2146 quamplu-s

1952 2152 2103 2208 rimis
2128 2156 2411 2223 gentibus?
2439 2158 2784 2229 Propositum
2815 2171 3010 2217 vestra:
3036 2162 3350 2233 voluntatis,
3382 2184 3543 2237 quam

1949 2244 2107 2299 nobis
2134 2248 2449 2316 aperuistis,
2473 2266 2578 2306 non
2627 2252 3012 2322 adimplebitur
3036 2257 3341 2313 viventibus
3361 2263 3541 2318 nobis.

1947 2334 2240 2405 Caeterum,
2278 2340 2322 2395 si
2354 2340 2567 2396 libitum
2589 2352 2693 2410 cst,
2717 2360 2880 2413 quam
2906 2348 3207 2403 invasimus
3229 2348 3540 2418 Franciam,

1945 2428 2340 2487 vindicabimus
2388 2432 2506 2488 tibi.
2556 2433 2651 2490 Sin
2702 2451 2830 2492 vero
2870 2438 3139 2508 displicet,
3184 2443 3447 2498 sortietur
3475 2460 3541 2501 ea

1946 2520 2122 2575 nobis.
2154 2521 2272 2588 Quo
2299 2523 2443 2578 circa
2468 2523 2606 2596 elige
2633 2540 2664 2582 c
2692 2525 2902 2584 duobus
2948 2530 3090 2599 quod
3123 2532 3316 2600 mavis,
3347 2544 3441 2590 aut
3472 2536 3541 2591 ti-

1933 2612 2029 2689 bi,
2057 2625 2150 2671 aut
2178 2617 2354 2673 nobis.
2380 2636 2399 2669 ι
2431 2616 2527 2674 llis
2555 2620 2774 2688 auditis,
2818 2621 2927 2677 dux
2968 2633 3274 2695 przepotens
3309 2624 3539 2685 Ricbar—
3617 2620 3623 2633 ’

1942 2706 2043 2763 dus
2066 2711 2292 2780 urgebat
2321 2726 2414 2767 eos
2463 2712 2757 2769 multarum
2794 2718 3238 2785 prosecutionum
3286 2722 3541 2795 interpel-

1941 2800 2253 2870 lationibus,
2284 2812 2339 2860 et
2370 2804 2454 2860 his
2478 2805 2688 2861 duobus
2718 2806 2803 2861 bis
2832 2807 3023 2864 diebus
3051 2819 3175 2865 octo
3206 2812 3406 2869 obnixe
3443 2831 3537 2872 eos

1940 2896 2337 2969 deprecabatur
2362 2908 2422 2954 ut
2448 2909 2607 2969 pacta
2646 2914 2779 2971 pace
2808 2916 2931 2956 cum
2974 2899 3328 2977 l‘rancigenis
3368 2907 3539 2963 leade-

1940 2980 2211 3049 rarentur.
2264 2993 2528 3050 Praesules
2578 2995 2745 3067 igitur
2796 3003 2853 3051 et
2904 2996 3194 3066 optimates
3256 2998 3538 3057 Francicae

1939 3194 2024 3240 tur
2042 3180 2351 3239 conﬂictum
2378 3181 2538 3252 hujus
2558 3182 2977 3253 pacificationis.
3010 3184 3250 3241 Tandem
3275 3201 3402 3242 vero
3425 3186 3534 3242 dux

1936 3290 2164 3346 magnus
2215 3272 2522 3331 Richardus
2567 3290 2675 3331 non
2718 3275 2905 3331 valens
2948 3289 3206 3333 serenare
3256 3285 3532 3335 tantorum

1934 3369 2199 3424 saevitiam
2255 3367 2488 3422 ullorum
2545 3377 2868 3437 precatuum
2923 3368 3333 3436 conaminibus,
3395 3370 3533 3426 dixit

1900 3474 2179 3515 -seorsum
2203 3460 2317 3514 suis
2348 3458 2468 3513 ﬁdis
2494 3458 2830 3529 principibus
2859 3477 2873 3515 :
2907 3478 2927 3512 σ
2958 3458 3084 3516 Haec
3103 3474 3237 3531 gens
3258 3476 3450 3531 aspera
3477 3472 3533 3516 et

1934 3550 2112 3616 fortis,
2150 3551 2277 3607 dum
2300 3549 2463 3605 simul
2491 3549 2835 3619 interpellata
2861 3550 3046 3617 fuerit,
3076 3568 3187 3608 non
3217 3552 3533 3623 aequiescet

1932 3642 2184 3714 precibus
2219 3642 2441 3698 nostris.
2493 3642 2877 3698 Convocentur
2919 3643 3155 3714 majores
3181 3653 3310 3701 natu
3349 3655 3405 3702 et
3432 3661 3528 3717 po-

1936 3739 2194 3794 tentiores
2220 3738 2506 3804 secretius,
2538 3737 2734 3794 futuras
2776 3738 2952 3795 noctis
2994 3739 3307 3807 conticinio,
3339 3750 3395 3797 et
3425 3757 3523 3798 ex-

1932 3846 2197 3888 caccemus
2220 3846 2312 3887 eos
2343 3831 2659 3886 muneribus
2676 3831 3064 3901 przemaximis,
3094 3840 3149 3889 et
3166 3834 3389 3904 copioso
3424 3835 3525 3890 be-

1932 3923 2148 3988 neﬁcio,
2172 3924 2216 3980 si
2238 3923 2379 3979 forte
2408 3924 2643 3979 laverint
2678 3924 2932 3996 precibus
2974 3926 3178 3981 nostris
3221 3936 3276 3982 et
3311 3936 3456 3984 voto.
3497 3948 3516 3982 ι

1933 4015 2048 4073 lloc
2102 4030 2334 4085 namque
2388 4014 2673 4070 consilium
2729 4014 3005 4086 principes
3058 4016 3522 4086 Francigenarum

1934 4111 2244 4170 referebant
2297 4111 2515 4168 salubre
2560 4118 2617 4166 et
2660 4124 3017 4180 prosperum,
3073 4120 3129 4167 et
3173 4115 3532 4168 autumabant

1930 4202 2280 4273 sibimetipsis
2304 4200 2665 4272 profuturum.
2719 4200 2979 4257 Insecutce
3002 4201 3168 4272 igitur
3196 4203 3374 4259 noctis
3404 4219 3526 4259 cre-

1930 4296 2189 4371 pusculo,
2211 4294 2527 4353 convocatis
2556 4293 2697 4350 clam
2738 4293 2963 4375 majoris
3009 4297 3265 4365 potentia:
3306 4295 3529 4352 senibus

1932 4408 1999 4449 ex
2024 4405 2223 4465 genere
2243 4388 2692 4465 Northmannico,
2714 4388 2905 4459 pandit
2924 4390 3089 4446 corde
3109 4390 3252 4461 quod
3279 4391 3529 4448 volveba‘

1937 4495 2024 4541 tur
2050 4500 2146 4540 ore
2174 4482 2450 4550 mellilluo,
2481 4490 2538 4538 et
2565 4483 2701 4538 dixit
2729 4500 2742 4536 :
2790 4500 2810 4534 ι
2843 4482 2889 4539 0
2909 4482 3191 4538 reverendi
3215 4484 3409 4540 merito
3436 4499 3529 4555 pa-

1935 4585 2072 4645 tres,
2092 4593 2190 4646 pro
2213 4575 2599 4645 temporalibus
2620 4573 3140 4630 nimiumbeneﬁciis
3159 4573 3524 4643 agonizantes,

1933 4685 2033 4740 pro
2062 4667 2257 4739 quibus
2283 4664 2539 4722 carebitis
2568 4666 2679 4720 vita
2726 4675 2949 4730 attenta,
2990 4663 3340 4733 Phlegetonte
3366 4664 3526 4735 digno

1935 4763 2304 4836 perfruentes;
2327 4758 2744 4816 animadvertite
2771 4757 2875 4813 mei
2897 4756 3167 4813 sermonis
3185 4756 3523 4826 proloquium

1934 4860 2270 4917 obedienter.
2299 4857 2638 4926 Quamquam
2683 4867 2854 4924 genus
2893 4851 3173 4907 hominum
3213 4850 3454 4905 omnium
3495 4865 3524 4905 a

1937 4953 2164 5010 Domino
2191 4950 2419 5006 exordio
2452 4949 2665 5016 ﬁneque
2695 4955 2914 5002 carente
2934 4944 3005 5000 sit
3035 4954 3395 5013 procreatum,
3418 4959 3527 5012 quo

1933 5043 2299 5101 resarciretur
2344 5039 2499 5095 ruina
2535 5036 2874 5108 angelorum,
2906 5035 3058 5090 vario
3097 5046 3152 5089 et
3176 5034 3394 5089 diverso
3431 5033 3526 5090 iti-

1932 5135 2083 5190 neris
2117 5132 2254 5188 calle
2294 5131 2484 5188 devius
2509 5145 2665 5185 error
2693 5127 2824 5183 illud
2854 5126 3093 5190 abducit,
3127 5138 3194 5178 ne
3222 5132 3527 5179 revertatur

1934 5229 2004 5286 ad
2033 5227 2349 5285 Creatorem
2378 5239 2555 5280 suum.
2593 5221 2699 5277 Vos
2725 5220 2937 5276 animas
2949 5227 3158 5275 vestras
3179 5216 3381 5289 putatis
3400 5232 3523 5271 cum

1933 5319 2252 5391 corporibus
2282 5315 2530 5381 interire,
2570 5314 2690 5369 ideo
2725 5327 2832 5367 nou
2875 5310 3183 5391 abhorretis
3221 5324 3382 5364 omne
3412 5324 3525 5362 ma-

1932 5389 2045 5469 lum
2098 5412 2299 5468 facere.
2359 5409 2454 5463 Est
2500 5407 2697 5477 quippe
2746 5412 2944 5475 praeter
2992 5389 3152 5459 istam
3192 5400 3358 5456 altera
3415 5402 3520 5455 vita

1932 5517 2096 5574 quam
2137 5496 2422 5571 ignoratis,
2451 5505 2508 5553 et
2535 5495 2797 5568 quidquid
2827 5494 2879 5549 in
2906 5494 3010 5549 hac
3039 5491 3314 5556 leceretis.
3343 5491 3394 5544 in
3436 5489 3524 5544 illa

1900 5611 2031 5668 ‘pro
2055 5602 2206 5650 certo
2234 5596 2651 5663 repraesentetur
2681 5586 2854 5642 vobis.
2886 5605 2904 5638 ι
2939 5585 3094 5640 Tunc
3123 5583 3197 5638 illi
3216 5600 3246 5661 ,ε
3282 5601 3301 5634 ι
3337 5579 3523 5642 Refer,

1931 5701 2246 5759 precamur,
2290 5682 2448 5743 nobis
2490 5680 2651 5752 hujus
2702 5677 3089 5751 propositionis
3137 5690 3423 5740 arcanum,
3469 5683 3526 5726 ct
