4032 6458
210 387 319 457 ris

873 398 961 454 DE
999 392 1243 455 GESTIS
1273 392 1702 452 NORMANNIE
1737 390 1996 455 DUCUM.
2017 423 2088 433 --
2110 392 2236 447 LIB.
2276 391 2805 451 llLRlCHARDCS.

3353 401 3386 453 7
3398 392 3479 456 to“

205 516 526 592 putrefacta,
560 502 913 585 volucresque
961 514 1238 584 rapientur
1272 510 1325 567 in
1367 526 1528 566 auras
1575 510 1783 581 priores
1812 518 1857 573 Α
1886 522 2153 578 pervacue
2216 506 2473 577 loqueris.
2527 507 2635 562 Pax
2676 515 2732 562 et
2759 509 3081 574 concordia,
3112 510 3201 565 cui
3223 524 3331 568 nos
3363 524 3462 570 a‘c-

204 624 337 680 qnas
362 607 664 662 habuerunt
691 604 902 661 animas
930 604 1206 667 comitata,
1232 603 1356 674 quia
1397 602 1645 656 interitus
1683 600 1785 654 lm-

197 698 287 767 jus
318 696 508 752 mortis
538 694 807 764 reparatio
844 703 926 749 est
956 693 1077 748 vitae
1124 709 1155 745 ιι
1177 692 1382 747 elioris.
1423 690 1557 744 Nam
1606 689 1652 746 si
1687 705 1782 743 ca-

202 788 346 843 riosa
376 795 617 840 vetustas
646 793 815 838 totum
860 797 1060 853 corpus
1099 781 1429 845 dissolverit,
1457 790 1519 835 ut
1548 782 1599 834 in
1629 795 1787 835 men-

201 892 331 932 sura
357 876 562 932 minimi
592 875 775 946 pugilli
806 874 922 944 ejus
952 873 1243 930 civisculus
1280 875 1373 939 sit,
1405 873 1661 941 illumque
1704 873 1783 925 ei-

202 984 388 1025 ncrcm
412 982 547 1039 vaga
574 966 791 1022 flamina
815 975 871 1022 ct
895 981 1043 1021 anne
1074 981 1170 1036 per
1196 979 1427 1021 vacuum
1456 966 1617 1020 in:an
1648 963 1787 1018 tule-

202 1065 336 1130 rint,
365 1064 636 1118 hominem
666 1060 874 1132 perisse
900 1075 1006 1115 non
1038 1060 1223 1116 licebit
1254 1077 1268 1112 :
1304 1074 1491 1115 verum
1531 1066 1623 1111 aut
1661 1071 1783 1111 cum

199 1172 309 1230 quo
329 1158 556 1212 vittutes
588 1156 768 1211 anima
792 1155 1119 1219 exercuerit,
1151 1168 1274 1208 cum
1316 1153 1433 1223 ipso
1471 1165 1786 1206 remunera-
1828 1183 1833 1189 ε

200 1249 379 1315 hitur;
407 1258 500 1304 aut
526 1264 651 1302 cum
676 1262 782 1320 quo
808 1247 1137 1319 peccaverit,
1163 1261 1228 1300 cu
1240 1261 1289 1299 nt
1334 1245 1449 1314 ipso
1490 1244 1743 1314 punietur
1767 1260 1779 1295 :

197 1352 253 1397 et
284 1343 386 1400 ita.
405 1341 589 1411 judice
625 1339 843 1394 Christo
871 1338 965 1392 Dei
1001 1338 1130 1404 lilio,
1158 1336 1309 1393 ibunt
1336 1337 1486 1406 impii
1514 1336 1567 1390 in
1608 1336 1786 1405 ignem

196 1442 486 1494 aeternum,
501 1428 635 1500 justi
665 1438 846 1485 autem
892 1430 944 1484 in
990 1429 1156 1484 vitam
1201 1438 1485 1484 (sternam.
1538 1427 1663 1482 llam
1702 1434 1788 1480 est

198 1523 339 1579 ﬁdes
370 1522 657 1588 catholica,
683 1536 849 1592 quam
877 1521 980 1577 nisi
1012 1520 1244 1591 quisque
1270 1519 1501 1574 fideliter
1531 1517 1784 1571 firmiter-

196 1626 305 1683 qne
337 1612 652 1676 crediderit,
681 1612 861 1668 saivus
887 1627 1009 1668 esse
1036 1628 1141 1666 non
1172 1610 1392 1681 poterit.
1440 1607 1553 1663 lloc
1604 1608 1786 1662 firma-

198 1713 446 1761 mentum
472 1703 763 1759 salutiferae
793 1713 991 1761 nostra:
1032 1702 1387 1767 credulitatis,
1422 1701 1527 1756 hoc
1570 1697 1787 1771 symbo-

197 1795 312 1851 lum
357 1793 652 1864 profuturae
678 1795 801 1849 fidei
833 1803 890 1850 et
928 1793 1170 1850 salutisa
1204 1794 1335 1862 Quae
1356 1795 1636 1849 audientes
1657 1792 1784 1848 Daci

1884 599 2168 670 quiescere
2208 598 2478 668 superflue
2513 602 2735 670 satagis,
2787 601 2928 656 inter
2969 617 3067 657 nos
3121 611 3177 657 et
3221 600 3465 662 Francos

1886 701 1987 741 nus
2009 701 2150 754 gnam
2189 697 2244 742 et
2268 702 2539 756 nunquam
2561 689 2683 744 erit.
2712 690 3230 759 Extertttinabuntur
3256 703 3460 759 autem,

1883 776 2243 845 perimentur,
2268 787 2324 831 et
2345 778 2524 832 omnis
2557 779 2707 833 natio
2743 780 2955 836 illorum
3000 783 3218 852 penitus
3257 784 3467 841 delebi-

1888 877 1996 921 tur.
2025 865 2079 919 Si
2108 868 2229 935 quis
2258 868 2507 937 indignus
2534 867 2698 923 fuerit
2729 872 2997 933 iuventus,
3029 884 3228 931 nostra:
3270 875 3464 932 ditioni

1888 954 2009 1028 [ul.,
2036 957 2357 1030 conditioni]
2405 958 2724 1028 subiacebit.
2748 961 2934 1017 Nonne
2950 979 3083 1018 arus
3110 974 3238 1022 tuus
3262 974 3463 1021 terram

1887 1046 1972 1098 cui
1990 1060 2183 1115 prmus,
2207 1048 2527 1118 depupulato
2549 1049 2789 1107 Francia:
2818 1069 3012 1125 regno,
3037 1057 3341 1122 vemiicavit
3360 1054 3473 1113 sibi-

1886 1139 2107 1194 armis?»
2127 1138 2276 1195 Tunc
2299 1156 2328 1194 a
2346 1141 2569 1196 minimo
2588 1158 2759 1213 usque
2780 1146 3157 1202 admaximnm
3182 1150 3465 1219 reciproca

1887 1246 2019 1286 voce
2030 1234 2208 1287 cuncti
2233 1233 2511 1290 dixerunt:
2531 1235 2668 1292 «Aut
2693 1240 3009 1306 moriemur,
3039 1252 3135 1297 aut
3167 1240 3473 1298 vindicabi~

1889 1331 1994 1377 tur.
2024 1342 2044 1375 ι
2075 1321 2375 1379 Richardus
2417 1341 2547 1382 vero
2578 1327 2685 1383 dux
2724 1346 2955 1399 magnus
2988 1347 3174 1403 preces
3214 1338 3473 1404 precibus

1879 1407 2377 1484 jungebat,eosque
2405 1416 2536 1475 dare
2564 1434 2753 1489 pacem
2781 1423 2981 1478 obnixe
2998 1425 3320 1494 postulabat.
3356 1428 3471 1486 Sed

1888 1518 2038 1559 meus
2053 1505 2528 1578 illorumprecibus
2542 1510 2658 1579 ejus
2669 1514 2892 1570 minime
2902 1517 3299 1587 acquieseebat.
3317 1521 3475 1579 Tune

1887 1596 2081 1667 illi,qui
2096 1611 2255 1655 noctu
2275 1616 2459 1671 pacem
2476 1610 3111 1676 spoponderant,czcteris
3126 1612 3428 1670 intulerunt
3449 1631 3463 1669 :

1892 1708 1909 1741 ι
1946 1689 2053 1746 Pro
2077 1693 2232 1763 cujus
2262 1693 2530 1764 adjutorio
2555 1707 2611 1753 et
2635 1699 2949 1759 defensione
2978 1705 3083 1761 huc
3110 1708 3464 1773 accessimus,

1888 1799 2227 1855 consequens
2249 1799 2334 1843 est
2360 1799 2419 1845 ut
2448 1790 2698 1864 precibus
2717 1795 2836 1865 ejus
2862 1813 3170 1867 pareamus.
3193 1800 3471 1870 Opportu-

195 1887 621 1959 obstupnerunt,
653 1888 869 1957 imoque
899 1888 1179 1942 trahentes
1220 1902 1408 1942 vocem
1452 1900 1521 1942 ex
1569 1896 1790 1956 pectore
1823 1869 1864 1928 Β
1895 1895 2021 1934 num
2051 1882 2269 1937 estlieri
2301 1885 2444 1954 quod
2486 1887 2730 1943 ambiens
2757 1892 3111 1963 concupiscit,
3140 1869 3474 1950 satisfactio-

195 1980 458 2035 diserunt
498 1996 513 2032 :
552 1996 573 2031 ι
602 1978 717 2035 llcu
776 1979 932 2033 nobis
958 1979 1200 2033 omnium
1240 1979 1504 2034 bonorum
1551 1978 1785 2048 ignaris,

195 2070 608 2141 scripturasque
637 2070 1020 2134 nescientibus,
1044 2084 1221 2140 neque
1235 2072 1493 2126 virtutem
1520 2070 1635 2133 Dei,
1663 2069 1789 2139 quia

194 2163 342 2218 nihil
366 2162 668 2219 differimus
694 2162 910 2228 belluis,
943 2177 1119 2233 neque
1151 2163 1341 2218 avibus
1363 2162 1522 2218 caalil
1556 2162 1661 2217 Illae
1682 2178 1790 2233 quo

194 2256 263 2311 ad
297 2269 544 2325 praesens
567 2256 753 2309 vivant
771 2254 1093 2323 quaeritant,
1126 2253 1367 2323 nihilque
1411 2252 1791 2324 adquisitionis

196 2351 305 2406 sibi
340 2357 684 2406 conservant.
713 2346 822 2405 Nos
848 2362 977 2404 vero
1003 2363 1118 2417 quo
1141 2346 1392 2402 similiter
1413 2360 1679 2411 v.vamus,
1710 2359 1792 2398 ra-

195 2440 446 2514 pinando
466 2441 798 2496 incessanter
819 2440 1132 2509 quaerimus,
1172 2439 1265 2493 sed
1300 2438 1440 2494 ineo
1469 2436 1537 2493 ab
1578 2438 1684 2494 illis
1712 2438 1795 2493 di-

196 2541 447 2597 stamus,
472 2532 597 2602 quia
623 2532 766 2602 quod
793 2532 917 2586 cibo
947 2531 1204 2601 pontique
1227 2532 1511 2594 exuberat,
1539 2530 1589 2583 in
1610 2541 1793 2600 poste-

196 2638 328 2678 rum
360 2622 782 2679 thezaurizando
831 2636 1198 2679 reservamus.
1247 2621 1321 2675 Da
1374 2620 1530 2679 nobis
1578 2620 1793 2676 salubre

196 2713 515 2778 consilium,
544 2715 780 2784 petimus
810 2722 1080 2783 quatenus
1107 2714 1173 2767 ad
1202 2728 1446 2784 prmsens
1473 2722 1528 2767 et
1562 2712 1615 2767 in
1636 2721 1796 2767 reter-

198 2819 338 2858 num
364 2804 550 2859 vivere
572 2802 865 2861 valeamus.
879 2825 899 2859 ι
928 2805 1079 2860 Tunc
1098 2806 1203 2860 dux
1223 2820 1237 2858 :
1256 2824 1275 2857 ‹
1295 2805 1353 2868 Si
1378 2804 1512 2861 velle
1530 2815 1614 2861 est
1641 2805 1794 2862 vobis

198 2894 480 2950 inltmrere
508 2896 707 2950 nostris
731 2897 993 2963 consiliis,
1020 2911 1122 2966 ego
1159 2896 1357 2956 faciam
1393 2911 1493 2951 vos
1540 2897 1794 2968 primitus

196 2984 481 3056 baptizari
505 2987 556 3040 in
589 2988 807 3042 nomine
835 2987 1011 3043 Patris
1028 3000 1081 3043 et
1104 2987 1223 3042 Filii
1245 2996 1301 3043 et
1327 2987 1562 3058 Spiritus
1587 2989 1789 3053 sancti;

197 3078 566 3149 mupliorique
607 3080 802 3135 deinde
842 3081 1204 3151 integerrima:
1234 3082 1359 3136 lldei
1408 3081 1794 3151 praedicatione

199 3170 268 3225 alt
318 3170 597 3240 episcopis
632 3172 907 3240 profusius
949 3173 1186 3237 erudiri,
1239 3181 1426 3242 postea
1474 3170 1793 3226 muneribus

199 3259 557 3332 largissimis,
592 3262 976 3333 beneﬁciisque
999 3264 1348 3334 amplissimis
1376 3263 1566 3328 ditari,
1597 3262 1794 3333 quibul

199 3355 399 3411 vivere
427 3356 729 3426 quiveritis,
754 3359 892 3414 etin
926 3370 1191 3415 aeternum
1231 3375 1337 3414 non
1372 3359 1638 3429 peribitis.
1690 3357 1798 3412 Sed

200 3446 336 3503 vita:
364 3433 650 3516 praesentis
668 3448 885 3516 solatio,
911 3448 1105 3506 futura:
1134 3449 1590 3505 remunerationis
1610 3449 1798 3503 bravio

201 3539 331 3597 sine
369 3538 476 3594 line
504 3539 781 3606 frnemini,
815 3542 862 3601 si
909 3542 1273 3613 integerrime
1318 3543 1497 3612 pacis,
1527 3556 1687 3612 quam
1713 3555 1805 3596 rc-

199 3632 391 3704 quire,
406 3628 718 3688 felicitatem
742 3646 853 3688 non
874 3633 1195 3691 abnueritis.
1213 3652 1233 3686 ι
1249 3634 1319 3688 At
1340 3632 1444 3688 illi:
1474 3632 1571 3688 «Et
1590 3631 1796 3688 securiq-

202 3733 385 3779 tatem
410 3723 582 3793 pacis,
621 3732 676 3780 ct
716 3732 957 3781 tenorem
993 3734 1359 3781 sacrosancte
1405 3724 1526 3780 fidei
1571 3722 1800 3793 sponde-

204 3830 341 3870 mus
368 3814 501 3878 tibi,
545 3825 599 3870 et
625 3830 902 3887 nunquam
928 3816 1117 3871 devius
1138 3830 1300 3872 error
1327 3825 1419 3870 tuo
1455 3814 1681 3870 consilio
1708 3814 1803 3869 dc-

202 3910 366 3963 viare
412 3922 515 3962 nos
547 3909 881 3977 perurgebit.
913 3929 935 3962 ι
967 3908 1133 3967 Pacta
1154 3909 1352 3979 quippe
1390 3916 1553 3963 noctu
1586 3906 1712 3974 lide,
1746 3917 1800 3961 et

199 4001 393 4071 jumta
443 3999 595 4069 pacis
619 4000 821 4071 quiete,
850 4000 987 4056 dixit
1014 4000 1321 4057 lticbardus
1350 3999 1667 4057 demulccns
1708 4011 1803 4054 eos

206 4087 471 4155 mellillua
491 4088 819 4145 allocutione
845 4107 861 4145 :
897 4109 916 4143 ς
937 4089 1315 4159 Revertimini,
1342 4106 1583 4146 mearum
1608 4088 1800 4143 virium

208 4180 521 4250 animmque
554 4195 687 4235 mea:
708 4191 913 4250 partes,
945 4181 1145 4236 furtivo
1169 4197 1358 4251 gressu
1380 4182 1447 4236 ad
1478 4191 1687 4237 vestras
1709 4195 1803 4236 na-

206 4286 337 4337 ues,
357 4286 430 4328 ne
456 4271 779 4339 videamini;
809 4286 986 4342 neque
1010 4272 1153 4329 sciat
1187 4272 1417 4342 quisque
1447 4272 1554 4327 huc
1584 4285 1681 4327 vos
1714 4283 1806 4327 ve-

206 4365 365 4422 nisse
391 4375 782 4436 prmcarcntes.
829 4365 1073 4422 Dilucqu
1100 4381 1231 4421 vero
1264 4366 1528 4422 revocabo
1555 4379 1673 4429 vos,
1713 4378 1806 4433 pa-

206 4459 462 4527 riterque
489 4456 904 4514 tumultuantem
934 4458 1066 4517 dira:
1092 4459 1320 4515 cervicis
1352 4459 1585 4530 plebem,
1624 4466 1680 4513 et
1714 4458 1805 4513 tle-

1890 1988 2123 2044 nemque
2135 1977 2474 2033 concedereli
2484 1979 2672 2035 bentur
2681 1980 2797 2050 ejus
2807 1985 2965 2040 votis:
2980 1984 3371 2055 cujuseonsilio
3379 1989 3473 2045 ad-

1892 2066 2251 2134 haerebimtts,
2283 2070 2386 2125 nisi
2420 2071 2613 2128 istius?
2636 2085 2693 2130 et
2720 2077 2873 2147 cujus
2901 2081 3212 2148 precatibus
3244 2082 3471 2154 acquie-

1888 2171 2121 2224 scemus,
2150 2160 2251 2215 nisi
2274 2160 2427 2229 cujus
2455 2162 2721 2220 beneﬁcio
2744 2170 2987 2237 quotidie
3016 2171 3247 2227 fruimur
3268 2172 3462 2248 [haud]

1891 2251 2168 2320 parcius?»
2186 2252 2278 2309 llis
2299 2255 2517 2322 auditis,
2533 2258 2622 2328 qui
2647 2268 2969 2318 nocturnum
2994 2264 3314 2335 ignorabant
3337 2281 3471 2322 con-

1890 2343 2091 2409 silium,
2124 2346 2470 2403 vehementer
2510 2350 2732 2419 turbati,
2778 2365 3061 2425 eruperunt
3096 2358 3473 2418 vehementius

1892 2435 2102 2491 obortis
2143 2439 2634 2497 contradictionum
2674 2444 3158 2505 vociferationibus
3198 2451 3388 2517 rixari,
3416 2463 3474 2508 et

1892 2525 2151 2583 dixerunt
2183 2547 2197 2584 :
2228 2528 2330 2586 «Ut
2355 2547 2556 2599 remur,
2584 2534 2846 2603 fautores,
2871 2540 3000 2609 quin
3027 2540 3339 2601 adulatores
3369 2546 3476 2600 hu-

1887 2614 1977 2686 jus
1996 2621 2211 2677 consilii
2231 2623 2387 2689 estis,
2411 2625 2532 2681 ideo
2561 2627 2688 2683 talia
2717 2629 2925 2687 nefaria
2954 2634 3109 2690 nobis
3140 2635 3470 2707 impenditis.

1893 2706 2011 2762 Non
2039 2710 2144 2765 erit
2164 2712 2462 2769 secundum
2493 2716 2665 2772 vestri
2696 2722 2957 2790 propositi
2989 2706 3229 2791 libitum,
3248 2742 3348 2783 nec
3364 2745 3471 2800 pax

1894 2813 2016 2868 qua:
2045 2802 2289 2869 requitur
2330 2804 2548 2861 dabitur
2588 2807 2659 2862 ab
2697 2810 2807 2866 ullo
2851 2824 3120 2870 nostrum.
3171 2817 3475 2877 Consenta-

1895 2907 2055 2948 neam
2112 2903 2307 2951 vestrae
2362 2897 2626 2956 voluntati
2678 2902 3031 2962 intentionem
3093 2908 3271 2967 hiulce
3321 2912 3477 2969 nobis

1896 2984 2209 3054 aperuistis,
2232 3004 2351 3058 quae
2380 2989 2748 3063 refragabitur
2788 2998 3052 3055 audacter
3090 3004 3477 3072 superstitibus

1897 3075 2073 3130 nobis.
2108 3076 2259 3144 Quod
2281 3080 2504 3136 mandat
2531 3093 2891 3158 precaturque
2912 3090 3043 3155 dux,
3068 3094 3289 3149 minime
3308 3096 3471 3152 inter-

1897 3169 2205 3226 cessoribus
2237 3172 2390 3227 vobis
2428 3177 2757 3244 parebimus,
2802 3195 2989 3236 verum
3026 3183 3256 3241 Francia
3305 3204 3479 3259 usque

1898 3258 1964 3312 ad
1977 3260 2399 3319 internecionem
2414 3268 2579 3322 armis
2593 3269 2826 3327 ferocius
2837 3272 3265 3346 depopulabitur.
3281 3301 3298 3333 ι
3319 3258 3475 3339 Tunc

1899 3354 2233 3409 nocturnalis
2260 3358 2473 3412 consilii
2518 3364 3028 3433 conventione-jam
3075 3367 3294 3435 lucrati,
3324 3373 3479 3430 dixe-

1901 3451 2026 3497 runt
2047 3446 2327 3502 acerrimis
2354 3448 2600 3507 bacchati
2626 3452 2815 3511 furiis:
2838 3478 2854 3508 ι
2879 3456 2994 3513 Non
3022 3460 3479 3524 intercessoribus

1900 3533 2055 3586 nobis
2080 3548 2185 3604 p..x
2213 3535 2451 3603 dabitur,
2495 3542 2592 3596 sed
2626 3557 2747 3598 eam
2772 3546 3075 3605 volentibus
3104 3551 3479 3614 nulentibusve

1901 3628 2052 3685 vobis
2080 3630 2202 3685 duci
2239 3648 2435 3704 magno
2472 3635 2782 3712 largiemur.
2814 3641 2955 3709 Quid
2980 3646 3136 3701 nobis
3173 3648 3480 3721 vobisque?

1899 3719 2091 3777 Nonne
2117 3722 2268 3778 vobis
2300 3736 2427 3779 natu
2450 3727 2703 3796 majores,
2744 3734 2998 3805 prosapia
3036 3719 3358 3807 nobiliores,
3388 3759 3483 3798 aro

1901 3813 2007 3870 mis
2045 3815 2412 3873 robuStiores?
2437 3820 2552 3875 Non
2593 3823 3005 3896 intercessores,
3050 3835 3143 3888 sed
3193 3833 3482 3907 largitores

1902 3907 2052 3975 pacis
2075 3909 2345 3965 nominari
2368 3911 2760 3972 debttissemus.
2783 3936 2802 3970 ι
2830 3918 2950 3987 Quo
2988 3923 3203 3990 audito,
3234 3926 3343 3983 dux
3384 3928 3485 3984 lii-

1903 3999 2158 4062 chardus.
2196 4001 2321 4057 hinc
2352 4003 2614 4061 secedens
2643 4008 2720 4062 ait
2743 4011 2928 4066 ascitis
2956 4014 3070 4069 suis
3102 4015 3436 4088 principibus
3463 4037 3479 4075 :

1904 4088 2080 4147 Sinite
2132 4093 2252 4150 illos
2288 4094 2589 4154 adinvicem
2637 4099 2829 4157 ferifer
2875 4105 3064 4173 rixari,
3101 4119 3156 4164 et
3205 4113 3485 4169 videamus

1904 4185 1995 4253 qui
2020 4186 2234 4245 illorum
2276 4192 2610 4260 potentiores
2649 4202 2705 4250 et
2727 4195 2981 4256 fortiores
3023 4204 3349 4262 exstiterint.
3376 4206 3485 4263 Ter

1908 4276 2076 4333 tribus
2098 4277 2263 4349 igitur
2287 4282 2472 4339 diebus
2502 4285 2663 4356 hujus
2690 4289 2924 4348 conflicti
2956 4293 3259 4365 litigatione
3283 4299 3482 4367 dnctis,

1906 4370 2407 4443 admit-nutibusque
2437 4374 2786 4449 Franeigenis
2801 4398 2923 4439 eum
2947 4387 3312 4456 Ricbardidis,
3335 4392 3487 4449 dixe-

1908 4468 2035 4515 runt
2086 4462 2413 4520 refutatores
2461 4470 2614 4537 pacis
2662 4475 2896 4542 satrapis
2947 4477 3197 4545 prudenti
3256 4483 3486 4539 consilio

210 4549 505 4621 postulabo
530 4550 861 4606 multimodis
889 4551 1201 4621 precatibus
1223 4559 1459 4606 vestram
1493 4560 1547 4607 ct
1591 4549 1805 4605 illorum
1838 4577 1884 4635 ο
1911 4561 2071 4607 noetu
2123 4554 2408 4625 acquisitis
2436 4574 2449 4612 :
2487 4572 2505 4609 t
2535 4555 2674 4614 Natu
2693 4600 2708 4626 ,
2738 4565 3096 4636 prosapiaque
3128 4578 3297 4639 atque
3319 4573 3488 4629 armis

123 4648 139 4667 '
210 4643 513 4712 pietatem,
537 4642 830 4713 pacisdari
871 4643 1226 4709 incrementa,
1256 4652 1311 4698 et
1337 4642 1537 4712 quietis
1577 4640 1811 4697 aliinita-

214 4744 353 4790 tein.
378 4733 649 4790 Abdicate
662 4743 719 4790 et
738 4734 978 4792 resistite
998 4733 1336 4805 objurgando
1356 4749 1479 4789 cum
1503 4732 1610 4789 illis
1633 4731 1810 4788 verbis

216 4827 383 4890 meis,
412 4826 736 4898 tandemque
772 4826 983 4897 prolixa
1022 4827 1298 4884 simultate
1350 4826 1441 4885 vis
1489 4825 1642 4889 linita
1672 4823 1811 4879 votis

216 4917 560 4989 adquiescite
579 4918 734 4977 meis.
749 4937 770 4972 ι
798 4917 892 4974 liis
906 4919 979 4975 ita
991 4918 1297 4977 clanculum
1322 4918 1692 4990 peroratis,ad
1713 4932 1810 4975 sua

212 5008 455 5077 quisque
485 5008 709 5077 vestigia
745 5009 920 5064 torsit.
952 5008 1135 5065 Primo
1162 5009 1348 5078 itaque
1370 5021 1529 5064 mane
1567 5009 1674 5065 dux
1698 5023 1812 5064 ma-

216 5114 366 5169 gnus
393 5097 713 5153 festinanter
737 5099 1044 5171 consurgit,
1072 5099 1669 5168 inuumerabilibttsquc
1713 5100 1813 5155 Da-

218 5203 421 5251 corum
446 5186 749 5257 legionibus
770 5191 1295 5248 ascitislidncialiter
1320 5190 1482 5247 dixit:
1507 5190 1813 5246 «Malivolas

220 5295 408 5349 [ter
429 5280 744 5341 intentionis
777 5286 1033 5355 ambages
1061 5299 1233 5355 usque
1263 5284 1423 5341 modo
1447 5282 1810 5355 praestolatus,

221 5374 429 5428 iterum
476 5374 780 5446 iterumque
829 5385 1071 5447 repetam
1119 5377 1286 5433 vestri
1334 5376 1596 5433 obstinati
1636 5375 1815 5431 cordis

222 5479 531 5529 excessum.
547 5466 885 5538 Abuegatam
898 5470 1173 5526 multoties
1191 5467 1645 5539 opportunitatem
1667 5465 1816 5537 pacis

226 5557 382 5621 dats,
414 5572 731 5627 precamur,
746 5561 919 5621 nobis.
932 5580 963 5616 »ι
981 5561 1133 5620 Tunc
1146 5562 1527 5629 Northmanai,
1538 5562 1816 5619 voluntate

225 5646 813 5717 dispares,,intulerunt
841 5654 1112 5715 Bicbardo
1132 5670 1239 5709 una
1260 5656 1499 5711 dicentes
1526 5674 1541 5710 :
1560 5655 1814 5711 «Frustra

216 5737 463 5808 laborat,
490 5744 585 5813 qui
611 5759 775 5813 supra
799 5755 1008 5816 petram
1033 5748 1241 5804 semina
1266 5747 1463 5817 jactat.
1513 5748 1815 5805 Verborum

232 5836 452 5889 tuorum
503 5832 738 5900 laborem
784 5835 1045 5900 inaniter,
1075 5838 1277 5905 fundis,
1329 5839 1500 5896 otiosa
1551 5839 1677 5898 .lum
1723 5857 1815 5897 su-

594 5923 867 5986 PtTnOL.
915 5926 1135 5995 CXL-1.

1910 4645 2243 4714 potentiores
2271 4648 2425 4713 estis,
2460 4648 2685 4720 ideoque
2715 4654 2961 4709 volenter
3001 4658 3355 4732 nolenterque
3402 4676 3491 4717 as-

1910 4738 2207 4793 sentiemur
2230 4741 2408 4797 rubis.
2438 4741 2496 4796 Si
2529 4744 2828 4801 ltieltardus
2856 4747 2961 4802 dus
2981 4788 2996 4814 ,
3025 4764 3230 4821 magnre
3252 4761 3488 4822 potesta-

1913 4828 1982 4884 tis
2012 4827 2343 4900 largissimos
2362 4833 2534 4887 nostri
2563 4833 2777 4891 itineris
2812 4848 3059 4909 sumptus
3085 4840 3241 4896 nobis
3266 4858 3493 4900 conces-

1904 4919 2067 4986 serit,
2091 4936 2297 4992 uosque
2336 4923 2640 4981 conducere
2665 4942 2773 4997 quo
2802 4929 2984 4986 vivere
3024 4946 3357 5004 regnumque
3388 4951 3486 4991 cx-

1912 5023 2150 5081 pugnarc
2161 5012 2436 5069 valeamus
2460 5012 2681 5083 fecerit;
2699 5016 2942 5075 Francim
2963 5036 3187 5091 regnum
3205 5037 3490 5093 parecmus

1916 5109 1975 5154 ut
2026 5102 2234 5172 petitis.
2293 5104 2545 5176 Alioquin
2597 5122 2658 5165 se
2703 5121 2917 5183 agente,
2972 5112 3279 5180 Franciam,
3326 5126 3488 5185 quam

1912 5194 2239 5263 invasimus,
2264 5199 2561 5253 contritam
2594 5201 2752 5258 bellis
2790 5204 3148 5274 incendioque
3190 5214 3244 5261 et
3276 5204 3492 5281 rapinis

1915 5289 2304 5359 applicabimus
2327 5294 2569 5350 severius
2599 5298 2768 5352 nobis.
2784 5317 2803 5350 ι
2840 5298 2994 5355 Tune
3016 5303 3306 5371 optimates
3328 5288 3493 5376 pagai

1916 5396 2107 5438 norum
2138 5384 2224 5439 his
2247 5387 2522 5456 responsis
2552 5387 2682 5453 laeti,
2713 5404 2834 5461 qua:
2863 5392 3148 5450 audierunt
3193 5398 3492 5454 retulerunt

1918 5472 2192 5531 Richardo
2221 5476 2364 5532 duci.
2399 5479 2625 5548 Expleta
2647 5496 2879 5553 namque
2907 5483 3204 5555 legatione,
3234 5488 3354 5544 iniit
3385 5490 3491 5569 du;

1917 5569 2579 5640 prmpoteuslaetusjfutura
2596 5588 2727 5642 pace
2756 5591 2769 5627 :
2797 5574 3083 5633 «Etvietus
3106 5579 3490 5650 amplissimos.

1918 5668 1973 5713 et
2001 5660 2236 5714 viatores
2272 5661 2701 5730 quamplurimas
2741 5674 2796 5719 et
2838 5675 3159 5736 precantes,
3191 5670 3415 5739 insuper
3438 5680 3496 5726 ct

1920 5753 2153 5808 honores
2179 5752 2454 5809 conferam
2477 5754 2830 5825 largissimos,
2866 5768 3028 5828 atque
3070 5762 3377 5816 conducere
3425 5764 3493 5819 ad

1920 5844 2771 5917 telluremcpimamlaciamillos.
2802 5869 2821 5902 ι
2840 5848 3495 5927 Renuntiatolargissima

3032 5945 3109 6006 2'4
