4032 6458
247 420 350 477 τω

883 415 970 469 or:
1003 410 1245 468 GESTlS
1278 406 1706 466 senatusue
1735 386 1996 469 oucuu‘.
2026 436 2093 448 .-
2126 402 2255 460 Ltn.
2285 386 2356 458 ut
2413 386 2823 459 meminens.

3399 395 3500 462 750

248 548 326 589 επ
362 539 542 585 vestro
581 508 939 583 saluberrimo
987 521 1212 578 cottsilio
1269 536 1443 593 usque
1490 518 1649 573 modo
1691 534 1829 589 prze-
1853 524 1899 583 Α
1931 516 2327 572 imminentium
2359 498 2622 570 montium
2661 508 2914 584 proelins
2941 523 2997 568 et
3025 514 3249 570 collibus
3274 512 3503 583 alicujus

246 622 342 687 fui,
374 630 428 677 et
455 629 515 675 ut
544 617 694 687 quivi
739 616 937 685 profui.
978 614 1130 668 Nunc
1161 610 1303 682 quid
1327 613 1403 667 rei
1459 610 1633 681 gratia
1665 606 1827 663 corde

247 709 514 771 statuistis
530 706 1094 766 miltienttcleateaAt
1123 704 1195 758 illi
1222 721 1236 756 :
1267 700 1649 756 «Providentia
1681 713 1831 754 sum-

245 807 349 859 ma:
411 797 732 862 divinitatis,
784 804 847 852 ut
898 806 1110 860 remur,
1146 795 1287 849 hanc
1341 791 1437 847 tibi
1498 791 1827 860 Dacigenam

246 896 413 963 quam
439 888 625 954 modo
678 887 891 945 rcl'oves
932 886 1229 943 connexuit
1270 902 1284 938 :
1329 894 1385 940 ut
1415 892 1571 956 patre
1624 892 1829 940 matre-

242 997 351 1052 que
403 979 670 1050 Dacigentt
720 979 895 1034 haeres
943 978 1107 1048 hujus
1171 985 1328 1032 terra:
1382 985 1678 1038 nascatur,
1736 974 1827 1044 qui

243 1069 502 1126 defensor
529 1079 584 1126 et
624 1063 924 1123 advocatus
966 1067 1379 1123 robustissimus
1425 1075 1605 1121 exstet
1646 1063 1827 1134 hujus.

240 1161 342 1219 Est
372 1177 607 1235 namque
628 1161 861 1232 superba
883 1160 1050 1232 stirpe
1072 1160 1373 1233 progenita,
1402 1160 1582 1228 specie
1608 1159 1827 1221 decora,

241 1265 297 1310 ct
330 1255 583 1320 formosa,
606 1253 833 1310 consilio
852 1263 1008 1309 cauta
1034 1240 1358 1325 et‘provida,
1396 1260 1578 1308 mente
1616 1251 1829 1313 devota,

242 1346 413 1402 corde
474 1345 740 1410 snhacta,
794 1343 1028 1414 alloquio
1079 1326 1355 1408 modesta,
1413 1341 1832 1397 conversatione

244 1444 557 1502 mansueta,
591 1437 647 1493 in
681 1437 827 1491 Omni
863 1450 923 1491 re
952 1435 1211 1491 industris
1235 1443 1289 1490 et
1332 1449 1519 1505 sagax.
1550 1432 1703 1489 lianc
1736 1433 1831 1490 tilsi

243 1528 610 1584 inextricabili
668 1528 933 1584 maritalis
977 1528 1203 1584 foederis
1255 1529 1537 1600 privilt‘gio
1583 1527 1832 1598 protinus

242 1629 536 1687 connecte,
566 1629 625 1675 ut
651 1618 930 1677 salutifera
952 1621 1137 1677 sobole
1165 1620 1281 1691 ejus
1303 1618 1459 1675 tellus
1486 1621 1561 1674 tui
1592 1617 1834 1674 ducami-

243 1712 361 1778 nis,
386 1712 699 1767 imminente
723 1719 979 1768 extrema:
1010 1713 1173 1767 sortis
1208 1722 1314 1768 tua:
1334 1712 1509 1775 obitu,
1541 1710 1834 1767 salubriter

241 1813 300 1860 et
335 1811 646 1860 constanter
668 1813 910 1876 regatur.
937 1824 956 1859 ι
991 1804 1129 1861 lluic
1157 1805 1325 1877 igitur
1353 1805 1580 1861 consilio
1601 1803 1832 1859 libenter

1926 618 2095 680 petr:c
2121 606 2400 661 materiem
2434 605 2670 676 reperire
2694 605 2951 675 quiverls,
2982 606 3089 676 qua
3121 605 3375 676 templum
3404 606 3503 665 Dei

1930 703 2129 750 nostra:
2149 694 2578 750 conversationis
2596 695 2757 752 donto
2783 694 2941 752 altius
2962 695 3229 752 fabricare
3251 698 3453 753 valeas.
3478 716 3503 751 ι

1930 785 1995 840 At
2010 787 2096 841 ille
2109 797 2330 856 accepto
2343 785 2652 857 ilicoligoue
2665 792 2925 843 montium
2942 790 3090 858 prius
3101 790 3337 860 procliva
3350 792 3504 856 adiit.

1929 891 2227 946 eorumque
2253 876 2587 947 crepidinem
2615 877 2816 934 divellit
2837 879 3087 945 sarculis,
3112 890 3274 951 atque
3308 881 3510 938 nullam

1930 973 2099 1037 petra:
2134 968 2415 1021 materiem
2450 969 2569 1022 usui
2615 970 2857 1025 materia:
2884 973 3159 1041 reperiens
3187 984 3506 1043 congruant,

1932 1057 2321 1126 petiit‘devexa
2364 1058 2627 1114 montium
2675 1060 2817 1117 inter
2847 1062 2981 1116 duas
3038 1061 3283 1119 ﬂuviolos
3346 1078 3513 1136 prope

1931 1147 2496 1217 Fiscanumjacentia,
2526 1141 2706 1219 ibique
2732 1164 2964 1207 massam
2994 1154 3144 1224 gypsi
3186 1154 3412 1222 invenit,
3457 1166 3515 1210 et

1935 1254 2101 1295 unttm
2134 1240 2366 1310 lapidem
2398 1257 2657 1313 gypseum
2685 1242 2738 1297 in
2770 1246 2986 1299 modum
3023 1246 3190 1311 cudit,
3231 1246 3430 1303 excidit
3457 1258 3516 1305 et

1936 1340 2062 1386 ante
2098 1331 2430 1387 ltichardunt
2467 1333 2661 1389 ducent
2705 1334 2911 1391 detulit.
2953 1336 3106 1392 Tunc
3142 1340 3247 1394 dux
3289 1351 3517 1410 magnus

1936 1419 2240 1478 Richardus
2266 1437 2281 1477 :
2313 1445 2329 1476 ι
2352 1423 2567 1480 Satisne
2606 1428 2673 1481 de
2703 1424 2897 1483 talibus
2926 1431 3165 1499 reperire
3214 1433 3460 1500 pateris?
3490 1451 3510 1487 ι

1930 1511 2235 1584 -Ιίρςροηάἰι
2273 1533 2285 1568 2
2317 1534 2335 1567 ‹
2359 1515 2533 1582 Satis,
2568 1515 2812 1573 Domine.
2845 1539 2864 1571 ›
2893 1520 2961 1575 At
2989 1521 3078 1576 ille
3108 1539 3121 1576 :
3154 1542 3172 1576 ι
3202 1523 3341 1582 Tuto
3376 1524 3519 1579 hanc

1924 1616 2147 1675 petram
2177 1596 2375 1678 repone
2406 1608 2548 1675 loco,
2578 1619 2634 1664 et
2662 1610 2816 1667 mitte
2864 1614 3292 1684 quamplurimas
3319 1629 3506 1684 operi»

1939 1699 2050 1758 rios
2093 1704 2160 1756 ad
2192 1702 2518 1757 escidendos
2554 1698 2781 1773 lapides,
2833 1705 3141 1776 multasque
3189 1706 3355 1762 calcis
3383 1706 3522 1763 vlva:

1938 1791 2188 1848 fornaces
2215 1808 2478 1863 compone
2507 1811 2522 1848 :
2565 1795 2714 1865 quia,
2757 1796 3007 1854 omnibus
3038 1807 3161 1868 quae
3207 1800 3521 1856 necessaria

242 1897 362 1950 αιιχ
400 1871 775 1952 sanctissimis
802 1894 1111 1954 ιιίοιιπαυδ
1137 1871 1355 1965 [θῖνεηῇ
1385 1896 1572 1952 ascilis
1617 1897 1827 1968 cpisco-
1860 1871 1906 1931 Β
1934 1892 2057 1938 sunt
2084 1886 2422 1956 prmparatis,
2454 1886 2613 1942 istaut
2647 1888 2700 1943 in
2731 1886 2886 1944 initio
2920 1889 3258 1969 fundamenti
3287 1893 3338 1947 in
3366 1892 3522 1949 titulo

243 1989 338 2058 pis
374 2003 496 2044 cum
547 1988 695 2044 clero
743 1988 1082 2061 satrapisque
1118 2004 1241 2045 cum
1281 1988 1499 2059 populo,
1546 2001 1667 2044 eam
1716 1986 1834 2057 lege

242 2079 492 2135 maritali
522 2078 887 2151 desponsavit,
924 2090 980 2135 et
1032 2094 1098 2135 ex
1154 2095 1217 2135 ea
1259 2094 1514 2150 processu
1573 2077 1834 2148 temporis

240 2170 493 2241 quinque
523 2169 834 2225 masculina:
864 2170 1033 2239 prolis
1072 2169 1295 2242 pignora
1316 2210 1332 2236 ,
1366 2170 1716 2240 femiucazque
1744 2183 1834 2238 ge-

242 2261 377 2318 nuit
414 2262 536 2317 tria.
565 2258 668 2317 Per
692 2261 809 2317 vias
831 2261 994 2334 igitur
1022 2277 1246 2332 operum
1270 2271 1449 2317 rectas
1468 2260 1832 2332 gradiebatur,

241 2352 528 2424 justisque
575 2352 752 2423 legum
799 2352 1024 2409 habenis
1069 2353 1280 2425 plebem
1324 2363 1542 2409 strenue
1591 2348 1834 2425 regebat.

246 2443 702 2498 Northmannicie
751 2443 987 2514 regionis
1035 2444 1297 2500 ecclesias
1338 2454 1557 2515 sumptu
1602 2442 1835 2500 reatditi-

243 2549 390 2590 cans
416 2536 655 2605 proprio,
688 2534 1004 2591 monasticis
1030 2535 1192 2592 rebus
1218 2530 1524 2601 adornavit,
1570 2538 1836 2605 plurima-

247 2639 364 2696 que
392 2622 668 2680 Francica:
691 2623 896 2681 telluris
920 2624 1117 2696 templa
1147 2623 1375 2681 miriﬁce
1400 2625 1841 2695 construxitpro-

246 2714 361 2786 prii
390 2714 631 2770 muneris
655 2714 933 2770 thesauro.
959 2713 1416 2787 Rhotgomagensi
1442 2728 1679 2786 namque
1704 2713 1837 2769 urbe

250 2808 316 2859 in
343 2792 550 2861 honore
577 2803 870 2861 Genitricis
911 2804 1004 2859 Dei
1052 2804 1329 2877 ampliavit
1374 2804 1624 2861 mirabile
1654 2818 1840 2859 ntoua~

249 2908 510 2958 stertum,
536 2892 910 2966 longitudinis,
934 2893 1358 2966 latitudinisque,
1397 2904 1559 2967 atque
1603 2893 1841 2950 altitudi-

250 3003 347 3042 ms
395 2985 693 3042 honoriﬁce
741 2987 1101 3057 exspatiatutu
1150 2989 1508 3043 incremento.
1546 2985 1600 3040 In
1657 2995 1841 3040 monte

247 3094 495 3151 namque
517 3081 807 3146 marititno,
834 3080 1016 3136 reﬂuae
1038 3083 1209 3137 lunari
1237 3083 1588 3153 dispositione
1613 3081 1839 3136 inunda-

248 3173 427 3229 tionis
454 3173 664 3244 gurgite
699 3173 937 3246 undique
965 3187 1122 3230 secus
1164 3176 1521 3242 circumdato,
1556 3171 1839 3229 delubrum

251 3267 417 3322 mine
447 3267 837 3338 amplitudinis,
878 3268 1222 3339 spatiosaque
1268 3267 1589 3325 tuouachilis
1634 3265 1844 3321 habita-

253 3361 428 3416 tionis
479 3362 1088 3418 tutenia'construxit:
1140 3362 1323 3433 ibique
1383 3359 1679 3415 monachos
1745 3355 1845 3412 sub

253 3466 570 3507 aerumnosa
599 3450 852 3508 tbeoricte
872 3453 995 3508 vita:
1031 3450 1306 3524 palaestra,
1334 3448 1672 3507 normalibus
1700 3447 1841 3505 Cele-

248 3542 391 3598 bris
412 3543 622 3599 itineris
640 3543 873 3599 decretis
902 3546 1177 3611 astrictos,
1210 3544 1432 3600 Christo
1459 3543 1637 3614 coegit
1666 3539 1846 3596 famu-

206 3664 211 3667 -
255 3632 390 3688 tari.
423 3632 558 3688 Cum
586 3644 767 3688 autem
792 3633 1278 3691 innumerabilibus
1308 3633 1723 3691 exuberantiam
1749 3630 1845 3689 bo-

253 3725 503 3779 uitatum
544 3723 770 3794 polleret
802 3726 1183 3793 incrementis,
1218 3726 1453 3795 qoadant
1498 3723 1586 3780 die
1625 3722 1848 3779 Fiscan-

260 3820 409 3871 nium
453 3817 596 3873 sedis
625 3832 908 3887 aggressus
941 3819 1171 3885 ruentia,
1210 3827 1468 3891 stansque
1506 3818 1558 3873 in
1593 3816 1847 3873 introitus

258 3910 462 3961 «ionius
488 3920 598 3962 sua:
624 3918 899 3978 suggestu,
926 3919 1087 3979 atque
1115 3908 1289 3980 ipsam
1339 3902 1557 3966 domum
1603 3905 1847 3962 altiorem

260 3999 721 4070 capacioremth
753 4000 976 4056 basilica
1010 4001 1060 4055 in
1096 4002 1301 4055 honore
1331 3999 1533 4056 deitiea:
1564 3997 1849 4054 Trinitatis

260 4096 514 4150 dedicata
537 4095 911 4166 eonspiclens;
957 4095 1128 4150 ascito
1160 4103 1435 4167 petrarum
1485 4093 1641 4150 fabro
1665 4092 1849 4149 archi-

263 4189 495 4243 tectoria
522 4199 640 4245 arte
660 4190 853 4261 perito,
872 4188 1045 4259 inquit
1068 4205 1080 4241 :
1106 4189 1363 4243 «Domum
1394 4187 1565 4242 Deiot
1586 4183 1851 4242 orationis

254 4280 598 4351 superlativo
644 4279 894 4350 specialis
926 4278 1345 4351 pulchritudinis
1374 4278 1692 4348 decemque
1732 4274 1851 4331 alti-

262 4368 476 4426 tudinis
519 4370 786 4437 culmine,
816 4370 1392 4442 supereminentiorcm
1422 4367 1691 4424 universis
1717 4380 1850 4422 mm.

214 4506 217 4509 .
266 4462 431 4517 uilius
455 4461 691 4516 civitatis
722 4460 875 4517 decet
899 4471 954 4516 et
981 4470 1195 4531 oportet
1218 4474 1357 4526 esse,
1392 4460 1518 4530 quia
1545 4452 1852 4513 PlaStuator

1936 1972 2231 2030 evectionis
2251 1974 2444 2032 domus
2472 1977 2563 2032 Dei
2579 1978 3076 2050 primamjlocabo.»
3100 1981 3340 2054 Denique
3370 1999 3519 2041 mar-

1937 2067 2060 2123 chio
2090 2067 2505 2135 famosissimus,
2539 2084 2855 2150 “praeparata
2903 2075 3074 2139 calce,
3119 2077 3394 2147 petrisque
3426 2094 3526 2133 ex-

1937 2159 2066 2215 cisis
2119 2170 2173 2215 ct
2222 2163 2598 2228 coacervatis,
2648 2174 2811 2235 atque
2863 2163 3125 2223 lateribus
3164 2168 3527 2225 artificiallter

1939 2248 2274 2320 compositis,
2309 2253 2456 2308 dictu
2502 2249 2729 2325 visuque
2755 2252 3034 2325 mirabile,
3076 2258 3201 2315 miri
3227 2261 3525 2318 schematis

1940 2340 2113 2399 forma
2145 2347 2452 2402 construxit
2484 2346 2535 2402 itt
2584 2350 2788 2405 honore
2824 2363 3023 2423 saneta:
3052 2351 3340 2408 Trinitatis
3370 2353 3528 2409 delu-

1940 2435 2126 2499 brum,
2149 2426 2399 2493 ~turribus
2432 2435 2558 2496 hinc
2586 2432 2710 2495 inde
2756 2451 2816 2515 et
2838 2438 3165 2501 altrinsecus
3210 2442 3529 2515 praebaltea-

1943 2533 2075 2591 tum,
2106 2526 2502 2601 dupliciterque
2540 2541 2821 2588 arcuatum
2851 2530 3191 2602 mirabiliter,
3218 2549 3273 2594 et
3301 2541 3367 2594 de
3398 2556 3531 2597 con~

1943 2619 2209 2673 catenatis
2235 2610 2528 2701 artiﬁciose
2555 2620 2815 2679 lateribus
2837 2635 3175 2697 coopertum.
3194 2626 3331 2686 llinc
3355 2629 3530 2687 ierin-

1943 2722 2099 2763 secus
2140 2709 2411 2766 dealbavit
2459 2710 2611 2779 illud,
2670 2714 3000 2774 intrinsecus
3053 2731 3231 2776 autem
3285 2722 3533 2794 depinxit

1946 2799 2323 2866 historialiler,
2374 2820 2612 2875 auroque
2667 2817 2720 2861 et
2776 2811 3002 2887 gemmis
3062 2828 3257 2886 magno
3301 2828 3527 2874 munero

1946 2896 2227 2965 acquisitis
2268 2899 2459 2954 altaria
2485 2900 2784 2969 decoravit,
2815 2914 3115 2974 crucesque
3142 2904 3292 2961 mirae
3318 2910 3536 2981 magni»

1948 2986 2147 3042 tudinis
2169 3006 2232 3043 ex
2248 3002 2381 3045 auro
2410 2992 2764 3051 mundissimo
2781 2992 3395 3072 fabricavit,caiicesque
3418 3018 3536 3056 ma-

1947 3079 2036 3149 gni
2065 3080 2319 3150 ponderis
2360 3082 2476 3136 auri
2513 3091 2568 3137 et
2598 3083 2758 3156 pretii
2791 3085 3071 3152 annexuit,
3103 3102 3379 3162 aureaque
3401 3108 3536 3151 catt-

1947 3170 2168 3227 dclabra
2224 3174 2516 3230 humanam
2566 3187 2822 3233 naturam
2865 3180 3365 3251 super-excellentia
3406 3192 3536 3240 ante

1949 3265 2321 3319 sanctuarium
2365 3266 2554 3321 statuit
2584 3281 2598 3322 :
2640 3267 3020 3340 thuribulaque
3056 3272 3310 3347 inaudita:
3335 3273 3538 3344 ampli-

1949 3353 2152 3409 tudinis
2184 3363 2239 3409 et
2267 3357 2429 3425 pretii
2451 3373 2584 3413 auro
2603 3359 2850 3416 cenfecta
2873 3360 3169 3432 delegavit,
3187 3373 3349 3436 atque
3374 3364 3534 3420 indu-

1948 3453 2129 3498 menta
2167 3444 2397 3515 phrygio
2424 3437 2640 3520 pectine
2684 3445 2872 3520 polita.
2904 3469 3005 3508 nec
3033 3455 3200 3509 semel
3232 3454 3287 3510 in
3340 3456 3541 3527 Tyrios

1949 3534 2175 3590 rubores
2199 3535 2454 3591 decocta:
2488 3538 2618 3608 quin
2642 3542 2808 3596 etiam
2830 3543 3100 3598 crassiore
3127 3559 3262 3600 auro
3288 3560 3509 3619 smarag

1949 3626 2198 3699 diuisque
2249 3630 2627 3701 superinsutas
2666 3634 2936 3704 apposuit,
2999 3635 3297 3709 byssosqne
3346 3639 3545 3697 niveas

1947 3731 2357 3792 purpureasque
2399 3738 2534 3777 auro
2586 3725 2857 3790 intextas,
2909 3727 3234 3800 plumeoqne
3275 3725 3542 3787 tnirabth’s

1949 3810 2166 3866 artificii
2196 3811 2497 3869 holoserica
2538 3815 2845 3884 commisit;
2897 3828 3059 3888 atque
3097 3820 3300 3876 clerum
3348 3834 3538 3878 nume-

1949 3918 2090 3959 rosa:
2149 3904 2514 3963 multitudinis
2569 3923 2836 3977 propensa
2869 3910 3045 3966 diaria
3106 3914 3347 3984 quotidie
3408 3917 3537 3971 reei-

1949 3995 2206 4064 pientcnt,
2256 3996 2466 4077 subque
2502 3999 2759 4070 practica:
2787 4002 2911 4056 vita:
2955 4002 3206 4073 palarstra
3260 4004 3537 4073 desudan-

1953 4101 2059 4145 teut
2092 4089 2309 4147 Christo
2359 4093 2633 4148 deservire
2676 4097 2872 4165 coegit.
2911 4095 3005 4151 Illo
3050 4114 3285 4171 namque
3340 4099 3537 4169 templo

1949 4183 2374 4238 tnoaasticarum
2396 4183 2711 4241 facultatum
2735 4174 2999 4244 ubertath
3018 4187 3293 4244 alliueutia
3336 4190 3540 4260 repleto

1950 4286 2122 4344 eoque
2153 4273 2528 4332 benedictione
2554 4275 2851 4348 episcopali
2893 4276 3287 4338 ofﬁciosissittte
3317 4283 3537 4340 dedica-

1955 4377 2033 4429 to,
2071 4363 2496 4422 Nortbmanniea
2541 4368 2912 4442 Francicaqae
2962 4372 3153 4429 tellure
3200 4376 3365 4441 sitas,
3409 4392 3542 4447 pro-

1953 4460 2071 4528 prio
2106 4470 2323 4530 sumptu
2375 4460 2654 4517 reficiebat
2699 4478 2890 4520 omnes
2938 4464 3210 4535 disruptas
3256 4467 3539 4523 ecclesias.

262 4548 706 4622 ltedemptorqne
748 4553 963 4624 generis
1011 4552 1230 4610 humani
1288 4555 1522 4621 gratuita
1575 4549 1717 4604 hanc
1746 4548 1846 4603 sibi
1880 4568 1927 4625 ι)
1954 4544 2287 4604 hlirabilibus
2313 4549 2634 4606 coruscabat
2661 4552 2847 4620 factis,
2874 4551 3035 4623 justis
3061 4566 3116 4611 et
3144 4558 3335 4625 bouis;
3368 4558 3540 4615 fama-

262 4642 471 4714 ‘delegit
517 4643 827 4711 cletnentia,
873 4642 1130 4715 miracquc
1180 4640 1608 4715 regenerationis
1674 4648 1849 4695 mater

268 4736 467 4805 typica:
486 4734 776 4792 oblationis
804 4736 1024 4793 lavacro
1044 4744 1244 4800 exstat,
1273 4745 1435 4805 atque
1466 4734 1516 4787 in
1538 4734 1637 4787 hac
1657 4730 1850 4788 divinae

266 4825 597 4882 eruditionis
622 4826 809 4883 audire
832 4830 1016 4892 verba,
1051 4838 1345 4896 nostraque
1363 4822 1559 4879 deﬂere
1587 4823 1851 4878 debemus

267 4926 518 4985 peccata.
561 4914 684 4971 [Lee
711 4930 944 4986 namque
971 4915 1119 4971 aula-
1143 4926 1297 4988 porta
1336 4914 1458 4972 cuili
1510 4922 1851 4981 nuncupatur

277 5017 462 5070 etest,
496 5020 659 5078 quam
716 5008 1007 5073 incolunt,-
1038 5012 1234 5083 cuique
1300 5017 1536 5079 praesunt
1571 5004 1846 5060 coelicolan

267 5096 399 5152 llme
428 5096 622 5152 domus
649 5114 913 5171 namque,
933 5098 1393 5173 Psahnographns
1428 5100 1527 5163 ait,
1554 5114 1709 5155 mons
1734 5096 1847 5161 Dei,

270 5204 430 5245 tuens
458 5190 692 5262 pinguis,
726 5205 884 5249 mons
916 5192 970 5250 in
1002 5206 1109 5262 quo
1133 5191 1273 5247 bene
1313 5192 1569 5263 placitum
1605 5197 1681 5244 est
1743 5188 1851 5243 Deo

267 5281 522 5340 habitare
550 5284 603 5340 in
635 5300 701 5342 eo
735 5288 973 5342 :etettitn
1000 5284 1262 5346 Dominus
1289 5287 1556 5343 habitabit
1585 5284 1638 5342 in
1664 5285 1847 5341 finem.

272 5368 376 5425 llic
421 5361 655 5443 namque
702 5390 857 5433 mons
880 5386 962 5431 est
997 5376 1049 5431 in
1082 5391 1190 5449 quo
1218 5392 1368 5433 meus
1415 5392 1550 5432 avus
1597 5389 1657 5432 se
1710 5384 1851 5431 stan-

271 5456 404 5527 tem,
433 5478 597 5535 seque
640 5466 786 5523 ablui
833 5475 1014 5525 monte
1063 5468 1338 5525 salutifero
1386 5468 1581 5524 divinat
1629 5466 1852 5526 visionis

273 5555 497 5613 oraculo
522 5560 811 5631 conspieit,
836 5571 895 5617 et
922 5579 954 5618 a
986 5561 1134 5634 lepra
1169 5564 1424 5618 vitiorum
1461 5577 1566 5635 qua
1589 5561 1848 5617 infectum

272 5663 336 5704 se
354 5665 566 5709 sommo
591 5654 1099 5727 cernebatexpiari.
1124 5656 1465 5728 Quapropter
1487 5657 1615 5726 quia
1661 5654 1857 5710 altiore

276 5742 556 5821 amplioris
580 5744 830 5803 culminis
847 5747 1144 5815 schemate,
1169 5748 1392 5805 domum
1416 5748 1512 5804 Dei
1541 5748 1722 5804 domui
1752 5761 1852 5805 no-

279 5843 404 5892 strae
414 5836 763 5900 habitationis
774 5840 1077 5914 pmcellerc
1088 5857 1186 5899 con
1196 5843 1362 5910 decet;
1381 5860 1443 5898 ex
1451 5842 1630 5917 perire
1644 5843 1690 5902 si
1708 5841 1854 5901 forte

1953 4655 2057 4709 que
2080 4641 2366 4711 probitatis
2405 4644 2524 4714 ejus
2563 4643 2869 4716 longinquis
2915 4646 3228 4721 regionibus
3268 4649 3542 4722 profusius

1952 4732 2371 4789 diffundebatur.
2421 4735 2645 4807 Species
2679 4737 2794 4808 ejus
2824 4739 3074 4794 redimita
3122 4743 3318 4798 decore
3365 4743 3542 4797 admi-

1950 4826 2135 4881 randa:
2185 4825 2626 4896 pulchritudinis,
2660 4829 2917 4885 fundebat
2942 4830 3106 4901 juliar
3145 4834 3213 4888 ab
3238 4846 3353 4897 ore,
3381 4838 3538 4904 quasi

1953 4916 2146 4973 solaris
2171 4918 2533 4976 claritudinis.
2560 4920 2691 4975 Erat
2719 4925 2768 4978 ei
2794 4938 3037 4979 summus
3063 4924 3264 4990 honor,
3296 4941 3405 4998 quo
3438 4942 3537 4982 uo-

1953 5021 2078 5063 mett
2125 5010 2243 5079 ejus
2291 5009 2640 5077 audiebatur,
2679 5021 2898 5086 totaque
2945 5013 3120 5073 Gallia
3170 5016 3542 5074 admirabatur

1954 5100 2386 5173 snper‘largiﬂvta
2419 5103 2659 5160 bonitate
2681 5107 2818 5177 ejus.
2853 5109 3056 5164 Amore
3100 5110 3315 5181 pietatis
3363 5111 3544 5168 cultor

1948 5193 2179 5263 jllSlllliU
2214 5206 2470 5252 strenuus
2519 5189 3291 5271 renitebat,ettttctorntttqno
3343 5217 3543 5259 causits

1954 5285 2095 5340 intra
2139 5302 2234 5340 sua
2269 5296 2486 5356 pectora
2532 5289 2797 5346 sollicitus
2837 5293 3186 5361 recondebat,
3231 5298 3396 5366 atque
3444 5311 3544 5368 pro

1954 5375 2134 5446 populi
2163 5377 2349 5447 requie
2377 5379 2464 5449 pia
2484 5378 2608 5447 jura
2634 5383 2871 5436 tenebat.
2901 5384 3092 5454 Specie
3116 5385 3537 5454 pulcherrimus.

1954 5471 2107 5524 canis
2136 5472 2492 5540 prieuandidis
2521 5474 2781 5542 repletus,
2804 5477 3111 5548 superciliis
3140 5478 3365 5552 acieque
3411 5486 3541 5537 ocu-

1953 5554 2135 5615 lorum
2155 5576 2436 5631 coruscus,
2463 5565 2686 5623 naribus
2705 5568 2970 5638 malisque
2988 5568 3335 5642 'spleudidus,
3370 5558 3543 5631 barba

1957 5652 2195 5708 canifera
2238 5662 2297 5708 et
2339 5655 2548 5725 prolixa
2599 5657 2935 5724 honoratus,
2991 5670 3200 5718 statura
3246 5676 3543 5733 procerus,

1955 5742 2137 5813 lingua
2163 5744 2439 5813 eruditus,
2469 5744 2668 5805 virtute
2714 5750 2882 5825 animi
2925 5760 2979 5807 et
3020 5768 3265 5822 corporis
3321 5753 3537 5824 plenus,

1906 5924 1915 5925 η
1956 5841 2202 5913 bonitate
2228 5840 2514 5930 dimisus,“
2543 5856 2722 5903 mente
2762 5849 3165 5920 sagacissimus,
3211 5849 3386 5922 gratia
3438 5848 3541 5906 Udi
