4058 5406
576 148 675 211 ³51

1462 146 1757 206 BUDONIS
1794 148 2039 206 DECANI
2079 150 2137 206 S.
2180 150 2482 238 ρζΙΝΤΙΝΙ
2521 152 2884 210 “ROMANO.

3732 153 3835 211 75!

576 260 839 331 munitus,
863 259 1227 331 omnibusque
1251 267 1372 316 erat
1397 275 1503 316 una
1531 258 1698 317 salus.
1730 262 1949 317 Amicos
1990 276 2145 317 nam-
2178 269 2224 325 Α
2250 278 2316 319 ex
2372 264 2697 334 pauperibus
2768 264 2959 333 spiritu
3009 261 3205 336 delegit
3252 279 3375 321 esse
3440 279 3669 337 regnum
3722 281 3832 326 crn-

573 371 681 426 que
703 355 940 426 erigens,
987 353 1220 410 tumidos
1257 353 1506 409 calcabat
1546 355 1747 421 hostes,
1777 356 2153 426 subiectosque

570 446 781 512 fovens,
811 444 1130 501 conterebat
1159 443 1302 498 feros
1330 452 1384 499 et
1426 442 1686 509 rebelles,
1720 453 2012 514 tempestas
2057 446 2152 500 irae

571 537 656 592 vel
678 535 963 593 discordiae
990 534 1133 601 nullo
1165 533 1521 590 dissensionis
1558 534 1790 589 tumultu
1829 536 2151 604 penetrabat

570 628 737 684 corda
786 627 933 699 ejus;
961 626 1087 696 quia
1117 625 1168 679 in
1201 624 1479 681 salutifera
1518 624 1813 679 stabilitate
1846 625 2071 694 justitia:
2095 636 2150 680 et

563 722 776 795 judicii,
824 720 1217 791 cbaritatisque
1255 719 1391 789 spei,
1433 727 1488 776 et
1552 719 1675 774 fidei
1719 721 1958 776 anchora
1993 734 2147 791 saga-

562 798 803 877 cissimre
833 811 1034 868 mentis
1057 810 1161 865 lixa
1181 810 1480 865 aderatilli.
1508 810 1860 866 Constantem
1888 810 2004 880 ejus
2031 812 2151 866 ani-

568 918 718 961 mum
748 918 880 967 aura
910 901 1052 957 illius
1075 901 1418 965 adversitatis
1440 900 1669 957 tumultu
1694 917 1798 955 nou
1828 901 2142 964 ventitabat,

565 1008 671 1053 nec
693 995 761 1060 de
788 993 1067 1055 multiiiua:
1109 993 1449 1063 copiosacque
1492 992 1870 1063 prosperitatis
1900 992 2147 1049 ubertate

567 1085 807 1143 animum
830 1082 1174 1140 subtollebat.
1205 1082 1337 1139 Cum
1370 1092 1549 1140 autem
1576 1084 1628 1137 in
1657 1099 1823 1153 regno
1845 1098 1943 1140 suo
1968 1085 2146 1138 varia-

565 1183 621 1231 to
673 1190 949 1232 murmure
1000 1174 1338 1245 pullulabant
1370 1174 1566 1246 aliqua:
1610 1174 1895 1232 seditionis
1941 1189 2142 1240 causae,

558 1268 909 1337 sedabateas
950 1266 1181 1323 decretis
1208 1267 1398 1339 legum
1443 1277 1498 1325 et
1524 1266 1806 1322 salutifera
1855 1275 2140 1337 potestate.

561 1358 707 1415 Illius
734 1374 970 1431 namque
997 1358 1131 1415 ﬁdes
1159 1368 1266 1414 tam
1296 1358 1471 1419 valida
1510 1358 1758 1415 veritatis
1784 1358 1965 1414 radice
1999 1366 2145 1413 teuc-

558 1452 742 1515 batur,
773 1460 832 1508 ut
862 1460 1021 1507 antea
1063 1466 1222 1508 mons
1243 1450 1500 1507 deficeret
1526 1458 1620 1506 aut
1656 1450 1940 1520 migraret,
1978 1464 2141 1520 quam

554 1561 658 1605 sua
685 1545 851 1602 verba
879 1546 1157 1625 caderent.
1189 1543 1305 1607 Res.
1336 1543 1405 1599 ab
1429 1558 1493 1623 eo
1519 1544 1798 1614 promissae
1826 1542 1973 1599 nullo
2005 1541 2140 1597 mul-

2252 353 2451 417 lorum,
2482 355 2758 410 credimus
2786 356 2835 409 ei
2858 354 3201 410 attributum.
3233 353 3523 426 Sequentia
3555 355 3832 430 Evangelii

2253 446 2521 516 depromit
2577 446 2719 515 quod
2755 445 3042 514 sequitur:
3084 464 3103 497 r
3143 446 3293 501 Beati
3337 447 3515 514 miles,
3571 451 3833 519 quoniam

2251 536 2351 606 ipsi
2380 536 2729 607 possidebunt
2753 544 2973 594 terram.
2997 555 3017 589 ι
3052 536 3223 605 Quam
3242 536 3443 601 suavis,
3475 554 3640 610 quam
3661 540 3833 610 mitis,

2250 642 2413 696 quant
2441 626 2743 691 benivolus,
2769 641 3039 696 quamque
3086 625 3505 699 benignissimus
3536 627 3704 683 fuerit
3737 629 3829 699 qui

2249 720 2687 790 compendiosum
2715 720 2838 774 vitae
2857 717 2973 788 ejus
3001 719 3197 775 seriem
3229 719 3437 791 legerit,
3472 720 3677 791 aliquid
3707 737 3835 779 sua-

2247 812 2433 867 vitatis
2482 813 2600 884 ejus
2650 826 2977 882 pernoscere
3046 812 3299 880 quiverit.
3352 811 3452 869 llic
3505 810 3834 871 TetLoldum

2248 902 2500 959 comitem
2534 902 2822 972 aliquando
2844 900 3149 967 devotione,
3177 903 3464 974 aliquanto
3492 903 3663 960 armis
3682 920 3845 961 com—_

2246 992 2475 1060 peseuit.
2512 992 2610 1049 Hic
2658 990 2973 1063 Lothgrium
3027 1007 3206 1062 regem
3254 993 3561 1049 humilitate
3602 995 3831 1050 devicit.

2250 1080 2345 1137 llic
2376 1082 2550 1138 Dacos
2571 1082 2835 1139 suavitate
2860 1082 3147 1137 verborum
3173 1091 3230 1139 et
3264 1084 3420 1140 donis
3444 1085 3709 1142 coercuit.
3727 1083 3831 1141 llic

2244 1173 2484 1230 Francos
2549 1186 2879 1245 exterasque
2929 1189 3117 1247 gentes
3170 1175 3486 1233 humillimis
3538 1178 3727 1234 verbis
3775 1188 3836 1235 et

2245 1268 2560 1323 muneribus
2589 1269 2688 1325 sibi
2719 1286 3023 1340 provocans
3059 1269 3274 1325 ascivit.
3310 1267 3409 1325 llic
3436 1268 3645 1326 incolas
3689 1268 3833 1325 Nor-

2244 1359 2569 1417 thmanuicae
2604 1364 2837 1433 regionis
2865 1379 3076 1421 summa
3111 1361 3395 1418 devotione
3419 1362 3681 1432 protexit.
3728 1360 3836 1418 llic

2244 1450 2577 1522 domigenas,
2626 1463 2682 1507 nt
2717 1463 2871 1524 pater
2913 1454 3148 1510 familias
3176 1454 3423 1517 devotus,
3452 1438 3625 1507 ‘fovit.
3668 1450 3835 1508 Beni-

2244 1544 2397 1600 volus
2427 1544 2478 1598 in
2512 1544 2658 1600 omni
2704 1547 2919 1617 negotio
2948 1546 3177 1611 exstitit,
3232 1544 3419 1600 suavia
3470 1546 3526 1599 in
3573 1540 3725 1601 omni
3772 1560 3833 1599 ra

557 1639 768 1696 ctandte
789 1647 934 1705 actu,
957 1620 1101 1693 verre
1136 1620 1596 1709 perseverabant;
1627 1646 1789 1708 atque
1832 1633 2140 1707 pollicitam
2169 1620 2216 1682 Β
2246 1640 2409 1696 verba
2447 1648 2502 1695 et
2530 1654 2693 1710 opere
2730 1642 2928 1697 sonuit.
2988 1641 3213 1697 Terram
3264 1653 3498 1710 namque
3524 1639 3829 1694 viventium

554 1730 746 1797 semel,
778 1738 1111 1801 perpetuatae
1136 1729 1449 1786 manebant.

1166 1876 1529 1921 APOSTBOPIIA.

626 1970 796 2048 Hujus
824 1975 1037 2050 patricii
1066 1975 1339 2031 cumulum
1365 1971 1626 2029 bonitatis
1654 1986 1913 2028 enormeu

766 2067 970 2124 Praesul
996 2068 1225 2123 amande
1250 2066 1422 2122 vides.

551 2158 808 2236 Symbola
840 2159 931 2231 qui
961 2160 1156 2215 merito
1181 2157 1381 2214 crescit
1424 2154 1681 2214 bonitatis
1712 2155 1764 2211 in
1797 2164 1920 2211 octo

761 2252 967 2309 Przesul
993 2251 1220 2308 amande
1241 2250 1413 2306 vides.

549 2344 725 2402 Viduo
748 2345 833 2401 bis
855 2345 1047 2401 scribit
1077 2360 1198 2415 quae
1228 2337 1571 2413 Evangelista
1597 2341 1772 2398 beatis

760 2440 965 2499 Praesul
987 2443 1217 2497 amande
1244 2440 1416 2497 vides.

546 2531 781 2605 Quaeque
806 2539 933 2589 tuus
960 2534 1171 2604 genitor
1201 2529 1357 2587 factis
1386 2526 1629 2603 implevit
1653 2531 1849 2602 Opimi:

540 2618 547 2627 “
756 2623 957 2679 Ριοωειιι
985 2623 1215 2679 amande
1239 2620 1411 2676 vides.

546 2717 600 2772 lu
628 2717 773 2773 dicto
805 2715 995 2771 utelior
1016 2714 1271 2787 quoniam
1296 2727 1456 2769 nemo
1480 2710 1660 2768 extitit
1690 2709 1805 2782 ipso

756 2804 962 2861 Praesul
995 2803 1224 2860 amande
1261 2802 1431 2859 vides.

536 2899 599 2977 lu
630 2898 774 2955 facto
796 2908 945 2955 certe
971 2897 1257 2969 nullusque
1284 2896 1559 2967 potentior
1583 2892 1700 2965 ipso

755 2990 960 3049 Praesul
987 2988 1219 3045 amande
1244 2988 1414 3045 vides.

544 3081 696 3140 Ullus
730 3096 833 3138 nec
861 3079 1140 3136 hominum
1167 3088 1315 3134 extat
1347 3077 1586 3134 sanctior
1615 3075 1670 3131 in
1703 3074 1982 3143 meditato,

752 3172 957 3229 Prtesul
993 3171 1222 3227 amande
1245 3170 1412 3226 vides.

525 3254 656 3323 'lluc
687 3267 866 3322 hebeti
896 3275 950 3321 et
981 3265 1072 3320 vili
1102 3264 1306 3336 scripto
1332 3261 1648 3319 devenimus
1668 3275 1838 3331 usque

753 3358 959 3415 I‘rzesul
987 3358 1217 3415 amande
1247 3356 1416 3412 vides.

534 3447 766 3507 Pulchra
793 3449 952 3503 nimis
983 3448 1117 3503 ratio
1142 3446 1453 3512 verborum,
1479 3442 1867 3512 matcriesquc,

750 3540 953 3597 Prarsul
978 3540 1209 3596 amande
1237 3538 1409 3594 vides.

536 3635 818 3693 Thematis
841 3635 1007 3692 editio
1033 3643 1181 3689 extat
1208 3630 1422 3699 frivola,
1458 3630 1659 3686 rustica
1678 3668 1694 3695 ,
1722 3626 1869 3692 vilis,

749 3727 948 3785 Przesul
978 3727 1210 3782 amande
1239 3726 1407 3782 vides.

536 3823 715 3877 Ditatu
742 3821 835 3877 vili
864 3834 1007 3877 nunc
1028 3834 1169 3874 nunc
1192 3833 1323 3888 cape
1351 3814 1525 3872 dulcia
1557 3812 1723 3879 facta,

528 3902 533 3909 ’
746 3913 947 3970 Pracsul
972 3913 1201 3969 amande
1232 3911 1367 3968 vale.
1467 3904 1472 3910 ’

602 4028 796 4083 Merito
848 4026 1034 4097 igitur,
1069 4024 1326 4097 justeque
1400 4032 1563 4093 atque
1611 4017 1968 4093 probabiliter
2017 4014 2113 4070 Bi-

531 4117 793 4173 chardum
843 4115 1286 4172 Northmannicm
1347 4113 1585 4186 regionis
1636 4114 1828 4167 ducem
1888 4108 2109 4165 beatum

531 4218 921 4277 sanctumque,
946 4205 1231 4263 recensitis
1272 4205 1512 4262 breviter
1538 4201 1794 4273 operibus
1837 4198 1983 4272 ejus,
2028 4197 2101 4251 di-

2242 1731 2521 1803 possidere
2547 1732 2763 1800 Ittcruil,
2795 1734 2887 1803 qui
2923 1732 3166 1803 corporis
3189 1729 3273 1805 sui
3310 1737 3511 1785 terram
3535 1738 3827 1783 mansueta

2242 1824 2578 1894 benignitate
2627 1824 2937 1880 custodivit.
2997 1822 3255 1901 Sequitur
3304 1821 3465 1876 tertia
3517 1814 3828 1884 beatitudo.

2240 1930 2342 1985 qua
2370 1915 2563 1970 dicitur
2589 1930 2603 1970 :
2636 1933 2655 1968 r
2674 1915 2823 1993 Beati
2845 1915 2936 1987 qui
2965 1914 3171 1986 lugent,
3195 1912 3451 1983 quoniam
3478 1911 3585 1983 ipsi
3621 1924 3826 1967 conso-

2241 2007 2513 2061 labuntur.
2556 2026 2575 2060 ι
2622 2007 2885 2076 Quoniam
2944 2006 3161 2077 quidem
3206 2006 3355 2061 dives
3409 2020 3574 2076 opum
3625 2016 3828 2061 mune-

2234 2111 2485 2171 rumque,
2523 2108 2579 2154 et
2606 2099 2837 2153 militum
2885 2108 3050 2169 atque
3095 2097 3443 2154 familiarium
3490 2097 3823 2161 exstiterat;

2239 2188 2358 2259 ideo
2372 2206 2430 2243 se
2457 2189 2787 2261 implicatum
2815 2201 2864 2247 et
2900 2190 3166 2247 irretitum
3200 2189 3564 2261 saecularibus:
3591 2190 3828 2262 negotiis

2236 2284 2467 2356 lugebat.
2506 2285 2751 2358 Lugebat
2804 2302 3037 2358 namque
3076 2288 3373 2358 pravitates
3401 2288 3824 2354 monachorum,

2235 2393 2372 2448 quos
2398 2379 2586 2435 devius
2623 2395 2799 2446 error,
2831 2379 3020 2436 relicto
3066 2379 3260 2435 stricto
3300 2378 3459 2444 calle,
3511 2377 3825 2433 abducebat

2232 2468 2630 2538 deceptricihus
2659 2469 2897 2526 fallentis
2947 2469 3132 2525 mundi
3168 2470 3329 2527 rebus
3376 2468 3431 2523 in
3472 2466 3821 2525 exsecrabile

2232 2560 2612 2632 prxecipitium.
2644 2559 2885 2633 Lugebat
2904 2574 3121 2615 errores
3149 2558 3539 2616 canonicoruut
3560 2573 3609 2633 a_
3627 2571 3826 2612 mona-

2233 2630 2385 2706 sticis
2401 2630 2862 2721 ipraeceptiouibus
2887 2648 3271 2706 decidentium.
3294 2648 3463 2719 Luget
3478 2656 3534 2704 at
3561 2630 3824 2720 ignoran-

2232 2745 2362 2799 tiam
2391 2743 2697 2811 juventutis
2726 2758 2856 2808 suae,
2888 2752 2944 2799 et
2986 2743 3216 2809 delicta;
3270 2750 3431 2812 atque
3465 2740 3595 2795 ﬂetu
3626 2741 3822 2797 oculo-

2232 2853 2351 2891 rum
2383 2836 2548 2893 uimio
2571 2845 2769 2891 terram
2799 2844 3101 2906 prostratus
3122 2833 3486 2891 humectabat.
3515 2831 3815 2903 Sequitur;

2152 2964 2198 3028 C
2235 2944 2253 2978 ι
2299 2926 2449 2982 Beati
2480 2927 2571 2997 qui
2603 2926 2847 2983 esuriant
2898 2935 2954 2981 et
3003 2924 3200 2980 sitiunt
3224 2923 3515 2996 justitiam,
3549 2923 3816 2993 quoniam

2229 3017 2329 3087 ipsi
2352 3017 2763 3073 saturabuntur.
2786 3037 2805 3070 ι
2826 3017 2980 3073 lianc
2996 3031 3124 3073 vero
3151 3015 3385 3072 esuriem
3402 3023 3457 3070 et
3483 3015 3635 3070 sitim
3653 3029 3815 3071 nemo

2228 3110 2481 3166 habuisse
2510 3108 2842 3166 Ricbardum
2901 3109 3095 3165 ducem
3125 3107 3359 3172 dubitat,
3404 3107 3496 3177 qui
3547 3106 3815 3178 paciﬁcos

2226 3208 2380 3255 actus
2409 3199 2524 3269 ejus
2560 3199 2833 3279 subtiliter
2876 3209 3086 3270 pensat.
3115 3198 3252 3266 Quia
3282 3198 3538 3255 ins'autia
3580 3197 3815 3267 justiti:

2225 3288 2516 3355 ronitebat,
2543 3287 2731 3345 callem
2759 3288 2946 3359 iudicii
2975 3291 3308 3346 incessanter
3344 3286 3585 3359 petebat.
3616 3287 3812 3365 Oppri-

2223 3378 2404 3451 tnebat
2423 3379 2541 3433 diro
2578 3379 2712 3452 legis
2740 3379 2872 3450 jugo
2896 3380 3231 3453 negligentes
3248 3379 3544 3452 justitiam,
3566 3380 3810 3451 corrige-

2221 3469 2840 3543 batvcrboseveritatis
2888 3469 3204 3526 abdicantes
3250 3484 3393 3525 eam.
3434 3468 3515 3525 Eo
3565 3483 3807 3540 namque

2219 3560 2531 3639 superstite,
2565 3559 2936 3617 misericordia
2973 3570 3030 3615 ct
3057 3562 3261 3616 veritas
3287 3559 3342 3617 in
3374 3574 3540 3631 regno
3569 3559 3717 3629 ejus,
3747 3570 3806 3616 ut

2217 3649 2505 3707 Psalmista
2550 3651 2736 3715 refert,
2769 3653 2869 3709 sibi
2919 3653 3313 3721 obviaverunt;
3351 3651 3563 3724 justitia
3601 3660 3661 3708 et
3694 3667 3800 3722 pax

2216 3743 2473 3817 osculata;
2500 3752 2650 3799 sunt.
2676 3744 2983 3809 Esuriebat,
3010 3743 3200 3801 sitiens
3230 3758 3291 3800 se
3329 3758 3568 3813 suosque
3599 3742 3801 3800 lucrari

2216 3833 2456 3901 Christo,
2488 3844 2546 3890 ut
2594 3843 2777 3904 posset
2807 3834 3122 3905 participari
3159 3834 3212 3890 in
3244 3834 3330 3889 die
3367 3833 3560 3905 judicii
3605 3849 3802 3906 pereu-

2206 3925 2359 4005 gniter‘
2388 3928 2514 3980 Deo.
2549 3925 2661 3982 Hoc
2694 3926 3142 3983 iustantissimum
3186 3926 3422 4005 jugeque
3462 3926 3796 3981 desiderium

2212 4004 2359 4086 ejus,
2403 4018 2520 4075 haec
2566 4018 2775 4075 esuries
2825 4017 3221 4090 perseveranda
3271 4004 3418 4088 ejus,
3467 4028 3637 4088 atque
3680 4016 3798 4073 sitis

2213 4110 2531 4169 indelieiens
2551 4112 2670 4184 ejus
2689 4120 2829 4178 erat,
2857 4120 2918 4167 ut
2948 4126 3138 4168 omnes
3173 4109 3307 4165 lucri
3337 4108 3567 4166 faceret.
3597 4108 3793 4181 Sequi-

2214 4211 2337 4258 tur:
2385 4220 2404 4255 r
2460 4202 2613 4259 Beati
2662 4202 2866 4258 mundo
2915 4203 3103 4267 corde,
3149 4200 3404 4271 quoniam
3457 4199 3564 4271 ipsi
3621 4198 3791 4255 Deum

529 4302 731 4367 cimus;
756 4300 842 4356 cui
868 4299 1049 4356 omnia
1080 4297 1519 4371 evangelicarum
1546 4294 1940 4351 beatitudinum
1964 4293 2103 4345 dona
2137 4310 2187 4366 ι)
2210 4294 2485 4351 videbunt.
2523 4312 2542 4347 ι
2577 4290 2684 4350 (lar
2708 4294 2844 4350 tanti
2873 4292 3027 4350 ducis
3060 4291 3384 4365 patriciique
3424 4299 3479 4348 et
3513 4289 3791 4348 confesso-

520 4391 874 4463 reperiuntur
928 4389 1253 4462 propensius
1302 4388 1584 4443 attributa.
1618 4386 1853 4452 Quarum
1887 4383 2056 4453 prima
2086 4397 2099 4434 :

516 4501 553 4543 ,ι
588 4481 735 4536 Beati
776 4496 1040 4551 pauperes
1070 4478 1283 4550 spiritu,
1315 4476 1570 4547 quoniam
1619 4474 1856 4546 ipsorum
1888 4480 1967 4528 est
2019 4483 2103 4523 re-

522 4590 690 4653 gnum
718 4574 1000 4630 etelorum.
1036 4591 1054 4625 ι
1084 4572 1214 4638 Qua:
1244 4573 1295 4625 in
1330 4570 1430 4625 hoc
1462 4567 1771 4624 coul'cssore
1794 4565 1993 4621 clarius
2024 4563 2102 4618 lu-

524 4682 588 4723 ce
614 4656 839 4738 apparet
867 4664 1052 4730 fuisse,
1090 4664 1182 4735 qui
1226 4662 1664 4738 Nortltmaunicze
1709 4658 1946 4732 regionis
1991 4673 2102 4713 mo-

524 4759 832 4823 narchiam,
861 4771 967 4812 non
1011 4770 1176 4812 causa
1227 4753 1389 4824 hujus
1443 4752 1791 4824 praelabeutis
1844 4750 2097 4819 honoris,

520 4849 617 4905 sed
645 4864 712 4903 ne
735 4856 1094 4907 sacrosanctae
1123 4846 1381 4902 Ecclesiae
1413 4854 1589 4901 status
1635 4843 1862 4915 paganis
1890 4843 2100 4897 irruen-

525 4938 670 4994 tibus
688 4938 1110 5013 periclitaretur,
1132 4938 1393 4999 retinens,
1423 4949 1482 4991 se
1510 4935 1578 4991 ad
1607 4933 1924 4990 imitabilem
1949 4929 2099 4986 Chri-

524 5029 594 5083 sti
627 5040 994 5101 paupertatem
1027 5030 1361 5087 totiscordis
1392 5028 1614 5099 nisibus,
1641 5034 1859 5096 totoque
1902 5023 2098 5079 mentis

525 5113 719 5170 aﬁeetu
743 5119 1068 5175 conferebat.
1091 5120 1220 5187 Quae
1244 5118 1533 5184 mundialis
1555 5116 1831 5171 hominum
1860 5114 2096 5171 conditio

522 5204 764 5260 continet
794 5209 1153 5276 pretiosa,hic
1178 5219 1356 5264 mente
1379 5207 1698 5279 periculosa.
1731 5205 1862 5274 Quae
1878 5219 2092 5276 magna,

527 5294 616 5348 hic
640 5295 803 5351 corde
827 5297 1067 5377 fugitiva.
1115 5300 1246 5367 Quae
1269 5284 1630 5377 delectabilia,
1653 5300 1743 5354 hic
1771 5314 1874 5354 nou
1908 5312 2096 5367 perpe-

553 5398 615 5406 ....
696 5381 817 5406 IL..-
875 5400 905 5406 _.

2206 4387 2302 4453 ris,
2330 4388 2452 4458 quis
2488 4386 2651 4443 fuisse
2678 4385 3050 4463 sanctuarium
3089 4384 3322 4450 Domini,
3349 4392 3406 4440 et
3432 4382 3619 4439 aulam
3648 4383 3785 4454 regis

2204 4478 2393 4533 :eterni
2426 4477 2671 4533 dub'tat?
2717 4477 2973 4533 Hunditia
3012 4476 3191 4557 cordis
3218 4475 3360 4531 illius
3388 4474 3548 4545 longe
3573 4474 3787 4544 lateque

2205 4571 2491 4638 emicabat,
2524 4573 2925 4643 puritatemque
2956 4569 3152 4626 mentis
3179 4567 3562 4625 serenissimus
3610 4567 3785 4623 vultus

2204 4664 2322 4735 ejus
2349 4665 2551 4721 clarius
2582 4666 2884 4734 indicabat.
2926 4663 3199 4735 Plu-cepta
3240 4663 3434 4718 divina:
3465 4661 3606 4735 legis
3625 4663 3783 4719 corde

2200 4757 2426 4821 mundo,
2467 4766 2526 4812 ut
2556 4757 2747 4822 laicus,
2786 4758 3007 4829 gerebat
3037 4774 3051 4813 :
3099 4756 3317 4823 divites,
3347 4755 3777 4828 mediocrcsque,

2200 4856 2255 4903 et
2285 4862 2551 4919 pauperes
2594 4847 2842 4904 benivola
2891 4855 3076 4903 mente
3128 4845 3326 4902 alebat.
3374 4844 3544 4915 Cujus
3600 4844 3778 4901 cordis

2200 4940 2506 5009 mentisque
2544 4948 2598 4994 et
2637 4937 2928 4995 voluntatis
2993 4936 3115 5005 fuit,
3168 4944 3393 5008 apparet
3426 4935 3483 4991 in
3538 4935 3778 4992 ecclesiis

2197 5028 2638 5084 Norlhmannicee
2667 5028 2934 5099 regionis,
2986 5030 3147 5084 rebus
3187 5014 3503 5082 monasticis
3553 5026 3775 5081 miriﬁce

2198 5119 2495 5174 adornatis.
2548 5118 2807 5188 Sequitur
2837 5135 2850 5172 :
2889 5146 2908 5171 I
2944 5114 3092 5174 Beati
3137 5117 3368 5189 paciﬁci,
3397 5116 3656 5186 quoniam
3686 5115 3771 5169 lilii

2196 5209 2295 5266 Dei
2345 5213 2703 5291 vocabuntur.
2731 5231 2750 5263 ο
2792 5209 3148 5266 Paciﬁcorum
3204 5219 3388 5265 autem
3439 5224 3654 5265 merces
3695 5216 3773 5263 est

2194 5312 2255 5361 ut
2285 5306 2377 5360 lilii
2409 5305 2500 5379 Dei
2552 5317 2835 5371 vocentur,
2862 5315 2915 5361 et
2953 5307 3081 5361 sint.
3121 5304 3241 5359 Sint
3277 5303 3496 5375 quidem
3538 5301 3769 5372 perfecta
