4032 6398
242 342 368 399 753'

914 343 1002 396 DE
1026 341 1267 398 GESTIS
1295 343 1726 400 ΝΟΙῖΜΑΝΝΙᾸΞ
1756 347 1818 400 Dl

1923 347 2015 403 ΞΜ.
2041 380 2106 388 -
2131 349 2256 405 LIB.
2294 351 2378 406 111.
2413 349 2826 408 RICHARDUS.

3390 355 3496 411 754

241 451 503 509 vitatibus
541 432 644 508 hoc
696 432 908 523 plenius
962 456 1279 516 exercebat;
1335 457 1563 512 rebelles
1593 472 1721 513 vero
1762 467 1815 512 ct
1848 464 1888 520 Α
1923 471 2047 513 tur:
2088 479 2106 512 ‹
2145 461 2295 516 Beati
2325 464 2458 517 estis
2482 478 2602 517 cum
2627 461 3007 519 maledixerint
3030 462 3200 524 vobis,
3231 471 3284 517 et
3313 477 3498 534 perse‘

235 543 518 599 discordes
548 545 743 600 blande
767 544 1070 616 leniterque
1100 548 1815 605 conciliabat..Flandrensis

229 648 430 688 eomes
461 633 718 688 Arnulfus
755 635 974 691 nomine
1024 638 1224 706 sprevit
1273 637 1528 692 Lothario
1568 638 1700 708 Regi
1753 654 1818 694 eo

237 731 486 792 tempore
537 723 772 778 militare
825 733 880 779 et
929 727 1151 781 servire.
1194 727 1480 782 Lolitarius
1519 729 1679 797 igitur
1722 747 1813 784 rex

231 811 404 880 hujus
426 815 502 868 rei
535 816 897 882 animositate,
934 819 1103 872 ascita
1143 819 1325 873 hostili
1354 819 1816 890 Franeigenarum

231 904 787 977 Burgundionumqua
812 925 969 964 manu
995 911 1312 965 Atrabatum
1337 911 1546 966 obsedit
1569 913 1816 982 etcepit,

237 1008 574 1068 ceterasque
603 1002 931 1055 munitiones
960 1002 1026 1054 ad
1067 1001 1222 1055 Leisc
1245 1017 1415 1072 usque
1453 1003 1672 1057 ﬂuvium
1718 1003 1818 1057 sibi

235 1090 571 1163 subjugavit.
603 1091 770 1161 Hujus
806 1092 1086 1149 infortunii
1132 1094 1315 1150 dolore
1361 1105 1606 1160 moestus,
1637 1111 1820 1149 comes

235 1181 502 1236 Arnull‘us
529 1181 687 1252 petiit
729 1182 1055 1238 lliehardum
1095 1184 1284 1238 ducem
1315 1184 1538 1253 supplex
1581 1184 1822 1238 ctdevo-

239 1283 360 1339 tus,
388 1283 448 1328 ut
471 1274 782 1344 pacificaret
818 1290 876 1330 se
904 1291 1022 1330 cum
1051 1291 1174 1345 rege
1205 1283 1258 1330 et
1289 1275 1638 1345 Francigenis
1675 1275 1818 1344 prin-

233 1366 475 1435 cipibus.
507 1365 809 1422 Bichardus
838 1378 964 1422 vero
989 1368 1238 1422 benivolo
1261 1379 1532 1423 consueue
1563 1369 1820 1438 paciliea-

236 1459 410 1512 tionis
438 1459 621 1514 habitu
653 1460 878 1529 pollens,
909 1460 1369 1530 lmjusqnedamni
1405 1463 1618 1531 negotio
1634 1470 1818 1516 contra

235 1549 450 1618 Regem
486 1551 550 1605 ad
579 1549 834 1621 placitum
877 1566 1136 1624 pergens,
1168 1552 1472 1622 pzzcificm'it
1520 1568 1642 1606 eum
1691 1569 1821 1622 rege

229 1641 496 1695 comitem
537 1639 852 1707 Arnulfum,
886 1643 1170 1713 coegitque
1213 1641 1359 1696 reddi
1392 1642 1464 1696 illi
1494 1643 1671 1696 nimiae
1696 1660 1819 1714 pre-

229 1730 475 1787 cationis
510 1730 702 1787 all'ectu
761 1733 1102 1788 Atrabatum.
1153 1732 1262 1788 Nec
1321 1734 1450 1788 illud
1499 1745 1823 1805 prmtcreun-

1918 548 2024 602 cuti
2063 565 2158 604 vos
2189 550 2407 618 fuerint,
2445 562 2499 607 et
2529 552 2760 608 dixerint
2784 563 2943 608 omne
2972 551 3170 606 malum
3209 555 3493 608 adversum

1917 654 2034 704 vos,
2067 641 2386 698 mentientes
2426 655 2646 714 propter
2693 661 2797 700 me.
2847 643 3088 700 Gaudete
3108 652 3162 699 et
3210 643 3496 710 exsultate,

1919 731 2170 799 quoniam
2213 748 2418 790 merces
2457 744 2633 790 vestra
2662 737 2875 806 copiosa
2903 745 2984 811 est
3016 736 3067 790 in
3097 735 3267 792 caelis.
3304 735 3499 811 rQuas

1919 830 1973 874 et
1996 832 2227 890 quantas
2259 823 2359 876 iste
2389 824 2491 878 dux
2533 841 2722 896 passus
2752 834 2831 880 est
2863 808 3269 880 Inaiedictiones
3298 808 3351 878 ct
3378 825 3498 879 bla-

1921 912 2195 980 sphemias
2227 929 2324 980 pro
2371 915 2517 984 regni
2549 915 2786 970 caelestis
2815 916 3127 985 adeptione,
3170 914 3347 970 nullus
3398 930 3497 968 no-

1921 1009 2154 1054 strorum
2177 1003 2312 1055 valet
2337 1018 2677 1058 enumerare.
2706 1005 2972 1060 Sustinuit
2998 1019 3230 1074 namque
3271 1003 3496 1058 maledi-

1922 1090 2128 1145 ctiones
2159 1108 2255 1161 pro
2281 1093 2383 1147 lide
2422 1094 2708 1158 catholica,
2739 1109 2836 1163 pro
2868 1095 3019 1166 regni
3051 1092 3239 1160 tutela,
3268 1108 3366 1164 pro
3403 1107 3501 1164 pa-

1922 1185 2184 1250 ganorum
2234 1183 2514 1238 attritione
2559 1186 2926 1251 severissima,
2971 1199 3072 1255 pro
3108 1185 3509 1240 monachorum

1922 1271 2305 1343 negligentiam
2352 1275 2591 1343 regulam
2620 1277 2946 1333 contritione
2991 1277 3355 1341 sanctissima,
3401 1291 3501 1346 pro

1922 1365 2307 1419 canonieormn
2345 1365 2488 1420 inter
2529 1382 2587 1422 se
2626 1367 3001 1422 dissidentium
3049 1367 3372 1430 concordia,
3403 1380 3501 1434 pro

1925 1455 2182 1510 laicmum
2234 1472 2368 1526 pace
2412 1457 2741 1513 intermissa.
2793 1458 2925 1512 Erat
2954 1459 3097 1514 enim
3145 1457 3303 1511 istius
3349 1456 3502 1511 ducis

1925 1545 2176 1601 Christus
2205 1547 2256 1601 in
2289 1563 2476 1612 causa,
2505 1548 2624 1604 ideo
2652 1548 3060 1604 malefactorum
3090 1549 3352 1604 adversus
3378 1562 3500 1602 eum

1928 1656 2033 1693 non
2085 1639 2371 1709 prtevaluit
2422 1641 2588 1694 mina.
2649 1639 2931 1696 Gaudebat
2998 1652 3232 1709 namque
3293 1636 3501 1692 cmlesti

1928 1732 2176 1785 mercede
2219 1730 2504 1800 promissa,
2529 1740 2584 1786 et
2608 1732 2948 1796 exsultabat,
2980 1729 3321 1786 inimicorum
3359 1727 3500 1782 invi-

231 1823 371 1876 dum
403 1823 564 1891 quod,
599 1821 858 1877 Lolhario
889 1839 1013 1894 rege
1048 1823 1320 1888 defuncto,
1340 1803 1616 1895 litigo—dux
1653 1827 1818 1880 intro-
1848 1803 1895 1862 Β
1925 1821 2224 1892 dorumque
2252 1822 2489 1878 omnium
2516 1832 2789 1895 prostrata
2818 1824 3075 1894 nequitia.

229 1915 455 1970 nizatus
499 1916 551 1969 in
595 1931 761 1986 regno
792 1917 963 1971 voluit
1010 1932 1174 1986 super
1225 1917 1504 1971 Albertum
1558 1918 1813 1972 comitem

228 2005 509 2074 equitare,
559 2007 739 2062 hostili
771 2008 1010 2062 exercitu
1041 2007 1398 2077 'conglobato.
1439 2007 1691 2062 Alberlus
1719 2008 1821 2078 igi-

231 2103 335 2149 tur
364 2105 610 2151 metuens
654 2104 941 2150 venturum
995 2096 1268 2152 furibundi
1320 2097 1463 2167 regis
1506 2097 1815 2162 adventum,

228 2186 396 2240 misit
435 2187 719 2256 quemdam
755 2187 1012 2243 clericum
1047 2189 1262 2258 pretiosi
1317 2188 1572 2260 martyris
1615 2188 1818 2244 Christi

229 2274 489 2342 Quintini
527 2278 848 2332 canonicum
893 2279 1112 2332 nomine
1157 2278 1453 2342 Dudonem,
1501 2279 1702 2333 dietmn
1753 2283 1819 2332 ad

226 2365 576 2422 'lliehardum
600 2383 824 2423 summa!
853 2369 1123 2437 patientia:
1167 2369 1480 2438 patricium;
1516 2379 1572 2424 ut
1621 2386 1690 2424 ne
1732 2370 1821 2423 ho-

230 2456 353 2510 stili
367 2456 699 2512 immanitate
723 2460 1098 2516 devastaretur
1113 2475 1280 2531 pagus
1291 2460 1816 2525 Viromandensium,

232 2549 551 2604 interventu
602 2566 702 2606 suo
754 2561 974 2607 strenuo
1011 2553 1374 2609 intercederet
1419 2569 1517 2624 pro
1572 2571 1631 2610 se
1680 2555 1818 2625 apud

231 2653 429 2709 regem
463 2641 720 2710 pestifera
761 2645 1104 2700 animositate
1135 2647 1372 2716 plemnn.
1415 2647 1528 2701 Dux
1561 2662 1688 2701 vero
1730 2647 1822 2700 Ri-

227 2730 482 2785 ehardus
511 2747 632 2787 cum
664 2749 876 2788 summo
902 2737 1218 2790 reverentiae
1253 2736 1398 2792 cultu
1428 2738 1667 2807 suscepit
1708 2739 1819 2792 cle-

219 2823 440 2889 ricum,
493 2834 549 2879 et
596 2825 873 2895 profectus
916 2837 1001 2882 est
1055 2837 1246 2883 contra
1303 2843 1486 2900 regem
1545 2828 1818 2884 volentem

227 2914 488 2983 equitare
515 2918 687 2972 ascito
719 2916 900 2972 hostili
931 2919 1172 2973 exercitu
1205 2935 1368 2988 super
1415 2919 1717 2986 Albertum,
1765 2930 1819 2974 et

229 3005 684 3062 multimodarum
716 3009 1188 3078 prosecutionibus
1241 3010 1560 3078 petitionum
1596 3026 1818 3080 compc-

229 3111 403 3152 seens
445 3114 622 3167 regem
659 3100 981 3164 animosum,
1023 3100 1162 3154 datis
1206 3100 1483 3156 obsidibus
1516 3100 1820 3171 paciﬁcavit

230 3203 366 3242 cum
397 3203 523 3259 rege
563 3189 864 3245 Albertum.
896 3191 1064 3262 llnjus
1109 3193 1270 3262 igitur
1308 3193 1656 3247 beatitudinis
1685 3209 1817 3264 pra:-

233 3278 487 3349 rogativa
517 3279 616 3334 iste
661 3280 769 3334 dux
809 3281 1083 3352 profusius
1133 3285 1342 3350 floruit,
1391 3285 1519 3354 quia
1556 3299 1693 3354 quos
1721 3301 1818 3338 au-

223 3373 427 3428 diebat
451 3372 740 3434 discordes,
781 3383 876 3430 aut
905 3391 1002 3444 per
1039 3391 1098 3431 se
1141 3385 1236 3431 aut
1281 3391 1376 3446 per
1406 3377 1608 3447 legatos
1634 3378 1817 3444 pacili-

231 3462 424 3518 eabat.
451 3462 771 3519 Paciﬁcabat
793 3467 934 3520 enim
959 3466 1388 3538 Francigenaset
1414 3468 1815 3533 Lotharienses,

235 3557 648 3628 Burgundiones
671 3567 728 3613 et
755 3559 1144 3625 Flandrenses,
1173 3559 1374 3632 Anglos
1424 3571 1480 3617 et
1519 3562 1818 3616 Hibernen-

231 3663 353 3716 ses,
385 3648 785 3704 Northmannos
813 3659 867 3705 et
888 3650 1152 3706 Britones.
1183 3651 1400 3706 Sciebat
1427 3653 1570 3706 enim
1615 3652 1816 3706 nullum

237 3741 572 3797 sacrificium
615 3752 668 3798 et
716 3743 1086 3798 holocaustum
1133 3751 1242 3798 tam
1307 3743 1640 3814 acceptabile
1687 3743 1816 3808 Deo,

240 3850 408 3905 quam
429 3835 578 3906 pacis
599 3836 1414 3892 incrementumNenerabiliter
1435 3851 1564 3909 ergo
1593 3837 1694 3891 iste
1710 3838 1817 3890 dux

241 3928 388 3982 inter
405 3941 500 3981 eos
529 3937 845 3983 numeratur
871 3928 964 3997 qui
1014 3927 1117 3983 [ide
1166 3937 1220 3982 et
1263 3927 1561 3983 imitatione
1592 3926 1685 3981 lilii
1723 3925 1816 3982 Dei

244 4027 530 4083 vocantur,
557 4018 685 4086 quia
716 4018 843 4073 tatis
883 4018 1004 4074 fidei
1037 4019 1243 4075 nisibus
1267 4018 1506 4090 implevit
1534 4019 1675 4090 quod
1703 4027 1820 4073 tan.

245 4117 312 4162 tae
335 4105 580 4178 dignitati
609 4122 908 4178 congruere
940 4111 1249 4180 praasensit,
1280 4111 1458 4166 sciens
1502 4125 1606 4165 non
1638 4110 1820 4180 prohi-

241 4198 380 4253 bere
421 4198 586 4254 Deum
630 4199 1055 4270 quamplurimos
1101 4201 1217 4256 ﬁeri
1254 4201 1383 4256 deos
1411 4201 1819 4272 participatione

227 4287 486 4344 -deitatis.
511 4287 800 4342 Videamus
826 4287 988 4357 igitur
1014 4289 1289 4360 Evangelii
1317 4291 1649 4360 sequendam
1667 4331 1683 4357 ,
1714 4305 1818 4359 qua

235 4381 491 4437 dicitur:
525 4398 545 4432 ι
577 4381 722 4436 Beati
759 4382 851 4452 qui
895 4384 1325 4452 persecutionem
1371 4383 1652 4456 patiuntur
1692 4399 1818 4453 pro-

2529 1928 2887 1969 ΑΡΟΞΊΊῙΟΡΠΛ.

2026 2002 2158 2058 Cum
2187 2018 2282 2072 per
2316 2003 2575 2060 mirificos
2627 2003 3076 2076 ntagnilicosque,

1933 2111 1940 2116 ’
2031 2087 2254 2148 Cuncti's
2278 2094 2619 2149 Christicolis
2647 2095 3096 2164 pereelebresqne

2031 2183 2290 2238 Ricbardi
2322 2184 2542 2238 comitis
2570 2184 2917 2253 patriciique,

2029 2275 2369 2344 insignisque
2393 2275 2569 2336 ducis.
2595 2285 2650 2332 et
2672 2276 2969 2341 recolendi,

2031 2369 2224 2424 Solvor
2251 2370 2580 2425 thematibus
2607 2370 2803 2425 vilibus
2829 2379 2980 2425 actus
3006 2389 3018 2424 :

2031 2461 2161 2516 Pars
2186 2476 2364 2516 rcrmn
2391 2463 2580 2516 melior
2617 2471 2755 2517 tecta
2788 2463 3022 2527 videtur,

2028 2552 2094 2606 Et
2121 2560 2297 2622 torpet
2318 2553 2486 2608 series
2511 2568 2652 2607 nunc
2679 2553 2973 2618 luculenta,

2029 2644 2160 2710 Qum
2186 2641 2296 2712 jam
2329 2643 2624 2713 perniciem
2655 2643 2900 2699 conferet
2927 2659 3135 2708 acrem,

2031 2734 2228 2798 Stulto,
2259 2735 2352 2789 ha!
2388 2735 2635 2788 mihimet
2661 2750 2766 2789 non
2806 2745 3047 2790 reserata

1929 2877 1940 2886 ,
2028 2826 2312 2897 Permagni
2346 2827 2570 2882 nimium
2609 2839 2832 2881 munere
2859 2826 3099 2890 fructus.

2030 2919 2108 2973 Tu
2137 2917 2419 2973 fraudatus
2440 2919 2572 2981 eris,
2603 2919 2806 2987 Optime
2841 2918 3028 2984 lector,

2029 3008 2182 3076 Quod
2211 3023 2479 3063 sumnmm
2510 3008 2652 3063 haud
2682 3009 2856 3080 tetigit
2882 3009 3029 3065 Musa
3061 3010 3320 3067 laborem.

2029 3099 2174 3154 lleu!
2209 3098 2340 3154 heu!
2370 3097 2624 3154 funereos
2648 3099 3141 3170 perlugubresque,

2032 3189 2180 3243 Mens
2207 3203 2446 3258 pratsaga
2470 3189 2642 3256 necis,
2667 3197 2829 3258 atque
2858 3189 3080 3254 doloris,

2031 3277 2268 3334 Dillinire
2297 3281 2484 3343 modos
2507 3294 2742 3348 expaves
2773 3281 3022 3346 horrens,

2028 3370 2135 3424 Res
2163 3369 2478 3431 mosstifera,
2506 3371 2662 3438 digna
2692 3371 2877 3425 taceri.

2027 3463 2070 3516 0
2098 3478 2181 3517 res
2213 3460 2527 3529 mtestifcra,
2558 3463 2714 3532 plena
2753 3462 2984 3518 doloris!

2027 3556 2343 3621 Quanquam
2371 3553 2554 3607 dicere
2574 3553 2645 3607 sit
2670 3552 2825 3608 triste
2851 3555 3144 3624 minaxque

2027 3644 2250 3700 Cunctis
2271 3653 2326 3699 et
2353 3644 2662 3714 querulum,
2691 3653 2745 3700 et
2767 3645 3133 3716 prodigiosum

2027 3739 2340 3805 Quanquam
2365 3734 2540 3792 ﬂebile
2562 3739 2634 3792 sit
2662 3739 2925 3802 scribere,
2941 3739 3195 3794 scribam.

2029 3835 2274 3889 Set-ibam
2308 3834 2449 3903 quod
2481 3833 2654 3898 doleo,
2687 3835 2830 3903 quod
2855 3833 2957 3890 ﬂeo
2997 3841 3253 3896 maerens,

2028 3927 2107 3981 Ad
2129 3926 2292 3980 vitam
2325 3925 2488 3981 subiit
2513 3925 2747 3996 qualiter
2777 3926 2882 3982 iste

2029 4021 2167 4086 Dux,
2197 4043 2252 4073 ct.
2277 4020 2556 4089 patricius,
2585 4028 2639 4074 et
2665 4019 2905 4076 marchio
2940 4033 3200 4076 summus.

2029 4111 2187 4167 Morti
2213 4095 2392 4166 limina
2424 4123 2519 4180 per
2537 4110 2718 4166 debita
2747 4111 2924 4176 carni,

2028 4201 2360 4271 Conjunctus
2388 4202 2616 4257 Domino
2639 4211 2858 4273 perpete
2883 4201 3118 4266 Christo,

2028 4295 2095 4348 Et
2119 4296 2238 4365 plus
2264 4303 2320 4348 ut
2349 4302 2568 4364 stupeas
2593 4289 2937 4349 munificatus

2029 4383 2172 4440 Usus
2201 4384 2359 4453 inque
2383 4384 2549 4438 Deum
2571 4392 2763 4453 estque
2786 4391 3023 4440 ΘΕΩΣΙΣ.

225 4483 370 4545 pter
389 4471 674 4546 justitiam,
715 4475 972 4544 quoniam
1007 4475 1249 4546 ipsorum
1280 4485 1364 4531 est
1405 4493 1630 4547 regnum
1659 4477 1822 4531 coelo-
1851 4484 1900 4544 ι)
1975 4475 2107 4529 Cum
2125 4483 2306 4529 autem
2325 4482 2596 4529 tantarum
2613 4472 3502 4542 beatitudinum,utcompendiose

248 4580 394 4620 rum.
436 4583 454 4616 ι
491 4564 547 4620 Si
575 4566 834 4637 quatritur
860 4581 1025 4620 causa
1067 4566 1460 4635 persecutionis
1511 4565 1671 4634 hujus
1725 4565 1826 4620 du-

247 4655 354 4722 cis,
384 4671 490 4712 non
523 4658 627 4712 alia
665 4658 1039 4728 proculdubio
1062 4659 1333 4728 reperitur
1377 4673 1538 4728 quam
1580 4659 1822 4729 jnstitiae,

228 4748 454 4804 Christi
478 4748 750 4814 videlicet,
781 4763 937 4820 quem
971 4757 1082 4805 toto
1104 4751 1288 4825 corde,
1315 4758 1425 4804 tota
1455 4749 1630 4804 anima
1651 4790 1666 4816 ,
1699 4750 1825 4805 totis

245 4837 460 4892 viribus
490 4839 703 4894 amabat
732 4857 744 4893 :
779 4854 938 4909 quem
963 4840 1168 4909 integra
1204 4840 1325 4904 fide,
1353 4856 1560 4895 summa
1587 4841 1828 4895 devotio-

233 4944 322 4984 ~ne
344 4929 554 4985 colebat
596 4942 652 4986 et
675 4932 938 4988 adorabat
965 4946 980 4986 :
1007 4949 1105 5003 pro
1133 4947 1240 5003 quo
1262 4933 1548 4987 monachis
1574 4941 1628 4988 et
1655 4947 1814 4986 cano~

250 5019 390 5075 nicis
422 5019 678 5075 ecclesias
703 5023 1065 5084 construebat,
1097 5031 1152 5076 et
1190 5039 1307 5092 qua:
1335 5024 1640 5078 necessaria
1669 5030 1824 5078 erant

250 5111 624 5168 distribuebat.
652 5111 866 5168 Cultutn
897 5113 1175 5184 religionis
1211 5125 1392 5172 tenere
1433 5117 1678 5187 cogebat,
1723 5131 1819 5186 pa-

249 5219 419 5274 ganos
483 5203 534 5258 in
596 5204 871 5259 Christum
920 5206 1145 5262 credere
1188 5207 1450 5276 urgebat,
1506 5217 1563 5262 ct
1606 5208 1818 5262 illorum

247 5294 507 5363 impetum
531 5309 605 5349 ne
642 5295 926 5352 Franciam
963 5296 1309 5352 devastarent
1355 5298 1633 5354 tolerabat.
1669 5297 1821 5354 More

249 5383 657 5439 malefactorum
682 5394 1000 5455 persecutus
1024 5403 1053 5440 a
1091 5386 1346 5445 Lo'that'io
1388 5405 1536 5457 rege,
1561 5390 1820 5444 'l‘ctholdo

248 5473 468 5539 comite,
505 5478 817 5532 monasticis
873 5479 1033 5535 rebus
1086 5479 1304 5535 inhians
1353 5495 1459 5535 non
1508 5482 1739 5536 cessavit
1784 5495 1816 5536 a

248 5563 446 5619 Christi
483 5563 659 5622 laude.
707 5565 1076 5638 Multipliciter
1099 5571 1242 5625 enim
1281 5581 1614 5638 persecutus,
1649 5571 1816 5627 cmlo-

247 5667 368 5709 ram
415 5671 660 5728 regnum,
690 5662 833 5730 quod
880 5662 1145 5732 quzcsivit,
1177 5671 1234 5718 ut
1271 5665 1542 5719 credimus
1573 5663 1809 5724 intravit.

249 5743 600 5806 Co‘nl‘ortatus.
631 5747 940 5809 .Sa‘lvatoris
983 5753 1152 5810 nostri
1199 5755 1490 5819 Sentenzia,
1541 5769 1643 5824 qua
1683 5755 1816 5812 dicit

1928 4565 2122 4620 hebete
2146 4565 2286 4636 style
2312 4563 2684 4619 elueubratum
2705 4572 2806 4627 est,
2825 4563 3074 4619 redolens
3087 4563 3338 4632 flagraret
3367 4561 3500 4616 lamv

1927 4662 2082 4731 padc,
2094 4659 2370 4728 jussitsibi
2383 4658 2556 4712 excidi
2579 4673 2635 4713 sa
2645 4658 2966 4726 rcophagum
2980 4654 3392 4721 silicet,etinfra
3405 4668 3500 4708 ec-

1926 4752 2146 4805 clesiam
2170 4750 2402 4804 Fiscano
2435 4749 2653 4802 nomine
2705 4748 2916 4803 deities:
2934 4749 3186 4801 Trinitati
3215 4759 3500 4802 consecra-

1927 4850 2035 4894 tam
2059 4838 2366 4893 anteloeum
2391 4837 2640 4892 stationis
2655 4852 2764 4891 sua:
2786 4835 3504 4907 locare,cttmoquoquedie

1925 4941 2088 4987 sextze
2104 4930 2274 4994 feriae,
2299 4937 2556 4998 quantum
2579 4927 2831 4983 frumenti
2854 4943 3023 4999 capax
3048 4938 3164 4984 erat
3183 4940 3238 4984 et
3258 4930 3502 4999 quinque

1923 5023 2122 5080 solidos
2135 5023 2460 5094 pauperibus
2471 5039 2714 5092 erogare.
2731 5024 2970 5093 Denique
2987 5023 3316 5079 multimodis
3343 5023 3500 5077 innuc

1927 5114 2266 5172 merabilium
2295 5129 2516 5168 casuum
2545 5112 2980 5174 adversitatibus.
3008 5112 3504 5182 multiplicibusque

1927 5205 2302 5276 aequanimiter
2326 5202 2603 5259 laboribus
2641 5219 2738 5274 pro
2768 5203 2860 5257 Dei
2889 5217 3074 5256 amore
3103 5201 3364 5264 toleratis,
3400 5201 3498 5255 ad-

1924 5295 2411 5366 ministrationibus
2463 5293 2780 5365 temporalis
2824 5292 2947 5347 vitae
2991 5292 3130 5346 bene
3189 5290 3496 5355 transactis,

1923 5389 2178 5460 largiﬂuze
2200 5388 2621 5458 multiplicisque
2644 5383 3028 5441 misericordiae
3047 5383 3302 5453 operibus
3332 5381 3496 5445 datis,

1920 5482 2148 5537 ducibus
2209 5480 2667 5549 imitabilibusque
2720 5478 2842 5533 vitae
2891 5477 3150 5547 exemplis
3204 5475 3496 5539 concessis,

1921 5573 2388 5629 innumerabilium
2440 5573 2772 5642 captivorum
2826 5571 3131 5642 agminibus
3162 5568 3492 5638 redemptis.

1919 5662 2304 5716 monachorum
2362 5661 2848 5730 canonicorumque
2907 5659 3172 5739 easnobiis
3227 5657 3444 5713 refectis
3477 5681 3496 5720 ,ι

1919 5756 2179 5812 immensa
2207 5756 2369 5813 variat:
2395 5755 2740 5826 supellectilis
2779 5755 2918 5811 mole
2959 5755 3243 5817 distributa
3276 5751 3498 5812 profuse
