  <div class='ocr_page' id='page_1' title='image "/cluster/home/n/w/nwhite01/storage/ocr_20150623/141/hvd.32044015471790/383.png"; bbox 0 0 4032 6392; ppageno 0'>
   <div class='ocr_carea' id='block_1_1' title="bbox 516 295 619 355">
    <p class='ocr_par' dir='ltr' id='par_1_1' title="bbox 516 295 619 355">
     <span class='ocr_line' id='line_1_1' title="bbox 516 295 619 355; baseline -0.01 0"><span class='ocrx_word' id='word_1_1' title='bbox 516 295 619 355; x_wconf 73' lang='lat'><strong>755</strong></span> 
     </span>
    </p>
   </div>
   <div class='ocr_carea' id='block_1_2' title="bbox 1408 294 2802 366">
    <p class='ocr_par' dir='ltr' id='par_1_2' title="bbox 1408 294 2802 366">
     <span class='ocr_line' id='line_1_2' title="bbox 1408 294 2802 366; baseline -0.001 -15"><span class='ocrx_word' id='word_1_2' title='bbox 1408 296 1711 355; x_wconf 73' lang='lat' dir='ltr'><strong>DUDONlS</strong></span> <span class='ocrx_word' id='word_1_3' title='bbox 1748 296 1994 355; x_wconf 71' lang='lat' dir='ltr'><strong>DECANI</strong></span> <span class='ocrx_word' id='word_1_4' title='bbox 2022 297 2080 354; x_wconf 84' lang='lat' dir='ltr'><strong>S.</strong></span> <span class='ocrx_word' id='word_1_5' title='bbox 2110 295 2418 366; x_wconf 70' lang='lat' dir='ltr'><strong>QUINTINI</strong></span> <span class='ocrx_word' id='word_1_6' title='bbox 2447 294 2802 353; x_wconf 68' lang='lat' dir='ltr'><strong>\‘lROilAND</strong></span> 
     </span>
    </p>
   </div>
   <div class='ocr_carea' id='block_1_3' title="bbox 3676 292 3775 351">
    <p class='ocr_par' dir='ltr' id='par_1_3' title="bbox 3676 292 3775 351">
     <span class='ocr_line' id='line_1_3' title="bbox 3676 292 3775 351; baseline 0.04 -4"><span class='ocrx_word' id='word_1_7' title='bbox 3676 292 3775 351; x_wconf 70' lang='lat'><strong>150</strong></span> 
     </span>
    </p>
   </div>
   <div class='ocr_carea' id='block_1_4' title="bbox 512 404 3777 486">
    <p class='ocr_par' dir='ltr' id='par_1_4' title="bbox 512 404 3777 486">
     <span class='ocr_line' id='line_1_4' title="bbox 512 404 3777 486; baseline -0.001 -22"><span class='ocrx_word' id='word_1_8' title='bbox 512 425 717 486; x_wconf 72' lang='lat' dir='ltr'><strong>egenis,</strong></span> <span class='ocrx_word' id='word_1_9' title='bbox 754 409 919 480; x_wconf 65' lang='lat' dir='ltr'><strong>coepit</strong></span> <span class='ocrx_word' id='word_1_10' title='bbox 947 409 1156 473; x_wconf 75' lang='lat' dir='ltr'><strong>anslari</strong></span> <span class='ocrx_word' id='word_1_11' title='bbox 1202 420 1259 467; x_wconf 91' lang='lat' dir='ltr'><strong>ct</strong></span> <span class='ocrx_word' id='word_1_12' title='bbox 1302 422 1568 484; x_wconf 65' lang='lat' dir='ltr'><strong>aegrotare</strong></span> <span class='ocrx_word' id='word_1_13' title='bbox 1604 413 1920 484; x_wconf 78' lang='lat' dir='ltr'><strong>viribusque</strong></span> <span class='ocrx_word' id='word_1_14' title='bbox 1965 412 2100 477; x_wconf 83' lang='lat' dir='ltr'><strong>dcﬁ-</strong></span> <span class='ocrx_word' id='word_1_15' title='bbox 2126 419 2173 475; x_wconf 79' lang='grc' dir='ltr'><strong>Α</strong></span> <span class='ocrx_word' id='word_1_16' title='bbox 2205 427 2309 483; x_wconf 91' lang='lat' dir='ltr'><strong>que</strong></span> <span class='ocrx_word' id='word_1_17' title='bbox 2359 412 2537 467; x_wconf 90' lang='lat' dir='ltr'><strong>luctus</strong></span> <span class='ocrx_word' id='word_1_18' title='bbox 2568 409 3086 472; x_wconf 68' lang='lat' dir='ltr'><strong>Northmannornm,</strong></span> <span class='ocrx_word' id='word_1_19' title='bbox 3140 414 3343 478; x_wconf 88' lang='lat' dir='ltr'><strong>quanta</strong></span> <span class='ocrx_word' id='word_1_20' title='bbox 3388 404 3631 465; x_wconf 87' lang='lat' dir='ltr'><strong>lamenta</strong></span> <span class='ocrx_word' id='word_1_21' title='bbox 3668 422 3777 479; x_wconf 82' lang='lat' dir='ltr'><strong>per-</strong></span> 
     </span>
    </p>
   </div>
   <div class='ocr_carea' id='block_1_5' title="bbox 513 501 2111 581">
    <p class='ocr_par' dir='ltr' id='par_1_5' title="bbox 513 501 2111 581">
     <span class='ocr_line' id='line_1_5' title="bbox 513 501 2111 581; baseline 0.002 -23"><span class='ocrx_word' id='word_1_22' title='bbox 513 519 660 567; x_wconf 85' lang='lat' dir='ltr'><strong>cere,</strong></span> <span class='ocrx_word' id='word_1_23' title='bbox 704 510 761 561; x_wconf 84' lang='lat' dir='ltr'><strong>et</strong></span> <span class='ocrx_word' id='word_1_24' title='bbox 788 516 819 557; x_wconf 84' lang='lat' dir='ltr'><strong>a</strong></span> <span class='ocrx_word' id='word_1_25' title='bbox 872 501 1218 571; x_wconf 80' lang='lat' dir='ltr'><strong>Bajocaeensi</strong></span> <span class='ocrx_word' id='word_1_26' title='bbox 1252 519 1390 576; x_wconf 79' lang='lat' dir='ltr'><strong>pago</strong></span> <span class='ocrx_word' id='word_1_27' title='bbox 1432 505 1498 560; x_wconf 89' lang='lat' dir='ltr'><strong>ad</strong></span> <span class='ocrx_word' id='word_1_28' title='bbox 1538 505 1731 561; x_wconf 81' lang='lat' dir='ltr'><strong>Aulam</strong></span> <span class='ocrx_word' id='word_1_29' title='bbox 1760 504 2111 581; x_wconf 72' lang='lat' dir='ltr'><strong>Fiscanninte</strong></span> 
     </span>
    </p>
   </div>
   <div class='ocr_carea' id='block_1_6' title="bbox 514 593 2100 656">
    <p class='ocr_par' dir='ltr' id='par_1_6' title="bbox 514 593 2100 656">
     <span class='ocr_line' id='line_1_6' title="bbox 514 593 2100 656; baseline 0.001 -7"><span class='ocrx_word' id='word_1_30' title='bbox 514 594 660 650; x_wconf 77' lang='lat' dir='ltr'><strong>sedis</strong></span> <span class='ocrx_word' id='word_1_31' title='bbox 695 593 978 656; x_wconf 83' lang='lat' dir='ltr'><strong>secedere:</strong></span> <span class='ocrx_word' id='word_1_32' title='bbox 1023 609 1090 650; x_wconf 87' lang='lat' dir='ltr'><strong>ne</strong></span> <span class='ocrx_word' id='word_1_33' title='bbox 1129 609 1194 650; x_wconf 89' lang='lat' dir='ltr'><strong>eo</strong></span> <span class='ocrx_word' id='word_1_34' title='bbox 1244 596 1496 654; x_wconf 84' lang='lat' dir='ltr'><strong>defuncto</strong></span> <span class='ocrx_word' id='word_1_35' title='bbox 1542 596 1818 655; x_wconf 87' lang='lat' dir='ltr'><strong>fastidium</strong></span> <span class='ocrx_word' id='word_1_36' title='bbox 1870 596 2100 653; x_wconf 84' lang='lat' dir='ltr'><strong>transla-</strong></span> 
     </span>
    </p>
   </div>
   <div class='ocr_carea' id='block_1_7' title="bbox 516 684 2099 758">
    <p class='ocr_par' dir='ltr' id='par_1_7' title="bbox 516 684 2099 758">
     <span class='ocr_line' id='line_1_7' title="bbox 516 684 2099 758; baseline 0.001 -16"><span class='ocrx_word' id='word_1_37' title='bbox 516 684 678 743; x_wconf 91' lang='lat' dir='ltr'><strong>tionis</strong></span> <span class='ocrx_word' id='word_1_38' title='bbox 717 694 863 742; x_wconf 89' lang='lat' dir='ltr'><strong>esset</strong></span> <span class='ocrx_word' id='word_1_39' title='bbox 892 686 944 739; x_wconf 91' lang='lat' dir='ltr'><strong>in</strong></span> <span class='ocrx_word' id='word_1_40' title='bbox 993 685 1168 756; x_wconf 89' lang='lat' dir='ltr'><strong>plebe.</strong></span> <span class='ocrx_word' id='word_1_41' title='bbox 1203 686 1337 743; x_wconf 89' lang='lat' dir='ltr'><strong>Cum</strong></span> <span class='ocrx_word' id='word_1_42' title='bbox 1370 698 1550 744; x_wconf 86' lang='lat' dir='ltr'><strong>autem</strong></span> <span class='ocrx_word' id='word_1_43' title='bbox 1604 687 1861 744; x_wconf 80' lang='lat' dir='ltr'><strong>Fiscanni</strong></span> <span class='ocrx_word' id='word_1_44' title='bbox 1896 688 2099 758; x_wconf 82' lang='lat' dir='ltr'><strong>palatio</strong></span> 
     </span>
    </p>
   </div>
   <div class='ocr_carea' id='block_1_8' title="bbox 516 774 2098 850">
    <p class='ocr_par' dir='ltr' id='par_1_8' title="bbox 516 774 2098 850">
     <span class='ocr_line' id='line_1_8' title="bbox 516 774 2098 850; baseline 0 -15"><span class='ocrx_word' id='word_1_45' title='bbox 516 777 753 842; x_wconf 83' lang='lat' dir='ltr'><strong>adesset,</strong></span> <span class='ocrx_word' id='word_1_46' title='bbox 785 777 917 833; x_wconf 81' lang='lat' dir='ltr'><strong>dicit</strong></span> <span class='ocrx_word' id='word_1_47' title='bbox 949 779 1444 850; x_wconf 2' lang='lat' dir='ltr'><strong>comequodnlfus,</strong></span> <span class='ocrx_word' id='word_1_48' title='bbox 1491 778 1698 836; x_wconf 77' lang='lat' dir='ltr'><strong>scilicet</strong></span> <span class='ocrx_word' id='word_1_49' title='bbox 1748 774 1917 836; x_wconf 79' lang='lat' dir='ltr'><strong>frater</strong></span> <span class='ocrx_word' id='word_1_50' title='bbox 1960 778 2098 849; x_wconf 92' lang='lat' dir='ltr'><strong>ejus,</strong></span> 
     </span>
    </p>
   </div>
   <div class='ocr_carea' id='block_1_9' title="bbox 515 856 2096 941">
    <p class='ocr_par' dir='ltr' id='par_1_9' title="bbox 515 856 2096 941">
     <span class='ocr_line' id='line_1_9' title="bbox 515 856 2096 941; baseline 0.003 -22"><span class='ocrx_word' id='word_1_51' title='bbox 515 867 583 941; x_wconf 86' lang='lat' dir='ltr'><strong>ad</strong></span> <span class='ocrx_word' id='word_1_52' title='bbox 606 883 729 925; x_wconf 89' lang='lat' dir='ltr'><strong>eum</strong></span> <span class='ocrx_word' id='word_1_53' title='bbox 752 856 936 924; x_wconf 80' lang='lat' dir='ltr'><strong>coram</strong></span> <span class='ocrx_word' id='word_1_54' title='bbox 965 870 1177 925; x_wconf 76' lang='lat' dir='ltr'><strong>cretcris</strong></span> <span class='ocrx_word' id='word_1_55' title='bbox 1201 870 1450 925; x_wconf 79' lang='lat' dir='ltr'><strong>fidelibus</strong></span> <span class='ocrx_word' id='word_1_56' title='bbox 1482 871 1788 927; x_wconf 80' lang='lat' dir='ltr'><strong>humiliter:</strong></span> <span class='ocrx_word' id='word_1_57' title='bbox 1811 891 1828 923; x_wconf 70' lang='grc' dir='ltr'><strong>ι</strong></span> <span class='ocrx_word' id='word_1_58' title='bbox 1846 872 2096 938; x_wconf 86' lang='lat' dir='ltr'><strong>Domine,</strong></span> 
     </span>
    </p>
   </div>
   <div class='ocr_carea' id='block_1_10' title="bbox 517 958 2101 1033">
    <p class='ocr_par' dir='ltr' id='par_1_10' title="bbox 517 958 2101 1033">
     <span class='ocr_line' id='line_1_10' title="bbox 517 958 2101 1033; baseline 0.004 -22"><span class='ocrx_word' id='word_1_59' title='bbox 517 960 622 1012; x_wconf 81' lang='lat' dir='ltr'><strong>dux</strong></span> <span class='ocrx_word' id='word_1_60' title='bbox 657 958 929 1030; x_wconf 80' lang='lat' dir='ltr'><strong>piissime,</strong></span> <span class='ocrx_word' id='word_1_61' title='bbox 968 975 1261 1017; x_wconf 74' lang='lat' dir='ltr'><strong>maeremus</strong></span> <span class='ocrx_word' id='word_1_62' title='bbox 1297 962 1543 1017; x_wconf 75' lang='lat' dir='ltr'><strong>dolenter</strong></span> <span class='ocrx_word' id='word_1_63' title='bbox 1569 970 1619 1017; x_wconf 90' lang='lat' dir='ltr'><strong>te</strong></span> <span class='ocrx_word' id='word_1_64' title='bbox 1640 965 1922 1033; x_wconf 72' lang='lat' dir='ltr'><strong>aggravari</strong></span> <span class='ocrx_word' id='word_1_65' title='bbox 1952 963 2101 1017; x_wconf 85' lang='lat' dir='ltr'><strong>inﬁr-</strong></span> 
     </span>
    </p>
   </div>
   <div class='ocr_carea' id='block_1_11' title="bbox 515 1053 2101 1125">
    <p class='ocr_par' dir='ltr' id='par_1_11' title="bbox 515 1053 2101 1125">
     <span class='ocr_line' id='line_1_11' title="bbox 515 1053 2101 1125; baseline 0.003 -19"><span class='ocrx_word' id='word_1_66' title='bbox 515 1053 862 1119; x_wconf 80' lang='lat' dir='ltr'><strong>mitatezscd</strong></span> <span class='ocrx_word' id='word_1_67' title='bbox 891 1053 998 1119; x_wconf 82' lang='lat' dir='ltr'><strong>die,</strong></span> <span class='ocrx_word' id='word_1_68' title='bbox 1031 1070 1340 1124; x_wconf 88' lang='lat' dir='ltr'><strong>precamur,</strong></span> <span class='ocrx_word' id='word_1_69' title='bbox 1359 1056 1536 1119; x_wconf 75' lang='lat' dir='ltr'><strong>nobis,</strong></span> <span class='ocrx_word' id='word_1_70' title='bbox 1569 1057 1692 1125; x_wconf 85' lang='lat' dir='ltr'><strong>quis</strong></span> <span class='ocrx_word' id='word_1_71' title='bbox 1722 1056 1950 1110; x_wconf 88' lang='lat' dir='ltr'><strong>ﬁliorum</strong></span> <span class='ocrx_word' id='word_1_72' title='bbox 1984 1065 2101 1110; x_wconf 85' lang='lat' dir='ltr'><strong>tuo-</strong></span> 
     </span>
    </p>
   </div>
   <div class='ocr_carea' id='block_1_12' title="bbox 519 1145 2098 1223">
    <p class='ocr_par' dir='ltr' id='par_1_12' title="bbox 519 1145 2098 1223">
     <span class='ocr_line' id='line_1_12' title="bbox 519 1145 2098 1223; baseline 0.004 -26"><span class='ocrx_word' id='word_1_73' title='bbox 519 1159 640 1197; x_wconf 87' lang='lat' dir='ltr'><strong>rum</strong></span> <span class='ocrx_word' id='word_1_74' title='bbox 676 1145 849 1200; x_wconf 79' lang='lat' dir='ltr'><strong>haeres</strong></span> <span class='ocrx_word' id='word_1_75' title='bbox 885 1148 988 1201; x_wconf 83' lang='lat' dir='ltr'><strong>erit</strong></span> <span class='ocrx_word' id='word_1_76' title='bbox 1014 1148 1065 1203; x_wconf 92' lang='lat' dir='ltr'><strong>in</strong></span> <span class='ocrx_word' id='word_1_77' title='bbox 1109 1162 1275 1223; x_wconf 72' lang='lat' dir='ltr'><strong>regno</strong></span> <span class='ocrx_word' id='word_1_78' title='bbox 1300 1148 1522 1206; x_wconf 90' lang='lat' dir='ltr'><strong>ditionis</strong></span> <span class='ocrx_word' id='word_1_79' title='bbox 1555 1149 1691 1203; x_wconf 71' lang='lat' dir='ltr'><strong>tum?</strong></span> <span class='ocrx_word' id='word_1_80' title='bbox 1727 1170 1745 1200; x_wconf 76' lang='grc' dir='ltr'><strong>ι</strong></span> <span class='ocrx_word' id='word_1_81' title='bbox 1781 1148 1934 1204; x_wconf 90' lang='lat' dir='ltr'><strong>Tunc</strong></span> <span class='ocrx_word' id='word_1_82' title='bbox 1965 1147 2098 1205; x_wconf 79' lang='lat' dir='ltr'><strong>ilic:</strong></span> 
     </span>
    </p>
   </div>
   <div class='ocr_carea' id='block_1_13' title="bbox 524 1236 2103 1309">
    <p class='ocr_par' dir='ltr' id='par_1_13' title="bbox 524 1236 2103 1309">
     <span class='ocr_line' id='line_1_13' title="bbox 524 1236 2103 1309; baseline 0.006 -24"><span class='ocrx_word' id='word_1_83' title='bbox 524 1253 544 1285; x_wconf 72' lang='grc' dir='ltr'><strong>ι</strong></span> <span class='ocrx_word' id='word_1_84' title='bbox 573 1236 673 1303; x_wconf 87' lang='lat' dir='ltr'><strong>Qui</strong></span> <span class='ocrx_word' id='word_1_85' title='bbox 701 1237 947 1309; x_wconf 75' lang='lat' dir='ltr'><strong>fungitur</strong></span> <span class='ocrx_word' id='word_1_86' title='bbox 982 1254 1104 1295; x_wconf 90' lang='lat' dir='ltr'><strong>meo</strong></span> <span class='ocrx_word' id='word_1_87' title='bbox 1133 1240 1376 1304; x_wconf 77' lang='lat' dir='ltr'><strong>nomine,</strong></span> <span class='ocrx_word' id='word_1_88' title='bbox 1404 1240 1571 1296; x_wconf 73' lang='lat' dir='ltr'><strong>vestri</strong></span> <span class='ocrx_word' id='word_1_89' title='bbox 1607 1240 1820 1296; x_wconf 79' lang='lat' dir='ltr'><strong>consilii</strong></span> <span class='ocrx_word' id='word_1_90' title='bbox 1864 1240 2103 1296; x_wconf 88' lang='lat' dir='ltr'><strong>auctori-</strong></span> 
     </span>
    </p>
   </div>
   <div class='ocr_carea' id='block_1_14' title="bbox 518 1328 2103 1401">
    <p class='ocr_par' dir='ltr' id='par_1_14' title="bbox 518 1328 2103 1401">
     <span class='ocr_line' id='line_1_14' title="bbox 518 1328 2103 1401; baseline 0.001 -16"><span class='ocrx_word' id='word_1_91' title='bbox 518 1336 682 1389; x_wconf 78' lang='lat' dir='ltr'><strong>tale.</strong></span> <span class='ocrx_word' id='word_1_92' title='bbox 731 1328 839 1387; x_wconf 63' lang='lat' dir='ltr'><strong>dux</strong></span> <span class='ocrx_word' id='word_1_93' title='bbox 896 1337 950 1385; x_wconf 89' lang='lat' dir='ltr'><strong>et</strong></span> <span class='ocrx_word' id='word_1_94' title='bbox 1006 1346 1217 1394; x_wconf 89' lang='lat' dir='ltr'><strong>comes,</strong></span> <span class='ocrx_word' id='word_1_95' title='bbox 1272 1331 1556 1401; x_wconf 68' lang='lat' dir='ltr'><strong>hmrcsquc</strong></span> <span class='ocrx_word' id='word_1_96' title='bbox 1611 1331 1720 1388; x_wconf 81' lang='lat' dir='ltr'><strong>erit</strong></span> <span class='ocrx_word' id='word_1_97' title='bbox 1770 1332 2103 1387; x_wconf 70' lang='lat' dir='ltr'><strong>lurreditatis</strong></span> 
     </span>
    </p>
   </div>
   <div class='ocr_carea' id='block_1_15' title="bbox 518 1418 2100 1492">
    <p class='ocr_par' dir='ltr' id='par_1_15' title="bbox 518 1418 2100 1492">
     <span class='ocr_line' id='line_1_15' title="bbox 518 1418 2100 1492; baseline 0.004 -19"><span class='ocrx_word' id='word_1_98' title='bbox 518 1434 710 1474; x_wconf 67' lang='lat' dir='ltr'><strong>meum</strong></span> <span class='ocrx_word' id='word_1_99' title='bbox 737 1418 888 1476; x_wconf 89' lang='lat' dir='ltr'><strong>Tunc</strong></span> <span class='ocrx_word' id='word_1_100' title='bbox 911 1437 1095 1479; x_wconf 76' lang='lat' dir='ltr'><strong>comes</strong></span> <span class='ocrx_word' id='word_1_101' title='bbox 1128 1422 1389 1477; x_wconf 76' lang='lat' dir='ltr'><strong>Rudulfus</strong></span> <span class='ocrx_word' id='word_1_102' title='bbox 1413 1442 1426 1478; x_wconf 89' lang='lat'>:</span> <span class='ocrx_word' id='word_1_103' title='bbox 1453 1442 1471 1475; x_wconf 84' lang='grc'><strong>‹</strong></span> <span class='ocrx_word' id='word_1_104' title='bbox 1492 1425 1628 1492; x_wconf 79' lang='lat' dir='ltr'><strong>Quid</strong></span> <span class='ocrx_word' id='word_1_105' title='bbox 1654 1426 1720 1479; x_wconf 83' lang='lat' dir='ltr'><strong>de</strong></span> <span class='ocrx_word' id='word_1_106' title='bbox 1747 1424 1974 1488; x_wconf 58' lang='lat' dir='ltr'><strong>caeteris,</strong></span> <span class='ocrx_word' id='word_1_107' title='bbox 2001 1426 2100 1481; x_wconf 81' lang='lat' dir='ltr'><strong>do-</strong></span> 
     </span>
    </p>
   </div>
   <div class='ocr_carea' id='block_1_16' title="bbox 518 1509 2104 1582">
    <p class='ocr_par' dir='ltr' id='par_1_16' title="bbox 518 1509 2104 1582">
     <span class='ocr_line' id='line_1_16' title="bbox 518 1509 2104 1582; baseline 0.006 -21"><span class='ocrx_word' id='word_1_108' title='bbox 518 1509 690 1564; x_wconf 85' lang='lat' dir='ltr'><strong>mine?</strong></span> <span class='ocrx_word' id='word_1_109' title='bbox 710 1530 727 1561; x_wconf 72' lang='grc' dir='ltr'><strong>ι</strong></span> <span class='ocrx_word' id='word_1_110' title='bbox 746 1509 1076 1582; x_wconf 71' lang='lat' dir='ltr'><strong>Respondit:</strong></span> <span class='ocrx_word' id='word_1_111' title='bbox 1102 1532 1119 1564; x_wconf 75' lang='grc' dir='ltr'><strong>ι</strong></span> <span class='ocrx_word' id='word_1_112' title='bbox 1141 1512 1249 1567; x_wconf 87' lang='lat' dir='ltr'><strong>Illis</strong></span> <span class='ocrx_word' id='word_1_113' title='bbox 1263 1515 1364 1568; x_wconf 89' lang='lat' dir='ltr'><strong>mei</strong></span> <span class='ocrx_word' id='word_1_114' title='bbox 1380 1515 1471 1568; x_wconf 88' lang='lat' dir='ltr'><strong>lilii</strong></span> <span class='ocrx_word' id='word_1_115' title='bbox 1489 1514 1743 1569; x_wconf 78' lang='lat' dir='ltr'><strong>Richardi</strong></span> <span class='ocrx_word' id='word_1_116' title='bbox 1761 1525 2104 1571; x_wconf 86' lang='lat' dir='ltr'><strong>sacramento</strong></span> 
     </span>
    </p>
   </div>
   <div class='ocr_carea' id='block_1_17' title="bbox 518 1601 2103 1676">
    <p class='ocr_par' dir='ltr' id='par_1_17' title="bbox 518 1601 2103 1676">
     <span class='ocr_line' id='line_1_17' title="bbox 518 1601 2103 1676; baseline 0.006 -24"><span class='ocrx_word' id='word_1_117' title='bbox 518 1616 663 1656; x_wconf 72' lang='lat' dir='ltr'><strong>veras</strong></span> <span class='ocrx_word' id='word_1_118' title='bbox 696 1601 817 1657; x_wconf 89' lang='lat' dir='ltr'><strong>ﬁdei</strong></span> <span class='ocrx_word' id='word_1_119' title='bbox 858 1603 1104 1659; x_wconf 68' lang='lat' dir='ltr'><strong>ﬁdelibus</strong></span> <span class='ocrx_word' id='word_1_120' title='bbox 1142 1603 1371 1673; x_wconf 71' lang='lat' dir='ltr'><strong>effectis,</strong></span> <span class='ocrx_word' id='word_1_121' title='bbox 1414 1606 1664 1661; x_wconf 85' lang='lat' dir='ltr'><strong>manibus</strong></span> <span class='ocrx_word' id='word_1_122' title='bbox 1721 1605 1935 1661; x_wconf 89' lang='lat' dir='ltr'><strong>illorum</strong></span> <span class='ocrx_word' id='word_1_123' title='bbox 1986 1605 2103 1676; x_wconf 81' lang='lat' dir='ltr'><strong>ejus</strong></span> 
     </span>
    </p>
   </div>
   <div class='ocr_carea' id='block_1_18' title="bbox 520 1691 2101 1766">
    <p class='ocr_par' dir='ltr' id='par_1_18' title="bbox 520 1691 2101 1766">
     <span class='ocr_line' id='line_1_18' title="bbox 520 1691 2101 1766; baseline 0.004 -22"><span class='ocrx_word' id='word_1_124' title='bbox 520 1691 770 1754; x_wconf 82' lang='lat' dir='ltr'><strong>manibus</strong></span> <span class='ocrx_word' id='word_1_125' title='bbox 821 1693 937 1748; x_wconf 88' lang='lat' dir='ltr'><strong>vice</strong></span> <span class='ocrx_word' id='word_1_126' title='bbox 976 1695 1152 1749; x_wconf 79' lang='lat' dir='ltr'><strong>cordis</strong></span> <span class='ocrx_word' id='word_1_127' title='bbox 1190 1695 1358 1757; x_wconf 83' lang='lat' dir='ltr'><strong>(latis,</strong></span> <span class='ocrx_word' id='word_1_128' title='bbox 1403 1695 1660 1766; x_wconf 79' lang='lat' dir='ltr'><strong>largietur</strong></span> <span class='ocrx_word' id='word_1_129' title='bbox 1696 1704 1897 1751; x_wconf 88' lang='lat' dir='ltr'><strong>terram</strong></span> <span class='ocrx_word' id='word_1_130' title='bbox 1939 1711 2101 1766; x_wconf 89' lang='lat' dir='ltr'><strong>quam</strong></span> 
     </span>
    </p>
   </div>
   <div class='ocr_carea' id='block_1_19' title="bbox 2201 498 3780 573">
    <p class='ocr_par' dir='ltr' id='par_1_19' title="bbox 2201 498 3780 573">
     <span class='ocr_line' id='line_1_19' title="bbox 2201 498 3780 573; baseline -0.003 -16"><span class='ocrx_word' id='word_1_131' title='bbox 2201 504 2521 573; x_wconf 81' lang='lat' dir='ltr'><strong>strepebant</strong></span> <span class='ocrx_word' id='word_1_132' title='bbox 2539 517 2635 573; x_wconf 90' lang='lat' dir='ltr'><strong>per</strong></span> <span class='ocrx_word' id='word_1_133' title='bbox 2664 502 2868 572; x_wconf 86' lang='lat' dir='ltr'><strong>plateas</strong></span> <span class='ocrx_word' id='word_1_134' title='bbox 2889 498 3154 556; x_wconf 79' lang='lat' dir='ltr'><strong>omnium!</strong></span> <span class='ocrx_word' id='word_1_135' title='bbox 3182 498 3393 556; x_wconf 87' lang='lat' dir='ltr'><strong>Chorus</strong></span> <span class='ocrx_word' id='word_1_136' title='bbox 3420 513 3658 568; x_wconf 85' lang='lat' dir='ltr'><strong>namque</strong></span> <span class='ocrx_word' id='word_1_137' title='bbox 3674 500 3780 555; x_wconf 83' lang='lat' dir='ltr'><strong>sin-</strong></span> 
     </span>
    </p>
   </div>
   <div class='ocr_carea' id='block_1_20' title="bbox 2201 594 3782 672">
    <p class='ocr_par' dir='ltr' id='par_1_20' title="bbox 2201 594 3782 672">
     <span class='ocr_line' id='line_1_20' title="bbox 2201 594 3782 672; baseline -0.001 -22"><span class='ocrx_word' id='word_1_138' title='bbox 2201 598 2437 669; x_wconf 83' lang='lat' dir='ltr'><strong>gnltihus</strong></span> <span class='ocrx_word' id='word_1_139' title='bbox 2454 596 2817 672; x_wconf 78' lang='lat' dir='ltr'><strong>lacrymisqttc</strong></span> <span class='ocrx_word' id='word_1_140' title='bbox 2838 610 3137 652; x_wconf 83' lang='lat' dir='ltr'><strong>concussus</strong></span> <span class='ocrx_word' id='word_1_141' title='bbox 3164 594 3411 650; x_wconf 78' lang='lat' dir='ltr'><strong>Psalmos</strong></span> <span class='ocrx_word' id='word_1_142' title='bbox 3434 594 3782 654; x_wconf 85' lang='lat' dir='ltr'><strong>deeantabat.</strong></span> 
     </span>
    </p>
   </div>
   <div class='ocr_carea' id='block_1_21' title="bbox 2201 686 3789 759">
    <p class='ocr_par' dir='ltr' id='par_1_21' title="bbox 2201 686 3789 759">
     <span class='ocr_line' id='line_1_21' title="bbox 2201 686 3789 759; baseline 0 -18"><span class='ocrx_word' id='word_1_143' title='bbox 2201 703 2508 759; x_wconf 78' lang='lat' dir='ltr'><strong>agmenque</strong></span> <span class='ocrx_word' id='word_1_144' title='bbox 2534 687 2799 759; x_wconf 87' lang='lat' dir='ltr'><strong>plebeium</strong></span> <span class='ocrx_word' id='word_1_145' title='bbox 2828 686 3086 755; x_wconf 78' lang='lat' dir='ltr'><strong>lugubres</strong></span> <span class='ocrx_word' id='word_1_146' title='bbox 3115 686 3167 740; x_wconf 93' lang='lat' dir='ltr'><strong>in</strong></span> <span class='ocrx_word' id='word_1_147' title='bbox 3198 700 3326 741; x_wconf 85' lang='lat' dir='ltr'><strong>aere</strong></span> <span class='ocrx_word' id='word_1_148' title='bbox 3374 698 3537 740; x_wconf 86' lang='lat' dir='ltr'><strong>voces</strong></span> <span class='ocrx_word' id='word_1_149' title='bbox 3567 696 3789 741; x_wconf 72' lang='lat' dir='ltr'><strong>resona-</strong></span> 
     </span>
    </p>
   </div>
   <div class='ocr_carea' id='block_1_22' title="bbox 2201 767 3787 848">
    <p class='ocr_par' dir='ltr' id='par_1_22' title="bbox 2201 767 3787 848">
     <span class='ocr_line' id='line_1_22' title="bbox 2201 767 3787 848; baseline -0.005 -14"><span class='ocrx_word' id='word_1_150' title='bbox 2201 778 2673 843; x_wconf 82' lang='lat' dir='ltr'><strong>bat,Fiseannime</strong></span> <span class='ocrx_word' id='word_1_151' title='bbox 2696 776 2840 833; x_wconf 85' lang='lat' dir='ltr'><strong>sedis</strong></span> <span class='ocrx_word' id='word_1_152' title='bbox 2855 767 3113 848; x_wconf 68' lang='lat' dir='ltr'><strong>oppiduni</strong></span> <span class='ocrx_word' id='word_1_153' title='bbox 3141 776 3440 832; x_wconf 85' lang='lat' dir='ltr'><strong>immensus</strong></span> <span class='ocrx_word' id='word_1_154' title='bbox 3467 772 3787 844; x_wconf 83' lang='lat' dir='ltr'><strong>populorum</strong></span> 
     </span>
    </p>
   </div>
   <div class='ocr_carea' id='block_1_23' title="bbox 2201 861 3788 938">
    <p class='ocr_par' dir='ltr' id='par_1_23' title="bbox 2201 861 3788 938">
     <span class='ocr_line' id='line_1_23' title="bbox 2201 861 3788 938; baseline -0.005 -16"><span class='ocrx_word' id='word_1_155' title='bbox 2201 868 2437 937; x_wconf 75' lang='lat' dir='ltr'><strong>gemitus</strong></span> <span class='ocrx_word' id='word_1_156' title='bbox 2475 867 2783 938; x_wconf 71' lang='lat' dir='ltr'><strong>quatiebat,</strong></span> <span class='ocrx_word' id='word_1_157' title='bbox 2825 868 3160 938; x_wconf 79' lang='lat' dir='ltr'><strong>plangorque</strong></span> <span class='ocrx_word' id='word_1_158' title='bbox 3213 864 3517 935; x_wconf 83' lang='lat' dir='ltr'><strong>ululatuum</strong></span> <span class='ocrx_word' id='word_1_159' title='bbox 3576 861 3788 918; x_wconf 78' lang='lat' dir='ltr'><strong>cuin-.en</strong></span> 
     </span>
    </p>
   </div>
   <div class='ocr_carea' id='block_1_24' title="bbox 2202 958 3791 1033">
    <p class='ocr_par' dir='ltr' id='par_1_24' title="bbox 2202 958 3791 1033">
     <span class='ocr_line' id='line_1_24' title="bbox 2202 958 3791 1033; baseline -0.006 -17"><span class='ocrx_word' id='word_1_160' title='bbox 2202 958 2410 1033; x_wconf 60' lang='lat' dir='ltr'><strong>Olympi</strong></span> <span class='ocrx_word' id='word_1_161' title='bbox 2433 958 2709 1029; x_wconf 76' lang='lat' dir='ltr'><strong>tangebat.</strong></span> <span class='ocrx_word' id='word_1_162' title='bbox 2749 958 3180 1028; x_wconf 75' lang='lat' dir='ltr'><strong>Autiphonanun</strong></span> <span class='ocrx_word' id='word_1_163' title='bbox 3214 971 3448 1026; x_wconf 88' lang='lat' dir='ltr'><strong>namque</strong></span> <span class='ocrx_word' id='word_1_164' title='bbox 3494 961 3791 1010; x_wconf 78' lang='lat' dir='ltr'><strong>concentus</strong></span> 
     </span>
    </p>
   </div>
   <div class='ocr_carea' id='block_1_25' title="bbox 2185 1046 3791 1122">
    <p class='ocr_par' dir='ltr' id='par_1_25' title="bbox 2185 1046 3791 1122">
     <span class='ocr_line' id='line_1_25' title="bbox 2185 1046 3791 1122; baseline -0.006 -12"><span class='ocrx_word' id='word_1_165' title='bbox 2185 1056 2516 1111; x_wconf 86' lang='lat' dir='ltr'><strong>&#39;commistus</strong></span> <span class='ocrx_word' id='word_1_166' title='bbox 2550 1052 2783 1108; x_wconf 76' lang='lat' dir='ltr'><strong>luctibus</strong></span> <span class='ocrx_word' id='word_1_167' title='bbox 2812 1054 3173 1122; x_wconf 75' lang='lat' dir='ltr'><strong>concrepabat</strong></span> <span class='ocrx_word' id='word_1_168' title='bbox 3203 1052 3255 1104; x_wconf 91' lang='lat' dir='ltr'><strong>in</strong></span> <span class='ocrx_word' id='word_1_169' title='bbox 3282 1049 3483 1112; x_wconf 90' lang='lat' dir='ltr'><strong>choro,</strong></span> <span class='ocrx_word' id='word_1_170' title='bbox 3520 1046 3791 1116; x_wconf 83' lang='lat' dir='ltr'><strong>planctus-</strong></span> 
     </span>
    </p>
   </div>
   <div class='ocr_carea' id='block_1_26' title="bbox 2202 1136 3794 1217">
    <p class='ocr_par' dir='ltr' id='par_1_26' title="bbox 2202 1136 3794 1217">
     <span class='ocr_line' id='line_1_26' title="bbox 2202 1136 3794 1217; baseline -0.006 -18"><span class='ocrx_word' id='word_1_171' title='bbox 2202 1160 2308 1217; x_wconf 86' lang='lat' dir='ltr'><strong>que</strong></span> <span class='ocrx_word' id='word_1_172' title='bbox 2347 1144 2843 1201; x_wconf 63' lang='lat' dir='ltr'><strong>Nox-tlunannorum</strong></span> <span class='ocrx_word' id='word_1_173' title='bbox 2886 1141 3177 1199; x_wconf 89' lang='lat' dir='ltr'><strong>resonabat</strong></span> <span class='ocrx_word' id='word_1_174' title='bbox 3220 1142 3271 1195; x_wconf 91' lang='lat' dir='ltr'><strong>in</strong></span> <span class='ocrx_word' id='word_1_175' title='bbox 3311 1138 3473 1195; x_wconf 75' lang='lat' dir='ltr'><strong>cmlo.</strong></span> <span class='ocrx_word' id='word_1_176' title='bbox 3517 1136 3794 1193; x_wconf 75' lang='lat' dir='ltr'><strong>Funereos</strong></span> 
     </span>
    </p>
   </div>
   <div class='ocr_carea' id='block_1_27' title="bbox 2203 1229 3791 1306">
    <p class='ocr_par' dir='ltr' id='par_1_27' title="bbox 2203 1229 3791 1306">
     <span class='ocr_line' id='line_1_27' title="bbox 2203 1229 3791 1306; baseline -0.01 -10"><span class='ocrx_word' id='word_1_177' title='bbox 2203 1247 2398 1296; x_wconf 86' lang='lat' dir='ltr'><strong>cautus</strong></span> <span class='ocrx_word' id='word_1_178' title='bbox 2431 1237 2613 1294; x_wconf 78' lang='lat' dir='ltr'><strong>clerus</strong></span> <span class='ocrx_word' id='word_1_179' title='bbox 2653 1235 2916 1291; x_wconf 78' lang='lat' dir='ltr'><strong>fundebat</strong></span> <span class='ocrx_word' id='word_1_180' title='bbox 2966 1250 3065 1306; x_wconf 85' lang='lat' dir='ltr'><strong>per</strong></span> <span class='ocrx_word' id='word_1_181' title='bbox 3118 1233 3393 1296; x_wconf 84' lang='lat' dir='ltr'><strong>tratniles,</strong></span> <span class='ocrx_word' id='word_1_182' title='bbox 3446 1229 3791 1298; x_wconf 81' lang='lat' dir='ltr'><strong>ululatusque</strong></span> 
     </span>
    </p>
   </div>
   <div class='ocr_carea' id='block_1_28' title="bbox 2206 1324 3792 1401">
    <p class='ocr_par' dir='ltr' id='par_1_28' title="bbox 2206 1324 3792 1401">
     <span class='ocr_line' id='line_1_28' title="bbox 2206 1324 3792 1401; baseline -0.006 -13"><span class='ocrx_word' id='word_1_183' title='bbox 2206 1331 2559 1388; x_wconf 77' lang='lat' dir='ltr'><strong>intolerabilis</strong></span> <span class='ocrx_word' id='word_1_184' title='bbox 2590 1339 2710 1387; x_wconf 85' lang='lat' dir='ltr'><strong>erat</strong></span> <span class='ocrx_word' id='word_1_185' title='bbox 2741 1345 2838 1401; x_wconf 86' lang='lat' dir='ltr'><strong>per</strong></span> <span class='ocrx_word' id='word_1_186' title='bbox 2878 1339 3101 1386; x_wconf 90' lang='lat' dir='ltr'><strong>cunctas</strong></span> <span class='ocrx_word' id='word_1_187' title='bbox 3134 1330 3301 1384; x_wconf 73' lang='lat' dir='ltr'><strong>mdes.</strong></span> <span class='ocrx_word' id='word_1_188' title='bbox 3349 1324 3792 1382; x_wconf 65' lang='lat' dir='ltr'><strong>Northmanniez</strong></span> 
     </span>
    </p>
   </div>
   <div class='ocr_carea' id='block_1_29' title="bbox 2207 1417 3791 1494">
    <p class='ocr_par' dir='ltr' id='par_1_29' title="bbox 2207 1417 3791 1494">
     <span class='ocr_line' id='line_1_29' title="bbox 2207 1417 3791 1494; baseline -0.004 -17"><span class='ocrx_word' id='word_1_189' title='bbox 2207 1422 2443 1494; x_wconf 67' lang='lat' dir='ltr'><strong>regionis</strong></span> <span class='ocrx_word' id='word_1_190' title='bbox 2471 1420 2642 1475; x_wconf 84' lang='lat' dir='ltr'><strong>stabat</strong></span> <span class='ocrx_word' id='word_1_191' title='bbox 2677 1420 2731 1475; x_wconf 88' lang='lat' dir='ltr'><strong>iu</strong></span> <span class='ocrx_word' id='word_1_192' title='bbox 2757 1421 2917 1476; x_wconf 86' lang='lat' dir='ltr'><strong>biviis</strong></span> <span class='ocrx_word' id='word_1_193' title='bbox 2943 1419 3153 1489; x_wconf 81' lang='lat' dir='ltr'><strong>ejulans</strong></span> <span class='ocrx_word' id='word_1_194' title='bbox 3196 1417 3561 1489; x_wconf 83' lang='lat' dir='ltr'><strong>populositas,</strong></span> <span class='ocrx_word' id='word_1_195' title='bbox 3604 1430 3791 1485; x_wconf 73' lang='lat' dir='ltr'><strong>vagas-</strong></span> 
     </span>
    </p>
   </div>
   <div class='ocr_carea' id='block_1_30' title="bbox 2204 1510 3792 1585">
    <p class='ocr_par' dir='ltr' id='par_1_30' title="bbox 2204 1510 3792 1585">
     <span class='ocr_line' id='line_1_30' title="bbox 2204 1510 3792 1585; baseline -0.006 -15"><span class='ocrx_word' id='word_1_196' title='bbox 2204 1531 2311 1585; x_wconf 87' lang='lat' dir='ltr'><strong>que</strong></span> <span class='ocrx_word' id='word_1_197' title='bbox 2332 1514 2601 1570; x_wconf 82' lang='lat' dir='ltr'><strong>flebilibus</strong></span> <span class='ocrx_word' id='word_1_198' title='bbox 2619 1514 2845 1570; x_wconf 79' lang='lat' dir='ltr'><strong>vocibus</strong></span> <span class='ocrx_word' id='word_1_199' title='bbox 2890 1513 3147 1585; x_wconf 80' lang='lat' dir='ltr'><strong>implebat</strong></span> <span class='ocrx_word' id='word_1_200' title='bbox 3176 1527 3361 1567; x_wconf 88' lang='lat' dir='ltr'><strong>auras.</strong></span> <span class='ocrx_word' id='word_1_201' title='bbox 3392 1510 3514 1566; x_wconf 87' lang='lat' dir='ltr'><strong>Tali</strong></span> <span class='ocrx_word' id='word_1_202' title='bbox 3564 1522 3792 1578; x_wconf 81' lang='lat' dir='ltr'><strong>namque</strong></span> 
     </span>
    </p>
   </div>
   <div class='ocr_carea' id='block_1_31' title="bbox 2204 1602 3792 1679">
    <p class='ocr_par' dir='ltr' id='par_1_31' title="bbox 2204 1602 3792 1679">
     <span class='ocr_line' id='line_1_31' title="bbox 2204 1602 3792 1679; baseline -0.007 -14"><span class='ocrx_word' id='word_1_203' title='bbox 2204 1609 2542 1679; x_wconf 84' lang='lat' dir='ltr'><strong>constipatus</strong></span> <span class='ocrx_word' id='word_1_204' title='bbox 2568 1616 2806 1671; x_wconf 86' lang='lat' dir='ltr'><strong>caterva,</strong></span> <span class='ocrx_word' id='word_1_205' title='bbox 2842 1604 3043 1676; x_wconf 87' lang='lat' dir='ltr'><strong>talique</strong></span> <span class='ocrx_word' id='word_1_206' title='bbox 3068 1602 3299 1659; x_wconf 73' lang='lat' dir='ltr'><strong>vallatus</strong></span> <span class='ocrx_word' id='word_1_207' title='bbox 3339 1616 3561 1673; x_wconf 81' lang='lat' dir='ltr'><strong>pompa,</strong></span> <span class='ocrx_word' id='word_1_208' title='bbox 3598 1614 3792 1669; x_wconf 83' lang='lat' dir='ltr'><strong>corpus</strong></span> 
     </span>
    </p>
   </div>
   <div class='ocr_carea' id='block_1_32' title="bbox 2206 1692 3795 1769">
    <p class='ocr_par' dir='ltr' id='par_1_32' title="bbox 2206 1692 3795 1769">
     <span class='ocr_line' id='line_1_32' title="bbox 2206 1692 3795 1769; baseline -0.006 -14"><span class='ocrx_word' id='word_1_209' title='bbox 2206 1698 2481 1756; x_wconf 61' lang='lat' dir='ltr'><strong>ferebatur</strong></span> <span class='ocrx_word' id='word_1_210' title='bbox 2503 1699 2569 1754; x_wconf 91' lang='lat' dir='ltr'><strong>ad</strong></span> <span class='ocrx_word' id='word_1_211' title='bbox 2599 1698 2930 1768; x_wconf 86' lang='lat' dir='ltr'><strong>sepulcrum,</strong></span> <span class='ocrx_word' id='word_1_212' title='bbox 2958 1696 3219 1769; x_wconf 87' lang='lat' dir='ltr'><strong>chorique</strong></span> <span class='ocrx_word' id='word_1_213' title='bbox 3246 1693 3635 1767; x_wconf 73' lang='lat' dir='ltr'><strong>prmcedebant</strong></span> <span class='ocrx_word' id='word_1_214' title='bbox 3658 1692 3795 1763; x_wconf 73' lang='lat' dir='ltr'><strong>psal-</strong></span> 
     </span>
    </p>
   </div>
   <div class='ocr_carea' id='block_1_33' title="bbox 520 1769 3791 1860">
    <p class='ocr_par' dir='ltr' id='par_1_33' title="bbox 520 1769 3791 1860">
     <span class='ocr_line' id='line_1_33' title="bbox 520 1769 3791 1860; baseline -0.001 -18"><span class='ocrx_word' id='word_1_215' title='bbox 520 1783 968 1837; x_wconf 70' lang='lat' dir='ltr'><strong>tlemonslrat‘cm</strong></span> <span class='ocrx_word' id='word_1_216' title='bbox 1003 1783 1121 1848; x_wconf 74' lang='lat' dir='ltr'><strong>tibi.</strong></span> <span class='ocrx_word' id='word_1_217' title='bbox 1151 1800 1257 1854; x_wconf 78' lang='lat' dir='ltr'><strong>qua</strong></span> <span class='ocrx_word' id='word_1_218' title='bbox 1286 1786 1466 1842; x_wconf 84' lang='lat' dir='ltr'><strong>vivere</strong></span> <span class='ocrx_word' id='word_1_219' title='bbox 1493 1787 1788 1845; x_wconf 80' lang='lat' dir='ltr'><strong>honoriﬁce</strong></span> <span class='ocrx_word' id='word_1_220' title='bbox 1823 1785 2052 1857; x_wconf 74' lang='lat' dir='ltr'><strong>p05sint&#39;.</strong></span> <span class='ocrx_word' id='word_1_221' title='bbox 2078 1807 2098 1839; x_wconf 71' lang='grc' dir='ltr'><strong>ι</strong></span> <span class='ocrx_word' id='word_1_222' title='bbox 2137 1769 2178 1828; x_wconf 61' lang='lat' dir='ltr'><strong>ﬂ</strong></span> <span class='ocrx_word' id='word_1_223' title='bbox 2207 1790 2451 1846; x_wconf 87' lang='lat' dir='ltr'><strong>lentium.</strong></span> <span class='ocrx_word' id='word_1_224' title='bbox 2476 1789 2747 1860; x_wconf 78' lang='lat' dir='ltr'><strong>Ejulanun</strong></span> <span class='ocrx_word' id='word_1_225' title='bbox 2771 1788 3123 1847; x_wconf 85' lang='lat' dir='ltr'><strong>continuabat</strong></span> <span class='ocrx_word' id='word_1_226' title='bbox 3149 1802 3342 1859; x_wconf 74' lang='lat' dir='ltr'><strong>agmen</strong></span> <span class='ocrx_word' id='word_1_227' title='bbox 3374 1786 3640 1856; x_wconf 86' lang='lat' dir='ltr'><strong>plebium,</strong></span> <span class='ocrx_word' id='word_1_228' title='bbox 3668 1796 3791 1841; x_wconf 83' lang='lat' dir='ltr'><strong>con-</strong></span> 
     </span>
    </p>
   </div>
   <div class='ocr_carea' id='block_1_34' title="bbox 520 1872 2101 1949">
    <p class='ocr_par' dir='ltr' id='par_1_34' title="bbox 520 1872 2101 1949">
     <span class='ocr_line' id='line_1_34' title="bbox 520 1872 2101 1949; baseline 0.005 -22"><span class='ocrx_word' id='word_1_229' title='bbox 520 1872 660 1930; x_wconf 86' lang='lat' dir='ltr'><strong>llinc</strong></span> <span class='ocrx_word' id='word_1_230' title='bbox 701 1890 956 1946; x_wconf 85' lang='lat' dir='ltr'><strong>namque,</strong></span> <span class='ocrx_word' id='word_1_231' title='bbox 984 1878 1175 1931; x_wconf 87' lang='lat' dir='ltr'><strong>morbo</strong></span> <span class='ocrx_word' id='word_1_232' title='bbox 1213 1878 1600 1943; x_wconf 86' lang='lat' dir='ltr'><strong>crudescente,</strong></span> <span class='ocrx_word' id='word_1_233' title='bbox 1645 1890 1929 1949; x_wconf 81' lang='lat' dir='ltr'><strong>coeperunt</strong></span> <span class='ocrx_word' id='word_1_234' title='bbox 1960 1879 2101 1935; x_wconf 74' lang='lat' dir='ltr'><strong>Nor-</strong></span> 
     </span>
    </p>
   </div>
   <div class='ocr_carea' id='block_1_35' title="bbox 519 1964 2104 2043">
    <p class='ocr_par' dir='ltr' id='par_1_35' title="bbox 519 1964 2104 2043">
     <span class='ocr_line' id='line_1_35' title="bbox 519 1964 2104 2043; baseline 0.004 -23"><span class='ocrx_word' id='word_1_235' title='bbox 519 1964 849 2025; x_wconf 76' lang='lat' dir='ltr'><strong>thmannicae</strong></span> <span class='ocrx_word' id='word_1_236' title='bbox 878 1967 1040 2043; x_wconf 81' lang='lat' dir='ltr'><strong>urbes</strong></span> <span class='ocrx_word' id='word_1_237' title='bbox 1065 1976 1207 2025; x_wconf 85' lang='lat' dir='ltr'><strong>metu</strong></span> <span class='ocrx_word' id='word_1_238' title='bbox 1252 1971 1540 2039; x_wconf 80' lang='lat' dir='ltr'><strong>trepidare,</strong></span> <span class='ocrx_word' id='word_1_239' title='bbox 1574 1971 2104 2042; x_wconf 82' lang='lat' dir='ltr'><strong>incompescibilique</strong></span> 
     </span>
    </p>
   </div>
   <div class='ocr_carea' id='block_1_36' title="bbox 518 2059 2125 2135">
    <p class='ocr_par' dir='ltr' id='par_1_36' title="bbox 518 2059 2125 2135">
     <span class='ocr_line' id='line_1_36' title="bbox 518 2059 2125 2135; baseline 0.004 -23"><span class='ocrx_word' id='word_1_240' title='bbox 518 2059 666 2113; x_wconf 89' lang='lat' dir='ltr'><strong>luctu</strong></span> <span class='ocrx_word' id='word_1_241' title='bbox 706 2060 903 2115; x_wconf 81' lang='lat' dir='ltr'><strong>coelum</strong></span> <span class='ocrx_word' id='word_1_242' title='bbox 952 2061 1201 2132; x_wconf 86' lang='lat' dir='ltr'><strong>pulsare,</strong></span> <span class='ocrx_word' id='word_1_243' title='bbox 1240 2063 1466 2135; x_wconf 79' lang='lat' dir='ltr'><strong>diraque</strong></span> <span class='ocrx_word' id='word_1_244' title='bbox 1508 2064 1920 2135; x_wconf 76' lang='lat' dir='ltr'><strong>trepidatio‘per</strong></span> <span class='ocrx_word' id='word_1_245' title='bbox 1952 2065 2125 2119; x_wconf 68' lang='lat' dir='ltr'><strong>illlCl&quot;</strong></span> 
     </span>
    </p>
   </div>
   <div class='ocr_carea' id='block_1_37' title="bbox 518 2147 2106 2227">
    <p class='ocr_par' dir='ltr' id='par_1_37' title="bbox 518 2147 2106 2227">
     <span class='ocr_line' id='line_1_37' title="bbox 518 2147 2106 2227; baseline 0.006 -25"><span class='ocrx_word' id='word_1_246' title='bbox 518 2149 661 2227; x_wconf 85' lang='lat' dir='ltr'><strong>pites</strong></span> <span class='ocrx_word' id='word_1_247' title='bbox 688 2147 1205 2216; x_wconf 77' lang='lat' dir='ltr'><strong>Nortlunauuorum,</strong></span> <span class='ocrx_word' id='word_1_248' title='bbox 1239 2153 1283 2208; x_wconf 93' lang='lat' dir='ltr'><strong>si</strong></span> <span class='ocrx_word' id='word_1_249' title='bbox 1316 2155 1454 2211; x_wconf 81' lang='lat' dir='ltr'><strong>forte</strong></span> <span class='ocrx_word' id='word_1_250' title='bbox 1496 2153 1862 2221; x_wconf 85' lang='lat' dir='ltr'><strong>occumberet,</strong></span> <span class='ocrx_word' id='word_1_251' title='bbox 1898 2164 2106 2211; x_wconf 83' lang='lat' dir='ltr'><strong>tuentes</strong></span> 
     </span>
    </p>
   </div>
   <div class='ocr_carea' id='block_1_38' title="bbox 519 2242 2107 2314">
    <p class='ocr_par' dir='ltr' id='par_1_38' title="bbox 519 2242 2107 2314">
     <span class='ocr_line' id='line_1_38' title="bbox 519 2242 2107 2314; baseline 0.007 -23"><span class='ocrx_word' id='word_1_252' title='bbox 519 2256 743 2297; x_wconf 78' lang='lat' dir='ltr'><strong>currere</strong></span> <span class='ocrx_word' id='word_1_253' title='bbox 774 2260 787 2303; x_wconf 86' lang='lat'><strong>:</strong></span> <span class='ocrx_word' id='word_1_254' title='bbox 813 2242 1171 2314; x_wconf 82' lang='lat' dir='ltr'><strong>petebantque</strong></span> <span class='ocrx_word' id='word_1_255' title='bbox 1200 2246 1367 2300; x_wconf 87' lang='lat' dir='ltr'><strong>nimio</strong></span> <span class='ocrx_word' id='word_1_256' title='bbox 1394 2244 1598 2301; x_wconf 84' lang='lat' dir='ltr'><strong>ululatu</strong></span> <span class='ocrx_word' id='word_1_257' title='bbox 1621 2253 1675 2299; x_wconf 87' lang='lat' dir='ltr'><strong>et</strong></span> <span class='ocrx_word' id='word_1_258' title='bbox 1701 2242 1896 2313; x_wconf 85' lang='lat' dir='ltr'><strong>ejulatu</strong></span> <span class='ocrx_word' id='word_1_259' title='bbox 1919 2243 2107 2305; x_wconf 77' lang='lat' dir='ltr'><strong>ﬁctiles</strong></span> 
     </span>
    </p>
   </div>
   <div class='ocr_carea' id='block_1_39' title="bbox 521 2328 2106 2406">
    <p class='ocr_par' dir='ltr' id='par_1_39' title="bbox 521 2328 2106 2406">
     <span class='ocr_line' id='line_1_39' title="bbox 521 2328 2106 2406; baseline 0.004 -23"><span class='ocrx_word' id='word_1_260' title='bbox 521 2328 702 2384; x_wconf 83' lang='lat' dir='ltr'><strong>aulam</strong></span> <span class='ocrx_word' id='word_1_261' title='bbox 716 2330 860 2386; x_wconf 85' lang='lat' dir='ltr'><strong>sedis</strong></span> <span class='ocrx_word' id='word_1_262' title='bbox 876 2330 1233 2387; x_wconf 79' lang='lat' dir='ltr'><strong>Fiscanniuar.</strong></span> <span class='ocrx_word' id='word_1_263' title='bbox 1262 2332 1378 2387; x_wconf 79' lang='lat' dir='ltr'><strong>Dux</strong></span> <span class='ocrx_word' id='word_1_264' title='bbox 1398 2347 1526 2388; x_wconf 89' lang='lat' dir='ltr'><strong>vero</strong></span> <span class='ocrx_word' id='word_1_265' title='bbox 1547 2350 1772 2406; x_wconf 80' lang='lat' dir='ltr'><strong>magnus</strong></span> <span class='ocrx_word' id='word_1_266' title='bbox 1801 2334 2106 2390; x_wconf 83' lang='lat' dir='ltr'><strong>llichardus</strong></span> 
     </span>
    </p>
   </div>
   <div class='ocr_carea' id='block_1_40' title="bbox 521 2420 2108 2493">
    <p class='ocr_par' dir='ltr' id='par_1_40' title="bbox 521 2420 2108 2493">
     <span class='ocr_line' id='line_1_40' title="bbox 521 2420 2108 2493; baseline 0.003 -19"><span class='ocrx_word' id='word_1_267' title='bbox 521 2420 858 2483; x_wconf 81' lang='lat' dir='ltr'><strong>inﬁrmitatis</strong></span> <span class='ocrx_word' id='word_1_268' title='bbox 889 2432 1215 2493; x_wconf 77' lang='lat' dir='ltr'><strong>aggravatus</strong></span> <span class='ocrx_word' id='word_1_269' title='bbox 1262 2423 1693 2492; x_wconf 74' lang='lat' dir='ltr'><strong>importunitate,</strong></span> <span class='ocrx_word' id='word_1_270' title='bbox 1742 2423 1920 2480; x_wconf 82' lang='lat' dir='ltr'><strong>cilicio</strong></span> <span class='ocrx_word' id='word_1_271' title='bbox 1951 2424 2108 2480; x_wconf 85' lang='lat' dir='ltr'><strong>indu-</strong></span> 
     </span>
    </p>
   </div>
   <div class='ocr_carea' id='block_1_41' title="bbox 523 2513 2105 2584">
    <p class='ocr_par' dir='ltr' id='par_1_41' title="bbox 523 2513 2105 2584">
     <span class='ocr_line' id='line_1_41' title="bbox 523 2513 2105 2584; baseline 0.004 -21"><span class='ocrx_word' id='word_1_272' title='bbox 523 2524 632 2578; x_wconf 77' lang='lat' dir='ltr'><strong>ius,</strong></span> <span class='ocrx_word' id='word_1_273' title='bbox 672 2513 816 2569; x_wconf 90' lang='lat' dir='ltr'><strong>nudo</strong></span> <span class='ocrx_word' id='word_1_274' title='bbox 853 2516 1006 2584; x_wconf 90' lang='lat' dir='ltr'><strong>pede,</strong></span> <span class='ocrx_word' id='word_1_275' title='bbox 1038 2514 1195 2584; x_wconf 89' lang='lat' dir='ltr'><strong>petiit</strong></span> <span class='ocrx_word' id='word_1_276' title='bbox 1227 2515 1508 2571; x_wconf 86' lang='lat' dir='ltr'><strong>delubrum</strong></span> <span class='ocrx_word' id='word_1_277' title='bbox 1544 2514 1828 2572; x_wconf 81' lang='lat' dir='ltr'><strong>Trinitatis</strong></span> <span class='ocrx_word' id='word_1_278' title='bbox 1879 2516 2105 2584; x_wconf 79' lang='lat' dir='ltr'><strong>deiﬁcae,</strong></span> 
     </span>
    </p>
   </div>
   <div class='ocr_carea' id='block_1_42' title="bbox 520 2600 2105 2683">
    <p class='ocr_par' dir='ltr' id='par_1_42' title="bbox 520 2600 2105 2683">
     <span class='ocr_line' id='line_1_42' title="bbox 520 2600 2105 2683; baseline 0.004 -22"><span class='ocrx_word' id='word_1_279' title='bbox 520 2605 845 2677; x_wconf 85' lang='lat' dir='ltr'><strong>diversaque</strong></span> <span class='ocrx_word' id='word_1_280' title='bbox 870 2607 1030 2674; x_wconf 89' lang='lat' dir='ltr'><strong>dona,</strong></span> <span class='ocrx_word' id='word_1_281' title='bbox 1061 2610 1318 2680; x_wconf 79' lang='lat' dir='ltr'><strong>variaque</strong></span> <span class='ocrx_word' id='word_1_282' title='bbox 1361 2626 1587 2683; x_wconf 86' lang='lat' dir='ltr'><strong>munera</strong></span> <span class='ocrx_word' id='word_1_283' title='bbox 1616 2621 1670 2667; x_wconf 90' lang='lat' dir='ltr'><strong>et</strong></span> <span class='ocrx_word' id='word_1_284' title='bbox 1707 2600 1943 2683; x_wconf 58' lang='lat' dir='ltr'><strong>pretiosa</strong></span> <span class='ocrx_word' id='word_1_285' title='bbox 1978 2612 2105 2668; x_wconf 88' lang='lat' dir='ltr'><strong>mit-</strong></span> 
     </span>
    </p>
   </div>
   <div class='ocr_carea' id='block_1_43' title="bbox 522 2703 2111 2778">
    <p class='ocr_par' dir='ltr' id='par_1_43' title="bbox 522 2703 2111 2778">
     <span class='ocr_line' id='line_1_43' title="bbox 522 2703 2111 2778; baseline 0.005 -23"><span class='ocrx_word' id='word_1_286' title='bbox 522 2710 644 2758; x_wconf 85' lang='lat' dir='ltr'><strong>tens</strong></span> <span class='ocrx_word' id='word_1_287' title='bbox 687 2716 851 2774; x_wconf 85' lang='lat' dir='ltr'><strong>super</strong></span> <span class='ocrx_word' id='word_1_288' title='bbox 885 2703 1075 2768; x_wconf 84' lang='lat' dir='ltr'><strong>altare,</strong></span> <span class='ocrx_word' id='word_1_289' title='bbox 1126 2704 1378 2774; x_wconf 85' lang='lat' dir='ltr'><strong>perfusus</strong></span> <span class='ocrx_word' id='word_1_290' title='bbox 1404 2705 1594 2761; x_wconf 83' lang='lat' dir='ltr'><strong>faciem</strong></span> <span class='ocrx_word' id='word_1_291' title='bbox 1623 2706 1983 2778; x_wconf 78' lang='lat' dir='ltr'><strong>lacrymarum</strong></span> <span class='ocrx_word' id='word_1_292' title='bbox 2012 2708 2111 2763; x_wconf 61' lang='lat' dir='ltr'><strong>imo</strong></span> 
     </span>
    </p>
   </div>
   <div class='ocr_carea' id='block_1_44' title="bbox 521 2796 2109 2873">
    <p class='ocr_par' dir='ltr' id='par_1_44' title="bbox 521 2796 2109 2873">
     <span class='ocr_line' id='line_1_44' title="bbox 521 2796 2109 2873; baseline 0.003 -22"><span class='ocrx_word' id='word_1_293' title='bbox 521 2796 641 2861; x_wconf 87' lang='lat' dir='ltr'><strong>bre,</strong></span> <span class='ocrx_word' id='word_1_294' title='bbox 667 2797 891 2867; x_wconf 81' lang='lat' dir='ltr'><strong>supplex</strong></span> <span class='ocrx_word' id='word_1_295' title='bbox 916 2806 970 2869; x_wconf 75' lang='lat' dir='ltr'><strong>et</strong></span> <span class='ocrx_word' id='word_1_296' title='bbox 1000 2798 1227 2853; x_wconf 78' lang='lat' dir='ltr'><strong>devotus</strong></span> <span class='ocrx_word' id='word_1_297' title='bbox 1261 2798 1584 2869; x_wconf 83' lang='lat' dir='ltr'><strong>ﬂcbilisque,</strong></span> <span class='ocrx_word' id='word_1_298' title='bbox 1614 2801 1831 2871; x_wconf 73' lang='lat' dir='ltr'><strong>excepit</strong></span> <span class='ocrx_word' id='word_1_299' title='bbox 1875 2801 2109 2873; x_wconf 79' lang='lat' dir='ltr'><strong>typicam</strong></span> 
     </span>
    </p>
   </div>
   <div class='ocr_carea' id='block_1_45' title="bbox 524 2885 2112 2962">
    <p class='ocr_par' dir='ltr' id='par_1_45' title="bbox 524 2885 2112 2962">
     <span class='ocr_line' id='line_1_45' title="bbox 524 2885 2112 2962; baseline 0.006 -23"><span class='ocrx_word' id='word_1_300' title='bbox 524 2885 789 2944; x_wconf 74' lang='lat' dir='ltr'><strong>salutiferi</strong></span> <span class='ocrx_word' id='word_1_301' title='bbox 818 2888 1002 2944; x_wconf 88' lang='lat' dir='ltr'><strong>viatici</strong></span> <span class='ocrx_word' id='word_1_302' title='bbox 1031 2890 1247 2960; x_wconf 87' lang='lat' dir='ltr'><strong>stipem,</strong></span> <span class='ocrx_word' id='word_1_303' title='bbox 1280 2890 1812 2962; x_wconf 77' lang='lat' dir='ltr'><strong>adjumentaseilicet</strong></span> <span class='ocrx_word' id='word_1_304' title='bbox 1834 2892 2112 2948; x_wconf 75' lang='lat' dir='ltr'><strong>vim.Tunc</strong></span> 
     </span>
    </p>
   </div>
   <div class='ocr_carea' id='block_1_46' title="bbox 525 2979 2110 3048">
    <p class='ocr_par' dir='ltr' id='par_1_46' title="bbox 525 2979 2110 3048">
     <span class='ocr_line' id='line_1_46' title="bbox 525 2979 2110 3048; baseline 0.003 -15"><span class='ocrx_word' id='word_1_305' title='bbox 525 2991 710 3035; x_wconf 85' lang='lat' dir='ltr'><strong>comes</strong></span> <span class='ocrx_word' id='word_1_306' title='bbox 738 2979 1003 3044; x_wconf 75' lang='lat' dir='ltr'><strong>Rodulfus</strong></span> <span class='ocrx_word' id='word_1_307' title='bbox 1039 2983 1178 3037; x_wconf 71' lang='lat' dir='ltr'><strong>dixit</strong></span> <span class='ocrx_word' id='word_1_308' title='bbox 1210 2981 1278 3037; x_wconf 91' lang='lat' dir='ltr'><strong>ad</strong></span> <span class='ocrx_word' id='word_1_309' title='bbox 1316 2998 1439 3039; x_wconf 90' lang='lat' dir='ltr'><strong>eum</strong></span> <span class='ocrx_word' id='word_1_310' title='bbox 1464 2983 1728 3039; x_wconf 85' lang='lat' dir='ltr'><strong>secretius</strong></span> <span class='ocrx_word' id='word_1_311' title='bbox 1764 3003 1777 3045; x_wconf 79' lang='lat'><strong>;</strong></span> <span class='ocrx_word' id='word_1_312' title='bbox 1812 3002 1829 3035; x_wconf 73' lang='grc' dir='ltr'><strong>ι</strong></span> <span class='ocrx_word' id='word_1_313' title='bbox 1863 2983 2110 3048; x_wconf 87' lang='lat' dir='ltr'><strong>Domine,</strong></span> 
     </span>
    </p>
   </div>
   <div class='ocr_carea' id='block_1_47' title="bbox 526 3069 2109 3146">
    <p class='ocr_par' dir='ltr' id='par_1_47' title="bbox 526 3069 2109 3146">
     <span class='ocr_line' id='line_1_47' title="bbox 526 3069 2109 3146; baseline 0.004 -23"><span class='ocrx_word' id='word_1_314' title='bbox 526 3084 637 3144; x_wconf 75' lang='lat' dir='ltr'><strong>quo</strong></span> <span class='ocrx_word' id='word_1_315' title='bbox 678 3069 799 3131; x_wconf 89' lang='lat' dir='ltr'><strong>loco</strong></span> <span class='ocrx_word' id='word_1_316' title='bbox 830 3073 1012 3143; x_wconf 87' lang='lat' dir='ltr'><strong>templi</strong></span> <span class='ocrx_word' id='word_1_317' title='bbox 1069 3073 1462 3144; x_wconf 67' lang='lat' dir='ltr'><strong>prmparabitur</strong></span> <span class='ocrx_word' id='word_1_318' title='bbox 1511 3074 1818 3146; x_wconf 87' lang='lat' dir='ltr'><strong>sepulcrum</strong></span> <span class='ocrx_word' id='word_1_319' title='bbox 1868 3084 1975 3129; x_wconf 79' lang='lat' dir='ltr'><strong>tua:</strong></span> <span class='ocrx_word' id='word_1_320' title='bbox 2020 3089 2109 3129; x_wconf 90' lang='lat' dir='ltr'><strong>re-</strong></span> 
     </span>
    </p>
   </div>
   <div class='ocr_carea' id='block_1_48' title="bbox 525 3163 2116 3239">
    <p class='ocr_par' dir='ltr' id='par_1_48' title="bbox 525 3163 2116 3239">
     <span class='ocr_line' id='line_1_48' title="bbox 525 3163 2116 3239; baseline -0.003 -19"><span class='ocrx_word' id='word_1_321' title='bbox 525 3165 750 3239; x_wconf 62' lang='lat' dir='ltr'><strong>quiei?»</strong></span> <span class='ocrx_word' id='word_1_322' title='bbox 786 3163 1120 3234; x_wconf 76' lang='lat' dir='ltr'><strong>Respondit:</strong></span> <span class='ocrx_word' id='word_1_323' title='bbox 1159 3183 1177 3217; x_wconf 77' lang='grc' dir='ltr'><strong>ι</strong></span> <span class='ocrx_word' id='word_1_324' title='bbox 1205 3164 1449 3225; x_wconf 77' lang='lat' dir='ltr'><strong>Cadaver</strong></span> <span class='ocrx_word' id='word_1_325' title='bbox 1483 3166 1616 3226; x_wconf 83' lang='lat' dir='ltr'><strong>tanti</strong></span> <span class='ocrx_word' id='word_1_326' title='bbox 1644 3164 1864 3220; x_wconf 85' lang='lat' dir='ltr'><strong>sceleris</strong></span> <span class='ocrx_word' id='word_1_327' title='bbox 1890 3181 1995 3219; x_wconf 89' lang='lat' dir='ltr'><strong>non</strong></span> <span class='ocrx_word' id='word_1_328' title='bbox 2030 3180 2116 3219; x_wconf 74' lang='lat' dir='ltr'><strong>re...</strong></span> 
     </span>
    </p>
   </div>
   <div class='ocr_carea' id='block_1_49' title="bbox 526 3254 2114 3328">
    <p class='ocr_par' dir='ltr' id='par_1_49' title="bbox 526 3254 2114 3328">
     <span class='ocr_line' id='line_1_49' title="bbox 526 3254 2114 3328; baseline 0 -16"><span class='ocrx_word' id='word_1_329' title='bbox 526 3258 773 3328; x_wconf 89' lang='lat' dir='ltr'><strong>quiescet</strong></span> <span class='ocrx_word' id='word_1_330' title='bbox 826 3254 966 3309; x_wconf 86' lang='lat' dir='ltr'><strong>infra</strong></span> <span class='ocrx_word' id='word_1_331' title='bbox 998 3256 1206 3313; x_wconf 78' lang='lat' dir='ltr'><strong>aditum</strong></span> <span class='ocrx_word' id='word_1_332' title='bbox 1258 3254 1415 3326; x_wconf 87' lang='lat' dir='ltr'><strong>hujus</strong></span> <span class='ocrx_word' id='word_1_333' title='bbox 1463 3255 1673 3325; x_wconf 85' lang='lat' dir='ltr'><strong>templi,</strong></span> <span class='ocrx_word' id='word_1_334' title='bbox 1711 3257 1804 3311; x_wconf 88' lang='lat' dir='ltr'><strong>sed</strong></span> <span class='ocrx_word' id='word_1_335' title='bbox 1849 3257 1917 3311; x_wconf 86' lang='lat' dir='ltr'><strong>ad</strong></span> <span class='ocrx_word' id='word_1_336' title='bbox 1970 3257 2114 3312; x_wconf 87' lang='lat' dir='ltr'><strong>istud</strong></span> 
     </span>
    </p>
   </div>
   <div class='ocr_carea' id='block_1_50' title="bbox 526 3346 2117 3418">
    <p class='ocr_par' dir='ltr' id='par_1_50' title="bbox 526 3346 2117 3418">
     <span class='ocr_line' id='line_1_50' title="bbox 526 3346 2117 3418; baseline 0.001 -15"><span class='ocrx_word' id='word_1_337' title='bbox 526 3348 727 3407; x_wconf 80' lang='lat' dir='ltr'><strong>ostium</strong></span> <span class='ocrx_word' id='word_1_338' title='bbox 761 3349 817 3413; x_wconf 86' lang='lat' dir='ltr'><strong>in</strong></span> <span class='ocrx_word' id='word_1_339' title='bbox 846 3348 1119 3406; x_wconf 78' lang='lat' dir='ltr'><strong>stillicidia</strong></span> <span class='ocrx_word' id='word_1_340' title='bbox 1148 3346 1477 3405; x_wconf 79' lang='lat' dir='ltr'><strong>Monasterii.</strong></span> <span class='ocrx_word' id='word_1_341' title='bbox 1503 3367 1521 3401; x_wconf 76' lang='grc' dir='ltr'><strong>ι</strong></span> <span class='ocrx_word' id='word_1_342' title='bbox 1561 3348 1835 3418; x_wconf 85' lang='lat' dir='ltr'><strong>Sequente</strong></span> <span class='ocrx_word' id='word_1_343' title='bbox 1882 3362 2117 3417; x_wconf 86' lang='lat' dir='ltr'><strong>namque</strong></span> 
     </span>
    </p>
   </div>
   <div class='ocr_carea' id='block_1_51' title="bbox 531 3437 2115 3511">
    <p class='ocr_par' dir='ltr' id='par_1_51' title="bbox 531 3437 2115 3511">
     <span class='ocr_line' id='line_1_51' title="bbox 531 3437 2115 3511; baseline -0.002 -15"><span class='ocrx_word' id='word_1_344' title='bbox 531 3449 695 3498; x_wconf 88' lang='lat' dir='ltr'><strong>nocte</strong></span> <span class='ocrx_word' id='word_1_345' title='bbox 757 3448 1061 3511; x_wconf 88' lang='lat' dir='ltr'><strong>carpuntur</strong></span> <span class='ocrx_word' id='word_1_346' title='bbox 1119 3438 1462 3495; x_wconf 85' lang='lat' dir='ltr'><strong>sanctissima</strong></span> <span class='ocrx_word' id='word_1_347' title='bbox 1519 3437 1636 3506; x_wconf 84' lang='lat' dir='ltr'><strong>ejus</strong></span> <span class='ocrx_word' id='word_1_348' title='bbox 1680 3439 1924 3498; x_wconf 81' lang='lat' dir='ltr'><strong>membra</strong></span> <span class='ocrx_word' id='word_1_349' title='bbox 1968 3437 2115 3493; x_wconf 77' lang='lat' dir='ltr'><strong>facili</strong></span> 
     </span>
    </p>
   </div>
   <div class='ocr_carea' id='block_1_52' title="bbox 531 3531 2118 3603">
    <p class='ocr_par' dir='ltr' id='par_1_52' title="bbox 531 3531 2118 3603">
     <span class='ocr_line' id='line_1_52' title="bbox 531 3531 2118 3603; baseline -0.006 -10"><span class='ocrx_word' id='word_1_350' title='bbox 531 3533 740 3597; x_wconf 75' lang='lat' dir='ltr'><strong>dolore.</strong></span> <span class='ocrx_word' id='word_1_351' title='bbox 767 3532 1085 3601; x_wconf 78' lang='lat' dir='ltr'><strong>invaditque</strong></span> <span class='ocrx_word' id='word_1_352' title='bbox 1102 3532 1280 3588; x_wconf 90' lang='lat' dir='ltr'><strong>acrius</strong></span> <span class='ocrx_word' id='word_1_353' title='bbox 1318 3541 1508 3589; x_wconf 79' lang='lat' dir='ltr'><strong>tenues</strong></span> <span class='ocrx_word' id='word_1_354' title='bbox 1558 3531 1821 3586; x_wconf 86' lang='lat' dir='ltr'><strong>medullas</strong></span> <span class='ocrx_word' id='word_1_355' title='bbox 1862 3540 2118 3603; x_wconf 86' lang='lat' dir='ltr'><strong>penetra-</strong></span> 
     </span>
    </p>
   </div>
   <div class='ocr_carea' id='block_1_53' title="bbox 530 3622 2118 3694">
    <p class='ocr_par' dir='ltr' id='par_1_53' title="bbox 530 3622 2118 3694">
     <span class='ocr_line' id='line_1_53' title="bbox 530 3622 2118 3694; baseline -0.001 -15"><span class='ocrx_word' id='word_1_356' title='bbox 530 3622 657 3679; x_wconf 83' lang='lat' dir='ltr'><strong>bilis</strong></span> <span class='ocrx_word' id='word_1_357' title='bbox 701 3624 1090 3694; x_wconf 85' lang='lat' dir='ltr'><strong>mortiferaque</strong></span> <span class='ocrx_word' id='word_1_358' title='bbox 1113 3623 1352 3684; x_wconf 80' lang='lat' dir='ltr'><strong>flamma.</strong></span> <span class='ocrx_word' id='word_1_359' title='bbox 1380 3622 1611 3694; x_wconf 78' lang='lat' dir='ltr'><strong>Jamque</strong></span> <span class='ocrx_word' id='word_1_360' title='bbox 1661 3624 1845 3693; x_wconf 83' lang='lat' dir='ltr'><strong>pedes.</strong></span> <span class='ocrx_word' id='word_1_361' title='bbox 1893 3623 2118 3692; x_wconf 83' lang='lat' dir='ltr'><strong>jamque</strong></span> 
     </span>
    </p>
   </div>
   <div class='ocr_carea' id='block_1_54' title="bbox 533 3714 2121 3786">
    <p class='ocr_par' dir='ltr' id='par_1_54' title="bbox 533 3714 2121 3786">
     <span class='ocr_line' id='line_1_54' title="bbox 533 3714 2121 3786; baseline 0.001 -17"><span class='ocrx_word' id='word_1_362' title='bbox 533 3715 713 3776; x_wconf 88' lang='lat' dir='ltr'><strong>mollia</strong></span> <span class='ocrx_word' id='word_1_363' title='bbox 744 3730 907 3779; x_wconf 83' lang='lat' dir='ltr'><strong>crura</strong></span> <span class='ocrx_word' id='word_1_364' title='bbox 957 3724 1193 3786; x_wconf 85' lang='lat' dir='ltr'><strong>torpent,</strong></span> <span class='ocrx_word' id='word_1_365' title='bbox 1236 3723 1294 3775; x_wconf 87' lang='lat' dir='ltr'><strong>et</strong></span> <span class='ocrx_word' id='word_1_366' title='bbox 1334 3714 1477 3770; x_wconf 86' lang='lat' dir='ltr'><strong>oculi</strong></span> <span class='ocrx_word' id='word_1_367' title='bbox 1529 3714 1852 3771; x_wconf 85' lang='lat' dir='ltr'><strong>moribundo</strong></span> <span class='ocrx_word' id='word_1_368' title='bbox 1891 3730 2121 3785; x_wconf 89' lang='lat' dir='ltr'><strong>corpore</strong></span> 
     </span>
    </p>
   </div>
   <div class='ocr_carea' id='block_1_55' title="bbox 535 3807 2116 3880">
    <p class='ocr_par' dir='ltr' id='par_1_55' title="bbox 535 3807 2116 3880">
     <span class='ocr_line' id='line_1_55' title="bbox 535 3807 2116 3880; baseline 0.001 -19"><span class='ocrx_word' id='word_1_369' title='bbox 535 3809 811 3880; x_wconf 74' lang='lat' dir='ltr'><strong>languent,</strong></span> <span class='ocrx_word' id='word_1_370' title='bbox 833 3807 1014 3863; x_wconf 86' lang='lat' dir='ltr'><strong>labant</strong></span> <span class='ocrx_word' id='word_1_371' title='bbox 1037 3817 1232 3863; x_wconf 86' lang='lat' dir='ltr'><strong>cuncta</strong></span> <span class='ocrx_word' id='word_1_372' title='bbox 1281 3808 1568 3873; x_wconf 88' lang='lat' dir='ltr'><strong>membra;</strong></span> <span class='ocrx_word' id='word_1_373' title='bbox 1606 3808 1699 3864; x_wconf 88' lang='lat' dir='ltr'><strong>sed</strong></span> <span class='ocrx_word' id='word_1_374' title='bbox 1742 3822 1896 3865; x_wconf 84' lang='lat' dir='ltr'><strong>mens</strong></span> <span class='ocrx_word' id='word_1_375' title='bbox 1950 3809 2116 3864; x_wconf 87' lang='lat' dir='ltr'><strong>Deum</strong></span> 
     </span>
    </p>
   </div>
   <div class='ocr_carea' id='block_1_56' title="bbox 531 3897 2122 3969">
    <p class='ocr_par' dir='ltr' id='par_1_56' title="bbox 531 3897 2122 3969">
     <span class='ocr_line' id='line_1_56' title="bbox 531 3897 2122 3969; baseline 0.001 -15"><span class='ocrx_word' id='word_1_376' title='bbox 531 3897 730 3964; x_wconf 84' lang='lat' dir='ltr'><strong>cernit,</strong></span> <span class='ocrx_word' id='word_1_377' title='bbox 758 3900 1015 3969; x_wconf 85' lang='lat' dir='ltr'><strong>cupitque</strong></span> <span class='ocrx_word' id='word_1_378' title='bbox 1042 3899 1236 3955; x_wconf 71' lang='lat' dir='ltr'><strong>smcula</strong></span> <span class='ocrx_word' id='word_1_379' title='bbox 1268 3907 1491 3955; x_wconf 80' lang='lat' dir='ltr'><strong>:cterna.</strong></span> <span class='ocrx_word' id='word_1_380' title='bbox 1521 3899 1686 3956; x_wconf 73' lang='lat' dir='ltr'><strong>Genu:</strong></span> <span class='ocrx_word' id='word_1_381' title='bbox 1716 3911 2036 3957; x_wconf 88' lang='lat' dir='ltr'><strong>cunctorum</strong></span> <span class='ocrx_word' id='word_1_382' title='bbox 2065 3908 2122 3956; x_wconf 83' lang='lat' dir='ltr'><strong>et</strong></span> 
     </span>
    </p>
   </div>
   <div class='ocr_carea' id='block_1_57' title="bbox 532 3988 2118 4063">
    <p class='ocr_par' dir='ltr' id='par_1_57' title="bbox 532 3988 2118 4063">
     <span class='ocr_line' id='line_1_57' title="bbox 532 3988 2118 4063; baseline -0.002 -17"><span class='ocrx_word' id='word_1_383' title='bbox 532 3988 705 4046; x_wconf 88' lang='lat' dir='ltr'><strong>facies</strong></span> <span class='ocrx_word' id='word_1_384' title='bbox 751 3990 1160 4061; x_wconf 86' lang='lat' dir='ltr'><strong>complebantur</strong></span> <span class='ocrx_word' id='word_1_385' title='bbox 1201 3991 1484 4063; x_wconf 80' lang='lat' dir='ltr'><strong>lacrymis,</strong></span> <span class='ocrx_word' id='word_1_386' title='bbox 1526 4005 1821 4060; x_wconf 87' lang='lat' dir='ltr'><strong>vocemque</strong></span> <span class='ocrx_word' id='word_1_387' title='bbox 1875 3991 2118 4053; x_wconf 87' lang='lat' dir='ltr'><strong>omnium</strong></span> 
     </span>
    </p>
   </div>
   <div class='ocr_carea' id='block_1_58' title="bbox 532 4083 2121 4157">
    <p class='ocr_par' dir='ltr' id='par_1_58' title="bbox 532 4083 2121 4157">
     <span class='ocr_line' id='line_1_58' title="bbox 532 4083 2121 4157; baseline 0.001 -17"><span class='ocrx_word' id='word_1_388' title='bbox 532 4084 833 4155; x_wconf 81' lang='lat' dir='ltr'><strong>occupabat</strong></span> <span class='ocrx_word' id='word_1_389' title='bbox 872 4083 1138 4157; x_wconf 79' lang='lat' dir='ltr'><strong>singultus</strong></span> <span class='ocrx_word' id='word_1_390' title='bbox 1167 4084 1567 4141; x_wconf 86' lang='lat' dir='ltr'><strong>intolerabilis:</strong></span> <span class='ocrx_word' id='word_1_391' title='bbox 1613 4086 1880 4144; x_wconf 70' lang='lat' dir='ltr'><strong>haerentes</strong></span> <span class='ocrx_word' id='word_1_392' title='bbox 1926 4085 2121 4156; x_wconf 70' lang='lat' dir='ltr'><strong>lingnm</strong></span> 
     </span>
    </p>
   </div>
   <div class='ocr_carea' id='block_1_59' title="bbox 534 4177 2124 4248">
    <p class='ocr_par' dir='ltr' id='par_1_59' title="bbox 534 4177 2124 4248">
     <span class='ocr_line' id='line_1_59' title="bbox 534 4177 2124 4248; baseline 0.003 -19"><span class='ocrx_word' id='word_1_393' title='bbox 534 4177 920 4248; x_wconf 69' lang='lat' dir='ltr'><strong>quatiebantur</strong></span> <span class='ocrx_word' id='word_1_394' title='bbox 978 4177 1278 4237; x_wconf 85' lang='lat' dir='ltr'><strong>visceribus</strong></span> <span class='ocrx_word' id='word_1_395' title='bbox 1328 4178 1645 4247; x_wconf 84' lang='lat' dir='ltr'><strong>commotis,</strong></span> <span class='ocrx_word' id='word_1_396' title='bbox 1681 4178 1878 4248; x_wconf 77' lang='lat' dir='ltr'><strong>vixque</strong></span> <span class='ocrx_word' id='word_1_397' title='bbox 1939 4192 2124 4233; x_wconf 82' lang='lat' dir='ltr'><strong>sermo</strong></span> 
     </span>
    </p>
   </div>
   <div class='ocr_carea' id='block_1_60' title="bbox 534 4269 2119 4343">
    <p class='ocr_par' dir='ltr' id='par_1_60' title="bbox 534 4269 2119 4343">
     <span class='ocr_line' id='line_1_60' title="bbox 534 4269 2119 4343; baseline 0 -19"><span class='ocrx_word' id='word_1_398' title='bbox 534 4269 1037 4343; x_wconf 87' lang='lat' dir='ltr'><strong>interrumpebatur</strong></span> <span class='ocrx_word' id='word_1_399' title='bbox 1077 4270 1447 4340; x_wconf 86' lang='lat' dir='ltr'><strong>quatientibus</strong></span> <span class='ocrx_word' id='word_1_400' title='bbox 1476 4270 1768 4339; x_wconf 80' lang='lat' dir='ltr'><strong>gemitibus</strong></span> <span class='ocrx_word' id='word_1_401' title='bbox 1820 4269 2119 4325; x_wconf 84' lang='lat' dir='ltr'><strong>immensis.</strong></span> 
     </span>
    </p>
   </div>
   <div class='ocr_carea' id='block_1_61' title="bbox 532 4362 2122 4434">
    <p class='ocr_par' dir='ltr' id='par_1_61' title="bbox 532 4362 2122 4434">
     <span class='ocr_line' id='line_1_61' title="bbox 532 4362 2122 4434; baseline -0.003 -13"><span class='ocrx_word' id='word_1_402' title='bbox 532 4362 629 4421; x_wconf 92' lang='lat' dir='ltr'><strong>llle</strong></span> <span class='ocrx_word' id='word_1_403' title='bbox 650 4377 778 4418; x_wconf 87' lang='lat' dir='ltr'><strong>vero</strong></span> <span class='ocrx_word' id='word_1_404' title='bbox 805 4363 1136 4434; x_wconf 84' lang='lat' dir='ltr'><strong>supplicibus</strong></span> <span class='ocrx_word' id='word_1_405' title='bbox 1165 4363 1337 4419; x_wconf 72' lang='lat' dir='ltr'><strong>oculis</strong></span> <span class='ocrx_word' id='word_1_406' title='bbox 1361 4363 1431 4419; x_wconf 88' lang='lat' dir='ltr'><strong>ad</strong></span> <span class='ocrx_word' id='word_1_407' title='bbox 1465 4363 1665 4419; x_wconf 73' lang='lat' dir='ltr'><strong>cwlum</strong></span> <span class='ocrx_word' id='word_1_408' title='bbox 1714 4377 1839 4418; x_wconf 90' lang='lat' dir='ltr'><strong>cum</strong></span> <span class='ocrx_word' id='word_1_409' title='bbox 1873 4363 2122 4422; x_wconf 85' lang='lat' dir='ltr'><strong>manibus</strong></span> 
     </span>
    </p>
   </div>
   <div class='ocr_carea' id='block_1_62' title="bbox 2205 1876 3792 1953">
    <p class='ocr_par' dir='ltr' id='par_1_62' title="bbox 2205 1876 3792 1953">
     <span class='ocr_line' id='line_1_62' title="bbox 2205 1876 3792 1953; baseline -0.004 -15"><span class='ocrx_word' id='word_1_410' title='bbox 2205 1884 2339 1940; x_wconf 67' lang='lat' dir='ltr'><strong>fusa)</strong></span> <span class='ocrx_word' id='word_1_411' title='bbox 2364 1892 2529 1953; x_wconf 85' lang='lat' dir='ltr'><strong>atque</strong></span> <span class='ocrx_word' id='word_1_412' title='bbox 2578 1882 2937 1938; x_wconf 76' lang='lat' dir='ltr'><strong>inarticulatae</strong></span> <span class='ocrx_word' id='word_1_413' title='bbox 2988 1880 3316 1937; x_wconf 78' lang='lat' dir='ltr'><strong>resonabant</strong></span> <span class='ocrx_word' id='word_1_414' title='bbox 3357 1893 3523 1935; x_wconf 85' lang='lat' dir='ltr'><strong>voces</strong></span> <span class='ocrx_word' id='word_1_415' title='bbox 3568 1876 3792 1949; x_wconf 62' lang='lat' dir='ltr'><strong>populeo</strong></span> 
     </span>
    </p>
   </div>
   <div class='ocr_carea' id='block_1_63' title="bbox 2206 1969 3793 2045">
    <p class='ocr_par' dir='ltr' id='par_1_63' title="bbox 2206 1969 3793 2045">
     <span class='ocr_line' id='line_1_63' title="bbox 2206 1969 3793 2045; baseline -0.006 -14"><span class='ocrx_word' id='word_1_416' title='bbox 2206 1991 2348 2031; x_wconf 84' lang='lat' dir='ltr'><strong>rum.</strong></span> <span class='ocrx_word' id='word_1_417' title='bbox 2373 1973 2650 2045; x_wconf 75' lang='lat' dir='ltr'><strong>Nemoque</strong></span> <span class='ocrx_word' id='word_1_418' title='bbox 2674 1982 2889 2044; x_wconf 87' lang='lat' dir='ltr'><strong>poterat</strong></span> <span class='ocrx_word' id='word_1_419' title='bbox 2914 1974 3221 2029; x_wconf 83' lang='lat' dir='ltr'><strong>discernere</strong></span> <span class='ocrx_word' id='word_1_420' title='bbox 3243 1971 3372 2042; x_wconf 88' lang='lat' dir='ltr'><strong>quid</strong></span> <span class='ocrx_word' id='word_1_421' title='bbox 3403 1970 3610 2035; x_wconf 85' lang='lat' dir='ltr'><strong>clerus,</strong></span> <span class='ocrx_word' id='word_1_422' title='bbox 3638 1969 3793 2040; x_wconf 78' lang='lat' dir='ltr'><strong>quith</strong></span> 
     </span>
    </p>
   </div>
   <div class='ocr_carea' id='block_1_64' title="bbox 2206 2058 3793 2138">
    <p class='ocr_par' dir='ltr' id='par_1_64' title="bbox 2206 2058 3793 2138">
     <span class='ocr_line' id='line_1_64' title="bbox 2206 2058 3793 2138; baseline -0.001 -21"><span class='ocrx_word' id='word_1_423' title='bbox 2206 2081 2273 2122; x_wconf 86' lang='lat' dir='ltr'><strong>ve</strong></span> <span class='ocrx_word' id='word_1_424' title='bbox 2294 2066 2485 2138; x_wconf 82' lang='lat' dir='ltr'><strong>vulgus</strong></span> <span class='ocrx_word' id='word_1_425' title='bbox 2522 2064 2891 2136; x_wconf 80' lang='lat' dir='ltr'><strong>concrepabat</strong></span> <span class='ocrx_word' id='word_1_426' title='bbox 2932 2080 3032 2135; x_wconf 83' lang='lat' dir='ltr'><strong>pro</strong></span> <span class='ocrx_word' id='word_1_427' title='bbox 3058 2065 3281 2120; x_wconf 89' lang='lat' dir='ltr'><strong>vocibus</strong></span> <span class='ocrx_word' id='word_1_428' title='bbox 3303 2062 3635 2118; x_wconf 86' lang='lat' dir='ltr'><strong>nlulatuum.</strong></span> <span class='ocrx_word' id='word_1_429' title='bbox 3664 2058 3793 2127; x_wconf 78' lang='lat' dir='ltr'><strong>Quis</strong></span> 
     </span>
    </p>
   </div>
   <div class='ocr_carea' id='block_1_65' title="bbox 2205 2154 3796 2227">
    <p class='ocr_par' dir='ltr' id='par_1_65' title="bbox 2205 2154 3796 2227">
     <span class='ocr_line' id='line_1_65' title="bbox 2205 2154 3796 2227; baseline -0.007 -10"><span class='ocrx_word' id='word_1_430' title='bbox 2205 2174 2334 2217; x_wconf 85' lang='lat' dir='ltr'><strong>vero</strong></span> <span class='ocrx_word' id='word_1_431' title='bbox 2362 2166 2468 2212; x_wconf 86' lang='lat' dir='ltr'><strong>tam</strong></span> <span class='ocrx_word' id='word_1_432' title='bbox 2504 2156 2740 2213; x_wconf 85' lang='lat' dir='ltr'><strong>ferreum</strong></span> <span class='ocrx_word' id='word_1_433' title='bbox 2793 2156 3157 2227; x_wconf 87' lang='lat' dir='ltr'><strong>stolidumque</strong></span> <span class='ocrx_word' id='word_1_434' title='bbox 3206 2154 3293 2210; x_wconf 88' lang='lat' dir='ltr'><strong>vel</strong></span> <span class='ocrx_word' id='word_1_435' title='bbox 3333 2168 3563 2210; x_wconf 78' lang='lat' dir='ltr'><strong>saxeum</strong></span> <span class='ocrx_word' id='word_1_436' title='bbox 3611 2162 3796 2221; x_wconf 80' lang='lat' dir='ltr'><strong>peetus</strong></span> 
     </span>
    </p>
   </div>
   <div class='ocr_carea' id='block_1_66' title="bbox 2206 2241 3796 2318">
    <p class='ocr_par' dir='ltr' id='par_1_66' title="bbox 2206 2241 3796 2318">
     <span class='ocr_line' id='line_1_66' title="bbox 2206 2241 3796 2318; baseline -0.003 -16"><span class='ocrx_word' id='word_1_437' title='bbox 2206 2247 2452 2315; x_wconf 87' lang='lat' dir='ltr'><strong>haberet,</strong></span> <span class='ocrx_word' id='word_1_438' title='bbox 2484 2249 2576 2318; x_wconf 91' lang='lat' dir='ltr'><strong>qui</strong></span> <span class='ocrx_word' id='word_1_439' title='bbox 2621 2263 2727 2305; x_wconf 85' lang='lat' dir='ltr'><strong>non</strong></span> <span class='ocrx_word' id='word_1_440' title='bbox 2770 2247 2824 2302; x_wconf 90' lang='lat' dir='ltr'><strong>in</strong></span> <span class='ocrx_word' id='word_1_441' title='bbox 2868 2246 2998 2303; x_wconf 82' lang='lat' dir='ltr'><strong>fletu</strong></span> <span class='ocrx_word' id='word_1_442' title='bbox 3028 2254 3441 2318; x_wconf 85' lang='lat' dir='ltr'><strong>prorumperet;</strong></span> <span class='ocrx_word' id='word_1_443' title='bbox 3492 2259 3621 2299; x_wconf 88' lang='lat' dir='ltr'><strong>cum</strong></span> <span class='ocrx_word' id='word_1_444' title='bbox 3664 2241 3796 2298; x_wconf 77' lang='lat' dir='ltr'><strong>fere-</strong></span> 
     </span>
    </p>
   </div>
   <div class='ocr_carea' id='block_1_67' title="bbox 2209 2339 3798 2415">
    <p class='ocr_par' dir='ltr' id='par_1_67' title="bbox 2209 2339 3798 2415">
     <span class='ocr_line' id='line_1_67' title="bbox 2209 2339 3798 2415; baseline -0.001 -18"><span class='ocrx_word' id='word_1_445' title='bbox 2209 2354 2349 2399; x_wconf 90' lang='lat' dir='ltr'><strong>trum</strong></span> <span class='ocrx_word' id='word_1_446' title='bbox 2374 2360 2405 2399; x_wconf 70' lang='grc' dir='ltr'><strong>ει</strong></span> <span class='ocrx_word' id='word_1_447' title='bbox 2435 2344 2632 2415; x_wconf 88' lang='lat' dir='ltr'><strong>popqu</strong></span> <span class='ocrx_word' id='word_1_448' title='bbox 2663 2344 2947 2399; x_wconf 84' lang='lat' dir='ltr'><strong>tenebatur</strong></span> <span class='ocrx_word' id='word_1_449' title='bbox 2982 2341 3214 2414; x_wconf 86' lang='lat' dir='ltr'><strong>impulsu</strong></span> <span class='ocrx_word' id='word_1_450' title='bbox 3244 2341 3473 2406; x_wconf 84' lang='lat' dir='ltr'><strong>doloris,</strong></span> <span class='ocrx_word' id='word_1_451' title='bbox 3506 2339 3798 2397; x_wconf 80' lang='lat' dir='ltr'><strong>arcebatur</strong></span> 
     </span>
    </p>
   </div>
   <div class='ocr_carea' id='block_1_68' title="bbox 2208 2434 3794 2502">
    <p class='ocr_par' dir='ltr' id='par_1_68' title="bbox 2208 2434 3794 2502">
     <span class='ocr_line' id='line_1_68' title="bbox 2208 2434 3794 2502; baseline -0.003 -10"><span class='ocrx_word' id='word_1_452' title='bbox 2208 2436 2478 2492; x_wconf 82' lang='lat' dir='ltr'><strong>desiderio</strong></span> <span class='ocrx_word' id='word_1_453' title='bbox 2519 2436 2765 2502; x_wconf 84' lang='lat' dir='ltr'><strong>ardoris,</strong></span> <span class='ocrx_word' id='word_1_454' title='bbox 2823 2435 3205 2493; x_wconf 83' lang='lat' dir='ltr'><strong>retrahebatur</strong></span> <span class='ocrx_word' id='word_1_455' title='bbox 3244 2445 3552 2491; x_wconf 82' lang='lat' dir='ltr'><strong>retrorsum</strong></span> <span class='ocrx_word' id='word_1_456' title='bbox 3600 2434 3794 2489; x_wconf 83' lang='lat' dir='ltr'><strong>affectu</strong></span> 
     </span>
    </p>
   </div>
   <div class='ocr_carea' id='block_1_69' title="bbox 2210 2528 3796 2599">
    <p class='ocr_par' dir='ltr' id='par_1_69' title="bbox 2210 2528 3796 2599">
     <span class='ocr_line' id='line_1_69' title="bbox 2210 2528 3796 2599; baseline -0.001 -16"><span class='ocrx_word' id='word_1_457' title='bbox 2210 2529 2452 2584; x_wconf 72' lang='lat' dir='ltr'><strong>alueris?</strong></span> <span class='ocrx_word' id='word_1_458' title='bbox 2489 2529 2728 2585; x_wconf 78' lang='lat' dir='ltr'><strong>Comites</strong></span> <span class='ocrx_word' id='word_1_459' title='bbox 2765 2528 2942 2585; x_wconf 85' lang='lat' dir='ltr'><strong>flendo</strong></span> <span class='ocrx_word' id='word_1_460' title='bbox 2983 2529 3235 2585; x_wconf 87' lang='lat' dir='ltr'><strong>manibus</strong></span> <span class='ocrx_word' id='word_1_461' title='bbox 3266 2528 3626 2599; x_wconf 84' lang='lat' dir='ltr'><strong>plaudebant,</strong></span> <span class='ocrx_word' id='word_1_462' title='bbox 3658 2540 3796 2597; x_wconf 57' lang='grc' dir='ltr'><strong>ιιι-ξφ</strong></span> 
     </span>
    </p>
   </div>
   <div class='ocr_carea' id='block_1_70' title="bbox 2211 2616 3796 2690">
    <p class='ocr_par' dir='ltr' id='par_1_70' title="bbox 2211 2616 3796 2690">
     <span class='ocr_line' id='line_1_70' title="bbox 2211 2616 3796 2690; baseline -0.003 -15"><span class='ocrx_word' id='word_1_463' title='bbox 2211 2619 2355 2675; x_wconf 87' lang='lat' dir='ltr'><strong>sides</strong></span> <span class='ocrx_word' id='word_1_464' title='bbox 2382 2619 2708 2675; x_wconf 75' lang='lat' dir='ltr'><strong>mmstiferos</strong></span> <span class='ocrx_word' id='word_1_465' title='bbox 2729 2617 2979 2687; x_wconf 83' lang='lat' dir='ltr'><strong>cjulamlo</strong></span> <span class='ocrx_word' id='word_1_466' title='bbox 3007 2619 3240 2690; x_wconf 88' lang='lat' dir='ltr'><strong>psalmos</strong></span> <span class='ocrx_word' id='word_1_467' title='bbox 3263 2619 3651 2676; x_wconf 80' lang='lat' dir='ltr'><strong>concinabant.</strong></span> <span class='ocrx_word' id='word_1_468' title='bbox 3678 2616 3796 2673; x_wconf 77' lang='lat' dir='ltr'><strong>Vir-</strong></span> 
     </span>
    </p>
   </div>
   <div class='ocr_carea' id='block_1_71' title="bbox 2211 2709 3804 2786">
    <p class='ocr_par' dir='ltr' id='par_1_71' title="bbox 2211 2709 3804 2786">
     <span class='ocr_line' id='line_1_71' title="bbox 2211 2709 3804 2786; baseline -0.003 -17"><span class='ocrx_word' id='word_1_469' title='bbox 2211 2712 2385 2786; x_wconf 69' lang='lat' dir='ltr'><strong>gines,</strong></span> <span class='ocrx_word' id='word_1_470' title='bbox 2416 2710 2716 2783; x_wconf 64' lang='lat' dir='ltr'><strong>viduaeque,</strong></span> <span class='ocrx_word' id='word_1_471' title='bbox 2745 2720 2800 2768; x_wconf 88' lang='lat' dir='ltr'><strong>et</strong></span> <span class='ocrx_word' id='word_1_472' title='bbox 2828 2726 3046 2777; x_wconf 73' lang='lat' dir='ltr'><strong>uxores,</strong></span> <span class='ocrx_word' id='word_1_473' title='bbox 3074 2710 3339 2783; x_wconf 86' lang='lat' dir='ltr'><strong>plorando</strong></span> <span class='ocrx_word' id='word_1_474' title='bbox 3365 2711 3549 2767; x_wconf 81' lang='lat' dir='ltr'><strong>crines</strong></span> <span class='ocrx_word' id='word_1_475' title='bbox 3570 2709 3804 2765; x_wconf 81' lang='lat' dir='ltr'><strong>disrum-</strong></span> 
     </span>
    </p>
   </div>
   <div class='ocr_carea' id='block_1_72' title="bbox 2212 2805 3803 2883">
    <p class='ocr_par' dir='ltr' id='par_1_72' title="bbox 2212 2805 3803 2883">
     <span class='ocr_line' id='line_1_72' title="bbox 2212 2805 3803 2883; baseline -0.001 -22"><span class='ocrx_word' id='word_1_476' title='bbox 2212 2807 2432 2877; x_wconf 76' lang='lat' dir='ltr'><strong>peb-mt.</strong></span> <span class='ocrx_word' id='word_1_477' title='bbox 2454 2805 2762 2878; x_wconf 77' lang='lat' dir='ltr'><strong>Domigenae</strong></span> <span class='ocrx_word' id='word_1_478' title='bbox 2792 2805 3078 2883; x_wconf 84' lang='lat' dir='ltr'><strong>utriusque</strong></span> <span class='ocrx_word' id='word_1_479' title='bbox 3102 2820 3266 2862; x_wconf 79' lang='lat' dir='ltr'><strong>sexus</strong></span> <span class='ocrx_word' id='word_1_480' title='bbox 3304 2805 3591 2862; x_wconf 75' lang='lat' dir='ltr'><strong>maerendo</strong></span> <span class='ocrx_word' id='word_1_481' title='bbox 3618 2817 3803 2877; x_wconf 78' lang='lat' dir='ltr'><strong>pectus</strong></span> 
     </span>
    </p>
   </div>
   <div class='ocr_carea' id='block_1_73' title="bbox 2214 2895 3805 2969">
    <p class='ocr_par' dir='ltr' id='par_1_73' title="bbox 2214 2895 3805 2969">
     <span class='ocr_line' id='line_1_73' title="bbox 2214 2895 3805 2969; baseline -0.001 -17"><span class='ocrx_word' id='word_1_482' title='bbox 2214 2899 2408 2969; x_wconf 80' lang='lat' dir='ltr'><strong>pugnis</strong></span> <span class='ocrx_word' id='word_1_483' title='bbox 2438 2896 2757 2955; x_wconf 87' lang='lat' dir='ltr'><strong>tundebant.</strong></span> <span class='ocrx_word' id='word_1_484' title='bbox 2786 2897 2986 2954; x_wconf 75' lang='lat' dir='ltr'><strong>Milites</strong></span> <span class='ocrx_word' id='word_1_485' title='bbox 3011 2896 3238 2952; x_wconf 91' lang='lat' dir='ltr'><strong>militum</strong></span> <span class='ocrx_word' id='word_1_486' title='bbox 3262 2895 3573 2967; x_wconf 73' lang='lat' dir='ltr'><strong>plangentia</strong></span> <span class='ocrx_word' id='word_1_487' title='bbox 3597 2898 3805 2964; x_wconf 73' lang='lat' dir='ltr'><strong>seipsos</strong></span> 
     </span>
    </p>
   </div>
   <div class='ocr_carea' id='block_1_74' title="bbox 2214 2984 3806 3058">
    <p class='ocr_par' dir='ltr' id='par_1_74' title="bbox 2214 2984 3806 3058">
     <span class='ocr_line' id='line_1_74' title="bbox 2214 2984 3806 3058; baseline -0.003 -14"><span class='ocrx_word' id='word_1_488' title='bbox 2214 2990 2567 3046; x_wconf 87' lang='lat' dir='ltr'><strong>dilaniabant.</strong></span> <span class='ocrx_word' id='word_1_489' title='bbox 2599 2988 2789 3046; x_wconf 87' lang='lat' dir='ltr'><strong>Clerns</strong></span> <span class='ocrx_word' id='word_1_490' title='bbox 2818 2989 3052 3044; x_wconf 89' lang='lat' dir='ltr'><strong>lamenta</strong></span> <span class='ocrx_word' id='word_1_491' title='bbox 3080 2988 3232 3044; x_wconf 89' lang='lat' dir='ltr'><strong>nimii</strong></span> <span class='ocrx_word' id='word_1_492' title='bbox 3254 2987 3554 3044; x_wconf 78' lang='lat' dir='ltr'><strong>lietuscnm</strong></span> <span class='ocrx_word' id='word_1_493' title='bbox 3581 2984 3806 3058; x_wconf 81' lang='lat' dir='ltr'><strong>psalmis</strong></span> 
     </span>
    </p>
   </div>
   <div class='ocr_carea' id='block_1_75' title="bbox 2214 3074 3809 3152">
    <p class='ocr_par' dir='ltr' id='par_1_75' title="bbox 2214 3074 3809 3152">
     <span class='ocr_line' id='line_1_75' title="bbox 2214 3074 3809 3152; baseline -0.003 -17"><span class='ocrx_word' id='word_1_494' title='bbox 2214 3080 2533 3137; x_wconf 79' lang='lat' dir='ltr'><strong>fundebant.</strong></span> <span class='ocrx_word' id='word_1_495' title='bbox 2564 3080 2743 3136; x_wconf 83' lang='lat' dir='ltr'><strong>Turba</strong></span> <span class='ocrx_word' id='word_1_496' title='bbox 2769 3080 3083 3152; x_wconf 83' lang='lat' dir='ltr'><strong>pagensinm</strong></span> <span class='ocrx_word' id='word_1_497' title='bbox 3104 3086 3159 3134; x_wconf 90' lang='lat' dir='ltr'><strong>et</strong></span> <span class='ocrx_word' id='word_1_498' title='bbox 3192 3078 3519 3133; x_wconf 87' lang='lat' dir='ltr'><strong>rusticorum</strong></span> <span class='ocrx_word' id='word_1_499' title='bbox 3552 3074 3809 3131; x_wconf 79' lang='lat' dir='ltr'><strong>dentibus</strong></span> 
     </span>
    </p>
   </div>
   <div class='ocr_carea' id='block_1_76' title="bbox 2220 3165 3809 3241">
    <p class='ocr_par' dir='ltr' id='par_1_76' title="bbox 2220 3165 3809 3241">
     <span class='ocr_line' id='line_1_76' title="bbox 2220 3165 3809 3241; baseline -0.004 -13"><span class='ocrx_word' id='word_1_500' title='bbox 2220 3183 2421 3230; x_wconf 83' lang='lat' dir='ltr'><strong>terram</strong></span> <span class='ocrx_word' id='word_1_501' title='bbox 2477 3171 2783 3230; x_wconf 79' lang='lat' dir='ltr'><strong>mordebat.</strong></span> <span class='ocrx_word' id='word_1_502' title='bbox 2830 3171 3035 3228; x_wconf 88' lang='lat' dir='ltr'><strong>Coneio</strong></span> <span class='ocrx_word' id='word_1_503' title='bbox 3081 3185 3378 3241; x_wconf 88' lang='lat' dir='ltr'><strong>pauperum</strong></span> <span class='ocrx_word' id='word_1_504' title='bbox 3440 3168 3578 3224; x_wconf 88' lang='lat' dir='ltr'><strong>tanti</strong></span> <span class='ocrx_word' id='word_1_505' title='bbox 3628 3165 3809 3224; x_wconf 79' lang='lat' dir='ltr'><strong>solatii</strong></span> 
     </span>
    </p>
   </div>
   <div class='ocr_carea' id='block_1_77' title="bbox 2216 3258 3813 3336">
    <p class='ocr_par' dir='ltr' id='par_1_77' title="bbox 2216 3258 3813 3336">
     <span class='ocr_line' id='line_1_77' title="bbox 2216 3258 3813 3336; baseline -0.005 -16"><span class='ocrx_word' id='word_1_506' title='bbox 2216 3264 2729 3336; x_wconf 61' lang='lat' dir='ltr'><strong>adjutorioyiduata</strong></span> <span class='ocrx_word' id='word_1_507' title='bbox 2755 3275 2898 3332; x_wconf 66' lang='lat' dir='ltr'><strong>mgre</strong></span> <span class='ocrx_word' id='word_1_508' title='bbox 2921 3260 3234 3317; x_wconf 84' lang='lat' dir='ltr'><strong>ulnlabant:</strong></span> <span class='ocrx_word' id='word_1_509' title='bbox 3268 3258 3612 3330; x_wconf 81' lang='lat' dir='ltr'><strong>populusque</strong></span> <span class='ocrx_word' id='word_1_510' title='bbox 3643 3272 3813 3328; x_wconf 83' lang='lat' dir='ltr'><strong>popu-</strong></span> 
     </span>
    </p>
   </div>
   <div class='ocr_carea' id='block_1_78' title="bbox 2218 3348 3811 3425">
    <p class='ocr_par' dir='ltr' id='par_1_78' title="bbox 2218 3348 3811 3425">
     <span class='ocr_line' id='line_1_78' title="bbox 2218 3348 3811 3425; baseline -0.004 -14"><span class='ocrx_word' id='word_1_511' title='bbox 2218 3357 2327 3411; x_wconf 85' lang='lat' dir='ltr'><strong>lum</strong></span> <span class='ocrx_word' id='word_1_512' title='bbox 2358 3357 2474 3411; x_wconf 83' lang='lat' dir='ltr'><strong>dire</strong></span> <span class='ocrx_word' id='word_1_513' title='bbox 2505 3354 2818 3425; x_wconf 88' lang='lat' dir='ltr'><strong>opprimens</strong></span> <span class='ocrx_word' id='word_1_514' title='bbox 2843 3352 3090 3409; x_wconf 87' lang='lat' dir='ltr'><strong>diversos</strong></span> <span class='ocrx_word' id='word_1_515' title='bbox 3122 3349 3327 3410; x_wconf 82' lang='lat' dir='ltr'><strong>doloris</strong></span> <span class='ocrx_word' id='word_1_516' title='bbox 3353 3351 3544 3406; x_wconf 75' lang='lat' dir='ltr'><strong>modo:</strong></span> <span class='ocrx_word' id='word_1_517' title='bbox 3591 3348 3811 3404; x_wconf 64' lang='lat' dir='ltr'><strong>emittee</strong></span> 
     </span>
    </p>
   </div>
   <div class='ocr_carea' id='block_1_79' title="bbox 2217 3437 3814 3508">
    <p class='ocr_par' dir='ltr' id='par_1_79' title="bbox 2217 3437 3814 3508">
     <span class='ocr_line' id='line_1_79' title="bbox 2217 3437 3814 3508; baseline -0.008 -3"><span class='ocrx_word' id='word_1_518' title='bbox 2217 3449 2330 3505; x_wconf 90' lang='lat' dir='ltr'><strong>bat.</strong></span> <span class='ocrx_word' id='word_1_519' title='bbox 2361 3446 2619 3506; x_wconf 88' lang='lat' dir='ltr'><strong>Diversus</strong></span> <span class='ocrx_word' id='word_1_520' title='bbox 2647 3454 2703 3502; x_wconf 86' lang='lat' dir='ltr'><strong>et</strong></span> <span class='ocrx_word' id='word_1_521' title='bbox 2746 3444 2931 3499; x_wconf 87' lang='lat' dir='ltr'><strong>varius</strong></span> <span class='ocrx_word' id='word_1_522' title='bbox 2972 3451 3242 3497; x_wconf 89' lang='lat' dir='ltr'><strong>tantorum</strong></span> <span class='ocrx_word' id='word_1_523' title='bbox 3273 3437 3625 3505; x_wconf 83' lang='lat' dir='ltr'><strong>vociferatus,</strong></span> <span class='ocrx_word' id='word_1_524' title='bbox 3678 3453 3814 3508; x_wconf 73' lang='lat' dir='ltr'><strong>quos</strong></span> 
     </span>
    </p>
   </div>
   <div class='ocr_carea' id='block_1_80' title="bbox 2218 3531 3814 3606">
    <p class='ocr_par' dir='ltr' id='par_1_80' title="bbox 2218 3531 3814 3606">
     <span class='ocr_line' id='line_1_80' title="bbox 2218 3531 3814 3606; baseline -0.007 -10"><span class='ocrx_word' id='word_1_525' title='bbox 2218 3540 2413 3597; x_wconf 69' lang='lat' dir='ltr'><strong>cretum</strong></span> <span class='ocrx_word' id='word_1_526' title='bbox 2448 3538 2666 3604; x_wconf 84' lang='lat' dir='ltr'><strong>urebat,</strong></span> <span class='ocrx_word' id='word_1_527' title='bbox 2692 3537 2781 3598; x_wconf 73' lang='lat' dir='ltr'><strong>vix</strong></span> <span class='ocrx_word' id='word_1_528' title='bbox 2815 3536 3032 3595; x_wconf 68' lang='lat' dir='ltr'><strong>twidem</strong></span> <span class='ocrx_word' id='word_1_529' title='bbox 3050 3532 3256 3606; x_wconf 82' lang='lat' dir='ltr'><strong>populo</strong></span> <span class='ocrx_word' id='word_1_530' title='bbox 3301 3535 3371 3589; x_wconf 90' lang='lat' dir='ltr'><strong>ab</strong></span> <span class='ocrx_word' id='word_1_531' title='bbox 3403 3533 3683 3603; x_wconf 83' lang='lat' dir='ltr'><strong>cpisc0pis</strong></span> <span class='ocrx_word' id='word_1_532' title='bbox 3703 3531 3814 3586; x_wconf 54' lang='lat' dir='ltr'><strong>dis.</strong></span> 
     </span>
    </p>
   </div>
   <div class='ocr_carea' id='block_1_81' title="bbox 2219 3622 3814 3704">
    <p class='ocr_par' dir='ltr' id='par_1_81' title="bbox 2219 3622 3814 3704">
     <span class='ocr_line' id='line_1_81' title="bbox 2219 3622 3814 3704; baseline -0.007 -15"><span class='ocrx_word' id='word_1_533' title='bbox 2219 3642 2400 3704; x_wconf 84' lang='lat' dir='ltr'><strong>rupto.</strong></span> <span class='ocrx_word' id='word_1_534' title='bbox 2425 3633 2618 3697; x_wconf 89' lang='lat' dir='ltr'><strong>scisso,</strong></span> <span class='ocrx_word' id='word_1_535' title='bbox 2661 3640 2716 3687; x_wconf 87' lang='lat' dir='ltr'><strong>et</strong></span> <span class='ocrx_word' id='word_1_536' title='bbox 2754 3635 3047 3701; x_wconf 75' lang='lat' dir='ltr'><strong>prmrepto,</strong></span> <span class='ocrx_word' id='word_1_537' title='bbox 3085 3627 3397 3697; x_wconf 85' lang='lat' dir='ltr'><strong>teretroque</strong></span> <span class='ocrx_word' id='word_1_538' title='bbox 3425 3639 3595 3695; x_wconf 80' lang='lat' dir='ltr'><strong>super</strong></span> <span class='ocrx_word' id='word_1_539' title='bbox 3632 3622 3814 3695; x_wconf 78' lang='lat' dir='ltr'><strong>sepul-</strong></span> 
     </span>
    </p>
   </div>
   <div class='ocr_carea' id='block_1_82' title="bbox 2219 3716 3813 3791">
    <p class='ocr_par' dir='ltr' id='par_1_82' title="bbox 2219 3716 3813 3791">
     <span class='ocr_line' id='line_1_82' title="bbox 2219 3716 3813 3791; baseline -0.008 -10"><span class='ocrx_word' id='word_1_540' title='bbox 2219 3723 2411 3781; x_wconf 89' lang='lat' dir='ltr'><strong>chrum</strong></span> <span class='ocrx_word' id='word_1_541' title='bbox 2438 3737 2560 3779; x_wconf 86' lang='lat' dir='ltr'><strong>eum</strong></span> <span class='ocrx_word' id='word_1_542' title='bbox 2588 3735 2816 3791; x_wconf 86' lang='lat' dir='ltr'><strong>corpore</strong></span> <span class='ocrx_word' id='word_1_543' title='bbox 2840 3719 3041 3791; x_wconf 86' lang='lat' dir='ltr'><strong>posito,</strong></span> <span class='ocrx_word' id='word_1_544' title='bbox 3063 3717 3232 3775; x_wconf 88' lang='lat' dir='ltr'><strong>odore</strong></span> <span class='ocrx_word' id='word_1_545' title='bbox 3253 3716 3462 3773; x_wconf 84' lang='lat' dir='ltr'><strong>incensi</strong></span> <span class='ocrx_word' id='word_1_546' title='bbox 3499 3729 3627 3771; x_wconf 83' lang='lat' dir='ltr'><strong>cum</strong></span> <span class='ocrx_word' id='word_1_547' title='bbox 3669 3728 3813 3784; x_wconf 79' lang='lat' dir='ltr'><strong>aqua</strong></span> 
     </span>
    </p>
   </div>
   <div class='ocr_carea' id='block_1_83' title="bbox 2219 3809 3813 3884">
    <p class='ocr_par' dir='ltr' id='par_1_83' title="bbox 2219 3809 3813 3884">
     <span class='ocr_line' id='line_1_83' title="bbox 2219 3809 3813 3884; baseline -0.006 -11"><span class='ocrx_word' id='word_1_548' title='bbox 2219 3817 2502 3874; x_wconf 87' lang='lat' dir='ltr'><strong>benedicta</strong></span> <span class='ocrx_word' id='word_1_549' title='bbox 2532 3815 2840 3884; x_wconf 88' lang='lat' dir='ltr'><strong>superfuso,</strong></span> <span class='ocrx_word' id='word_1_550' title='bbox 2878 3814 3063 3871; x_wconf 90' lang='lat' dir='ltr'><strong>nimiis</strong></span> <span class='ocrx_word' id='word_1_551' title='bbox 3099 3812 3393 3884; x_wconf 81' lang='lat' dir='ltr'><strong>gemitibus</strong></span> <span class='ocrx_word' id='word_1_552' title='bbox 3431 3809 3571 3867; x_wconf 79' lang='lat' dir='ltr'><strong>fusis</strong></span> <span class='ocrx_word' id='word_1_553' title='bbox 3606 3809 3813 3865; x_wconf 64' lang='lat' dir='ltr'><strong>mentio</strong></span> 
     </span>
    </p>
   </div>
   <div class='ocr_carea' id='block_1_84' title="bbox 2220 3905 3813 3981">
    <p class='ocr_par' dir='ltr' id='par_1_84' title="bbox 2220 3905 3813 3981">
     <span class='ocr_line' id='line_1_84' title="bbox 2220 3905 3813 3981; baseline -0.006 -18"><span class='ocrx_word' id='word_1_554' title='bbox 2220 3918 2421 3981; x_wconf 76' lang='lat' dir='ltr'><strong>perunt</strong></span> <span class='ocrx_word' id='word_1_555' title='bbox 2443 3907 2569 3964; x_wconf 85' lang='lat' dir='ltr'><strong>illud</strong></span> <span class='ocrx_word' id='word_1_556' title='bbox 2600 3906 2959 3977; x_wconf 78' lang='lat' dir='ltr'><strong>sarcophago,</strong></span> <span class='ocrx_word' id='word_1_557' title='bbox 2991 3905 3422 3974; x_wconf 84' lang='lat' dir='ltr'><strong>festinanterque</strong></span> <span class='ocrx_word' id='word_1_558' title='bbox 3474 3908 3813 3973; x_wconf 82' lang='lat' dir='ltr'><strong>operuerunt</strong></span> 
     </span>
    </p>
   </div>
   <div class='ocr_carea' id='block_1_85' title="bbox 2223 3994 3814 4069">
    <p class='ocr_par' dir='ltr' id='par_1_85' title="bbox 2223 3994 3814 4069">
     <span class='ocr_line' id='line_1_85' title="bbox 2223 3994 3814 4069; baseline -0.004 -13"><span class='ocrx_word' id='word_1_559' title='bbox 2223 4009 2665 4067; x_wconf 79' lang='lat' dir='ltr'><strong>saxo,servantes</strong></span> <span class='ocrx_word' id='word_1_560' title='bbox 2692 4000 3045 4057; x_wconf 82' lang='lat' dir='ltr'><strong>illudhonore</strong></span> <span class='ocrx_word' id='word_1_561' title='bbox 3072 3997 3173 4055; x_wconf 87' lang='lat' dir='ltr'><strong>sub</strong></span> <span class='ocrx_word' id='word_1_562' title='bbox 3202 4012 3420 4069; x_wconf 77' lang='lat' dir='ltr'><strong>magno.</strong></span> <span class='ocrx_word' id='word_1_563' title='bbox 3451 3995 3709 4052; x_wconf 82' lang='lat' dir='ltr'><strong>insecuta</strong></span> <span class='ocrx_word' id='word_1_564' title='bbox 3730 3994 3814 4050; x_wconf 76' lang='lat' dir='ltr'><strong>die</strong></span> 
     </span>
    </p>
   </div>
   <div class='ocr_carea' id='block_1_86' title="bbox 2223 4086 3810 4161">
    <p class='ocr_par' dir='ltr' id='par_1_86' title="bbox 2223 4086 3810 4161">
     <span class='ocr_line' id='line_1_86' title="bbox 2223 4086 3810 4161; baseline -0.004 -11"><span class='ocrx_word' id='word_1_565' title='bbox 2223 4097 2447 4153; x_wconf 85' lang='lat' dir='ltr'><strong>veniens</strong></span> <span class='ocrx_word' id='word_1_566' title='bbox 2467 4110 2652 4153; x_wconf 89' lang='lat' dir='ltr'><strong>comes</strong></span> <span class='ocrx_word' id='word_1_567' title='bbox 2677 4091 2944 4150; x_wconf 84' lang='lat' dir='ltr'><strong>Rodulfus</strong></span> <span class='ocrx_word' id='word_1_568' title='bbox 2966 4108 3092 4148; x_wconf 90' lang='lat' dir='ltr'><strong>cum</strong></span> <span class='ocrx_word' id='word_1_569' title='bbox 3125 4090 3398 4161; x_wconf 84' lang='lat' dir='ltr'><strong>episcopis</strong></span> <span class='ocrx_word' id='word_1_570' title='bbox 3418 4089 3487 4145; x_wconf 89' lang='lat' dir='ltr'><strong>ad</strong></span> <span class='ocrx_word' id='word_1_571' title='bbox 3516 4086 3810 4152; x_wconf 83' lang='lat' dir='ltr'><strong>tumulum.</strong></span> 
     </span>
    </p>
   </div>
   <div class='ocr_carea' id='block_1_87' title="bbox 2223 4176 3829 4256">
    <p class='ocr_par' dir='ltr' id='par_1_87' title="bbox 2223 4176 3829 4256">
     <span class='ocr_line' id='line_1_87' title="bbox 2223 4176 3829 4256; baseline -0.007 -12"><span class='ocrx_word' id='word_1_572' title='bbox 2223 4188 2492 4244; x_wconf 82' lang='lat' dir='ltr'><strong>revellens</strong></span> <span class='ocrx_word' id='word_1_573' title='bbox 2534 4185 2803 4256; x_wconf 74' lang='lat' dir='ltr'><strong>sarcofagi</strong></span> <span class='ocrx_word' id='word_1_574' title='bbox 2847 4182 3278 4253; x_wconf 84' lang='lat' dir='ltr'><strong>coopertorium,</strong></span> <span class='ocrx_word' id='word_1_575' title='bbox 3323 4180 3526 4243; x_wconf 74' lang='lat' dir='ltr'><strong>exinde</strong></span> <span class='ocrx_word' id='word_1_576' title='bbox 3574 4176 3829 4235; x_wconf 78' lang='lat' dir='ltr'><strong>manavit</strong></span> 
     </span>
    </p>
   </div>
   <div class='ocr_carea' id='block_1_88' title="bbox 2222 4266 3815 4346">
    <p class='ocr_par' dir='ltr' id='par_1_88' title="bbox 2222 4266 3815 4346">
     <span class='ocr_line' id='line_1_88' title="bbox 2222 4266 3815 4346; baseline -0.006 -14"><span class='ocrx_word' id='word_1_577' title='bbox 2222 4277 2358 4333; x_wconf 83' lang='lat' dir='ltr'><strong>odor</strong></span> <span class='ocrx_word' id='word_1_578' title='bbox 2380 4277 2600 4333; x_wconf 84' lang='lat' dir='ltr'><strong>suavior</strong></span> <span class='ocrx_word' id='word_1_579' title='bbox 2624 4275 2924 4346; x_wconf 73' lang='lat' dir='ltr'><strong>fragrantia</strong></span> <span class='ocrx_word' id='word_1_580' title='bbox 2950 4273 3339 4330; x_wconf 71' lang='lat' dir='ltr'><strong>terebenthina:</strong></span> <span class='ocrx_word' id='word_1_581' title='bbox 3364 4280 3419 4326; x_wconf 88' lang='lat' dir='ltr'><strong>et</strong></span> <span class='ocrx_word' id='word_1_582' title='bbox 3445 4268 3703 4332; x_wconf 81' lang='lat' dir='ltr'><strong>balsami.</strong></span> <span class='ocrx_word' id='word_1_583' title='bbox 3731 4266 3815 4323; x_wconf 82' lang='lat' dir='ltr'><strong>af-</strong></span> 
     </span>
    </p>
   </div>
   <div class='ocr_carea' id='block_1_89' title="bbox 2223 4360 3813 4435">
    <p class='ocr_par' dir='ltr' id='par_1_89' title="bbox 2223 4360 3813 4435">
     <span class='ocr_line' id='line_1_89' title="bbox 2223 4360 3813 4435; baseline -0.005 -13"><span class='ocrx_word' id='word_1_584' title='bbox 2223 4367 2360 4422; x_wconf 85' lang='lat' dir='ltr'><strong>flans</strong></span> <span class='ocrx_word' id='word_1_585' title='bbox 2384 4366 2597 4422; x_wconf 84' lang='lat' dir='ltr'><strong>illorum</strong></span> <span class='ocrx_word' id='word_1_586' title='bbox 2622 4366 2901 4423; x_wconf 82' lang='lat' dir='ltr'><strong>olfactum.</strong></span> <span class='ocrx_word' id='word_1_587' title='bbox 2930 4363 3174 4435; x_wconf 86' lang='lat' dir='ltr'><strong>Denique</strong></span> <span class='ocrx_word' id='word_1_588' title='bbox 3202 4375 3369 4432; x_wconf 85' lang='lat' dir='ltr'><strong>super</strong></span> <span class='ocrx_word' id='word_1_589' title='bbox 3401 4360 3648 4416; x_wconf 75' lang='lat' dir='ltr'><strong>tumbam</strong></span> <span class='ocrx_word' id='word_1_590' title='bbox 3680 4374 3813 4416; x_wconf 79' lang='lat' dir='ltr'><strong>eou-</strong></span> 
     </span>
    </p>
   </div>
   <div class='ocr_carea' id='block_1_90' title="bbox 530 4449 3816 4530">
    <p class='ocr_par' dir='ltr' id='par_1_90' title="bbox 530 4449 3816 4530">
     <span class='ocr_line' id='line_1_90' title="bbox 530 4449 3816 4530; baseline -0.004 -9"><span class='ocrx_word' id='word_1_591' title='bbox 530 4454 1597 4526; x_wconf 53' lang='lat' dir='ltr'><strong>clevalisilaﬁtusquevotisetprecibus</strong></span> <span class='ocrx_word' id='word_1_592' title='bbox 1621 4454 1938 4527; x_wconf 85' lang='lat' dir='ltr'><strong>suppliciter</strong></span> <span class='ocrx_word' id='word_1_593' title='bbox 1961 4455 2116 4523; x_wconf 82' lang='lat' dir='ltr'><strong>fusis,</strong></span> <span class='ocrx_word' id='word_1_594' title='bbox 2149 4466 2198 4530; x_wconf 77' lang='grc' dir='ltr'><strong>υ</strong></span> <span class='ocrx_word' id='word_1_595' title='bbox 2222 4465 2539 4515; x_wconf 78' lang='lat' dir='ltr'><strong>struxerunt</strong></span> <span class='ocrx_word' id='word_1_596' title='bbox 2580 4456 2733 4512; x_wconf 74' lang='lat' dir='ltr'><strong>tnirze</strong></span> <span class='ocrx_word' id='word_1_597' title='bbox 2774 4455 3190 4526; x_wconf 89' lang='lat' dir='ltr'><strong>pulchritudinis</strong></span> <span class='ocrx_word' id='word_1_598' title='bbox 3231 4450 3525 4523; x_wconf 83' lang='lat' dir='ltr'><strong>capellam,</strong></span> <span class='ocrx_word' id='word_1_599' title='bbox 3574 4449 3816 4508; x_wconf 67' lang='lat' dir='ltr'><strong>basilica</strong></span> 
     </span>
    </p>
   </div>
   <div class='ocr_carea' id='block_1_91' title="bbox 535 4546 2116 4618">
    <p class='ocr_par' dir='ltr' id='par_1_91' title="bbox 535 4546 2116 4618">
     <span class='ocr_line' id='line_1_91' title="bbox 535 4546 2116 4618; baseline 0.001 -19"><span class='ocrx_word' id='word_1_600' title='bbox 535 4546 625 4601; x_wconf 74' lang='lat' dir='ltr'><strong>vix</strong></span> <span class='ocrx_word' id='word_1_601' title='bbox 655 4546 711 4601; x_wconf 92' lang='lat' dir='ltr'><strong>in</strong></span> <span class='ocrx_word' id='word_1_602' title='bbox 744 4561 935 4603; x_wconf 88' lang='lat' dir='ltr'><strong>vocem</strong></span> <span class='ocrx_word' id='word_1_603' title='bbox 984 4560 1344 4618; x_wconf 72' lang='lat' dir='ltr'><strong>prorumpens</strong></span> <span class='ocrx_word' id='word_1_604' title='bbox 1390 4548 1467 4602; x_wconf 83' lang='lat' dir='ltr'><strong>ait</strong></span> <span class='ocrx_word' id='word_1_605' title='bbox 1511 4564 1525 4601; x_wconf 90' lang='lat'><strong>:</strong></span> <span class='ocrx_word' id='word_1_606' title='bbox 1569 4567 1587 4599; x_wconf 78' lang='grc' dir='ltr'><strong>ι</strong></span> <span class='ocrx_word' id='word_1_607' title='bbox 1632 4546 1687 4601; x_wconf 92' lang='lat' dir='ltr'><strong>In</strong></span> <span class='ocrx_word' id='word_1_608' title='bbox 1724 4562 1915 4604; x_wconf 89' lang='lat' dir='ltr'><strong>manus</strong></span> <span class='ocrx_word' id='word_1_609' title='bbox 1962 4556 2116 4615; x_wconf 88' lang='lat' dir='ltr'><strong>tuas,</strong></span> 
     </span>
    </p>
   </div>
   <div class='ocr_carea' id='block_1_92' title="bbox 532 4636 2118 4706">
    <p class='ocr_par' dir='ltr' id='par_1_92' title="bbox 532 4636 2118 4706">
     <span class='ocr_line' id='line_1_92' title="bbox 532 4636 2118 4706; baseline 0.003 -15"><span class='ocrx_word' id='word_1_610' title='bbox 532 4636 773 4701; x_wconf 82' lang='lat' dir='ltr'><strong>Christe,</strong></span> <span class='ocrx_word' id='word_1_611' title='bbox 795 4636 1116 4693; x_wconf 71' lang='lat' dir='ltr'><strong>commodo</strong></span> <span class='ocrx_word' id='word_1_612' title='bbox 1137 4636 1390 4706; x_wconf 85' lang='lat' dir='ltr'><strong>spiritum</strong></span> <span class='ocrx_word' id='word_1_613' title='bbox 1419 4651 1619 4694; x_wconf 77' lang='lat' dir='ltr'><strong>meum.</strong></span> <span class='ocrx_word' id='word_1_614' title='bbox 1639 4654 1659 4691; x_wconf 76' lang='grc' dir='ltr'><strong>ι</strong></span> <span class='ocrx_word' id='word_1_615' title='bbox 1680 4636 1827 4695; x_wconf 77' lang='lat' dir='ltr'><strong>lllico</strong></span> <span class='ocrx_word' id='word_1_616' title='bbox 1851 4638 1992 4693; x_wconf 87' lang='lat' dir='ltr'><strong>inter</strong></span> <span class='ocrx_word' id='word_1_617' title='bbox 2017 4639 2118 4698; x_wconf 88' lang='lat' dir='ltr'><strong>bu-</strong></span> 
     </span>
    </p>
   </div>
   <div class='ocr_carea' id='block_1_93' title="bbox 527 4718 2119 4797">
    <p class='ocr_par' dir='ltr' id='par_1_93' title="bbox 527 4718 2119 4797">
     <span class='ocr_line' id='line_1_93' title="bbox 527 4718 2119 4797; baseline 0 -17"><span class='ocrx_word' id='word_1_618' title='bbox 527 4725 831 4797; x_wconf 77' lang='lat' dir='ltr'><strong>jusceauodi</strong></span> <span class='ocrx_word' id='word_1_619' title='bbox 893 4725 1330 4783; x_wconf 77' lang='lat' dir='ltr'><strong>votum&#39;clllavit</strong></span> <span class='ocrx_word' id='word_1_620' title='bbox 1380 4718 1785 4783; x_wconf 79' lang='lat' dir='ltr'><strong>sauctissiinum</strong></span> <span class='ocrx_word' id='word_1_621' title='bbox 1846 4726 2119 4797; x_wconf 88' lang='lat' dir='ltr'><strong>spiritum.</strong></span> 
     </span>
    </p>
   </div>
   <div class='ocr_carea' id='block_1_94' title="bbox 536 4816 2123 4888">
    <p class='ocr_par' dir='ltr' id='par_1_94' title="bbox 536 4816 2123 4888">
     <span class='ocr_line' id='line_1_94' title="bbox 536 4816 2123 4888; baseline -0.001 -16"><span class='ocrx_word' id='word_1_622' title='bbox 536 4817 739 4874; x_wconf 79' lang='lat' dir='ltr'><strong>Sancta</strong></span> <span class='ocrx_word' id='word_1_623' title='bbox 771 4832 1005 4888; x_wconf 81' lang='lat' dir='ltr'><strong>namque</strong></span> <span class='ocrx_word' id='word_1_624' title='bbox 1043 4816 1160 4886; x_wconf 82' lang='lat' dir='ltr'><strong>ejus</strong></span> <span class='ocrx_word' id='word_1_625' title='bbox 1200 4818 1381 4873; x_wconf 88' lang='lat' dir='ltr'><strong>anima</strong></span> <span class='ocrx_word' id='word_1_626' title='bbox 1426 4826 1614 4888; x_wconf 86' lang='lat' dir='ltr'><strong>erepta</strong></span> <span class='ocrx_word' id='word_1_627' title='bbox 1647 4818 1830 4873; x_wconf 86' lang='lat' dir='ltr'><strong>carnis</strong></span> <span class='ocrx_word' id='word_1_628' title='bbox 1881 4818 2123 4886; x_wconf 76' lang='lat' dir='ltr'><strong>sarcina,</strong></span> 
     </span>
    </p>
   </div>
   <div class='ocr_carea' id='block_1_95' title="bbox 537 4910 2120 4983">
    <p class='ocr_par' dir='ltr' id='par_1_95' title="bbox 537 4910 2120 4983">
     <span class='ocr_line' id='line_1_95' title="bbox 537 4910 2120 4983; baseline 0.001 -18"><span class='ocrx_word' id='word_1_629' title='bbox 537 4912 879 4981; x_wconf 80' lang='lat' dir='ltr'><strong>terrenisque</strong></span> <span class='ocrx_word' id='word_1_630' title='bbox 938 4912 1208 4981; x_wconf 86' lang='lat' dir='ltr'><strong>pressuris</strong></span> <span class='ocrx_word' id='word_1_631' title='bbox 1260 4910 1526 4976; x_wconf 85' lang='lat' dir='ltr'><strong>liberata,</strong></span> <span class='ocrx_word' id='word_1_632' title='bbox 1570 4912 1800 4983; x_wconf 79' lang='lat' dir='ltr'><strong>betaque</strong></span> <span class='ocrx_word' id='word_1_633' title='bbox 1850 4913 1917 4969; x_wconf 85' lang='lat' dir='ltr'><strong>ad</strong></span> <span class='ocrx_word' id='word_1_634' title='bbox 1964 4928 2120 4968; x_wconf 88' lang='lat' dir='ltr'><strong>suum</strong></span> 
     </span>
    </p>
   </div>
   <div class='ocr_carea' id='block_1_96' title="bbox 535 5004 2121 5076">
    <p class='ocr_par' dir='ltr' id='par_1_96' title="bbox 535 5004 2121 5076">
     <span class='ocr_line' id='line_1_96' title="bbox 535 5004 2121 5076; baseline 0.001 -16"><span class='ocrx_word' id='word_1_635' title='bbox 535 5005 826 5060; x_wconf 81' lang='lat' dir='ltr'><strong>Auctorem</strong></span> <span class='ocrx_word' id='word_1_636' title='bbox 858 5004 1112 5076; x_wconf 74' lang='lat' dir='ltr'><strong>migrate,</strong></span> <span class='ocrx_word' id='word_1_637' title='bbox 1151 5006 1327 5064; x_wconf 84' lang='lat' dir='ltr'><strong>luctus</strong></span> <span class='ocrx_word' id='word_1_638' title='bbox 1361 5005 1684 5064; x_wconf 84' lang='lat' dir='ltr'><strong>famulorum</strong></span> <span class='ocrx_word' id='word_1_639' title='bbox 1713 5006 1766 5062; x_wconf 92' lang='lat' dir='ltr'><strong>in</strong></span> <span class='ocrx_word' id='word_1_640' title='bbox 1798 5007 1938 5063; x_wconf 76' lang='lat' dir='ltr'><strong>ccelo</strong></span> <span class='ocrx_word' id='word_1_641' title='bbox 1968 5021 2121 5062; x_wconf 84' lang='lat' dir='ltr'><strong>reso-</strong></span> 
     </span>
    </p>
   </div>
   <div class='ocr_carea' id='block_1_97' title="bbox 538 5096 2125 5170">
    <p class='ocr_par' dir='ltr' id='par_1_97' title="bbox 538 5096 2125 5170">
     <span class='ocr_line' id='line_1_97' title="bbox 538 5096 2125 5170; baseline 0.001 -16"><span class='ocrx_word' id='word_1_642' title='bbox 538 5098 721 5154; x_wconf 89' lang='lat' dir='ltr'><strong>nabat.</strong></span> <span class='ocrx_word' id='word_1_643' title='bbox 741 5098 891 5156; x_wconf 85' lang='lat' dir='ltr'><strong>illico</strong></span> <span class='ocrx_word' id='word_1_644' title='bbox 918 5107 1097 5155; x_wconf 88' lang='lat' dir='ltr'><strong>tantus</strong></span> <span class='ocrx_word' id='word_1_645' title='bbox 1135 5096 1296 5168; x_wconf 88' lang='lat' dir='ltr'><strong>hujus</strong></span> <span class='ocrx_word' id='word_1_646' title='bbox 1325 5098 1568 5170; x_wconf 78' lang='lat' dir='ltr'><strong>lugubris</strong></span> <span class='ocrx_word' id='word_1_647' title='bbox 1599 5098 1780 5154; x_wconf 87' lang='lat' dir='ltr'><strong>damni</strong></span> <span class='ocrx_word' id='word_1_648' title='bbox 1817 5114 2001 5155; x_wconf 91' lang='lat' dir='ltr'><strong>rumor</strong></span> <span class='ocrx_word' id='word_1_649' title='bbox 2029 5113 2125 5170; x_wconf 89' lang='lat' dir='ltr'><strong>per</strong></span> 
     </span>
    </p>
   </div>
   <div class='ocr_carea' id='block_1_98' title="bbox 539 5189 2127 5264">
    <p class='ocr_par' dir='ltr' id='par_1_98' title="bbox 539 5189 2127 5264">
     <span class='ocr_line' id='line_1_98' title="bbox 539 5189 2127 5264; baseline 0.003 -21"><span class='ocrx_word' id='word_1_650' title='bbox 539 5192 703 5247; x_wconf 85' lang='lat' dir='ltr'><strong>urbes</strong></span> <span class='ocrx_word' id='word_1_651' title='bbox 750 5189 1193 5247; x_wconf 74' lang='lat' dir='ltr'><strong>Northmannieze</strong></span> <span class='ocrx_word' id='word_1_652' title='bbox 1234 5192 1470 5261; x_wconf 78' lang='lat' dir='ltr'><strong>regionis</strong></span> <span class='ocrx_word' id='word_1_653' title='bbox 1518 5192 1783 5257; x_wconf 81' lang='lat' dir='ltr'><strong>excrevit,</strong></span> <span class='ocrx_word' id='word_1_654' title='bbox 1836 5194 2127 5264; x_wconf 32' lang='lat' dir='ltr'><strong>omnisque,</strong></span> 
     </span>
    </p>
   </div>
   <div class='ocr_carea' id='block_1_99' title="bbox 536 5283 2122 5358">
    <p class='ocr_par' dir='ltr' id='par_1_99' title="bbox 536 5283 2122 5358">
     <span class='ocr_line' id='line_1_99' title="bbox 536 5283 2122 5358; baseline 0.003 -20"><span class='ocrx_word' id='word_1_655' title='bbox 536 5291 671 5338; x_wconf 79' lang='lat' dir='ltr'><strong>:etas</strong></span> <span class='ocrx_word' id='word_1_656' title='bbox 717 5284 1002 5356; x_wconf 85' lang='lat' dir='ltr'><strong>utriusque</strong></span> <span class='ocrx_word' id='word_1_657' title='bbox 1045 5299 1211 5341; x_wconf 76' lang='lat' dir='ltr'><strong>sexus</strong></span> <span class='ocrx_word' id='word_1_658' title='bbox 1257 5283 1325 5339; x_wconf 75' lang='lat' dir='ltr'><strong>aa</strong></span> <span class='ocrx_word' id='word_1_659' title='bbox 1365 5284 1524 5355; x_wconf 85' lang='lat' dir='ltr'><strong>hujus</strong></span> <span class='ocrx_word' id='word_1_660' title='bbox 1567 5285 1776 5342; x_wconf 84' lang='lat' dir='ltr'><strong>funeris</strong></span> <span class='ocrx_word' id='word_1_661' title='bbox 1801 5285 2122 5358; x_wconf 87' lang='lat' dir='ltr'><strong>obsequium</strong></span> 
     </span>
    </p>
   </div>
   <div class='ocr_carea' id='block_1_100' title="bbox 539 5373 2123 5447">
    <p class='ocr_par' dir='ltr' id='par_1_100' title="bbox 539 5373 2123 5447">
     <span class='ocr_line' id='line_1_100' title="bbox 539 5373 2123 5447; baseline 0.001 -16"><span class='ocrx_word' id='word_1_662' title='bbox 539 5373 753 5431; x_wconf 85' lang='lat' dir='ltr'><strong>ululans</strong></span> <span class='ocrx_word' id='word_1_663' title='bbox 781 5384 839 5431; x_wconf 82' lang='lat' dir='ltr'><strong>et</strong></span> <span class='ocrx_word' id='word_1_664' title='bbox 866 5375 1069 5432; x_wconf 78' lang='lat' dir='ltr'><strong>deﬂens</strong></span> <span class='ocrx_word' id='word_1_665' title='bbox 1100 5376 1362 5433; x_wconf 81' lang='lat' dir='ltr'><strong>cucurrit.</strong></span> <span class='ocrx_word' id='word_1_666' title='bbox 1392 5377 1471 5432; x_wconf 74' lang='lat' dir='ltr'><strong>Es</strong></span> <span class='ocrx_word' id='word_1_667' title='bbox 1521 5391 1674 5432; x_wconf 86' lang='lat' dir='ltr'><strong>more</strong></span> <span class='ocrx_word' id='word_1_668' title='bbox 1719 5391 1959 5447; x_wconf 83' lang='lat' dir='ltr'><strong>namque</strong></span> <span class='ocrx_word' id='word_1_669' title='bbox 1997 5391 2123 5432; x_wconf 80' lang='lat' dir='ltr'><strong>cor-</strong></span> 
     </span>
    </p>
   </div>
   <div class='ocr_carea' id='block_1_101' title="bbox 539 5466 2126 5540">
    <p class='ocr_par' dir='ltr' id='par_1_101' title="bbox 539 5466 2126 5540">
     <span class='ocr_line' id='line_1_101' title="bbox 539 5466 2126 5540; baseline 0.004 -21"><span class='ocrx_word' id='word_1_670' title='bbox 539 5480 673 5535; x_wconf 85' lang='lat' dir='ltr'><strong>pore</strong></span> <span class='ocrx_word' id='word_1_671' title='bbox 695 5468 1027 5539; x_wconf 84' lang='lat' dir='ltr'><strong>composito,</strong></span> <span class='ocrx_word' id='word_1_672' title='bbox 1057 5476 1113 5523; x_wconf 89' lang='lat' dir='ltr'><strong>et</strong></span> <span class='ocrx_word' id='word_1_673' title='bbox 1158 5466 1228 5524; x_wconf 83' lang='lat' dir='ltr'><strong>ad</strong></span> <span class='ocrx_word' id='word_1_674' title='bbox 1275 5468 1564 5525; x_wconf 86' lang='lat' dir='ltr'><strong>ecclesiam</strong></span> <span class='ocrx_word' id='word_1_675' title='bbox 1595 5481 1758 5540; x_wconf 87' lang='lat' dir='ltr'><strong>quam</strong></span> <span class='ocrx_word' id='word_1_676' title='bbox 1800 5467 2126 5526; x_wconf 85' lang='lat' dir='ltr'><strong>fundaverat</strong></span> 
     </span>
    </p>
   </div>
   <div class='ocr_carea' id='block_1_102' title="bbox 541 5558 2126 5632">
    <p class='ocr_par' dir='ltr' id='par_1_102' title="bbox 541 5558 2126 5632">
     <span class='ocr_line' id='line_1_102' title="bbox 541 5558 2126 5632; baseline -0.003 -13"><span class='ocrx_word' id='word_1_677' title='bbox 541 5558 751 5628; x_wconf 75' lang='lat' dir='ltr'><strong>delato,</strong></span> <span class='ocrx_word' id='word_1_678' title='bbox 776 5561 956 5615; x_wconf 87' lang='lat' dir='ltr'><strong>omnis</strong></span> <span class='ocrx_word' id='word_1_679' title='bbox 968 5561 1165 5632; x_wconf 75' lang='lat' dir='ltr'><strong>vulgus</strong></span> <span class='ocrx_word' id='word_1_680' title='bbox 1194 5561 1435 5620; x_wconf 86' lang='lat' dir='ltr'><strong>vicissim</strong></span> <span class='ocrx_word' id='word_1_681' title='bbox 1466 5561 1730 5618; x_wconf 79' lang='lat' dir='ltr'><strong>excubias</strong></span> <span class='ocrx_word' id='word_1_682' title='bbox 1750 5561 1982 5632; x_wconf 83' lang='lat' dir='ltr'><strong>peragit,</strong></span> <span class='ocrx_word' id='word_1_683' title='bbox 2013 5560 2126 5616; x_wconf 52' lang='lat' dir='ltr'><strong>cle¢</strong></span> 
     </span>
    </p>
   </div>
   <div class='ocr_carea' id='block_1_103' title="bbox 540 5652 2122 5726">
    <p class='ocr_par' dir='ltr' id='par_1_103' title="bbox 540 5652 2122 5726">
     <span class='ocr_line' id='line_1_103' title="bbox 540 5652 2122 5726; baseline 0.001 -18"><span class='ocrx_word' id='word_1_684' title='bbox 540 5667 638 5717; x_wconf 78' lang='lat' dir='ltr'><strong>rus</strong></span> <span class='ocrx_word' id='word_1_685' title='bbox 659 5653 713 5707; x_wconf 91' lang='lat' dir='ltr'><strong>in</strong></span> <span class='ocrx_word' id='word_1_686' title='bbox 738 5652 1313 5726; x_wconf 42' lang='lat' dir='ltr'><strong>psalmodiiapopulns</strong></span> <span class='ocrx_word' id='word_1_687' title='bbox 1343 5653 1395 5710; x_wconf 90' lang='lat' dir='ltr'><strong>iu</strong></span> <span class='ocrx_word' id='word_1_688' title='bbox 1424 5653 1732 5710; x_wconf 82' lang='lat' dir='ltr'><strong>lamentatis</strong></span> <span class='ocrx_word' id='word_1_689' title='bbox 1756 5663 1968 5709; x_wconf 87' lang='lat' dir='ltr'><strong>noctem</strong></span> <span class='ocrx_word' id='word_1_690' title='bbox 1997 5668 2122 5725; x_wconf 53' lang='lat' dir='ltr'><strong>pera</strong></span> 
     </span>
    </p>
   </div>
   <div class='ocr_carea' id='block_1_104' title="bbox 541 5744 2097 5829">
    <p class='ocr_par' dir='ltr' id='par_1_104' title="bbox 541 5744 2097 5829">
     <span class='ocr_line' id='line_1_104' title="bbox 541 5744 2097 5829; baseline 0.003 -32"><span class='ocrx_word' id='word_1_691' title='bbox 541 5744 758 5829; x_wconf 52' lang='lat' dir='ltr'><strong>vigilem</strong></span> <span class='ocrx_word' id='word_1_692' title='bbox 784 5744 1020 5808; x_wconf 78' lang='lat' dir='ltr'><strong>deducit.</strong></span> <span class='ocrx_word' id='word_1_693' title='bbox 1045 5745 1092 5801; x_wconf 90' lang='lat'><strong>0</strong></span> <span class='ocrx_word' id='word_1_694' title='bbox 1118 5761 1281 5828; x_wconf 79' lang='lat' dir='ltr'><strong>quam</strong></span> <span class='ocrx_word' id='word_1_695' title='bbox 1312 5747 1611 5812; x_wconf 81' lang='lat' dir='ltr'><strong>immensus</strong></span> <span class='ocrx_word' id='word_1_696' title='bbox 1637 5744 1819 5811; x_wconf 82' lang='lat' dir='ltr'><strong>fletus,</strong></span> <span class='ocrx_word' id='word_1_697' title='bbox 1860 5754 2097 5816; x_wconf 84' lang='lat' dir='ltr'><strong>quantus</strong></span> 
     </span>
    </p>
   </div>
   <div class='ocr_carea' id='block_1_105' title="bbox 2222 4541 3815 4622">
    <p class='ocr_par' dir='ltr' id='par_1_105' title="bbox 2222 4541 3815 4622">
     <span class='ocr_line' id='line_1_105' title="bbox 2222 4541 3815 4622; baseline -0.006 -16"><span class='ocrx_word' id='word_1_698' title='bbox 2222 4561 2493 4621; x_wconf 68' lang='lat' dir='ltr'><strong>protenso:</strong></span> <span class='ocrx_word' id='word_1_699' title='bbox 2516 4547 2886 4622; x_wconf 87' lang='lat' dir='ltr'><strong>amplitudinis</strong></span> <span class='ocrx_word' id='word_1_700' title='bbox 2911 4546 3231 4603; x_wconf 72' lang='lat' dir='ltr'><strong>mirabiliter</strong></span> <span class='ocrx_word' id='word_1_701' title='bbox 3267 4544 3547 4600; x_wconf 78' lang='lat' dir='ltr'><strong>innexum.</strong></span> <span class='ocrx_word' id='word_1_702' title='bbox 3594 4541 3815 4612; x_wconf 74' lang='lat' dir='ltr'><strong>[llic-que</strong></span> 
     </span>
    </p>
   </div>
   <div class='ocr_carea' id='block_1_106' title="bbox 2223 4632 3811 4705">
    <p class='ocr_par' dir='ltr' id='par_1_106' title="bbox 2223 4632 3811 4705">
     <span class='ocr_line' id='line_1_106' title="bbox 2223 4632 3811 4705; baseline -0.007 -9"><span class='ocrx_word' id='word_1_703' title='bbox 2223 4640 2442 4705; x_wconf 89' lang='lat' dir='ltr'><strong>colitur,</strong></span> <span class='ocrx_word' id='word_1_704' title='bbox 2472 4639 2705 4694; x_wconf 87' lang='lat' dir='ltr'><strong>vallatus</strong></span> <span class='ocrx_word' id='word_1_705' title='bbox 2733 4636 2999 4695; x_wconf 83' lang='lat' dir='ltr'><strong>columnis</strong></span> <span class='ocrx_word' id='word_1_706' title='bbox 3029 4636 3293 4701; x_wconf 86' lang='lat' dir='ltr'><strong>miriﬁce,</strong></span> <span class='ocrx_word' id='word_1_707' title='bbox 3333 4644 3394 4689; x_wconf 82' lang='lat' dir='ltr'><strong>et</strong></span> <span class='ocrx_word' id='word_1_708' title='bbox 3435 4632 3658 4698; x_wconf 81' lang='lat' dir='ltr'><strong>tumba;</strong></span> <span class='ocrx_word' id='word_1_709' title='bbox 3693 4646 3811 4688; x_wconf 74' lang='lat' dir='ltr'><strong>etim</strong></span> 
     </span>
    </p>
   </div>
   <div class='ocr_carea' id='block_1_107' title="bbox 2223 4725 3814 4799">
    <p class='ocr_par' dir='ltr' id='par_1_107' title="bbox 2223 4725 3814 4799">
     <span class='ocr_line' id='line_1_107' title="bbox 2223 4725 3814 4799; baseline -0.006 -13"><span class='ocrx_word' id='word_1_710' title='bbox 2223 4731 2441 4789; x_wconf 88' lang='lat' dir='ltr'><strong>Christo</strong></span> <span class='ocrx_word' id='word_1_711' title='bbox 2468 4739 2879 4786; x_wconf 84' lang='lat' dir='ltr'><strong>resurrecturus</strong></span> <span class='ocrx_word' id='word_1_712' title='bbox 2908 4729 2960 4786; x_wconf 91' lang='lat' dir='ltr'><strong>in</strong></span> <span class='ocrx_word' id='word_1_713' title='bbox 3011 4727 3203 4799; x_wconf 75' lang='lat' dir='ltr'><strong>gloria.</strong></span> <span class='ocrx_word' id='word_1_714' title='bbox 3235 4725 3531 4797; x_wconf 85' lang='lat' dir='ltr'><strong>Complens</strong></span> <span class='ocrx_word' id='word_1_715' title='bbox 3574 4738 3814 4793; x_wconf 80' lang='lat' dir='ltr'><strong>namque</strong></span> 
     </span>
    </p>
   </div>
   <div class='ocr_carea' id='block_1_108' title="bbox 2224 4805 3813 4893">
    <p class='ocr_par' dir='ltr' id='par_1_108' title="bbox 2224 4805 3813 4893">
     <span class='ocr_line' id='line_1_108' title="bbox 2224 4805 3813 4893; baseline -0.008 -12"><span class='ocrx_word' id='word_1_716' title='bbox 2224 4838 2446 4881; x_wconf 89' lang='lat' dir='ltr'><strong>cursum</strong></span> <span class='ocrx_word' id='word_1_717' title='bbox 2479 4822 2639 4893; x_wconf 83' lang='lat' dir='ltr'><strong>hujus</strong></span> <span class='ocrx_word' id='word_1_718' title='bbox 2688 4805 2900 4893; x_wconf 82' lang='lat' dir='ltr'><strong>fragilis</strong></span> <span class='ocrx_word' id='word_1_719' title='bbox 2929 4820 3073 4876; x_wconf 59' lang='lat' dir='ltr'><strong>vitm</strong></span> <span class='ocrx_word' id='word_1_720' title='bbox 3099 4819 3209 4874; x_wconf 75' lang='lat' dir='ltr'><strong>dux</strong></span> <span class='ocrx_word' id='word_1_721' title='bbox 3255 4832 3485 4888; x_wconf 79' lang='lat' dir='ltr'><strong>magnus</strong></span> <span class='ocrx_word' id='word_1_722' title='bbox 3510 4814 3813 4871; x_wconf 77' lang='lat' dir='ltr'><strong>Ricltardus</strong></span> 
     </span>
    </p>
   </div>
   <div class='ocr_carea' id='block_1_109' title="bbox 2224 4904 3809 4973">
    <p class='ocr_par' dir='ltr' id='par_1_109' title="bbox 2224 4904 3809 4973">
     <span class='ocr_line' id='line_1_109' title="bbox 2224 4904 3809 4973; baseline -0.009 0"><span class='ocrx_word' id='word_1_723' title='bbox 2224 4919 2360 4973; x_wconf 72' lang='lat' dir='ltr'><strong>obiit</strong></span> <span class='ocrx_word' id='word_1_724' title='bbox 2379 4931 2526 4971; x_wconf 86' lang='lat' dir='ltr'><strong>anno</strong></span> <span class='ocrx_word' id='word_1_725' title='bbox 2545 4917 2613 4970; x_wconf 91' lang='lat' dir='ltr'><strong>ab</strong></span> <span class='ocrx_word' id='word_1_726' title='bbox 2630 4912 3011 4970; x_wconf 84' lang='lat' dir='ltr'><strong>incarnatione</strong></span> <span class='ocrx_word' id='word_1_727' title='bbox 3031 4911 3245 4968; x_wconf 88' lang='lat' dir='ltr'><strong>Domini</strong></span> <span class='ocrx_word' id='word_1_728' title='bbox 3268 4910 3436 4967; x_wconf 88' lang='lat' dir='ltr'><strong>nostri</strong></span> <span class='ocrx_word' id='word_1_729' title='bbox 3455 4904 3809 4964; x_wconf 81' lang='lat' dir='ltr'><strong>Jesu-Cbristi</strong></span> 
     </span>
    </p>
   </div>
   <div class='ocr_carea' id='block_1_110' title="bbox 2225 5005 2798 5063">
    <p class='ocr_par' dir='ltr' id='par_1_110' title="bbox 2225 5005 2798 5063">
     <span class='ocr_line' id='line_1_110' title="bbox 2225 5005 2798 5063; baseline -0.01 0"><span class='ocrx_word' id='word_1_730' title='bbox 2225 5009 2512 5063; x_wconf 86' lang='lat' dir='ltr'><strong>millesimo</strong></span> <span class='ocrx_word' id='word_1_731' title='bbox 2537 5005 2798 5061; x_wconf 83' lang='lat' dir='ltr'><strong>secundo.</strong></span> 
     </span>
    </p>
   </div>
   <div class='ocr_carea' id='block_1_111' title="bbox 2224 5087 3481 5165">
    <p class='ocr_par' dir='ltr' id='par_1_111' title="bbox 2224 5087 3481 5165">
     <span class='ocr_line' id='line_1_111' title="bbox 2224 5087 3481 5165; baseline -0.009 -9"><span class='ocrx_word' id='word_1_732' title='bbox 2224 5100 2269 5156; x_wconf 92' lang='grc' dir='ltr'><strong>Ο</strong></span> <span class='ocrx_word' id='word_1_733' title='bbox 2294 5100 2524 5155; x_wconf 85' lang='lat' dir='ltr'><strong>Fiseaue</strong></span> <span class='ocrx_word' id='word_1_734' title='bbox 2555 5096 2729 5153; x_wconf 86' lang='lat' dir='ltr'><strong>sacris</strong></span> <span class='ocrx_word' id='word_1_735' title='bbox 2764 5106 2982 5165; x_wconf 87' lang='lat' dir='ltr'><strong>semper</strong></span> <span class='ocrx_word' id='word_1_736' title='bbox 3003 5091 3234 5150; x_wconf 85' lang='lat' dir='ltr'><strong>fecunde</strong></span> <span class='ocrx_word' id='word_1_737' title='bbox 3263 5087 3481 5153; x_wconf 77' lang='lat' dir='ltr'><strong>favillis,</strong></span> 
     </span>
    </p>
   </div>
   <div class='ocr_carea' id='block_1_112' title="bbox 2226 5183 3588 5248">
    <p class='ocr_par' dir='ltr' id='par_1_112' title="bbox 2226 5183 3588 5248">
     <span class='ocr_line' id='line_1_112' title="bbox 2226 5183 3588 5248; baseline -0.009 0"><span class='ocrx_word' id='word_1_738' title='bbox 2226 5191 2551 5248; x_wconf 85' lang='lat' dir='ltr'><strong>Sanctorum</strong></span> <span class='ocrx_word' id='word_1_739' title='bbox 2584 5186 2796 5245; x_wconf 84' lang='lat' dir='ltr'><strong>cineres</strong></span> <span class='ocrx_word' id='word_1_740' title='bbox 2817 5187 3136 5243; x_wconf 87' lang='lat' dir='ltr'><strong>meritorum</strong></span> <span class='ocrx_word' id='word_1_741' title='bbox 3164 5184 3297 5241; x_wconf 81' lang='lat' dir='ltr'><strong>flore</strong></span> <span class='ocrx_word' id='word_1_742' title='bbox 3324 5183 3588 5240; x_wconf 82' lang='lat' dir='ltr'><strong>micantes</strong></span> 
     </span>
    </p>
   </div>
   <div class='ocr_carea' id='block_1_113' title="bbox 2224 5275 3591 5355">
    <p class='ocr_par' dir='ltr' id='par_1_113' title="bbox 2224 5275 3591 5355">
     <span class='ocr_line' id='line_1_113' title="bbox 2224 5275 3591 5355; baseline -0.009 -16"><span class='ocrx_word' id='word_1_743' title='bbox 2224 5281 2284 5339; x_wconf 89' lang='lat' dir='ltr'><strong>ln</strong></span> <span class='ocrx_word' id='word_1_744' title='bbox 2311 5282 2519 5355; x_wconf 81' lang='lat' dir='ltr'><strong>gremio</strong></span> <span class='ocrx_word' id='word_1_745' title='bbox 2550 5290 2710 5336; x_wconf 71' lang='lat' dir='ltr'><strong>terra:</strong></span> <span class='ocrx_word' id='word_1_746' title='bbox 2737 5289 3072 5335; x_wconf 84' lang='lat' dir='ltr'><strong>conservans</strong></span> <span class='ocrx_word' id='word_1_747' title='bbox 3087 5275 3314 5347; x_wconf 84' lang='lat' dir='ltr'><strong>jamque</strong></span> <span class='ocrx_word' id='word_1_748' title='bbox 3339 5281 3591 5339; x_wconf 64' lang='lat' dir='ltr'><strong>sacrata,</strong></span> 
     </span>
    </p>
   </div>
   <div class='ocr_carea' id='block_1_114' title="bbox 2226 5367 3365 5445">
    <p class='ocr_par' dir='ltr' id='par_1_114' title="bbox 2226 5367 3365 5445">
     <span class='ocr_line' id='line_1_114' title="bbox 2226 5367 3365 5445; baseline -0.006 -14"><span class='ocrx_word' id='word_1_749' title='bbox 2226 5374 2394 5431; x_wconf 86' lang='lat' dir='ltr'><strong>Trina</strong></span> <span class='ocrx_word' id='word_1_750' title='bbox 2420 5373 2731 5445; x_wconf 81' lang='lat' dir='ltr'><strong>respleudcs</strong></span> <span class='ocrx_word' id='word_1_751' title='bbox 2758 5372 2980 5443; x_wconf 86' lang='lat' dir='ltr'><strong>profusa</strong></span> <span class='ocrx_word' id='word_1_752' title='bbox 3001 5370 3128 5425; x_wconf 87' lang='lat' dir='ltr'><strong>dole</strong></span> <span class='ocrx_word' id='word_1_753' title='bbox 3152 5367 3365 5425; x_wconf 84' lang='lat' dir='ltr'><strong>salutis.</strong></span> 
     </span>
    </p>
   </div>
   <div class='ocr_carea' id='block_1_115' title="bbox 2226 5464 3419 5538">
    <p class='ocr_par' dir='ltr' id='par_1_115' title="bbox 2226 5464 3419 5538">
     <span class='ocr_line' id='line_1_115' title="bbox 2226 5464 3419 5538; baseline -0.004 -15"><span class='ocrx_word' id='word_1_754' title='bbox 2226 5467 2364 5523; x_wconf 88' lang='lat' dir='ltr'><strong>Olim</strong></span> <span class='ocrx_word' id='word_1_755' title='bbox 2387 5467 2630 5538; x_wconf 74' lang='lat' dir='ltr'><strong>virgineo</strong></span> <span class='ocrx_word' id='word_1_756' title='bbox 2656 5464 2894 5520; x_wconf 90' lang='lat' dir='ltr'><strong>micuisti</strong></span> <span class='ocrx_word' id='word_1_757' title='bbox 2923 5470 3212 5521; x_wconf 82' lang='lat' dir='ltr'><strong>stemmate</strong></span> <span class='ocrx_word' id='word_1_758' title='bbox 3241 5474 3419 5526; x_wconf 80' lang='lat' dir='ltr'><strong>sacro.</strong></span> 
     </span>
    </p>
   </div>
   <div class='ocr_carea' id='block_1_116' title="bbox 2225 5553 3524 5629">
    <p class='ocr_par' dir='ltr' id='par_1_116' title="bbox 2225 5553 3524 5629">
     <span class='ocr_line' id='line_1_116' title="bbox 2225 5553 3524 5629; baseline -0.007 -14"><span class='ocrx_word' id='word_1_759' title='bbox 2225 5558 2360 5616; x_wconf 89' lang='lat' dir='ltr'><strong>Cum</strong></span> <span class='ocrx_word' id='word_1_760' title='bbox 2399 5555 2791 5629; x_wconf 77' lang='lat' dir='ltr'><strong>Leodegarinm</strong></span> <span class='ocrx_word' id='word_1_761' title='bbox 2821 5554 3052 5611; x_wconf 85' lang='lat' dir='ltr'><strong>servasti</strong></span> <span class='ocrx_word' id='word_1_762' title='bbox 3084 5554 3207 5609; x_wconf 87' lang='lat' dir='ltr'><strong>luce</strong></span> <span class='ocrx_word' id='word_1_763' title='bbox 3231 5553 3524 5625; x_wconf 85' lang='lat' dir='ltr'><strong>privatum.</strong></span> 
     </span>
    </p>
   </div>
   <div class='ocr_carea' id='block_1_117' title="bbox 2227 5643 3757 5722">
    <p class='ocr_par' dir='ltr' id='par_1_117' title="bbox 2227 5643 3757 5722">
     <span class='ocr_line' id='line_1_117' title="bbox 2227 5643 3757 5722; baseline -0.007 -14"><span class='ocrx_word' id='word_1_764' title='bbox 2227 5651 2620 5722; x_wconf 77' lang='lat' dir='ltr'><strong>Eliuguemque</strong></span> <span class='ocrx_word' id='word_1_765' title='bbox 2646 5660 2885 5713; x_wconf 88' lang='lat' dir='ltr'><strong>sacrum,</strong></span> <span class='ocrx_word' id='word_1_766' title='bbox 2915 5646 3199 5715; x_wconf 82' lang='lat' dir='ltr'><strong>multoque</strong></span> <span class='ocrx_word' id='word_1_767' title='bbox 3229 5652 3286 5700; x_wconf 87' lang='lat' dir='ltr'><strong>et</strong></span> <span class='ocrx_word' id='word_1_768' title='bbox 3308 5643 3534 5700; x_wconf 84' lang='lat' dir='ltr'><strong>verbere</strong></span> <span class='ocrx_word' id='word_1_769' title='bbox 3557 5652 3757 5698; x_wconf 61' lang='lat' dir='ltr'><strong>casm</strong></span> 
     </span>
    </p>
   </div>
   <div class='ocr_carea' id='block_1_118' title="bbox 2227 5735 3451 5809">
    <p class='ocr_par' dir='ltr' id='par_1_118' title="bbox 2227 5735 3451 5809">
     <span class='ocr_line' id='line_1_118' title="bbox 2227 5735 3451 5809; baseline -0.002 -8"><span class='ocrx_word' id='word_1_770' title='bbox 2227 5742 2271 5809; x_wconf 65' lang='grc' dir='ltr'><strong>Α</strong></span> <span class='ocrx_word' id='word_1_771' title='bbox 2302 5743 2440 5800; x_wconf 87' lang='lat' dir='ltr'><strong>duce</strong></span> <span class='ocrx_word' id='word_1_772' title='bbox 2468 5741 2704 5809; x_wconf 79' lang='lat' dir='ltr'><strong>Ebroino</strong></span> <span class='ocrx_word' id='word_1_773' title='bbox 2730 5739 2998 5805; x_wconf 81' lang='lat' dir='ltr'><strong>scelerum</strong></span> <span class='ocrx_word' id='word_1_774' title='bbox 3025 5739 3196 5807; x_wconf 76' lang='lat' dir='ltr'><strong>livore</strong></span> <span class='ocrx_word' id='word_1_775' title='bbox 3225 5735 3451 5806; x_wconf 63' lang='lat' dir='ltr'><strong>repleto.</strong></span> 
     </span>
    </p>
   </div>
  </div>
