4032 6456
186 373 283 429 751
896 362 984 419 DE
1007 360 1250 418 GESTlS
1279 354 1706 416 sensissem
1766 312 2029 413 ouanti.
2060 388 2129 400 —
2153 358 2280 413 LIB.
2300 344 2387 413 ἰιι
2417 348 2831 410 RlCHARDUS.
3334 326 3439 425 75s
3463 347 3470 353 ·

186 484 311 542 llinc
337 486 574 537 mactnm
596 476 813 534 Christo
833 475 1082 531 ubertate
1109 474 1322 528 favente
1347 470 1592 543 loquela).
1781 471 1833 531 Α
1861 469 1928 524 Et
1954 471 2097 541 quod
2124 470 2459 527 carminibus
2487 469 2577 526 hic
2602 468 2910 525 inlaudatus
2934 465 3130 532 abiret,

187 576 413 630 Sacrata:
439 569 583 640 plebi
604 566 806 639 iugiter
830 566 1048 621 Christo
1081 563 1362 619 fatuulauti
1929 561 2031 630 Qui
2061 562 2308 618 mihimet
2327 561 2523 618 stolido
2552 559 2781 617 contulit
2806 574 2967 614 omne
2987 560 3208 615 bonum.

186 664 306 717 Lust
325 659 634 716 Gildeberta
658 660 673 680 ⁶
697 671 863 712 sacra:
886 655 1111 711 cedente
1141 654 1390 716 rubricae,

1861 659 1967 713 Sed
2001 664 2112 722 tua,
2148 656 2383 721 Christe,
2415 656 2545 711 mihi
2576 655 2722 711 venit
2748 654 2938 709 ﬁducia
2969 667 3230 723 praesens.

188 758 478 811 Stemmate
506 751 749 821 virgineo
781 750 930 803 vario
955 747 1267 802 discrimine
1292 747 1507 815 dempto
1525 783 1541 810 ,
1931 748 2050 817 Quo
2073 763 2260 819 posses
2285 748 2441 803 facile
2470 764 2533 804 os
2561 756 2815 818 vegetare
2837 760 3040 801 meum.
3244 750 3247 753 ί

187 846 239 901 In
269 853 318 899 te
342 842 610 898 saccrevil
638 838 808 894 virilis
835 837 1109 908 practicus
1138 836 1273 891 ordo
1861 841 2028 912 tuque
2051 857 2187 911 opus
2214 843 2317 898 hoc
2339 841 2593 896 stolidum
2621 847 2822 895 memet
2849 838 3115 895 eonnixus
3144 835 3321 907 adegi,

188 934 458 991 Dcsudaus
483 929 609 986 Jesu
649 929 941 1000 longinquo
962 937 1200 996 tempore
1227 924 1467 987 Christo,

1313 926 1467 987 r3810.
1935 937 2011 991 Te
2034 934 2308 997 collatore,
2335 941 2386 990 te
2412 934 2570 995 duce.
2596 941 2647 988 te
2669 932 2895 988 artiﬁce.

186 1024 330 1079 Nunc
354 1020 547 1076 rmilas
573 1018 766 1073 merito
793 1016 1047 1087 ργιυρριειι
1075 1028 1129 1070 et
1155 1016 1371 1071 nomine
1401 1016 1531 1075 vita,
1865 1027 2059 1091 Corje,
2087 1042 2216 1083 voce
2241 1026 2406 1097 igitur
2431 1028 2504 1090 te,
2537 1023 2675 1089 Rex,
2701 1037 2845 1078 nunc
2878 1019 3122 1092 supplico
3149 1017 3399 1091 supplex,

191 1115 398 1172 Strictis
423 1111 710 1174 limitibus,
744 1124 864 1179 qua:
888 1119 1040 1164 arcta
1072 1118 1171 1173 est,
1197 1110 1323 1163 hinc
1356 1109 1479 1164 inde
1501 1104 1723 1163 coactis.
1937 1118 2157 1174 Viribus
2181 1116 2429 1184 annexis,
2457 1115 2698 1186 supplice
2727 1122 2907 1169 meme
2928 1111 3109 1167 simu},

190 1206 293 1263 Nec
324 1221 420 1275 per
451 1202 612 1274 plana
639 1202 805 1265 vehit,
832 1201 1053 1255 molitur
1080 1201 1147 1255 ad
1182 1200 1353 1255 ardua
1384 1214 1597 1268 semper

1870 1210 1936 1268 Ut
1965 1212 2095 1266 dare
2124 1212 2265 1282 quod
2290 1208 2492 1280 placuit
2518 1208 2725 1279 placeat
2749 1214 2968 1276 captare
2989 1203 3240 1266 libenter,

191 1298 310 1353 ll:ec
332 1305 389 1353 et
413 1293 726 1364 Apostolica
751 1302 836 1347 est
867 1292 1169 1362 eademque
1200 1299 1469 1348 eEnPtKA
1497 1299 1729 1354 tantum,
1940 1302 2168 1358 “labens
2188 1301 2329 1356 γοιίε
2353 1299 2674 1356 criminibus
2706 1297 2914 1353 mauis,

193 1391 409 1447 Secessu
444 1394 690 1462 gaudens
713 1398 923 1446 secreto
952 1390 1072 1445 laeta
1095 1389 1343 1460 perenni.

1871 1393 2184 1451 Multimoda
2207 1392 2474 1448 scelerum
2504 1391 2780 1446 variorum
2815 1376 2954 1443 mole
2974 1398 3286 1457 repressum

192 1484 278 1540 llis
308 1484 482 1540 tribus
514 1484 795 1539 ordinibus
827 1484 988 1554 digne
1017 1483 1231 1539 suffulta
1258 1484 1450 1547 beatis,
1942 1485 2205 1542 Aﬂ‘ectum
2230 1485 2363 1540 uteri
2392 1484 2642 1541 sordibus
2671 1481 2885 1539 astolidi
2911 1479 3053 1551 (sic),

193 1574 329 1644 Σῶμα
354 1584 765 1632 sacrosanctum
801 1576 1056 1632 Ricltardi
1098 1578 1363 1648 przeducis
1394 1577 1545 1639 almi,
1873 1579 2101 1635 Invitant
2135 1578 2388 1634 miseram
2418 1591 2505 1632 me
2534 1575 2699 1646 quina
2728 1570 2989 1629 dcccnuia
3018 1577 3262 1634 versant,

191 1664 343 1735 Cujus
369 1675 423 1719 tu
451 1662 711 1737 precibus
739 1665 827 1721 lue
858 1666 1235 1736 purit’icaheris
1263 1669 1430 1728 omni.
1947 1671 2014 1724 Et
2038 1670 2271 1725 formido
2297 1668 2497 1739 premit
2523 1665 2771 1738 supplicii
2803 1663 2996 1736 Stygii.

194 1759 254 1814 Et
280 1760 431 1829 cujus
466 1758 681 1814 meritis
708 1758 966 1832 migrabis
1006 1762 1071 1815 ad
1097 1760 1302 1817 mthcra
1334 1759 1531 1831 dignis,
1810 1816 1849 1832 ,δ
1881 1762 1963 1818 Me
1990 1762 2249 1832 quoniam
2280 1758 2499 1816 memini
2523 1759 2755 1828 gessisse
2779 1754 2921 1810 haud
2953 1751 3082 1823 quid
3104 1749 3381 1820 bonitatis,

194 1848 324 1905 Ecce
347 1850 579 1905 decussa
610 1861 793 1915 tenes;
829 1850 985 1931 cujus
1018 1862 1150 1907 nutu
1179 1852 1417 1924 viguisti,
1811 1836 1850 1874 "
1951 1855 2017 1909 Et
2047 1855 2179 1909 tanti
2218 1853 2392 1924 spatio
2423 1851 2680 1923 temporis
2707 1847 2837 1903 utile
2866 1848 2960 1903 nil.
3398 1836 3403 1843 ’

196 1940 255 1996 Et
277 1942 427 2013 cujus
448 1945 754 2014 patrocinio
786 1945 1003 2000 suffulta
1034 1944 1206 2010 fuisti,
1878 1948 2006 2004 Haec
2030 1963 2116 2002 me
2146 1962 2251 2001 non
2274 1945 2571 2009 stimulant,
2605 1952 2659 2000 et
2676 1943 2873 1999 mentis
2900 1942 2966 1997 ad
2996 1942 3105 1997 ima
3127 1930 3470 2004 remordent,

196 2030 403 2089 Munere
430 2034 679 2108 ιλιι-δίαιιο
701 2046 757 2092 et
786 2038 941 2109 cujus
983 2039 1200 2094 sulfulta
1239 2039 1463 2110 vigebis.
1948 2038 2224 2111 Aﬂligunt,
2250 2037 2512 2098 cruciant,
2538 2034 2823 2100 dilaniant,
2854 2032 3115 2089 lacerant.
3274 2032 3277 2035 “
3468 2040 3473 2045 ’

805 2145 1170 2188 Διδοετιιοιιιιιι.
1408 2178 1411 2187 .
1884 2134 1989 2189 Sed
2027 2143 2102 2200 tu,
2141 2115 2393 2201 eu'nctipo

1884 2134 1989 2189 Sed
2027 2143 2102 2200 tu,
2141 2115 2540 2201 cunctipotens,
2565 2135 2768 2182 nostra:
2789 2139 2913 2196 spes
2933 2139 3062 2180 vera
3087 2120 3303 2188 salutis,

199 2214 239 2272 0
260 2217 344 2290 qui
369 2219 606 2277 finitimo
632 2221 876 2293 disponis
902 2225 1143 2294 rcgtniae
1169 2233 1385 2290 cuncta,
1950 2224 2098 2281 Ordo
2128 2223 2313 2278 clucns
2343 2236 2523 2277 rerum
2548 2232 2778 2292 quaeque
2805 2216 3101 2286 vigentque
3128 2212 3320 2268 latent.

262 2309 384 2366 lure
409 2311 680 2370 elementa
706 2315 880 2387 ligans
912 2315 1115 2372 {aedere
1144 2317 1485 2388 complacita.
1884 2314 1968 2371 Me
1993 2314 2199 2385 lapsum
2232 2311 2430 2374 relcva,
2458 2310 2573 2364 vitii
2602 2323 2688 2364 me
2710 2307 2977 2376 sordeque
3003 2318 3197 2376 purga,

206 2400 458 2468 Quatinus
481 2404 660 2474 algnri
688 2406 961 2475 crepitans
989 2406 1137 2462 calor
1171 2408 1491 2471 associatus.
1955 2406 2213 2464 Praesenti
2239 2404 2449 2460 macula
2471 2410 2527 2459 et
2551 2416 2692 2457 exue
2712 2398 3011 2470 praeterita.

267 2490 403 2562 ιθὲθ
426 2494 532 2552 3υῦ
566 2494 775 2551 alterna
796 2497 941 2552 cedit
964 2497 1121 2567 aquis
1141 2507 1195 2553 et
1216 2514 1330 2554 aer.
1886 2501 2182 2557 immunem
2211 2498 2403 2569 culpae,
2435 2512 2620 2567 regum
2646 2496 2782 2560 Rex,
2810 2491 2972 2548 redde
3002 2488 3220 2554 futura,
3250 2504 3255 2509 ‘

205 2577 381 2637 Grates
410 2591 464 2637 ct
487 2584 721 2641 riteritos
747 2585 841 2642 tibi
869 2602 1014 2643 nunc
1036 2602 1320 2644 sacramus
1349 2588 1602 2653 honores,
1962 2597 2029 2653 υι
2060 2596 2292 2651 mundus
2312 2593 2518 2647 valeam
2537 2601 2589 2645 te
2612 2602 2868 2646 resonare
2899 2588 3089 2642 Deum.

270 2671 427 2741 Ραίτίο
451 2692 583 2731 cum
608 2675 825 2746 θειιίιο,
859 2678 1081 2751 διδίι·ἰιυί
1106 2682 1328 2751 Pariter.
1888 2688 2056 2756 Quem
2088 2698 2177 2742 tua
2200 2684 2459 2741 connexis
2481 2681 2675 2752 jubilat
2702 2677 2985 2751 plasmatio
3012 2674 3230 2741 lumbis,

210 2768 297 2837 ρηε
320 2774 560 2846 propriis
581 2776 727 2832 cedis
752 2776 1074 2849 polyformia
1102 2794 1330 2834 munera
1354 2779 1552 2843 servis,
1959 2776 2198 2848 Quinque
2223 2777 2371 2831 vehit
2407 2773 2581 2838 tellus,
2609 2786 2731 2843 qua:
2766 2769 2922 2841 polus
2944 2777 3108 2839 atque
3132 2764 3272 2822 tulit.

271 2861 474 2922 Fenore
506 2868 617 2923 sub
641 2870 839 2926 mercis
868 2872 1100 2941 quisque
1146 2871 1348 2927 talenta
1380 2870 1538 2925 ferat.
1786 2904 1793 2913 ο
1889 2870 2021 2939 Qua:
2051 2867 2196 2924 fovet
2227 2881 2514 2938 aequorcus
2537 2864 2781 2951 diversos
2811 2875 3009 2933 gurges
3041 2858 3094 2913 in
3122 2870 3276 2921 usus,

214 2952 306 3011 lste
330 2956 655 3013 talentorum
692 2960 936 3016 retinens
969 2961 1298 3017 commercia
1329 2961 1590 3030 quinque,
1960 2964 2060 3018 Ast
2087 2977 2182 3017 aer
2204 2960 2439 3014 volitans
2464 2959 2501 2979 “
2541 2956 2607 3028 [Ι.
2640 2955 2790 3027 alite]
2823 2951 3143 3025 Plllmi‘o'em-

278 3046 524 3106 Graviter
551 3062 773 3107 exercet
798 3068 918 3122 qua:
940 3054 1062 3109 data
1094 3062 1220 3109 sunt
1239 3053 1477 3109 sibimet.
1798 3086 1799 3089 η
1891 3054 2134 3123 Cumque
2158 3053 2231 3108 tui
2264 3047 2611 3121 fuerisjudex
2639 3048 2693 3103 in
2728 3046 2949 3102 numine
2973 3043 3174 3108 Patris,

218 3137 305 3197 Hic
327 3141 428 3199 duo
458 3143 710 3200 lucratus
736 3147 930 3202 activis
956 3146 1144 3202 fenora
1174 3145 1356 3203 causis
1816 3165 1863 3226 ε
1965 3148 2298 3221 Supplicium
2328 3143 2592 3216 reprobis,
2624 3139 2842 3212 praemia
2866 3139 3109 3208 dansque
3141 3133 3345 3206 probis.

278 3232 345 3288 Se
373 3236 650 3306 geminum
678 3237 871 3307 gaudet
893 3236 1005 3306 jam
1028 3239 1276 3295 retulisse
1298 3237 1535 3309 quidem.
1828 3223 1861 3226 ‘
1893 3241 1962 3297 Et
1991 3253 2077 3295 me
2096 3238 2253 3293 olidis
2291 3235 2531 3290 vinctura
2560 3248 2684 3289 cum
2710 3230 2954 3303 spexeris
2974 3228 3187 3282 eminus
3216 3223 3370 3286 tedis,

219 3320 419 3380 Debitor
449 3326 617 3382 unius
654 3329 967 3384 censebitur
990 3330 1078 3386 ille
1117 3331 1323 3397 talenti,

1964 3333 2065 3388 llic
2089 3330 2220 3387 mihi
2244 3345 2367 3385 nam
2395 3327 2661 3399 spondent
2683 3325 2785 3379 heu
2810 3322 3142 3378 monimenta
3167 3317 3291 3379 mei.

244 3474 249 3479 ,
281 3416 404 3474 illud
432 3422 531 3490 qui
562 3421 744 3476 condit
769 3422 820 3477 iu
851 3420 1011 3478 luteis
1033 3422 1318 3494 specubus.
1896 3421 2224 3480 Caudidulos
2255 3428 2449 3476 memet
2487 3412 2887 3489 quamprimum
2918 3411 3177 3467 transfert
3216 3408 3272 3463 in
3314 3414 3501 3475 agnos‘

220 3502 288 3562 Te
309 3523 522 3582 quoque
549 3523 868 3569 cunctorum
900 3515 1216 3571 discrimina
1246 3515 1589 3580 discutiente,
1967 3518 2217 3584 Coagnus
2240 3514 2429 3570 dexter
2456 3525 2575 3566 eam
2600 3506 2815 3563 velleris
2835 3501 3079 3570 almillui,
3494 3502 3499 3513 “

282 3598 374 3660 1ch
404 3607 611 3663 referet
633 3610 794 3664 macti
817 3611 1039 3681 prtemia
1061 3611 1173 3682 jam
1197 3611 1379 3683 pretii.
1898 3609 2144 3680 Quintiui
2175 3605 2386 3661 meritis
2415 3602 2608 3659 merito
2634 3614 2797 3671 super
2824 3598 3027 3653 aethera
3058 3595 3193 3658 noti,

221 3694 376 3762 Quem
400 3699 539 3757 t‘urti
565 3710 620 3756 et
646 3701 853 3761 fraudis
877 3704 1093 3761 defossa
1122 3706 1353 3776 pecunia
1385 3705 1629 3761 damnat.
1972 3700 2136 3771 Cujus
2171 3694 2379 3753 inutilis
2399 3709 2520 3749 sum
2551 3689 2798 3748 servulus
2822 3697 2877 3742 et
2900 3685 3152 3741 famulus.

285 3787 379 3847 llic
405 3791 545 3859 luet,
576 3792 967 3869 heuIStygios
1001 3807 1184 3853 trusus
1223 3798 1276 3853 in
1320 3798 1426 3853 ima
1450 3813 1629 3869 rogos.
1902 3837 1919 3853 .
1997 3836 2012 3850 .
2091 3833 2106 3848 .
2184 3832 2201 3849 .
2278 3829 2297 3845 .
2373 3830 2389 3845 .
2465 3822 2487 3843 .
2563 3827 2579 3841 .
2659 3824 2675 3840 .
2753 3823 2769 3838 .
2847 3820 2862 3836 .
2943 3820 2959 3835 .
3036 3817 3054 3835 .
3126 3814 3143 3832 .
3496 3853 3503 3881 τ

223 3878 505 3953 Deplorans
546 3887 757 3944 meritis
776 3889 1022 3962 neglecta
1048 3892 1340 3961 perismata
1363 3892 1562 3963 poenis,
1901 3889 2071 3944 Vivas
2092 3884 2378 3942 Fiscannis
2403 3891 2618 3950 semper
2650 3875 2909 3932 felicibus.
2936 3870 3120 3935 annis,

285 3976 426 4035 Aula:
454 3982 713 4039 detrusus
740 3998 772 4037 a
797 3959 1067 4040 muenihus
1096 3984 1342 4056 placida}.
1364 3959 1382 3963 _
1901 3977 2190 4035 Fiscannis
2219 3973 2394 4046 gaude
2421 3970 2547 4042 quia
2573 3976 2626 4023 tu
2654 3964 2969 4038 dignissima
2992 3959 3173 4017 laude.
3498 3960 3505 3973 ‘

226 4061 327 4123 Hoc
347 4078 595 4126 metuens
618 4087 686 4127 ne
708 4088 795 4130 me
816 4053 1143 4147 condemnet
1163 4090 1324 4148 paena
1353 4075 1632 4147 gehennae,
1903 4067 2014 4124 Vos
2043 4065 2440 4121 Fiscannenses
2465 4059 2724 4114 virtutum
2752 4053 2972 4125 cingitis
3008 4062 3168 4105 enses
3188 4086 3203 4113 ,

289 4155 492 4220 Anxius
518 4160 789 4220 haerebam
815 4156 945 4236 quid
972 4140 1212 4223 facerem
1242 4140 1500 4223 titubans.
1904 4155 2161 4213 Ecclesiae
2188 4160 2371 4225 postes
2397 4147 2686 4206 nebulosos
2713 4142 2958 4201 sternitis
2982 4140 3185 4195 hostes.

226 4240 383 4321 Urget
405 4255 695 4313 consubito
717 4231 951 4314 mtenia‘
983 4256 1405 4316 Nortbmanuiea
1437 4261 1593 4317 tellus
1907 4248 2056 4305 Felix
2087 4243 2370 4301 Fiscannis
2388 4239 2541 4298 stella
2572 4237 2832 4296 rutilante
2851 4231 3096 4294 Joannis,

294 4340 565 4414 Scribere,
594 4347 832 4416 Christe,
863 4351 939 4405 tui
971 4351 1161 4410 militis
1179 4355 1454 4425 agoniam.
1608 4328 1627 4347 ⁸
1908 4338 2012 4407 Qui
2034 4337 2185 4410 vigili
2206 4352 2336 4395 cura
2361 4332 2591 4391 mereris
2620 4344 2785 4401 regna
2817 4326 3021 4425 futura.

234 4425 436 4493 Talibus
464 4437 764 4495 hmrcntem
794 4441 1072 4498 terrebant
1091 4400 1320 4513 plurima
1345 4454 1557 4512 contra,
1828 4508 1875 4515 _
1912 4400 2160 4493 Seminat
2182 4434 2235 4489 in
2259 4431 2462 4496 luctus,
2491 4432 2659 4482 metet
2680 4400 2737 4478 in
2759 4436 2856 4478 sua
2885 4415 3081 4489 gaudia
3110 4410 3341 4468 fructus.

258 4554 269 4561 -
296 4524 531 4585 Materia:
556 4530 816 4600 gravitas,
845 4542 903 4590 et
922 4508 1130 4605 species
1151 4536 1347 4606 aperis.
1540 4508 1553 4512 ⁷
1828 4508 1887 4573 Β
1910 4527 2053 4584 Grex
2073 4537 2202 4581 suus
2227 4529 2308 4578 est
2332 4529 2497 4584 tutus,
2523 4513 2734 4572 Domini
2765 4509 3018 4567 mandata
3040 4513 3284 4562 secutus.

239 4613 335 4672 Cor
368 4599 649 4690 stolidum,
680 4623 839 4682 sicca:
864 4599 1091 4683 nimium
1124 4599 1332 4699 ieiunia
1371 4627 1588 4699 linguae,
1912 4620 2047 4675 Nam
2079 4615 2183 4671 sibi
2220 4612 2479 4686 prodesse
2509 4606 2734 4679 cupiens
2762 4604 2855 4659 dal
2904 4608 3200 4666 υιτιιηιίιιιε
3248 4599 3517 4697 "emisset.

302 4706 428 4768 Vilis
454 4729 686 4785 persona
706 4717 841 4774 artis
864 4725 920 4773 et
939 4719 1057 4790 opis
1082 4692 1251 4775 iners.
1450 4692 1478 4699 ⁷
1574 4692 1582 4695 ⁷
1913 4707 2147 4780 Expedit
2176 4714 2237 4759 ut
2257 4705 2436 4768 duret,
2466 4706 2519 4756 et
2546 4707 2606 4753 ut
2625 4692 2997 4754 ecclesiastica
3023 4694 3198 4751 curet,

236 4777 485 4875 Quodque
514 4805 611 4863 Dei
636 4807 757 4881 laus
776 4819 862 4867 εει
883 4777 1042 4867 labiis
1068 4809 1343 4881 incompta
1375 4810 1638 4876 scelestis,
1916 4777 2030 4857 Sub
2052 4811 2161 4869 quo
2189 4791 2498 4851 Bernartius
2518 4788 2722 4846 Christi
2751 4782 3067 4881 dulcissima
3088 4777 3294 4881 nardus

305 4894 368 4953 Et
393 4870 535 4971 quod
563 4916 667 4959 non
690 4880 905 4974 possem
937 4903 1103 4961 edere
1127 4870 1552 4976 quarcuperem.
1626 4870 1635 4876 1
1916 4889 2101 4975 nostis
2126 4888 2193 4946 ad
2220 4899 2478 4958 angorem
2503 4881 2595 4955 qui
2620 4885 2869 4938 sanctum
2897 4874 3063 4950 spirat
3112 4870 3356 4928 odorem.
3386 4890 3389 4893 λ
3442 4888 3451 4891 ι
3516 4878 3523 4883 ·
