4032 6396
498 320 607 393 rso

1609 313 2005 372 GAUSLLVL'S
2041 314 2338 371 BiTL'mC.
2380 314 2695 372 ARCHIEP.

501 455 3777 511 Mm

2356 489 2685 500 _—_—-—-————

1787 614 1955 657 ΔΝΧΟ
1996 613 2226 656 ΒΟΜΙΜ
2269 614 2530 657 MXXVII.

1429 798 2788 1015 GAUSLINUS

1338 1114 1822 1175 BITURICENSIS
1860 1114 2216 1173 ECCLESUE
2254 1114 2875 1179 ABCHIEPISCOPUS.

1494 1404 2005 1506 NOTITIA
2064 1405 2754 1499 HISTORICA.

1392 1600 1591 1672 (Callia
1619 1598 1949 1662 Christiana,
2001 1613 2124 1653 ηον.
2165 1598 2300 1653 edit.
2345 1606 2478 1653 lout.
2518 1598 2584 1663 ll,
2626 1614 2748 1669 pag.
2794 1598 2910 1670 59.)

568 1794 888 1875 causlinus,
943 1807 1185 1882 [ingenis
1242 1805 1464 1877 Capeti,
1530 1803 1827 1861 Galliarum
1913 1800 2080 1872 regis,
2115 1789 2155 1847 Α
2190 1796 2327 1850 tensi
2379 1798 2628 1853 ceauebia
2675 1797 3189 1855 San-Gildasianum
3236 1811 3402 1873 atque
3443 1801 3803 1863 Mariaan

502 1909 723 1968 nothus.
748 1906 850 1963 sub
878 1903 1104 1960 Abbeue
1131 1899 1392 1969 magistro
1432 1897 1485 1952 in
1525 1896 1855 1952 monasterio
1874 1893 2084 1949 Floria-

499 2001 648 2058 censi
696 1997 924 2054 multum
972 1994 1200 2066 profecit
1241 1993 1294 2047 in
1344 1990 1562 2055 litteris,
1590 1989 1823 2044 maxime
1866 2002 1995 2042 vere
2030 1986 2082 2039 in

499 2093 763 2148 virtutum
801 2088 1043 2144 onmium
1084 2086 1294 2147 studiis.
1334 2083 1674 2153 Quaprepter
1703 2082 1934 2151 primum
1965 2079 2086 2148 qui-

499 2187 624 2240 dem
654 2183 820 2239 abbas
850 2180 1078 2236 Floriaci
1108 2180 1391 2234 ordinatus
1421 2185 1523 2241 est,
1554 2192 1676 2247 rege
1700 2175 1953 2230 'ﬂoberte
1981 2172 2087 2229 fra-

503 2287 584 2333 tre
620 2277 903 2346 cupiente;
945 2288 1107 2343 quam
1158 2280 1336 2325 tamen
1381 2268 1707 2341 dignitatem
1747 2267 1891 2322 haud
1931 2265 2089 2321 facile

500 2376 824 2425 consecutus
871 2374 973 2424 est.
1018 2364 1163 2435 quod
1206 2378 1312 2417 non
1358 2368 1502 2416 esset
1552 2360 1795 2430 legitimo
1839 2356 2089 2428 conjugio

503 2469 684 2514 natus.
727 2456 921 2512 Postea
966 2456 1182 2526 quando
1226 2452 1294 2507 ad
1340 2450 1653 2506 cathedram
1699 2447 2090 2502 Bituriceusem

503 2550 606 2607 fuit
652 2530 961 2621 prouectus,
994 2545 1273 2618 graviores
1318 2559 1383 2599 ca
1429 2542 1716 2598 occasione
1765 2550 1941 2595 metus
1986 2538 2088 2593 orti

504 2651 650 2698 sunt.
674 2641 990 2697 Audiendus
1015 2653 1079 2695 ea
1106 2639 1171 2693 de
1208 2651 1265 2691 re
1298 2650 1510 2692 cemvus
1540 2634 1772 2705 scriptor
1792 2632 2092 2688 Ademarus

504 2733 840 2791 Cabanensis
886 2733 939 2787 in
970 2729 1240 2786 Chronico
1276 2747 1287 2782 :
1330 2747 1348 2781 ‹
1389 2727 1502 2781 ltcx
1545 2726 1818 2781 Bobcrtns
1863 2739 1962 2794 pre
1999 2723 2094 2778 de-

506 2826 694 2879 functo
729 2824 987 2895 (Abbene
1039 2817 1369 2874 Fleriaccnsi
1426 2817 1624 2872 abbate
1673 2831 1704 2869 a
1760 2812 2095 2870 \‘asconibus

505 2918 711 2989 occiso)
741 2916 1013 2972 ordinavit
1052 2913 1303 2969 abbatem
1352 2911 1727 2975 Gauzelinum,
1759 2910 1888 2966 licet
1935 2925 2096 2979 repu-

508 3018 736 3082 gnarent
762 3007 1035 3086 monachi,
1060 3005 1305 3061 nolentes
1326 3005 1428 3061 sibi
1454 3019 1686 3074 pratesse
1714 3002 1880 3057 lilium
1906 3003 2091 3057 scorti.

508 3101 640 3157 Erat
687 3099 833 3156 enim
887 3098 1001 3168 ipse
1057 3096 1378 3153 nobilissimi
1433 3095 1768 3150 Francorum
1832 3092 2095 3164 principis

509 3174 775 3265 (llugonis
793 3189 1000 3262 Capeti)
1036 3189 1176 3245 illius
1207 3203 1447 3254 manzer,
1475 3202 1504 3242 a
1534 3201 1700 3258 puero
1734 3185 1787 3239 in
1824 3192 2095 3240 monaste-

509 3284 592 3338 rio
637 3284 694 3338 S.
730 3282 1003 3338 Benedicti
1052 3280 1321 3345 nutritus,
1368 3294 1527 3348 quem
1581 3280 1746 3334 etiam
1795 3292 1888 3331 rex
1933 3290 2095 3346 supra

508 3376 745 3447 scriptus
775 3372 1245 3444 archiepiscopum
1277 3370 1706 3428 Bituriccnsibus
1738 3369 1866 3425 fecit
1889 3379 2097 3439 postea,

509 3470 765 3526 defuncto
804 3468 1077 3540 Dagberte
1115 3467 1544 3538 archiepiscopo.
1578 3464 1685 3521 Sed
1711 3472 1766 3519 et
1798 3466 1893 3535 ipsi
1926 3461 2101 3537 (Bitu-

510 3561 755 3631 riccttses)
789 3561 1157 3631 quinquennio
1193 3558 1511 3615 seditionem
1556 3566 1781 3630 agentes
1814 3556 2099 3610 uoluerunt

509 3667 634 3707 eum
675 3652 814 3706 intra
864 3651 1052 3705 urbem
1106 3650 1372 3720 recipere,
1420 3648 1718 3703 clamantes
1763 3662 1868 3702 una
1919 3660 2095 3701 voce:

521 3741 642 3798 Non
694 3742 838 3796 decet
884 3741 1169 3819 dominari
1212 3739 1464 3819 Ecclesire
1511 3740 1680 3819 filium
1721 3740 1903 3819 scorti.
1945 3737 2109 3817 Post-1

513 3836 733 3892 modum
795 3845 1078 3913 sequestro
1130 3835 1358 3892 0dilene
1412 3834 1608 3891 abbate
1662 3834 1805 3905 regis
1856 3833 2102 3891 voluntas

510 3928 817 3999 prtevalnit,
841 3939 895 3982 ct
922 3928 1013 3983 Dei
1043 3937 1175 3984 nuttt
1202 3930 1254 3984 in
1284 3929 1465 3984 sedem
1494 3937 1773 3999 susceptus
1797 3937 1900 3984 est.
1935 3946 1954 3980 ι

586 4017 731 4073 Infra
768 4018 995 4090 loquens
1042 4019 1181 4074 idem
1229 4020 1464 4091 scriptor
1501 4022 1567 4075 de
1611 4019 1955 4074 ordinatione
1991 4017 2101 4074 Ge-

513 4108 654 4165 raldi
684 4110 736 4164 in
778 4109 906 4183 sede
929 4109 1318 4178 Lemovicensi,
1348 4126 1509 4181 quem
1533 4110 1665 4165 dicit
1687 4111 1737 4165 in
1767 4109 1935 4181 gradu
1968 4124 2101 4179 pea-

515 4201 703 4260 tificali
734 4201 901 4259 fuisse
932 4204 1241 4261 ordinatum
1287 4219 1317 4258 a
1354 4203 1591 4274 Seguine
1622 4203 1889 4259 monacho
1924 4203 2099 4258 archi-

514 4295 770 4366 episcopo
804 4293 1213 4366 Burdegalensi.
1244 4297 1422 4354 subdit
1453 4310 1467 4350 :
1504 4314 1522 4346 ι
1559 4293 1674 4351 Non
1718 4296 1862 4349 enim
1910 4294 2102 4351 adesse

515 4385 691 4456 potuit
718 4384 1021 4442 Gauslenus
1050 4386 1447 4443 Biturieensius
1477 4386 1944 4457 archiepiscopus,
1972 4384 2101 4457 quia

2188 1897 2421 1958 regeret,
2452 1888 2578 1943 illuc
2606 1905 2890 1960 regressus
2917 1908 2931 1944 :
2963 1894 3041 1946 uti
3064 1892 3262 1964 legitur
3290 1894 3345 1947 in
3375 1892 3489 1949 Vita
3516 1894 3580 1951 S.
3608 1895 3802 1952 Gildzl

2187 1977 2385 2032 smcule
2412 1993 2431 2033 ι
2461 1977 2836 2047 Benedictino.

2259 2092 2385 2146 Fuit
2425 2103 2602 2149 autent
2640 2096 2823 2165 gravis
2861 2104 3233 2151 controversia
3283 2104 3425 2151 .nter
3460 2082 3805 2155 bausri‘num

2189 2192 2245 2237 et
2266 2181 2558 2239 Jerdauem
2584 2186 2894 2255 episcopum
2928 2185 3391 2241 Lemovicensem.
3415 2185 3462 2240 Is
3486 2202 3804 2242 consecra-

2194 2283 2276 2328 tus
2310 2273 2485 2330 fuerat
2515 2292 2545 2330 a
2577 2275 2814 2347 Seguine
2844 2268 3228 2348 Burdegalensi
3272 2279 3713 2351 archiepiscopo,
3746 2292 3804 2336 ut

2186 2364 2299 2433 jam
2344 2383 2412 2421 ex
2459 2367 2728 2424 Adcmaro
2761 2369 3067 2425 Cabanensi
3102 2370 3412 2437 retulimus;
3461 2374 3548 2440 qui
3598 2382 3802 2427 tamen

2193 2467 2402 2527 postea.
2426 2469 2732 2518 retractans
2769 2478 2891 2532 qua:
2936 2463 3086 2532 prius
3118 2463 3347 2527 dixerat,
3393 2473 3618 2518 testatur
3660 2482 3805 2520 eum

2193 2564 2568 2608 consecratum
2592 2554 2758 2609 fuisse
2807 2555 2875 2609 ab
2921 2554 3093 2610 lslene
3135 2555 3455 2614 Sautencnsi
3493 2559 3801 2628 episcOpo,

2195 2640 2507 2709 ceatljutore
2548 2644 2942 2715 archiepiscepi
2973 2645 3409 2716 Burdcgaleusis.
3446 2647 3554 2702 Cur
3585 2650 3656 2701 ab
3685 2649 3806 2701 alio

2194 2747 2356 2802 quam
2392 2734 2461 2789 ab
2481 2735 2894 2806 archiepiscopo
2922 2748 3274 2793 consecratus
3307 2738 3468 2792 fuerit
3490 2736 3804 2802 Iordanes,

2196 2838 2413 2877 causam
2441 2824 2635 2879 'attulit
2676 2840 2871 2895 supra,
2903 2842 3068 2897 supra
3108 2829 3252 2897 quod
3297 2830 3528 2883 nomium
3569 2829 3809 2884 Gausli-

2198 2931 2301 2969 nus
2337 2918 2555 2972 essetin
2600 2918 2729 2975 sede
2780 2920 3019 2975 Biturica
3063 2929 3330 2991 receptus.
3366 2921 3436 2976 At
3473 2921 3629 2991 paulo
3667 2933 3805 2991 post

2199 3009 2359 3063 aliam
2389 3009 2597 3081 profert
2623 3028 2881 3067 causam:
2914 3013 3572 3085 quia,inquit,pecuniatn
3603 3016 3806 3085 requi—

2200 3103 2355 3157 rebat
2406 3117 2504 3172 pre
2561 3103 2901 3173 itnpositione
2950 3120 3238 3171 manuum,
3288 3115 3627 3177 contemptus
3688 3118 3804 3163 est.

2201 3192 2365 3248 Netat
2398 3208 2527 3250 vero
2566 3196 2816 3253 Lahbeus
2855 3209 2885 3249 a
2925 3197 3204 3253 codicibus
3243 3197 3471 3252 Thuano
3512 3207 3567 3251 ct
3604 3197 3806 3253 Clara-

2202 3284 2444 3337 montani
2492 3282 2703 3352 collegii
2755 3286 2948 3339 abesse
2994 3285 3155 3340 verba
3205 3286 3338 3349 bare,
3377 3286 3469 3342 scd
3519 3284 3806 3343 sufﬁciens

2201 3390 2364 3430 causa
2398 3375 2606 3430 dissidii
2643 3375 2771 3441 fuit,
2825 3377 2970 3445 quod
3017 3379 3136 3432 sine
3182 3379 3507 3435 auctoritate
3550 3379 3630 3434 sui
3684 3396 3805 3435 meo

2205 3466 2517 3535 tropolitani
2589 3478 2941 3521 consecratus
3000 3466 3179 3522 fuerat
3240 3467 3545 3536 Jerdanus;
3609 3470 3805 3541 itaque

2202 3558 2341 3612 facta
2377 3558 2584 3628 synodo
2628 3556 2682 3610 iu
2714 3556 2941 3613 Francia
2985 3573 3170 3613 coram
3217 3575 3344 3630 rege
3375 3558 3663 3625 liotberte,
3708 3562 3802 3614 ubi

2202 3659 2408 3722 septem
2456 3650 2848 3722 archiepiscopi
2896 3652 3222 3717 adfuerunt,
3281 3654 3369 3709 die
3421 3653 3799 3717 Pentecostcs.

2202 3757 2325 3795 cum
2383 3742 2739 3811 sulfraganeis
2792 3741 3091 3812 episcogsis,
3147 3751 3319 3797 totum
3382 3742 3799 3798 Lemovicinmn

2202 3834 2698 3889 exeemuiunicavit
2746 3842 2947 3904 praeter
2992 3834 3170 3891 locum
3230 3834 3288 3890 S.
3341 3833 3625 3890 Martialis.
3655 3875 3670 3889 .
3699 3876 3714 3890 .
3742 3877 3758 3890 .
3781 3875 3797 3890 .

2106 3994 2109 3997 Α
2204 3927 2488 3999 ipsumque
2518 3927 2796 3998 prohibuit
2838 3926 2907 3982 ab
2951 3927 3133 3982 efficio
3176 3943 3277 3982 suo
3312 3926 3631 3998 episcopali.
3668 3926 3799 3982 Pur-

2204 4035 2332 4088 gare
2367 4034 2425 4075 se
2456 4028 2667 4090 poterat
2707 4017 2979 4073 Jerdanus
3027 4032 3210 4097 ceram
3239 4034 3399 4089 papa,
3445 4028 3506 4074 ut
3542 4020 3799 4075 observat

2203 4109 2537 4175 Ademarus,
2579 4121 2636 4165 at
2680 4108 2872 4169 maluit
2912 4112 3031 4177 paci
3072 4110 3359 4165 consulere
3387 4118 3444 4164 et
3474 4110 3799 4164 humilitatis

2203 4200 2511 4270 exemplum
2541 4201 2808 4270 praebere.
2840 4198 2975 4254 Nam
3005 4197 3351 4257 satisfaciens
3382 4201 3543 4255 nudis
3573 4201 3797 4273 pedibus

2205 4305 2327 4343 cum
2364 4290 2595 4367 centum
2628 4291 2789 4347 cleris
2827 4301 2885 4348 et
2926 4292 3229 4357 monachis,
3259 4291 3512 4346 omnibus
3548 4292 3797 4346 similiter

2206 4380 2551 4463 discalceatis
2599 4383 2844 4453 pedibus,
2893 4381 3194 4439 Bituricam
3249 4385 3432 4439 sedem
3484 4384 3651 4449 adiit;
3707 4383 3795 4438 ubi

515 4478 715 4535 nedum
757 4488 1007 4548 receptus
1040 4488 1156 4534 erat
1184 4480 1235 4533 in
1263 4478 1393 4534 sede
1433 4480 1694 4534 Biturica.
1719 4498 1738 4531 ›
1768 4478 1891 4535 Jam
1922 4478 1973 4534 in
2005 4494 2099 4534 sua
2131 4508 2177 4572 Ο
2208 4477 2651 4548 archiepiscopus
2693 4494 2814 4534 cum
2861 4478 3009 4535 clero
3042 4480 3123 4535 eis
3160 4480 3425 4550 processit
3463 4481 3702 4546 obviam,
3742 4488 3797 4534 et

516 4570 651 4628 urbe
676 4571 947 4628 admissus
978 4571 1321 4629 confirmavit
1352 4571 1603 4629 chartam
1644 4570 1974 4628 fundationis
2013 4587 2104 4626 ec-

515 4662 698 4718 clesiae
726 4662 784 4718 S.
814 4663 1163 4731 Austregesili
1190 4664 1568 4719 Graciacensis
1595 4663 1698 4718 hoc
1724 4679 1885 4719 anno.
1921 4663 2106 4720 Adfuit

515 4755 844 4812 Ganzelinus
873 4756 1077 4829 synodo
1104 4754 1429 4821 Airiacensi,
1460 4756 1581 4828 pagi
1620 4755 2103 4820 Autissidorensis,

516 4859 605 4900 an.
639 4846 800 4901 1020.

588 4942 666 4996 Ex
696 4941 969 4999 Chronico
999 4942 1058 4996 s.
1091 4928 1235 4996 Petri
1272 4943 1388 4999 \‘ivi
1435 4951 1562 4997 tem.
1595 4941 1633 4996 ιι
1668 4941 1941 5012 Spicilegii
1970 4958 2103 4997 cen-

511 5029 731 5098 jicimus
756 5032 919 5087 etiam
948 5032 1122 5103 ipsum
1155 5032 1361 5087 sedisse
1393 5034 1444 5086 in
1473 5031 1704 5087 concilio
1732 5030 2102 5086 Aurelianensi

517 5139 607 5176 an.
655 5123 813 5189 1022,
855 5124 906 5178 in
957 5138 1064 5193 quo
1110 5123 1352 5179 dantuati
1402 5133 1527 5178 sunt
1577 5125 1799 5193 quidam
1843 5123 2102 5189 haeretici,

516 5222 701 5282 postea
764 5212 995 5269 flammis
1057 5210 1292 5278 addicti,
1348 5215 1473 5283 quia
1541 5215 1827 5284 suscripsit
1890 5216 2104 5269 cuidam

521 5313 791 5375 prmeepto
830 5304 1051 5362 lleberti
1087 5308 1229 5377 regis
1264 5316 1393 5361 tunc
1425 5307 1682 5376 temporis
1709 5307 1835 5361 (late
1876 5322 1975 5377 pro
1998 5306 2103 5361 Mi-

519 5397 672 5451 eiace
702 5395 1007 5453 Aurelianis
1048 5397 1293 5468 publice,
1349 5412 1493 5452 anno
1557 5396 1953 5453 lucarnatiouis
2003 5398 2107 5451 De-

522 5487 654 5543 mini
684 5487 837 5553 1022,
860 5490 1078 5560 quando
1103 5489 1338 5546 haeretici
1366 5489 1603 5545 damnati
1632 5498 1753 5544 sunt
1779 5488 2102 5552 Aureliauis,

522 5594 664 5635 anno
718 5580 873 5636 1025.
933 5581 1163 5637 Felicem
1219 5580 1542 5637 monachum
1582 5596 1740 5636 suum
1769 5594 1801 5634 e
1828 5578 2105 5634 Britannia

523 5672 775 5729 reducem
807 5674 860 5729 iu
887 5674 1139 5730 abbatem
1162 5674 1459 5741 benedixit,
1486 5672 1791 5745 lladegegis
1816 5672 2106 5728 cemitissze

522 5762 804 5825 lli-itonum
819 5767 1065 5833 hortatu,
1090 5775 1151 5822 ut
1190 5781 1221 5822 a
1267 5781 1327 5823 se
1355 5773 1656 5823 restaurata
1686 5766 1741 5821 in
1773 5780 1908 5837 pago
1934 5766 2106 5819 Vene-

2208 4568 2507 4637 lmuoritice
2532 4585 2626 4624 eos
2654 4571 2957 4637 deducens,
2987 4573 3131 4641 quod
3163 4571 3425 4642 ligaverat
3453 4571 3707 4627 absolvit.

2281 4679 2587 4751 llclgaudus
2611 4681 2976 4738 Flor-incensis
3000 4683 3300 4739 monachus
3324 4683 3379 4737 in
3402 4683 3641 4753 cpiteme
3664 4682 3795 4739 Vita:

2230 4773 2453 4837 ioberti,
2482 4784 2673 4829 auctor
2699 4783 2784 4829 est
2814 4773 3157 4835 Gauslinum,
3186 4791 3309 4829 cum
3342 4774 3464 4829 aliis
3492 4773 3791 4830 Galliarum

2207 4864 2499 4934 episcopis,
2542 4864 2748 4919 levasse
2794 4878 2995 4934 corpus
3038 4863 3096 4918 Β.
3128 4863 3348 4930 Auiani,
3390 4874 3445 4920 et
3493 4866 3544 4919 in
3594 4881 3791 4920 novum

2211 4957 2465 5026 templum
2511 4957 2579 5009 ab
2621 4957 2735 5027 ipso
2779 4956 3021 5012 Roberte
3066 4971 3193 5028 rege
3233 4957 3515 5013 fundatum
3566 4960 3620 5015 in
3666 4961 3795 5015 urbe

2208 5052 2605 5111 Aurelianensi,
2649 5052 2987 5121 solemnique
3018 5051 3124 5106 ritu
3170 5051 3513 5107 benedictum
3560 5061 3795 5109 transtu-

2209 5143 2335 5198 lisse
2361 5161 2450 5198 an.
2478 5143 2634 5206 10:29,
2668 5159 2776 5214 quo
2816 5160 2960 5200 anno
3001 5159 3031 5199 e
3070 5144 3183 5199 vita
3225 5146 3530 5202 excessisse
3577 5147 3791 5214 dicitur,

2207 5251 2513 5306 quanquam
2556 5235 2646 5290 alii
2693 5236 2759 5289 ad
2803 5253 3002 5290 annum
3047 5236 3293 5306 proxime
3331 5249 3653 5307 sequentem
3684 5240 3794 5311 ejus

2207 5336 2437 5382 mortem
2470 5326 2746 5382 diﬂ'eraut.
2775 5328 2905 5398 Ejus
2936 5345 3063 5384 vero
3094 5330 3449 5403 epitaphium,
3477 5334 3623 5401 quod
3650 5333 3796 5388 dedit

2208 5420 2273 5475 V.
2314 5420 2375 5478 (2,
2410 5418 2661 5475 Baluzius
2703 5431 2833 5475 tom.
2859 5421 2924 5475 ιν
2951 5420 3249 5478 Miscellan.
3289 5423 3429 5478 diem
3475 5422 3594 5492 ejus
3619 5424 3794 5480 obitus

2208 5512 2447 5581 assignat
2498 5527 2589 5566 vm
2636 5510 2760 5565 ldus
2807 5510 3004 5567 Martii.
3047 5511 3222 5568 Porro
3270 5512 3411 5568 istud
3462 5515 3791 5585 epitaphium

2209 5605 2297 5661 hie
2323 5606 2484 5661 edere
2512 5605 2870 5675 negleximus,
2900 5605 3043 5676 quod
3074 5605 3146 5659 sit
3176 5605 3406 5661 barbare
3429 5608 3718 5676 scriptum,
3742 5615 3795 5661 et

2208 5715 2376 5770 pauca
2429 5700 2493 5755 de
2532 5699 2804 5758 Gauslcne
2851 5700 3062 5766 deceat,
3097 5699 3352 5755 nimirum
3402 5700 3547 5769 quod
3596 5699 3791 5756 Floria.
