4032 6392
345 297 409 349 73

1249 339 1252 342 ο
1325 314 1616 374 -ΩΑΒΜΕΝ
1653 317 1747 374 AD
1785 317 2166 378 ROBERTUM
2197 322 2458 382 REGE“.

1042 427 1302 498 Corporis
1328 429 1416 483 hic
1446 428 1648 493 vultus,
1681 431 1831 502 vocis
1856 433 2159 496 moderatio
2192 437 2360 495 nulla.

1045 523 1303 585 Versibus
1337 525 1548 596 exiguis
1580 536 1785 582 tantum
1819 533 2040 585 tentabo
2071 532 2335 590 dolorem.

1044 618 1258 689 Scripta
1285 631 1471 692 patent
1500 621 1742 678 celebres
1765 639 1888 694 qua:
1912 626 2138 682 mittunt
2164 629 2496 687 Crotonialzn
2518 633 2652 706 (ιο).

1044 714 1285 786 Desuper
1311 727 1391 771 est
1415 717 1616 780 titulus,
1650 717 1732 773 lex
1761 720 2163 790 antiquissima,
2190 725 2432 795 setiptus
2457 744 2470 791 ;

903 809 991 865 35.
1035 809 1363 882 Praecipiunt
1391 815 1438 866 vi
1469 824 1696 884 cogatur
1726 816 1870 884 quod
1895 828 2086 884 Sponte
2119 831 2352 891 negatur
2377 840 2390 876 :

1052 904 1120 958 Ut
1149 905 1323 978 placet
1348 908 1596 978 imperio,
1629 909 1708 962 sic
1731 925 1790 962 se
1821 909 2171 968 transfurmct
2199 925 2250 970 et
2275 918 2430 970 ordo.

1046 1001 1301 1058 Rusticus
1331 1005 1418 1059 ille
1445 1006 1614 1076 piger,
1649 1007 1908 1062 deformis
1931 1018 1985 1063 et
2018 1011 2254 1082 undique
2289 1016 2459 1086 turpis
2480 1017 2589 1086 (Ηὶ

1022 1097 1282 1154 ῬυΙρΙιηι
1319 1117 1440 1155 cum
1470 1103 1700 1173 gemmis
1725 1103 1928 1156 ditctur
1955 1106 2101 1158 "illic
2130 1121 2350 1162 corona.

1045 1193 1191 1252 .luris
1222 1199 1477 1254 custodes
1505 1207 1702 1270 cogunt
1733 1213 1948 1270 portare
1985 1202 2224 1258 cucullus
2249 1205 2382 1276 (l2).

914 1291 1002 1347 ιο.
1046 1293 1237 1362 Oreut,
1271 1296 1553 1360 inclinent,
1589 1307 1824 1361 taceant,
1857 1298 2142 1369 vultusque
2170 1311 2456 1371 reponant.

1049 1390 1187 1447 Nudi
1215 1393 1498 1461 pontiﬁces
1521 1403 1761 1446 aratrum
1795 1395 1914 1448 sine
1943 1395 2049 1448 ﬁne
2080 1407 2381 1466 sequantur
2408 1398 2518 1468 (13)
2611 1405 2614 1408 ’

1047 1489 1302 1544 Carmina
1333 1505 1454 1543 cum
1479 1487 1698 1542 stimulo
1723 1489 1880 1559 primi
1922 1493 2191 1544 cantando
2224 1493 2487 1560 parentis.

1045 1585 1300 1640 Pra'sulis
1331 1586 1447 1641 etsi
1477 1587 1616 1640 forte
1644 1596 1796 1650 vacet
1825 1586 1975 1640 locus
2008 1587 2410 1643 intronizeutur
2434 1589 2545 1659 (ιῶ)

1044 1681 1298 1736 [’astores
1319 1682 1523 1746 ovium,
1554 1691 1748 1741 nauta}.
1783 1682 2089 1753 quicunque
2116 1683 2186 1735 sit
2218 1683 2328 1737 ille.

905 1777 996 1834 ιδ.
1043 1779 1127 1834 Sit
1159 1788 1340 1834 tamen
1375 1779 1474 1832 hoc
1503 1779 1800 1846 prasubtili
1835 1779 2047 1833 ratione
2075 1782 2404 1835 canendum.

1047 1873 1237 1928 {\ulltts
1259 1873 1598 1944 episcopium
1630 1873 1807 1928 divina
1842 1872 1954 1944 lege
1986 1875 2192 1942 peritus

1045 1971 1263 2037 Tentet,
1291 1972 1386 2026 sed
1417 1972 1591 2026 sacris
1617 1969 1914 2042 Scripturis
1943 1981 2263 2040 evacuatus,

1048 2069 1118 2123 Et
1144 2069 1342 2124 studiis
1369 2084 1528 2146 quem
1559 2085 1659 2125 nec
1682 2070 2072 2126 constrinxerit
2098 2087 2200 2124 uua
2235 2070 2446 2126 dierum
2471 2074 2616 2143 (l5);
2701 2133 2710 2141 ,

1047 2164 1411 2234 Alphabctum
1443 2166 1639 2236 sapiat,
1667 2166 1836 2236 digito
1863 2175 2069 2220 tantum
2106 2183 2394 2222 numerare
2419 2169 2551 2240 (16).

910 2263 998 2316 50.
1045 2261 1106 2316 lli
1137 2277 1421 2330 proceres;
1448 2273 1812 2332 praeoptares
1844 2263 1942 2317 hos
1975 2264 2207 2318 mundus
2239 2264 2430 2320 adoret
2451 2265 2584 2338 (l7).

1044 2359 1109 2414 Et
1127 2357 1278 2427 juvet
1307 2369 1366 2412 ut
1398 2359 1642 2414 celebres
1674 2374 1772 2414 nec
1801 2373 1956 2430 reges
1976 2359 2338 2429 excipiantur.

1041 2454 1370 2524 Praecipiunt
1401 2469 1608 2519 coram,
1641 2457 1733 2510 sed
1757 2454 1898 2510 clam
1923 2469 2046 2509 cum
2079 2455 2271 2512 fraude
2299 2467 2639 2515 susurrant..

1045 2551 1249 2619 Regula
1279 2551 1324 2606 si
1357 2552 1570 2606 stabilis
1601 2552 1786 2607 divum
1812 2555 2174 2623 permanserit
2199 2555 2303 2609 ista
2330 2554 2466 2626 (18).
2499 2557 2504 2562 ’

1052 2647 1371 2717 Disciplina,
1397 2649 1573 2720 vigor,
1603 2650 1798 2716 virtus,
1831 2666 1952 2704 ntox
1977 2661 2033 2704 et
2059 2652 2224 2706 decor
2253 2651 2434 2706 omnis

922 2740 1010 2796 55.
1055 2740 1306 2796 Ecclesia:
1342 2741 1519 2812 fulgor
1549 2757 1721 2811 pauco
1756 2743 1856 2797 sub
1885 2752 2128 2814 tempore
2150 2755 2357 2814 verget.

1043 2839 1266 2895 Publica
1307 2853 1395 2894 res
1425 2855 1546 2908 quae
1571 2839 1671 2907 sic,
1699 2840 1854 2910 plane
1883 2841 1986 2903 sic,
2020 2841 2258 2907 ducitur,
2285 2856 2440 2914 reque

1037 2933 1271 3004 Legibus
1290 2935 1580 2990 exstinctis
1611 2936 1663 2988 in
1693 2949 1825 3005 pace
1855 2936 2065 3006 sepulta
2097 2939 2342 3007 quiescet
2366 2938 2500 3010 (l9).

1040 3029 1228 3086 Luxus
1249 3040 1304 3086 et
1332 3030 1592 3095 incestus,
1621 3034 1825 3086 furtum
1851 3041 1979 3088 tunc
2006 3033 2235 3090 crimina
2263 3036 2501 3090 stabunt.

1045 3128 1291 3184 Libertas
1329 3127 1703 3197 delinquendi,
1734 3136 1863 3184 tunc
1894 3129 2127 3186 crimina
2151 3111 2376 3187 stabunt

899 3226 988 3281 60.
1031 3225 1408 3281 Excluduntur
1429 3235 1486 3280 et
1512 3227 1567 3280 bi
1605 3240 1744 3296 quos
1772 3225 1885 3281 sola
1909 3227 2139 3283 scientia
2171 3228 2340 3283 comit
2362 3227 2500 3302 (20),

1038 3320 1242 3377 Christi
1281 3335 1600 3388 conservos,
1625 3331 1678 3376 et
1706 3337 1843 3392 quos
1870 3322 2138 3392 sapientia
2167 3323 2361 3390 ntttrit,

1036 3417 1102 3471 Et
1129 3417 1324 3486 quibus
1351 3427 1614 3487 apparent
1643 3418 2037 3474 iutroductoria
2077 3433 2224 3472 same

1042 3515 1332 3580 Doctrina,
1358 3530 1480 3586 qua:
1506 3517 1781 3586 depromit
1803 3528 1930 3588 post
1953 3527 2102 3589 terga
2127 3521 2352 3574 cicatrix
2379 3539 2394 3574 :

1041 3613 1223 3669 Sacrae
1253 3614 1298 3668 si
1330 3629 1556 3685 magnus
1577 3615 1702 3672 fidei
1732 3618 2034 3673 surrexerit
2056 3633 2234 3684 error,

911 3716 1001 3772 65.
1042 3717 1199 3774 Omni
1227 3733 1455 3773 censura
1489 3729 1791 3774 conventus
1822 3721 1932 3774 sint
1957 3720 2144 3784 alieni,

1041 3817 1305 3873 Consultu
1329 3817 1475 3888 regis
1509 3816 1561 3871 hi
1588 3819 1955 3888 prazcidantur
1987 3819 2056 3874 ab
2083 3821 2232 3874 οηιηί
2269 3821 2412 3891 (sic),

1041 3913 1308 3970 Omnibus
1343 3916 1578 3984 egressis
1610 3915 1907 3970 thalamum
1935 3926 2057 3985 post
2083 3919 2222 3973 ostia
2248 3927 2466 3974 servent
2493 3917 2607 3993 (ξι)

1041 4007 1151 4065 lloc
1170 4010 1344 4066 solum
1377 4011 1543 4065 rutilo
1565 4022 1898 4082 pra-ceptum
1928 4013 2190 4070 scribitur
2215 4029 2370 4077 auro,

1039 4103 1106 4160 Ut
1132 4115 1450 4177 procurator
1487 4107 1651 4178 regis,
1674 4109 1949 4164 mundana
1975 4110 2297 4166 ministrans
2325 4111 2462 4181 (22‘,

904 4199 992 4254 70.
1037 4198 1117 4254 Sit
1147 4200 1322 4270 piger,
1354 4202 1604 4272 ignavus,
1635 4202 1844 4258 modica
1875 4205 2079 4260 virtute
2110 4206 2372 4276 repletus.

1039 4294 1136 4348 llic
1164 4295 1334 4350 aliena
1364 4309 1535 4368 petat,
1567 4308 1774 4368 repetat
1802 4315 1896 4354 sua
1923 4302 1998 4356 nil
2029 4303 2340 4368 tribuendo,

1037 4385 1320 4457 Etjugitcr
1343 4398 1556 4442 maneat
1583 4388 1789 4444 divisus
1819 4403 1969 4447 sorte
1994 4392 2162 4464 jugali
2195 4394 2307 4467 (‘23)
2337 4414 2352 4449 :

1035 4477 1098 4532 Ni
1132 4479 1274 4549 regis
1294 4479 1638 4551 hznredipeta:
1661 4498 1764 4537 non
1795 4499 1919 4553 spes
1943 4485 2044 4538 sibi
2077 4497 2289 4542 constet
2313 4488 2450 4556 (24).

1033 4570 1129 4625 Est
1155 4572 1376 4640 antiqua
1399 4584 1639 4642 patrum,
1673 4575 1895 4628 tradunt
1932 4592 2054 4628 cum
2085 4586 2264 4642 sueta,
2293 4580 2566 4646 voluntas,

903 4663 990 4716 75.
1037 4662 1108 4719 Ut
1137 4665 1294 4729 casti,
1329 4663 1497 4720 sobrii
1531 4667 1640 4722 sint
1669 4668 1924 4722 custodes
1951 4669 2336 4724 thalamorum.

1035 4755 1136 4821 Qui
1168 4757 1342 4810 nescit
1366 4757 1592 4824 molere,
1621 4761 1732 4828 regi
1758 4759 1830 4814 sit
1858 4762 2078 4816 charter
2103 4761 2190 4817 ille
2221 4782 2234 4816 :

1031 4847 1268 4901 Caesaris
1291 4847 1376 4902 bis
1407 4849 1610 4919 majora
1635 4847 1792 4918 jubet
1820 4852 2116 4922 descriptio
2143 4852 2320 4924 ltlagni
2347 4856 2456 4926 (25,

1035 4938 1224 4994 Deviet
1251 4940 1342 4996 ille
1366 4957 1524 4997 sacer
1546 4943 1613 4998 de
1634 4944 1761 4998 sede
1790 4947 2126 5000 mouasticus
2147 4950 2280 5002 ordo
2304 4967 2324 5002 ι

1041 5030 1247 5087 Uxores
1275 5035 1476 5090 ducant
1499 5035 1781 5106 pulchras,
1805 5049 1860 5091 et
1886 5038 2069 5108 prazlia
2101 5020 2329 5095 tentent.

900 5122 988 5179 80.
1033 5122 1280 5179 Territus
1309 5127 1534 5194 edictis,
1561 5129 1836 5185 meditans
1865 5146 1972 5200 quo
1999 5132 2223 5188 tendere
2248 5148 2462 5204 possem

1035 5215 1054 5286 (
1079 5214 1343 5272 Rectores
1367 5234 1548 5274 rerqu
1583 5221 1763 5289 placet
1793 5222 2066 5278 accersire
2095 5239 2340 5280 mearum
2375 5225 2558 5299 (26).)

1035 5306 1256 5374 Omnia,
1287 5309 1526 5380 singultu
1555 5323 1747 5382 guttur
1769 5315 2071 5384 quatiente,
2106 5315 2334 5380 revolvi,

1033 5396 1268 5469 Legibus
1292 5416 1324 5455 e
1353 5403 1545 5472 patriis
1569 5406 1802 5460 credens
1827 5407 2051 5462 oumiuo
2077 5417 2308 5474 remota,

1035 5490 1237 5548 Priscis
1261 5495 1592 5564 temporibus
1612 5497 1737 5566 quia
1770 5512 1877 5552 non
1907 5499 2093 5553 aedita
2122 5498 2362 5562 fuerunt,

899 5583 986 5640 85.
1029 5579 1228 5640 Usibus
1249 5584 1493 5656 exceptis
1520 5589 1967 5658 procuratoribus
2003 5591 2145 5662 aptis

1036 5674 1250 5732 Mittere
1275 5687 1588 5749 preponunt
1612 5694 1736 5735 mox
1767 5680 2055 5750 explorare
2087 5682 2434 5751 magistrum;

1034 5765 1207 5823 Gallia
1232 5769 1338 5826 fert
1358 5772 1657 5829 monachos
1682 5787 1820 5840 quos
1853 5770 2077 5829 Patrum
2107 5773 2294 5844 regula
2315 5773 2510 5832 nutrit.
