4032 6388
583 311 688 368 Πδ

1506 310 1544 360 Δ
1557 304 1991 361 υΑωειιοΜε
2028 300 2360 372 ΕΡΙΞΟΟΡΙΞ
2399 300 2884 358 LAUDUNENSIS

1363 421 1442 474 Ad
1470 422 1764 475 monachos
1788 418 2089 474 monachus
2117 416 2631 471 transmittatur.....

1365 512 1463 567 llic
1482 513 1716 580 sapiens,
1748 513 1836 567 hic
1865 522 1949 566 est
1975 510 2171 573 solers,
2203 510 2478 576 verboque
2511 509 2716 575 ﬁdelis;

1229 606 1316 661 00.
1360 606 1462 672 Qui
1490 605 1680 660 solitus
1706 619 1925 673 semper
1952 603 2099 672 leges
2131 616 2352 657 servare
2380 609 2638 670 paternas

1362 697 1605 752 Flectere
1625 697 1729 752 scit
1759 696 1995 767 prudens
2023 696 2299 750 animosos
2328 694 2394 748 ad
2425 694 2704 763 pietatem.
2774 751 2777 754 1

1362 790 1656 844 Consilium
1690 801 1910 843 cautum
1937 788 2185 857 sequitur
2218 787 2351 857 (non
2382 797 2467 840 est
2495 786 2670 858 mora)
2712 787 2935 843 factum.

1364 881 1601 951 Vespere
1634 882 2004 953 progreditur,
2032 889 2143 935 tum
2175 894 2333 934 tuane
2365 879 2658 937 revertitur
2679 881 2747 934 ad
2773 896 2893 946 nos,
2928 894 2932 899 ‘

1364 974 1427 1028 Et
1455 974 1688 1028 festinus
1711 975 1836 1042 equi
1867 973 2175 1043 spumantia
2207 971 2345 1026 colla
2382 970 2621 1041 reliquit.

1237 1068 1326 1122 95.
1368 1067 1507 1134 Quo,
1544 1082 1674 1137 quo,
1708 1082 1837 1136 quo,
1876 1066 2094 1137 przcsul,
2128 1065 2267 1119 bona
2298 1065 2506 1129 nutrix,
2536 1066 2707 1120 heus!
2737 1081 2897 1137 pucr,
2919 1068 3087 1127 uxor?

1374 1160 1468 1214 Est
1495 1160 1904 1229 incompositus,
1934 1160 2107 1229 posita
2129 1157 2239 1226 jam
2272 1165 2419 1211 veste
2450 1157 2650 1233 priore.

1366 1251 1549 1306 Pileus
1574 1250 1823 1306 excelsus
1852 1252 1920 1305 de
1952 1250 2088 1321 pelle
2112 1250 2410 1320 Lbystidis
2442 1265 2585 1304 ursa:
2608 1249 2756 1323 (27);

1380 1344 1447 1398 Et
1476 1344 1643 1399 vestis
1665 1358 1885 1399 crurum
1910 1353 2068 1398 tenus
2096 1351 2177 1398 est
2203 1350 2419 1397 curtala
2451 1341 2635 1397 talaris
2664 1342 2798 1415 (‘18),

1365 1435 1617 1490 Finditur
1653 1435 2047 1499 auterius,’uec
2076 1435 2250 1504 parcit
2281 1434 2598 1503 posteriori.

1199 1527 1318 1582 l00.
1362 1526 1458 1581 Ilia
1485 1526 1767 1597 baldringo
1793 1526 1961 1596 cingit
1982 1525 2326 1580 strictissima
2358 1525 2501 1593 picto
2531 1523 2666 1596 (29).

1370 1617 1696 1689 Multiplices
1722 1626 1775 1671 et
1801 1633 1888 1671 res
1918 1617 2098 1672 multm
2122 1633 2217 1687 per
2243 1615 2455 1686 cingula
2484 1616 2722 1686 pendent
2745 1630 2761 1670 :

1371 1710 1550 1765 Arcus
1579 1724 1700 1764 cum
1726 1709 2003 1780 pharetra,
2036 1708 2270 1778 forceps,
2298 1718 2352 1761 et
2375 1707 2622 1771 malleus,
2649 1707 2797 1763 ensis

1368 1800 1677 1872 Ignitusque
1699 1800 1856 1864 'silex,
1881 1799 2084 1854 ferrum
2113 1799 2385 1870 quatiens,
2415 1799 2575 1853 simul
2603 1798 2730 1854 ilex.

1370 1893 1503 1949 Ossa
1535 1892 1878 1962 superﬁciem
1901 1892 2122 1962 stringit
2150 1889 2340 1945 diﬂ‘usa
2371 1891 2627 1946 deorsum
2654 1889 2791 1961 (50).

1210 1986 1332 2040 10ξὶ.
1376 1985 1616 2041 Saltibus
1644 1986 1904 2040 incedens
1933 1986 2160 2055 (terram
2192 1983 2425 2038 calcaria
2456 1992 2705 2053 pungunt
2730 1981 2883 2054 (3t):

1379 2078 1555 2148 Coepit
1579 2091 1788 2132 summa
1818 2077 2014 2146 pedum
2045 2092 2167 2131 cum
2202 2076 2360 2131 tortis
2388 2077 2611 2132 tendere
2637 2077 2829 2131 rostris
2853 2075 3039 2149 (53).)

1385 2170 1715 2240 Ingreditur,
1747 2170 1857 2223 noti
1886 2168 2081 2223 fratres
2104 2183 2263 2238 quem
2292 2183 2450 2224 nosse
2473 2167 2721 2223 laborant
2743 2168 2877 2239 (55).

1380 2261 1724 2318 Concurrunt
1752 2262 1923 2323 cives,
1947 2272 2002 2315 et
2029 2260 2175 2331 larga
2206 2261 2402 2331 palatia
2433 2261 2729 2331 complent.

1372 2352 1695 2407 Pontilicem
1722 2352 1801 2407 sic
1818 2352 2086 2407 deformis
2116 2364 2245 2408 tunc
2270 2353 2483 2408 sistitur
2510 2362 2656 2408 ante.

1201 2447 1323 2499 llo.
1368 2445 1511 2499 Esne
1545 2459 1699 2499 meus
1722 2444 2044 2506 monachus,
2075 2452 2153 2511 tu,
2180 2459 2339 2513 quem
2372 2445 2626 2500 misit...

1369 2536 1587 2607 Pugnos
1613 2536 1869 2600 declinat,
1899 2536 2114 2591 cubitus
2138 2537 2383 2590 extendit
2413 2537 2465 2590 in
2493 2537 2705 2592 altum:

1368 2629 1555 2683 Erexit
1582 2628 1790 2694 cilium,
1825 2637 2082 2696 torquens
2108 2643 2230 2682 cum
2260 2628 2461 2691 lumine
2486 2628 2705 2685 callum.

1369 2719 1524 2775 Miles
1548 2736 1711 2784 nunc,
1743 2721 2043 2774 monachus
2071 2720 2291 2775 diverso
2317 2737 2470 2776 more
2496 2722 2727 2777 manebo
2748 2724 2883 2797 (51).

1375 2811 1490 2866 Non
1522 2827 1623 2883 ego
1646 2827 1765 2867 sum
1792 2813 2113 2874 mouaclms,
2138 2812 2293 2882 jussu
2325 2814 2419 2869 sed
2450 2813 2627 2869 milito
2653 2817 2815 2886 regis.

1197 2906 1313 2959 115.
1355 2904 1489 2958 Nam
1525 2904 1777 2959 dominus
1806 2919 1958 2961 meus
1978 2912 2063 2960 est
2092 2920 2186 2961 rex
2218 2902 2423 2974 Oydelo
2466 2904 2865 2964 Cluniacensis.

1264 3002 1329 3056 ll.
1368 3001 1519 3056 Tunc
1545 3012 1663 3055 cata
1689 3011 1743 3055 ιο
1769 3003 2107 3071 siopamenon
2135 3017 2357 3057 causam
2381 3003 2661 3061 meditaris
2683 3003 2834 3076 (55)?

1369 3097 1427 3153 ln
1457 3097 1654 3152 studiis
1685 3098 1910 3153 memini
1933 3097 2231 3153 formarum
2264 3112 2425 3155 nosse
2457 3097 2679 3169 ﬁguras.

1270 3194 1328 3247 Ρ.
1371 3192 1488 3248 Non
1523 3202 1610 3247 tua
1636 3195 1938 3264 pi'a'pediat
1970 3210 2069 3251 nos
2099 3194 2400 3265 indignatio
2428 3195 2648 3253 fervens
2677 3198 2812 3270 (56).

1403 3290 1746 3361 Praeceptum
1762 3290 1977 3346 Domini
1999 3292 2162 3349 liceat
2186 3308 2308 3349 cum
2333 3308 2469 3364 pace
2492 3293 2725 3362 referre,

1228 3388 1347 3442 1'29.
1390 3387 1557 3442 Sarra
1580 3389 1741 3443 nimis
1772 3404 1933 3460 gens,
1949 3405 2211 3446 cenarum
2242 3392 2308 3446 de
2341 3408 2514 3459 more,
2545 3394 2761 3463 petulca
2794 3395 2932 3468 (Ξῖ),

1377 3482 1621 3563 ltegnum
1648 3481 1986 3538 Francorum
2020 3484 2270 3541 manibus
2297 3481 2555 3556 ferroque
2579 3485 2867 3542 subactum

1368 3577 1611 3649 Occupat
1636 3588 1690 3633 et
1713 3580 2138 3653 reditquidquid
2166 3580 2269 3635 sibi
2291 3579 2463 3636 Gallia
2487 3583 2678 3639 nutrit.

1380 3676 1627 3747 Undique
1656 3685 1805 3730 terra
1838 3678 2014 3742 rubet,
2041 3691 2199 3732 roseo
2225 3676 2529 3732 madefacta
2556 3677 2785 3748 liquore.

1368 3773 1646 3845 Sanguine
1668 3782 1941 3829 torrentes
1969 3773 2137 3829 nimia
2159 3774 2226 3829 de
2252 3773 2400 3830 caede
2429 3773 2763 3842 redundant,

1196 3876 1318 3930 19.3.
1363 3875 1623 3932 Ecclesia:
1649 3875 1824 3941 labor,
1855 3875 2085 3931 interius
2113 3875 2279 3931 decus
2308 3875 2761 3947 omnezdicatum,

1364 3974 1604 4044 Corpora
1631 3983 1939 4030 sanctorum
1963 3973 2192 4028 volitant
2213 3987 2508 4043 conspersa
2532 3989 2630 4043 per
2650 3990 2832 4029 auras.

1367 4071 1508 4124 Sunt
1539 4070 1741 4137 avium,
1784 4078 1910 4125 sunt
1932 4068 2045 4140 jam
2074 4069 2349 4125 consortia
2378 4068 2520 4123 facta
2548 4069 2796 4138 luporum
2832 4071 2965 4142 (38).

1350 4163 1538 4216 Vastat
1560 4162 1893 4234 episcopium
1918 4177 2041 4217 cum
2066 4170 2248 4234 strage
2269 4159 2678 4215 Turoniacense
2710 4160 2847 4233 (59).

1376 4259 1638 4314 Martinus
1666 4260 1863 4329 plorat,
1897 4268 2129 4314 tutorem
2154 4256 2398 4312 clamitat
2430 4255 2571 4311 idem
2599 4256 2733 4329 (40).

1204 4357 1321 4412 150.
1363 4356 1567 4429 Oydelo
1596 4357 1942 4427 compatitur,
1971 4354 2132 4411 simili
2156 4355 2249 4424 qui
2275 4352 2399 4422 jure
2427 4361 2667 4409 tenetur.-

1373 4456 1472 4511 llic
1498 4456 1726 4511 Romam
1756 4456 1911 4526 petiit
1936 4456 2221 4512 monachis
2244 4470 2406 4512 orare
2435 4454 2665 4511 salutem
2697 4454 2833 4527 (ll).

1377 4553 1760 4608 Conscenduut
1784 4568 1968 4619 voces,
1998 4552 2279 4608 fremitum
2310 4554 2441 4607 dant
2469 4551 2856 4608 Cluniacenses
2885 4550 2996 4623 (42)
3029 4567 3044 4604 :

1375 4646 1622 4703 Clzunant
1648 4658 1809 4718 atque
1840 4658 2064 4704 monent
2089 4666 2106 4703 :
2140 4648 2335 4703 Subito
2362 4648 2608 4718 dispone,
2638 4648 2920 4721 magister,

1375 4745 1536 4800 Arma
1569 4747 1751 4802 subire
1777 4747 1903 4813 tuis,
1923 4748 2125 4820 etjqua:
2148 4756 2465 4818 praeponere
2488 4746 2686 4801 debent
2714 4763 2730 4801 :

1204 4839 1323 4894 155.
1366 4841 1495 4906 Quae
1523 4840 1632 4894 sint
1655 4838 1922 4906 exterius,
1949 4850 2004 4896 et
2032 4855 2151 4912 quae
2171 4841 2280 4895 sint
2302 4841 2593 4914 interiora.)

1375 4934 1603 4990 Lunaris
1623 4936 1863 5006 pendere
1891 4938 2042 5006 prius
2067 4936 2226 4992 debet
2253 4943 2346 4990 tua
2378 4935 2521 5006 pelta
2556 4934 2704 5007 (45);

1377 5031 1601 5102 Insuper
1629 5047 1867 5103 apponas
1891 5032 1983 5087 tibi
2007 5032 2339 5102 loricamque
2366 5031 2619 5087 trilicem.

1374 5130 1606 5186 Lubrica
1632 5132 1934 5187 sustineant
1962 5130 2170 5201 galeam
2198 5130 2460 5186 cinctoria
2490 5129 2658 5184 lumbi
2688 5127 2800 5200 (ω)
2828 5145 2844 5182 :

1378 5225 1638 5296 Corrigiis
1665 5234 1827 5298 caput
1860 5228 2144 5282 astrictum
2174 5242 2432 5282 mucrone
2466 5240 2730 5281 coronas:

1242 5322 1359 5377 110.
1395 5322 1610 5392 Spicula
1635 5334 1755 5393 post
1780 5333 1988 5395 tergum
2025 5332 2232 5389 teneas,
2266 5331 2395 5379 tunc
2421 5322 2674 5378 dentibus
2695 5336 2906 5388 ensem,

1394 5412 1458 5466 Et
1487 5412 1629 5484 cogit
1645 5413 1872 5483 juvenes
1903 5413 2077 5468 lentos
2101 5413 2394 5468 ascendere
2421 5427 2614 5468 currus
2642 5411 2779 5483 (45),

1398 5510 1577 5580 Atque
1600 5527 1787 5566 senum
1811 5512 2069 5581 praecepit
2091 5526 2260 5581 equos
2285 5511 2650 5567 conscendere
2690 5508 2923 5574 turbam,

1396 5608 1709 5662 Aseendant
1734 5608 1946 5662 asinum
1972 5606 2110 5673 bini,
2137 5606 2368 5678 denique
2395 5607 2661 5663 camelum
2689 5605 2801 5681 (46)
2836 5624 2850 5662 :

1398 5702 1453 5756 Si
1478 5717 1584 5759 non
1622 5702 1912 5775 sumciunt,
1943 5704 2199 5761 bubalum
2222 5705 2569 5761 conscendite
2594 5706 2752 5763 terni.

3706 304 3789 364 πο
