4032 6454
193 399 284 455 777

1207 394 1489 448 (.ARMEl‘
1530 393 1620 447 AD
1651 391 2028 448 ROBERTUM
2069 390 2325 447 REGEM.
2419 412 2434 420 ·

800 517 917 572 HS.
962 515 1126 571 Millla
1153 514 1303 570 mille
1331 513 1432 568 viri
1463 514 1763 584 procedunt
1787 524 1913 569 ante
1939 514 2168 584 quirites
2197 514 2331 583 (17).

966 613 1071 667 Res
1092 610 1270 681 agitur
1298 608 1443 664 ferro
1482 609 1652 663 ternis
1680 607 1886 679 prolata
1912 609 2100 664 diebus
2131 609 2264 678 (48).

973 702 1211 772 Signifer
1232 701 1285 755 in
1314 700 1492 755 medio
1521 714 1784 769 properus
1811 714 1916 753 non
1944 709 2177 754 stertere
2201 699 2342 770 coepi
2365 698 2475 770 (.59)
2504 714 2518 750 :

976 797 1205 852 Dissutis
1229 794 1408 859 malis,
1440 793 1623 848 ﬂatum
1649 793 1939 864 pugnando
1971 791 2155 864 rcjeci.

976 892 1192 958 Nescio,
1219 906 1314 962 per
1336 905 1587 958 superos,
1619 890 1872 944 manibus
1899 898 2031 959 quot
2055 887 2224 942 millia
2247 888 2439 953 stravi,

813 991 932 1047 150.
971 989 1184 1059 Jupiter
1207 989 1297 1042 ille
1328 987 1461 1041 duos
1492 995 1745 1042 numerat
1773 986 1997 1041 meliore
2026 984 2230 1056 lapillo.

973 1083 1189 1138 Tertius
1217 1081 1306 1136 ille
1331 1081 1431 1136 deo
1452 1079 1608 1134 Marti
1635 1096 1741 1135 non
1767 1080 1870 1136 rite
1893 1080 2122 1135 dicatur.

968 1177 1199 1248 Cuspide
1229 1187 1412 1231 trusus
1443 1191 1606 1245 equo,
1638 1175 1898 1230 vexillum
1926 1182 2084 1244 turpe
2104 1175 2320 1245 reliqui.

965 1267 1099 1325 Cum
1131 1268 1352 1339 reliquis
1389 1266 1624 1339 fugiens,
1652 1267 1911 1339 genitalia
1943 1282 2107 1335 regna
2135 1267 2319 1338 petivi.

967 1363 1092 1419 Haec
1115 1372 1330 1436 patrata
1359 1362 1503 1417 scias
1528 1363 1581 1416 in
1607 1362 1780 1432 prima
1811 1361 1931 1418 luce
1959 1361 2268 1416 Decembris
2306 1359 2438 1433 (50).

812 1460 935 1515 155.
973 1451 1088 1514 Hoc
1117 1458 1302 1512 itidem
1324 1457 1511 1512 Martis
1543 1457 1842 1514 tentabitur
1867 1465 1994 1511 ante
2023 1455 2314 1512 Kalendas.

972 1553 1174 1609 Militia:
1201 1554 1453 1624 princeps
1475 1553 1542 1608 ad
1571 1561 1623 1608 te
1649 1568 1747 1607 nos
1768 1548 1973 1623 Oytlelo
2002 1551 2170 1607 mittit
2195 1550 2330 1622 (5|).

957 1645 1033 1702 'l‘e
1057 1646 1337 1702 dominum
1367 1646 1758 1701 monachorum
1780 1643 2008 1700 bellicus
2033 1643 2168 1698 ordo
2196 1642 2430 1708 salutat;

956 1741 1225 1797 Admonet
1259 1741 1494 1796 invitans
1517 1740 1662 1795 acies
1691 1748 1753 1794 ut
1779 1738 1920 1794 bella
1945 1752 2208 1808 perornes

940 1836 1169 1908 Agmine
1195 1844 1516 1907 conseptus;
1549 1835 1862 1890 mamlatum
1895 1833 2143 1889 concitus
2165 1832 2330 1904 imple
2360 1830 2496 1904 (52).

787 1935 905 1990 160.
947 1934 1130 1990 Armis
1160 1942 1212 1990 te
1235 1934 1392 1988 decet
1419 1933 1546 1988 ante
1570 1932 1706 1988 mori
1738 1946 1900 2001 quam
1932 1946 2058 1985 rura
2093 1930 2338 1985 colendo.

941 2028 1154 2085 Mittere
1208 2027 1520 2099 perplures,
1552 2043 1713 2098 quam
1742 2026 1962 2082 frondes
1986 2024 2112 2081 Asia
2145 2025 2376 2097 spondet
2405 2023 2542 2096 (55),

942 2124 1130 2180 Africa
1158 2123 1331 2194 nigra,
1362 2122 1528 2178 maris
1557 2121 1769 2177 bibulas
1792 2137 1953 2192 quam
1979 2121 2129 2176 littus
2162 2135 2378 2186 arenas,

947 2217 1080 2272 Pars
1105 2217 1322 2285 Europa
1347 2215 1528 2270 minus
1550 2229 1656 2270 non
1681 2214 1855 2284 jactat
1879 2213 2042 2268 tertia
2074 2212 2284 2268 mundi.

947 2312 1088 2379 Quid
1121 2311 1217 2366 tibi
1239 2311 1344 2376 vis,
1371 2310 1574 2373 rabies.
1602 2310 1763 2366 tetris
1782 2303 2372 2380 dignissima'claustris
2391 2307 2542 2380 (54)?

799 2407 920 2461 165.
952 2406 1127 2477 Figite
1153 2420 1250 2476 per
1277 2419 1496 2476 corpus,
1522 2405 1694 2478 fugiat
1723 2421 1790 2461 ne
1813 2405 2034 2471 lividus,
2059 2420 2288 2476 ungues.

843 2503 906 2556 lt.
945 2502 1118 2558 Crede
1143 2501 1297 2567 mihi,
1331 2516 1435 2558 non
1461 2516 1549 2559 me
1585 2512 1674 2558 tua
1705 2505 1867 2559 verba
1898 2504 2162 2558 minantia
2192 2510 2398 2558 terrent
2423 2501 2556 2574 (55).

945 2597 1187 2652 Plurima
1215 2613 1305 2653 me
1327 2599 1511 2653 docuit
1534 2597 1884 2669 Neptanabus
1907 2597 1996 2654 ille
2025 2598 2283 2669 magister
2308 2597 2422 2670 (56)

946 2695 1196 2763 (Labitur
1221 2694 1341 2750 aula
1372 2694 1536 2751 tholis
1570 2695 1755 2750 rutilat
1774 2711 1895 2766 quae
1923 2695 2200 2765 splendida
2224 2695 2427 2766 fulvis).

852 2787 915 2842 P.
953 2787 1057 2843 Per
1084 2798 1266 2858 partes
1292 2788 1549 2844 scindunt
1577 2797 1783 2844 vestem
1812 2803 1976 2860 quam
2005 2789 2237 2858 quisque
2260 2789 2482 2844 tenebat
2507 2787 2640 2860 (57).

798 2881 918 2937 170.
951 2882 1186 2939 Credere
1211 2899 1339 2939 vera
1372 2872 1570 2940 dehinc
1602 2898 1768 2955 super
1794 2885 1880 2939 his
1905 2898 2004 2939 nec
2031 2882 2164 2940 falsa
2196 2885 2399 2939 notavi.

949 2976 1171 3034 Ordinis
1191 2987 1276 3032 est
1303 2978 1465 3050 igitur
1485 2979 1604 3034 haec
1631 2979 2042 3035 transformatio
2069 2980 2220 3048 regni
2243 2980 2378 3052 (58).

957 3075 1342 3146 Unusquisque
1363 3085 1541 3147 potest
1563 3076 1685 3132 aliis
1711 3075 2037 3147 conjungere
2067 3079 2258 3144 rebus;

955 3164 1090 3221 Sese
1115 3165 1259 3235 quod
1284 3173 1476 3220 natura
1499 3175 1664 3236 negat
1689 3165 1956 3237 sapientia
1985 3175 2276 3223 monstrat.

956 3261 1092 3331 Spes
1112 3261 1395 3332 iuvenum,
1425 3270 1653 3317 ventura
1683 3264 1828 3329 dies,
1858 3263 1951 3332 qui
1979 3263 2188 3319 discere
2214 3262 2408 3319 nolunt
2436 3262 2568 3333 (59).

793 3353 912 3408 175.
953 3351 1126 3408 Causa
1157 3369 1372 3420 senum,
1403 3354 1524 3409 sine
1548 3367 1643 3424 spe
1671 3353 1906 3424 pueriles
1930 3353 2190 3424 plangere
2212 3369 2431 3410 cursus.

954 3449 1220 3506 Omnibus
1245 3449 1302 3506 in
1327 3449 1516 3515 rebus,
1535 3450 1581 3507 si
1612 3451 1785 3506 solers
1806 3450 1988 3508 omnia
2015 3451 2211 3508 scirem
2229 3489 2246 3517 ,

958 3545 1102 3602 Heul
1137 3547 1305 3602 miser
1326 3544 1590 3618 insipiens
1615 3548 1759 3616 quod
1784 3563 1870 3603 me
1893 3563 2036 3604 nunc
2057 3549 2286 3619 pmnitet
2308 3555 2481 3619 urget.

957 3643 1073 3698 Non
1101 3650 1308 3699 rastros
1337 3642 1486 3707 novi,
1519 3657 1622 3697 nec
1646 3643 1825 3698 tristia
1850 3642 2031 3714 praelia
2061 3642 2196 3707 vidi,

957 3739 1065 3794 Res
1097 3736 1278 3794 mala:
1312 3736 1456 3806 quod
1487 3736 1600 3792 scio
1626 3736 1952 3804 defendunt;
1982 3739 2127 3808 quod
2153 3739 2338 3794 nescio
2372 3738 2570 3794 cedunt
2598 3735 2730 3809 (60).

809 3835 927 3889 180.
971 3833 1028 3888 Si
1059 3833 1139 3888 sic
1159 3831 1471 3903 contigerit,
1494 3846 1700 3886 vacuus
1720 3831 1945 3887 sulllabo
1973 3832 2182 3887 favillas
2205 3848 2218 3886 :

961 3924 1070 3979 Aut
1090 3925 1234 3996 regis
1261 3924 1494 3989 cineres,
1518 3931 1610 3978 aut
1635 3932 1852 3980 nostras
1876 3923 2016 3978 flaho
2038 3924 2325 3980 Cammnas
2357 3923 2491 3994 (61).

851 4023 918 4077 R.
961 4021 1018 4076 Si
1042 4021 1222 4077 Musas
1249 4019 1512 4086 celebres,
1540 4019 1777 4077 clament
1799 4021 2044 4076 musarde
2065 4021 2308 4076 sacerdos
2337 4021 2471 4091 (62).

854 4118 916 4172 P.
952 4118 1173 4174 Persius
1200 4117 1487 4187 indignans
1511 4125 1725 4185 promet
1754 4125 1865 4171 tum
1894 4116 2043 4172 lusca
2065 4119 2308 4172 sacerdos
2339 4117 2478 4189 (63),

969 4214 1072 4282 Qui
1102 4213 1251 4284 legit,
1286 4214 1429 4284 sapit
1452 4211 1687 4269 officium
1714 4228 1882 4269 musa:
1901 4213 2023 4269 sine
2055 4212 2242 4269 Musis.

825 4314 941 4370 185.
980 4311 1132 4366 Velle
1153 4310 1377 4378 bonum,
1402 4311 1576 4366 sacris
1596 4311 1690 4367 sed
1718 4311 1990 4366 delectare
2009 4310 2244 4382 loquelis

962 4407 1231 4462 lnstanter
1255 4407 1501 4476 cupiens,
1534 4407 1729 4462 horum
1757 4422 1865 4462 non
1899 4407 2186 4463 immemor
2210 4423 2448 4478 unquam

965 4499 1134 4553 Justis
1161 4498 1407 4553 inveniar
1434 4498 1651 4563 similis,
1685 4499 1788 4554 hoc
1807 4497 1989 4567 judico
2013 4513 2246 4568 semper,

968 4594 1119 4664 Eligo
1149 4607 1308 4648 nosse
1333 4595 1530 4658 Deum;
1564 4595 1774 4650 cunctis
1793 4593 2052 4663 praeferre
2081 4595 2223 4664 quod
2257 4603 2405 4664 opto.

973 4690 1238 4758 Pr05pera
1273 4689 1316 4744 si
1349 4689 1443 4743 tibi
1473 4698 1620 4756 sunt,
1650 4705 1754 4744 non
1780 4691 1973 4744 taedeat
1995 4689 2098 4745 hoc
2121 4691 2399 4746 reminisci
2429 4691 2565 4762 ((14),

834 4786 946 4844 190.
982 4786 1098 4840 Rex
1123 4800 1311 4857 regum
1348 4794 1514 4840 temet
1539 4794 1744 4855 quanto
1768 4787 1962 4842 ditavit
1985 4787 2209 4844 honore.

969 4881 1191 4936 Munera
1221 4882 1492 4937 concessit
1511 4883 1664 4952 prius
1684 4884 1938 4940 omnibus
1955 4884 2047 4939 his
2067 4885 2315 4949 meliora,

967 4979 1184 5034 Partem
1206 4994 1440 5050 namque
1459 4980 1566 5046 sui,
1588 4996 1708 5051 quae
1734 4996 1860 5050 pars
1887 4981 2152 5052 sapientia
2182 4996 2312 5037 vera
2338 4980 2450 5052 (65)
2482 4996 2497 5034 :

967 5070 1072 5125 Per
1099 5085 1262 5140 quam
1291 5071 1432 5126 scire
1453 5081 1610 5141 potes
1638 5087 1759 5142 qua:
1783 5082 1911 5127 sunt
1940 5071 2178 5126 caelestia
2207 5087 2442 5142 semper.

969 5165 1112 5232 Quid
1144 5165 1234 5232 sit,
1275 5165 1632 5231 Hierusalem,
1663 5167 1828 5222 debes
1853 5177 1907 5222 tu
1932 5167 2094 5232 scire,
2131 5180 2390 5236 superna,

833 5261 954 5317 195.
987 5261 1127 5327 Quid
1152 5261 1381 5330 lapides,
1409 5262 1574 5328 muri,
1597 5270 1787 5333 portae,
1809 5270 2082 5318 structura
2109 5262 2242 5332 quid
2271 5262 2383 5325 illa.

977 5358 1048 5413 Et
1073 5359 1272 5429 quibus
1295 5357 1386 5413 illa
1419 5371 1645 5414 manens
1664 5359 1738 5414 sit
1770 5357 1982 5412 civibus
2010 5357 2294 5422 aedificata,

971 5454 1176 5512 Ordine
1203 5453 1461 5510 distincto
1482 5455 1708 5523 regitur.
1741 5441 1848 5509 non
1874 5454 2049 5510 milite
2072 5469 2280 5526 pauco,

982 5551 1082 5606 Ast
1103 5550 1224 5606 aliis
1243 5549 1380 5605 alios
1408 5549 1630 5621 praefert
1647 5549 1884 5606 discreta
1906 5559 2168 5620 potestas.

975 5641 1196 5713 Singula
1229 5642 1475 5710 dissolvi,
1507 5649 1724 5712 propter
1750 5640 1965 5698 fastidia
1993 5642 2234 5712 longum.

707 5736 832 5791 200.
874 5736 937 5790 11.
979 5737 1134 5792 Scire
1162 5752 1338 5792 meum
1365 5737 1499 5793 nihil
1525 5747 1631 5803 est,
1653 5751 1870 5809 semper
1894 5736 1990 5794 sed
2018 5735 2268 5792 Numinis
2302 5736 2427 5790 almi

560 5854 834 5916 ΡΑτιιυι..
871 5853 1090 5916 CXLI.
1719 5847 1753 5880 "

3318 383 3420 446 T73
