4032 6436
1591 356 2075 414 Λωωεῐιοδιδ
2110 354 2412 412 EPISCOPl
2430 404 2439 411 .
2457 352 2940 410 LAUDUNENSIS

1419 477 1568 531 Meus
1604 471 1840 530 humana
1873 473 1984 529 Deo
2012 488 2226 543 semper
2257 473 2431 527 vicina
2462 471 2694 527 videtur.

1414 570 1527 623 Non
1559 584 1618 624 se
1642 582 1803 623 nosse
1833 568 1996 632 valet,
2024 567 2117 637 qui
2142 582 2248 621 non
2276 566 2391 621 vult
2420 567 2565 621 scire
2589 580 2753 636 supra
2781 580 2862 620 se.

1414 664 1504 717 Illa
1536 672 1727 735 potens
1749 671 1835 717 est
1859 662 2196 718 Hierusalem
2223 665 2400 734 (puto)
2423 662 2558 717 visio
2578 662 2752 732 pacis,

1410 759 1520 815 Rex
1559 774 1746 831 regum
1773 756 1911 830 regit
1932 759 2095 824 hanc,
2126 760 2385 815 Dominus
2410 760 2722 815 dominatur
2751 767 2807 815 et
2836 759 2931 814 illi.

1229 852 1354 906 205.
1400 852 1527 921 Ejus
1557 865 1678 905 cum
1710 859 1894 921 partes
1930 851 2032 906 sibi
2059 850 2271 918 dividit,
2297 859 2382 906 est
2411 851 2465 905 in
2498 851 2756 923 idipsum.

1412 949 1572 1003 Porta
1603 949 1785 1003 nitens
1810 947 1994 1019 aliquo
2021 962 2129 1002 non
2162 947 2433 1001 clauditur
2456 947 2562 1002 ulla
2592 945 2830 1001 metallo.

1412 1045 1512 1098 llic
1545 1045 1682 1097 muri
1708 1052 1837 1099 sunt
1858 1044 2065 1113 absque
2087 1044 2276 1113 petris,
2299 1043 2507 1113 lapides
2537 1044 2656 1096 sine
2686 1041 2823 1095 mur'

1411 1140 1529 1193 \‘ivi
1557 1151 1683 1193 sunt
1710 1138 1955 1209 lapides:
1989 1154 2183 1193 aurum
2214 1139 2346 1192 vivit
2370 1138 2693 1209 platearum.
2790 1186 2800 1193 .

1407 1236 1752 1306 Splendidius
1781 1236 2009 1290 rutilans
2029 1235 2228 1307 obryso
2256 1236 2501 1291 creditur
2524 1250 2659 1290 auro
2680 1275 2694 1299 ,

1243 1332 1367 1387 2l0.
1410 1332 1628 1387 Civibus
1654 1331 1937 1402 angelicis,
1968 1332 2246 1387 hominum
2274 1331 2503 1386 struitur
2531 1346 2751 1401 quoque
2780 1339 2976 1387 turmis
3002 1330 3136 1403 (66).

1405 1425 1538 1479 Pars
1562 1424 1807 1494 quaedam
1836 1434 2046 1494 regnat,
2074 1424 2321 1493 quaedam
2361 1438 2491 1493 pars
2510 1422 2682 1477 altera
2709 1432 2916 1492 sperat,

1400 1521 1519 1575 .lloc
1543 1531 1752 1575 tantum
1786 1521 1925 1586 scio,
1949 1520 2043 1574 sed
2071 1530 2235 1587 super
2263 1519 2352 1575 his
2382 1520 2590 1590 majora
2628 1518 2867 1589 requiro.

1300 1618 1362 1674 1’.
1403 1618 1668 1672 Assiduus
1690 1616 1860 1671 lector
1882 1616 1986 1671 sibi
2022 1614 2255 1685 plurima
2283 1630 2446 1672 nosse
2472 1624 2749 1687 peroptat,

1406 1716 1649 1784 Torpens
1671 1722 1727 1767 et
1751 1713 1958 1777 tardus,
1987 1711 2126 1768 solet
2156 1711 2445 1769 immemor
2467 1728 2587 1768 esse
2612 1713 2874 1782 priorum.

1233 1808 1357 1863 215.
1399 1808 1517 1863 Rex
1539 1806 1824 1879 Augustini
1853 1806 2047 1871 libros,
2072 1806 2289 1872 dilecte,
2333 1807 2552 1863 revolve
2582 1807 2694 1879 (67)
2727 1825 2740 1861 :

1407 1904 1546 1961 Urbs
1575 1905 1790 1960 excelsa
1821 1904 1913 1958 Dei
1936 1919 2056 1974 quae
2083 1903 2152 1958 sit
2184 1904 2385 1959 dixisse
2408 1904 2688 1973 probatur.

1298 1998 1367 2055 R.
1410 1999 1556 2063 luco,
1587 2011 1803 2068 precor,
1835 1996 1968 2051 mihi
1994 1996 2101 2062 dic,
2128 1996 2348 2064 pracsul,
2377 1997 2469 2066 qui
2502 1997 2614 2053 sint
2640 1996 2713 2053 ibi
2736 1996 2879 2053 latus
2901 1996 3013 2069 (68)
3033 2010 3062 2051 2

1300 2076 1303 2079 ﬁ
1404 2092 1580 2151 Princi
1599 2103 1842 2165 pares,et
1859 2092 1905 2149 si
1939 2094 2031 2164 qui
2063 2101 2191 2148 sunt
2226 2100 2282 2147 et
2310 2092 2363 2147 in
2395 2094 2608 2161 ordine,
2632 2102 2810 2165 palus.

1296 2191 1356 2247 Ρ.
1388 2192 1584 2259 Quaere
1611 2190 1926 2261 Dionysium
1950 2230 1964 2256 ,
1993 2189 2086 2259 qui
2117 2190 2317 2246 dicitur
2336 2191 2658 2261 Areopagita
2686 2191 2802 2262 (69)
2833 2209 2847 2245 :

1223 2290 1348 2346 220.
1403 2290 1493 2344 ille
1520 2290 1657 2345 duos
1687 2303 1854 2359 super
1881 2288 1965 2343 liis
1996 2289 2225 2345 desudat
2256 2289 2501 2344 scribere
2524 2287 2693 2342 libros

1397 2387 1624 2452 Przesul,
1656 2398 1713 2442 et
1743 2386 1831 2441 ille
1851 2401 2008 2442 sacer
2030 2385 2276 2455 loquitur
2296 2386 2594 2457 Gregorius
2621 2383 2749 2439 inde
2774 2384 2912 2455 (70),

1399 2482 1501 2538 Job
1532 2494 1741 2552 magna:
1771 2490 2028 2537 scrutans
2052 2483 2175 2537 ﬁdei
2208 2481 2431 2537 Moralia
2459 2481 2620 2552 regis.

1403 2575 1571 2641 Idem,
1607 2589 1914 2630 sermonem
1941 2574 2242 2643 complens,
2266 2573 2527 2644 explanat
2551 2580 2737 2643 aperte
2766 2571 2915 2645 (7t);

1336 2656 1363 2672 ’
1399 2672 1497 2726 Hic
1521 2681 1576 2727 et
1603 2672 1904 2728 Ezechielis
1932 2687 2095 2743 super
2124 2673 2211 2728 his
2239 2673 2295 2727 in
2328 2673 2436 2728 ﬁne
2462 2680 2732 2742 patenter,
2822 2664 2825 2677 '

1229 2769 1355 2824 2‘25.
1402 2770 1514 2824 lloc
1556 2770 1739 2839 apices
1760 2769 1881 2840 ipso
1908 2786 2049 2841 quos
2074 2770 2246 2826 Gallia
2271 2770 2447 2826 dante‘
2474 2769 2704 2840 recepit,

1403 2863 1618 2921 Visibus
1640 2866 1894 2922 humanis
1920 2882 2030 2922 non
2051 2867 2402 2939 estpraalatio
2427 2867 2573 2923 talis.

1399 2963 1528 3031 Quae
1553 2964 1625 3020 sit
1652 2964 1916 3031 dicemus,
1942 2975 2069 3035 post
2096 2968 2213 3022 hac
2242 2966 2474 3023 intentio
2507 2973 2695 3021 nostra

1398 3061 1657 3132 Mystica;
1686 3062 1979 3117 distinctus
2006 3062 2316 3133 disponitur
2341 3062 2477 3117 ordo
2500 3074 2768 3131 supernus
2792 3060 2905 3132 (72)
2937 3077 2958 3114 ι

1408 3151 1574 3220 tlujus
1596 3153 1664 3207 ad
1694 3153 1971 3223 exemplar
1998 3161 2248 3210 terrenus
2277 3154 2451 3209 fertur
2480 3153 2697 3208 haberi.

1247 3250 1373 3304 250.
1416 3250 1674 3305 Ecclesiae
1702 3250 1908 3306 veteris
1934 3251 2120 3322 populi
2147 3253 2248 3308 sub
2268 3252 2388 3323 lege
2416 3251 2695 3307 ministros
2721 3250 2836 3321 (75)

1407 3348 1660 3418 (Nomine
1679 3360 1801 3416 qum
1826 3346 2198 3417 perfunctorio
2228 3348 2515 3422 Synagoga
2546 3352 2800 3419 vocatur)

1400 3443 1504 3498 Per
1530 3442 1751 3513 Moysen
1784 3443 1927 3497 Deus
1958 3442 2216 3511 instituit,
2239 3459 2377 3514 quos
2397 3447 2590 3501 ordine
2621 3446 2763 3501 rexit

1401 3538 1654 3593 llistorim
1677 3547 1907 3591 narrant
1928 3552 2101 3593 sacra:
2137 3539 2231 3608 qui
2261 3539 2687 3594 constituantur.

1401 3634 1660 3690 Ecclesia:
1695 3650 1918 3706 regnum
1951 3635 2215 3690 caelorum
2245 3636 2446 3690 dicitur
2467 3637 2603 3690 ordo
2627 3635 2740 3708 (74)
2764 3652 2786 3690 ,τ

1235 3728 1364 3784 2'55.
1406 3728 1464 3783 lu
1493 3744 1597 3799 qua
1628 3729 1895 3798 disposuit
1922 3728 2152 3783 mundos
2177 3729 2318 3783 Deus
2345 3728 2459 3798 ipse
2488 3728 2789 3786 ministros.

1401 3824 1471 3878 Et
1499 3839 1636 3878 nova
1667 3824 1753 3879 lex
1786 3822 1918 3878 inibi
1950 3823 2150 3878 colitur
2178 3824 2278 3879 sub
2309 3824 2556 3896 principe
2590 3825 2813 3882 Christo
2853 3806 2943 3880 75‘

1403 3919 1519 3975 lloc
1544 3929 1593 3975 et
1622 3919 1936 3989 pontiﬁcum
1975 3919 2090 3974 ﬁxit
2112 3934 2342 3975 censura
2375 3921 2549 3976 ﬁdelis
2579 3921 2691 3994 (76)

1405 4016 1675 4084 Qualiter,
1707 4032 1736 4071 a
1763 4018 1940 4089 queis,
1970 4025 2025 4072 et
2049 4017 2237 4087 quales
2265 4017 2338 4073 ibi
2368 4018 2794 4073 constituantur.

1404 4113 1665 4170 Ecclesia:
1692 4123 1867 4170 status
1898 4116 2026 4171 hinc
2052 4115 2252 4170 fruitur
2285 4117 2329 4171 si
2363 4131 2494 4187 pace
2519 4117 2725 4188 quieta,

1234 4205 1361 4260 240.
1402 4205 1583 4275 Ipsum
1614 4206 1824 4278 legibus
1854 4215 1937 4262 est
1964 4216 2154 4278 aptare
2177 4223 2403 4263 necesse
2420 4208 2641 4279 ﬁduabus
2670 4208 2810 4280 (77),

1404 4298 1627 4363 Divinw,
1655 4314 1811 4368 quas,
1834 4299 2102 4366 humanm,
2129 4299 2388 4356 discretio
2420 4301 2639 4355 format.

1403 4390 1511 4446 Lex
1539 4393 1720 4448 divina
1744 4397 1859 4448 suis
1886 4403 2073 4464 partes
2094 4410 2201 4450 non
2235 4396 2429 4452 dividit
2462 4394 2599 4451 ullas
2625 4395 2763 4468 (78).

1406 4489 1629 4544 Format
1655 4505 1749 4546 eos
1771 4505 1962 4545 omnes
1983 4490 2182 4561 aequali
2206 4492 2542 4558 conditione,

1404 4586 1668 4651 Quamvis
1698 4586 1991 4642 dissimiles
2017 4587 2197 4657 pariat
2215 4596 2414 4644 natura
2444 4588 2530 4643 vel
2556 4588 2714 4643 ordo.

1236 4681 1361 4735 2i5.
1403 4682 1520 4737 Non
1556 4683 1734 4739 minor
1759 4683 1989 4739 artiﬁcis
2011 4698 2174 4754 quam
2198 4686 2342 4756 regis
2368 4685 2549 4755 proles
2582 4684 2788 4740 herilis.

1407 4780 1517 4836 Hos
1540 4783 1627 4851 pia
1655 4782 1739 4836 lex
1764 4783 1910 4836 omni
1944 4782 2218 4839 mundana
2246 4784 2408 4837 sorde
2434 4790 2743 4851 sequestrat
2767 4780 2901 4851 (79),

1407 4872 1522 4927 Νοιι
1552 4875 1807 4928 scindunt
1838 4883 2056 4935 terram,
2084 4888 2194 4928 non
2223 4882 2371 4929 stant
2395 4882 2517 4944 post
2549 4883 2704 4944 terga
2726 4873 3043 4942 iuvencum.

1410 4968 1640 5035 Vilibus,
1671 4972 1980 5035 arboribus,
2016 4972 2104 5024 vix
2135 4971 2309 5026 hortis
2332 4970 2745 5026 infamulantur.

1414 5058 1528 5112 Non
1559 5067 1685 5112 sunt
1709 5057 2018 5121 carniﬁces,
2045 5073 2343 5129 caupones,
2381 5074 2484 5114 nec
2509 5072 2577 5115 ne
2602 5059 2811 5115 subulci
2840 5057 2975 5130 (80),

1244 5154 1374 5209 250.
1417 5151 1704 5207 llircoruin
1730 5162 2050 5218 sectatores,
2084 5170 2192 5209 non
2216 5154 2507 5226 opiliones,

1410 5249 1520 5305 Nec
1550 5250 1795 5305 cribrant
1816 5249 2101 5316 Cererem;
2131 5252 2231 5306 hos
2255 5267 2364 5307 non
2395 5253 2584 5322 coquit
2602 5259 2765 5306 uncta
2791 5251 2990 5307 lebeta.

1412 5345 1587 5416 Terga
1612 5360 1769 5399 suum
1802 5360 1899 5416 per
1924 5349 2087 5401 dorsa
2116 5347 2279 5403 boum
2310 5360 2417 5403 non
2440 5362 2662 5418 serpere
2689 5357 2890 5420 cogunt
2914 5348 3048 5421 (81).

1411 5436 1530 5492 Non
1554 5445 1680 5491 sunt
1705 5435 1965 5499 lautores,
1999 5446 2357 5493 contemnunt
2389 5438 2602 5495 fervere
2632 5448 2810 5494 vestes
2840 5439 2977 5511 (82).

1412 5533 1520 5588 Sed
1549 5541 1757 5588 mentes
1790 5545 2025 5604 purgare
2053 5549 2180 5596 suas
2205 5543 2264 5590 et
2281 5549 2512 5607 corpora
2541 5535 2743 5592 debent
2766 5536 2884 5607 (85)
2915 5551 2932 5591 :

1248 5627 1374 5684 255.
1417 5627 1658 5683 Moribus
1686 5628 1888 5695 ornati,
1918 5631 2177 5685 custodes
2207 5638 2336 5685 sunt
2362 5630 2616 5687 aliorum.

1418 5725 1525 5780 Lex
1557 5734 1760 5781 aeterna
1796 5725 1887 5781 Dei
1919 5726 2000 5782 sic
2032 5728 2261 5783 mundos
2284 5729 2533 5798 praecipit
2556 5743 2701 5795 esse,

3722 363 3797 455 διδ
