4032 6392
248 328 347 385 781

1300 331 1586 386 CARMEN
1615 331 1706 386 AD
1735 330 2112 386 ROBERTUM
2139 329 2376 388 REGE)!

1023 441 1237 495 .udicat
1266 450 1518 509 expertes
1541 442 1752 497 servilis
1780 441 2126 494 conditionis.

1022 537 1132 590 Hos
1160 537 1301 590 Deus
1331 536 1556 591 adscivit
1577 551 1764 591 servos
1787 533 1911 598 sibi,
1935 534 2148 601 judicat
2173 533 2290 604 ipse
2325 551 2340 586 :

1020 627 1212 681 Castos
1235 636 1289 682 et
1317 627 1528 682 sobrios
1557 626 1622 680 de
1653 625 1808 680 etelis
1837 625 2082 678 clamitat
2112 638 2252 680 esse.

850 724 977 779 260.
1017 724 1188 780 Omne
1224 739 1393 796 genus
1414 725 1690 778 hominum
1720 732 1990 792 prteccpto
2013 721 2252 776 subdidit
2287 722 2393 776 illis
2423 721 2556 788 (8.4).

1017 814 1279 883 Princeps
1306 813 1576 882 excipitur
1605 811 1804 874 nullus,
1833 827 1955 866 cum
1985 811 2184 865 dicitur
2223 828 2390 864 omne.

1019 903 1164 970 Quos
1185 903 1336 972 jubet
1362 913 1418 955 ut
1445 904 1674 956 doceant
1702 911 1903 955 sectam
1933 915 2151 955 servare
2175 901 2386 955 ﬁdelem

1017 995 1086 1048 Et
1109 993 1276 1063 mergi
1313 993 1500 1047 doctos
1535 992 1672 1046 sacri
1698 991 1776 1046 sic
1806 991 1952 1045 fonte
1985 991 2183 1044 lavacri
2209 991 2342 1061 (83).

1017 1085 1312 1141 Constituit
1335 1084 1592 1148 medicos,
1624 1083 1669 1138 si
1697 1081 1920 1137 Vulnera
1953 1090 2403 1151 computruerunt
2427 1081 2561 1152 (86),

857 1176 983 1231 265.
1019 1175 1124 1230 Per
1153 1190 1288 1244 quos
1310 1188 1618 1228 sermonum
1648 1173 1883 1227 cauteria
1911 1180 2038 1227 sunt
2066 1171 2388 1226 adhibenda.

1021 1265 1280 1334 Corporis
1309 1263 1396 1317 iile
1424 1263 1504 1316 sui
1534 1269 1934 1317 sacramentum
1962 1260 2243 1330 sanguinis
2264 1270 2427 1331 atque
2450 1258 2562 1331 (87)

1021 1357 1189 1414 Jussit
1211 1373 1318 1428 quo
1339 1357 1485 1410 solus
1515 1363 1776 1410 tractaret
1800 1354 1902 1408 rite
1931 1355 2206 1409 sacerdos.

1022 1447 1252 1502 Maxima
1282 1446 1555 1501 commisit
1581 1459 1716 1515 quos
1743 1457 1800 1498 se
1829 1452 2066 1498 tractare
2095 1445 2442 1517 rogavit(88)
2467 1488 2482 1512 ,

1018 1539 1164 1596 Voce
1196 1541 1290 1596 Dei
1323 1543 1464 1612 quod
1497 1543 1822 1612 promissum
1847 1556 1953 1597 non
1980 1557 2103 1598 esse
2137 1552 2388 1614 negatum
2420 1544 2531 1616 (89)
2688 1618 2690 1620 ν

850 1629 978 1685 270.
1010 1631 1298 1688 Credimus
1327 1641 1382 1688 et
1407 1634 1628 1696 scimus,
1659 1634 1712 1688 ni
1742 1648 1877 1702 quos
1901 1649 1994 1688 sua
2025 1635 2253 1688 crimina
2285 1635 2619 1704 pelluntr"
2653 1635 2672 1663 ’ί

1023 1723 1080 1776 1η
1116 1724 1267 1778 cmlis
1293 1725 1499 1794 primas
1527 1725 1723 1778 debent
1753 1725 2118 1781 conscendere
2143 1726 2298 1780 sedes
2322 1727 2461 1797 (90),

1021 1811 1131 1867 llos
1160 1813 1316 1868 decet
1343 1815 1619 1884 evigilare,
1649 1815 1786 1869 cibis
1815 1823 1870 1870 et
1895 1829 2122 1884 parcere
2152 1815 2336 1871 multis
2357 1816 2493 1888 (91),

1019 1902 1124 1957 Pro
1153 1905 1331 1974 p0puli
1357 1920 1675 1975 semperque
1707 1905 1819 1960 suis
1841 1919 2001 1959 orare
2031 1904 2223 1960 ruinis.

1023 1992 1195 2046 Pauca
1224 2009 1387 2064 super
1407 1994 1622 2049 clericis
1650 1994 1782 2058 dixi,
1815 1993 1908 2048 sed
1938 1992 2090 2062 plura
2118 1993 2307 2061 reliqui
2331 1993 2469 2066 (92).

863 2083 987 2138 275.
1029 2082 1285 2152 Equales
1315 2083 1480 2153 igitur
1509 2090 1636 2136 sunt
1661 2095 1850 2136 onmes
1876 2081 2184 2135 conditione
2206 2080 2344 2152 (95),

1027 2172 1140 2228 Una
1170 2172 1363 2227 domus
1392 2172 1600 2226 Domini
1627 2170 1743 2239 lege
1769 2171 1816 2224 si
1841 2171 2112 2225 clauditur
2139 2185 2268 2224 una.

979 2335 982 2338 ἢ
1023 2263 1132 2318 Res
1160 2265 1278 2320 ﬁdei
1312 2263 1564 2334 simplex,
1595 2272 1770 2322 status
1795 2269 1880 2316 est
1911 2261 1960 2338 in
1987 2259 2181 2316 Ordine
2220 2261 2438 2331 triplex.

1022 2354 1132 2408 Lex
1158 2354 1393 2408 humana
1425 2348 1558 2406 duas
1587 2351 1774 2405 indicit
1799 2334 2139 2404 conditiones
2165 2349 2278 2420 (94)
2308 2367 2324 2403 :

1021 2444 1225 2498 Nobilis
1247 2453 1303 2497 et
1333 2459 1520 2497 servus
1542 2442 1701 2496 simili
1731 2455 1835 2494 non
1866 2439 1982 2510 lege
2021 2449 2294 2496 tenentur.

844 2535 968 2593 ⁴280.
1022 2533 1158 2587 Nam
1189 2532 1348 2600 primi
1379 2531 1485 2584 duo
1510 2539 1657 2593 sunt,
1680 2529 1816 2582 alter
1842 2527 2010 2598 regit,
2035 2528 2266 2598 imperat
2294 2527 2434 2584 alter
2461 2528 2606 2602 (95);

1025 2623 1264 2692 Quorum
1292 2629 1564 2690 prmcepto
1591 2619 1896 2688 respublica
1925 2617 2085 2673 ﬁrma
2112 2618 2346 2673 videtur.

1023 2716 1160 2768 Sunt
1183 2711 1296 2776 alii,
1327 2709 1512 2780 quales
1533 2707 1860 2778 constringit
1885 2707 2028 2761 nulla
2051 2715 2292 2776 potestas
2321 2707 2466 2780 (96);

1025 2803 1265 2860 Crimina
1293 2801 1338 2856 si
1363 2799 1594 2872 fugiunt,
1619 2815 1738 2868 qua:
1770 2814 1955 2869 regum
1982 2808 2199 2868 sceptra
2227 2809 2502 2855 coercent.

1027 2895 1089 2949 Hi
1115 2894 1433 2954 bellatores,
1465 2901 1670 2947 tutores
1695 2890 2083 2953 Ecclesiarum,

853 2989 978 3043 283.
1018 2985 1320 3040 Dclendunt
1345 2983 1489 3054 vulgi
1520 2983 1747 3060 majores
1771 2990 1930 3052 atque
1958 2982 2216 3047 minores,

1024 3079 1263 3133 Cunctos
1293 3087 1346 3130 et
1375 3091 1492 3130 sese
1510 3061 1676 3144 'i)‘:tr'ili
1710 3075 1788 3128 sie
1812 3090 1964 3129 more
1994 3083 2233 3130 tuentur.

1021 3169 1204 3223 Altera
1229 3182 1507 3222 servorum
1531 3167 1723 3221 divisio
1753 3165 2121 3222 conditionum
2147 3167 2282 3236 (97).

919 3261 984 3315 ῐὶ.
1023 3259 1134 3314 lloc
1163 3274 1332 3328 genus
1360 3256 1634 3321 amictum,
1662 3258 1736 3312 nil
1765 3257 2004 3326 possidet
2038 3237 2240 3327 absque
2270 3257 2472 3313 labore.

1023 3349 1153 3416 Quis
1181 3349 1350 3417 signis
1374 3349 1526 3402 abaci
1559 3349 1899 3402 numerando
1929 3357 2178 3402 retexere
2203 3349 2372 3418 possit

865 3441 992 3496 290.
1035 3441 1324 3495 Servorum
1347 3439 1606 3502 studium,
1638 3453 1850 3504 cursus,
1879 3446 2168 3507 tantosque
2198 3437 2450 3493 labores?

935 3531 996 3586 Ρ.
1035 3531 1368 3594 Thcsaurns,
1391 3529 1577 3594 vestis,
1604 3529 1815 3588 cunctis
1844 3537 1971 3583 sunt
1998 3543 2197 3598 pascua
2225 3531 2388 3584 servi.

1025 3621 1160 3676 Nam
1190 3621 1333 3675 valet
1363 3621 1626 3690 ingenuus
1653 3619 1770 3674 sine
1796 3621 1970 3674 servis
1989 3621 2174 3674 vivere
2201 3620 2401 3675 nullus.

1023 3714 1156 3768 Cum
1185 3711 1334 3766 labor
1357 3712 1619 3773 occurrit,
1647 3720 1894 3780 sumptus
1915 3721 1971 3765 et
1993 3711 2194 3766 habere
2222 3719 2506 3782 peroptant
2525 3751 2544 3776 ,

1027 3803 1140 3858 Rex
1170 3812 1226 3856 et
1251 3803 1538 3872 pontiﬁces
1566 3803 1738 3856 servis
1759 3802 1964 3857 servire
1985 3802 2258 3856 videntur.

858 3893 984 3948 293.
1022 3892 1269 3948 Pascitur
1289 3908 1318 3946 a
1349 3907 1506 3946 servo
1536 3893 1816 3953 dominus.
1843 3908 2002 3963 quem
2030 3907 2256 3962 pascere
2284 3901 2486 3962 sperat,

920 3985 982 4037 Β.
1021 3983 1308 4038 Servorum
1336 3983 1617 4053 lacrymae,
1653 3984 1888 4054 gemitus
1911 3999 2018 4038 non
2051 3984 2320 4039 terminus
2350 3985 2488 4040 ullus
2516 3984 2648 4054 (98).

918 4075 980 4128 Ρ.
1017 4075 1234 4144 Triplex
1259 4090 1388 4144 ergo
1417 4075 1514 4129 Dei
1540 4075 1732 4130 domus
1760 4085 1864 4136 est.
1894 4091 2014 4144 quae
2042 4075 2281 4130 creditur
2307 4089 2412 4130 una
2436 4075 2572 4146 (99).

1025 4165 1179 4220 Nunc
1203 4176 1362 4220 orant
1384 4166 1496 4230 alii,
1527 4177 1791 4236 pugnant,
1820 4166 2018 4236 aliique
2045 4166 2294 4220 laborant
2321 4185 2335 4219 :

1028 4257 1156 4323 Qua:
1185 4257 1286 4311 tria
1311 4267 1434 4311 sunt
1455 4258 1635 4323 simul,
1657 4267 1712 4312 et
1734 4259 2027 4314 scissuram
2060 4273 2165 4313 non
2191 4257 2488 4328 patiuntur.

850 4347 884 4400 3
920 4347 974 4402 0.
1030 4346 1201 4401 Unius
1228 4347 1402 4403 otIicio
1428 4348 1507 4403 sic
1540 4357 1722 4416 stant;
1751 4358 1973 4420 operata
2007 4349 2236 4403 duorum

1023 4437 1261 4492 Alternis
1298 4440 1505 4493 vicibus
1533 4442 1744 4495 cunctis
1768 4441 2032 4496 solamina
2065 4443 2330 4510 praebent.

1028 4529 1123 4582 Est
1153 4529 1317 4598 igitur
1339 4530 1564 4598 simplex
1597 4531 1716 4585 talis
1747 4533 2014 4587 connexio
2046 4533 2240 4601 triplex
2273 4551 2286 4563 ·

1025 4619 1115 4673 Sic
1140 4620 1222 4673 lex
1255 4619 1561 4688 przevaluit,
1593 4623 1673 4676 sic
1701 4625 1934 4678 mundus
1960 4639 2092 4690 pace
2121 4625 2346 4693 quievit.

1025 4712 1332 4767 Tabescunt
1365 4713 1532 4780 leges,
1563 4724 1616 4769 et
1645 4731 1744 4783 pax
1764 4714 1875 4784 jam
1904 4716 2092 4770 delluit
2119 4719 2317 4772 omnis.

863 4803 987 4856 305.
1026 4802 1300 4857 Mutantur
1329 4819 1508 4858 mores
1540 4805 1838 4869 hominum.
1864 4815 2108 4861 mutatur
2131 4816 2186 4862 et
2211 4809 2365 4872 ordo,

1022 4893 1136 4948 Rex
1157 4935 1172 4958 ,
1198 4903 1325 4948 tunc
1343 4893 1468 4962 jure
1499 4905 1648 4951 lenes
1672 4897 1915 4960 lancem,
1945 4909 2071 4953 tunc
2099 4901 2337 4970 protegis
2371 4902 2576 4964 orbem,

1029 4985 1309 5040 Proclivos
1333 4988 1487 5040 noxis
1513 5003 1636 5040 cum
1663 4987 1837 5058 legum
1867 4990 2092 5060 stringis
2124 4990 2370 5046 habenis.

921 5073 985 5128 lt.
1024 5074 1144 5128 Jam
1182 5085 1342 5145 caput
1380 5090 1508 5132 ecce
1538 5085 1685 5141 tuum
1715 5078 1956 5134 candens
1983 5079 2227 5134 imitatur
2253 5079 2459 5136 olorem
2483 5081 2628 5151 (100)

1027 5165 1151 5219 Ητιτο
1181 5176 1372 5220 natura
1397 5169 1694 5223 senectutis
1720 5169 1920 5224 dixisse
1951 5172 2232 5240 probatur.

863 5255 988 5310 510.
1025 5255 1261 5311 Credere
1292 5273 1397 5310 non
1431 5273 1622 5312 sanum
1655 5260 1778 5314 talis
1810 5263 2209 5332 natura.coegit
2234 5263 2403 5333 (101).

916 5347 976 5400 Ρ.
1012 5347 1193 5401 Altera
1220 5363 1304 5401 me
1325 5349 1584 5413 stimulat,
1615 5352 1766 5404 senio
1794 5366 1900 5406 non
1928 5353 2108 5408 deﬁcit
2130 5353 2220 5408 illa
2247 5354 2415 5424 (l02).

915 5438 980 5490 ιι.
1018 5438 1159 5504 Qnot
1189 5439 1391 5492 homini
1419 5439 1618 5494 dantur
1645 5442 2031 5497 naturae?Die!
2066 5443 2128 5499 P.
2169 5459 2183 5496 :
2220 5453 2352 5514 puto
2386 5445 2526 5500 binze
2550 5446 2716 5516 (105).

920 5527 986 5581 R.
1030 5529 1134 5582 Sed
1167 5538 1345 5584 tamen
1373 5530 1480 5590 his.
1509 5546 1644 5600 quas
1677 5533 2006 5604 multiplices
2038 5535 2144 5590 scis
2172 5550 2324 5602 esse,
2356 5536 2563 5592 duabus

1019 5621 1093 5674 Ex
1134 5622 1238 5685 his,
1263 5635 1382 5689 quae
1413 5621 1672 5692 loquitur,
1697 5626 1850 5694 cujus
1871 5627 1979 5680 sint
2011 5628 2175 5682 verba
2210 5641 2409 5696 repone
2437 5628 2604 5696 (HM).

859 5711 980 5764 315.
1021 5712 1420 5767 Grammaticus
1452 5715 1697 5778 simplex,
1727 5718 1920 5771 nedum
1948 5718 2264 5772 dialecticus
2298 5718 2413 5772 illex
2442 5719 2621 5783 “05),.

2701 1621 2704 1624 ~
2755 1589 2776 1637 ιζ

3369 346 3478 403 78‘!
