4032 6394
589 317 682 372 783

1535 305 2015 365 ADALBERONIS
2055 301 2361 358 EPISCOPI
2397 293 2881 354 LAUDUNENSIS

1363 423 1531 478 Valde
1562 420 1864 477 recordaris
1887 417 2192 472 studiorum
2221 427 2392 485 pauca
2415 427 2658 482 priorum

1258 515 1317 569 P.
1358 515 1460 582 Qui
1489 527 1714 584 parvum
1741 509 2009 573 meminit,
2042 522 2148 561 non
2177 504 2522 560 obliviscitur
2549 502 2728 558 omnis
2757 500 2906 572 (106)

1255 608 1321 660 ιι.
1361 606 1491 675 Ejus
1522 604 1613 674 qui
1643 601 1907 663 stimulat,
1942 599 2094 654 senio
2117 597 2298 652 nescis
2319 595 2593 650 reminisci
2619 593 2788 666 (107),

1253 698 1314 751 ῐ).
1354 697 1547 750 Dicere
1574 709 1695 764 qua:
1721 691 1922 746 nollem
1953 705 2072 754 rex,
2103 687 2412 742 infestantlo
2433 700 2712 758 perurges.

1188 787 1312 843 320.
1353 785 1589 857 Spiritus
1617 783 1708 838 hic
1726 789 1979 847 resonat;
2008 795 2116 834 non
2150 794 2238 834 me
2268 778 2542 833 dementia
2581 767 2795 846 terquet
2817 773 2987 846 (108).

1362 878 1420 932 Si
1453 883 1646 930 natura
1674 888 1862 929 senum
1891 871 2055 942 cogit,
2089 885 2195 924 non
2225 869 2414 939 culpor
2442 878 2599 924 acute
2627 868 2798 939 (109),

1359 967 1578 1022 Naturae
1610 966 1770 1019 finem
1794 979 1899 1019 non
1923 972 2129 1034 ponunt
2155 971 2270 1016 arte
2298 962 2457 1032 periti
2495 959 2666 1032 (110).

1365 1057 1646 1113 Artificem
1670 1055 1888 1124 quidam
1911 1055 2098 1108 dicunt
2128 1053 2306 1122 ignem
2332 1053 2631 1122 sapienter.

1358 1149 1456 1202 Est
1479 1148 1598 1203 aliis
1620 1155 1834 1210 natura,
1860 1144 1955 1198 Dei
1981 1143 2239 1212 praeclara
2263 1142 2533 1196 voluntas.

1196 1241 1326 1297 625.
1367 1239 1501 1295 Nam
1537 1250 1729 1292 natura
1757 1236 1853 1290 Dei
1879 1235 2022 1289 Deus
2043 1243 2126 1287 cst
2153 1251 2166 1287 :
2201 1234 2480 1288 hominum
2512 1245 2727 1303 quoque
2753 1246 2860 1288 non
2882 1232 2984 1288 sic.

1369 1331 1426 1386 Si
1454 1345 1582 1385 vere
1605 1330 1747 1383 Deus
1769 1335 1875 1388 est,
1905 1333 1990 1380 est
2016 1325 2370 1379 immutabilis
2398 1325 2561 1380 idem.

1361 1423 1652 1477 lmmutare
1681 1433 1836 1474 suum
1868 1418 2013 1487 quod
2042 1426 2097 1472 et
2125 1425 2228 1481 est,
2255 1431 2360 1470 non
2389 1416 2590 1470 desinit
2610 1429 2754 1471 esse.

1370 1513 1577 1568 Natura
1609 1509 1805 1566 summi
1827 1508 2026 1563 Patris.
2064 1507 2239 1563 Unum
2274 1507 2527 1577 quodque
2556 1515 2798 1562 creatum

1361 1604 1540 1660 Sumit
1563 1611 1834 1665 naturam,
1859 1615 1983 1654 cum
2014 1601 2250 1669 primum
2275 1600 2506 1668 suscipit
2533 1608 2734 1653 ortum.

1193 1697 1322 1752 650.
1363 1693 1694 1765 Corporibus
1723 1707 1844 1762 quae
1865 1690 2187 1761 junguntur,
2225 1704 2445 1746 sensum
2476 1690 2760 1760 patiuntur

1364 1789 1622 1857 Quaedam
1651 1803 1666 1840 :
1692 1795 1820 1841 sunt
1850 1785 1970 1839 aliae
1997 1784 2266 1855 quaedam,
2290 1798 2412 1853 qua:
2440 1798 2551 1838 non
2573 1777 2873 1854 patiuntur.

1364 1881 1432 1935 Et
1459 1879 1504 1935 si
1533 1885 1778 1934 mutatur
1811 1889 2031 1946 corpus,
2058 1883 2302 1929 mutatur
2329 1884 2385 1929 et
2407 1874 2496 1929 illa
2532 1893 2546 1929 ε

1367 1971 1503 2026 Cum
1534 1977 1796 2040 pereunte
1824 1967 1988 2036 perit,
2013 1981 2120 2035 quo
2147 1973 2436 2036 permanet
2465 1965 2555 2020 illa
2584 1972 2860 2030 manente,

1372 2061 1684 2132 Iunguntur
1709 2059 1827 2113 base
1855 2057 2217 2126 incorporeis,
2241 2059 2336 2112 sed
2363 2066 2419 2112 et
2448 2057 2622 2112 altera
2649 2058 2829 2113 rebus.

1198 2146 1327 2213 ἕξις.
1369 2152 1488 2206 Νοη
1515 2158 1746 2221 pereunt
1779 2149 1881 2204 illae
1913 2163 2033 2218 quae
2058 2162 2288 2218 corpore
2313 2163 2422 2202 non
2449 2148 2749 2203 sociantur.

1368 2243 1477 2299 Res
1506 2241 1739 2297 hominis
1759 2249 1956 2295 natura
1990 2238 2188 2309 duplex
2217 2239 2394 2295 reddit
2431 2239 2751 2309 duplicatas.

1368 2334 1610 2404 Corpore
1629 2332 1935 2402 junguntur
1955 2331 2214 2395 hominis,
2248 2330 2343 2385 sed
2367 2345 2558 2400 separe
2583 2331 2749 2386 ductu

1372 2426 1556 2481 Altera
1578 2423 1829 2494 jungitur
1852 2425 1974 2486 hac,
2000 2423 2093 2478 sed
2111 2431 2168 2478 et
2195 2422 2364 2476 altera
2381 2421 2631 2492 jungitur
2658 2421 2800 2477 illac.

1372 2516 1640 2586 Quidquid
1668 2516 1774 2570 erit
1795 2522 2010 2579 contra,
2035 2527 2141 2567 non
2174 2513 2310 2576 haec,
2346 2528 2452 2567 non
2486 2512 2574 2565 illa
2609 2511 2892 2581 probatur.

1203 2610 1328 2664 5i0.
1367 2607 1603 2672 Territa,
1633 2614 1884 2660 naturam
1911 2605 2109 2668 vitans,
2139 2602 2335 2658 effatur
2355 2603 2518 2658 asella
2549 2603 2716 2673 (111).

1375 2696 1561 2755 Passio
1589 2711 1709 2762 nec,
1739 2705 1933 2751 natura
1973 2697 2116 2764 sapit
2141 2711 2242 2750 nec
2277 2695 2520 2762 corporis
2542 2693 2672 2748 ulla.

1379 2790 1554 2846 Unam
1584 2803 1705 2858 quae
1726 2788 1873 2842 circa
1905 2795 2159 2842 versatur
2187 2787 2557 2858 cognitionem

1375 2879 1655 2949 Corporis,
1687 2893 1718 2932 a
1744 2886 1935 2932 natura
1970 2877 2132 2932 aliam
2157 2893 2263 2932 non
2295 2877 2526 2948 percipit
2556 2890 2796 2947 unquam
2827 2893 2840 2930 :

1381 2972 1489 3027 Sed
1517 2987 1678 3040 quam
1703 2985 1810 3025 non
1837 2970 2004 3034 novit,
2029 2970 2284 3040 cognosci
2319 2969 2496 3024 fertur
2521 2969 2590 3023 ab
2615 2967 2725 3022 illa.

1209 3064 1332 3118 515.
1375 3061 1738 3118 lntellectibili
1770 3075 1932 3116 sensu
1957 3069 2085 3115 sunt
2108 3061 2223 3115 haec
2243 3060 2508 3130 capienda
2537 3077 2552 3114 :

1382 3155 1525 3210 Sunt
1559 3153 1885 3220 intellectus,
1911 3167 2008 3222 per
2033 3166 2193 3221 quem
2218 3162 2516 3207 noscuntur
2545 3137 2777 3220 utraque
2795 3189 2812 3214 ,

1382 3246 1517 3300 Dico
1543 3244 1934 3307 necessarium,
1962 3242 2107 3312 quod
2134 3243 2390 3312 quaelibet
2409 3242 2581 3312 exigit
2601 3240 2828 3306 harum,

1396 3338 1726 3406 Argumenta
1749 3334 2067 3389 necessario
2092 3334 2346 3388 dicuntur
2373 3341 2430 3388 et
2456 3333 2580 3387 ista.

1275 3429 1342 3485 Β.
1383 3428 1591 3484 Cuncta
1611 3425 1932 3482 necessariis
1961 3432 2410 3495 argumentantur
2440 3425 2509 3479 ab
2538 3422 2694 3478 istis?

1123 3523 1248 3578 350.
1283 3521 1343 3575 P.
1389 3518 1613 3575 Malleus
1632 3519 1774 3572 alter
1803 3517 1980 3581 adest,
2003 3515 2094 3584 qui
2121 3529 2287 3570 causa
2315 3514 2614 3584 probabilis
2649 3514 2738 3570 hic
2765 3526 2872 3570 est.

1384 3609 1566 3664 Inveni
1593 3609 1734 3678 quod
1766 3606 2028 3677 disposui,
2062 3622 2169 3660 non
2208 3607 2494 3660 immemor
2515 3607 2732 3660 horum.

1387 3703 1622 3770 Eloquor
1653 3701 1704 3754 in
1728 3714 1988 3769 praesens,
2011 3707 2066 3752 et
2101 3699 2247 3767 quod
2274 3698 2590 3766 pronuntio,
2623 3713 2830 3752 verum.

1275 3793 1342 3848 R.
1383 3794 1536 3860 Quod
1569 3807 1674 3846 non
1705 3802 1790 3846 est
1814 3805 2024 3855 verum,
2059 3805 2163 3844 non
2191 3798 2274 3845 est
2297 3788 2380 3844 fas
2409 3790 2590 3844 dicere
2613 3804 2827 3854 verum,

1391 3883 1593 3938 Fabula
1628 3897 1735 3937 non
1759 3882 1960 3937 similat
1989 3895 2200 3943 verum,
2231 3896 2332 3936 nec
2361 3881 2560 3936 dicitur
2594 3895 2714 3936 esse
2754 3881 2925 3951 (112).

1107 3978 1233 4032 555.
1275 3975 1336 4030 P.
1379 3975 1456 4029 En
1493 3973 1602 4029 dixi
1629 3989 1839 4027 verum.
1866 3971 1988 4028 Scis
2009 3986 2114 4025 non
2137 3972 2401 4026 excedere
2427 3986 2634 4027 verum,

1390 4065 1574 4121 Naenia
1607 4064 1753 4119 nulla
1786 4079 1966 4118 meum
1992 4078 2093 4117 nec
2123 4061 2304 4117 fabula
2341 4063 2541 4118 mulcet
2575 4076 2816 4117 amorem
2842 4063 3012 4134 (U3).

1399 4157 1512 4212 Non
1536 4157 1615 4211 sic
1645 4165 1794 4226 gesta
1819 4155 1982 4221 scias,
2018 4154 2113 4209 sed
2143 4164 2343 4210 cuncta
2365 4159 2478 4224 geri
2509 4155 2752 4226 potuisse
2779 4171 2795 4210 :

1394 4247 1599 4303 Sistere
1626 4257 1820 4302 cuncta
1844 4245 2037 4311 velim;
2064 4247 2313 4337 quamvis
2341 4247 2441 4302 sub
2470 4246 2706 4301 themate
2739 4260 2893 4312 vero,

1403 4339 1502 4395 Hic
1534 4349 1712 4395 tamen
1735 4348 1818 4394 est
1845 4348 2002 4392 extra
2033 4338 2580 4408 quaedam-digressio
2609 4352 2850 4393 causam.

1228 4411 1352 4487 560.
1394 4432 1631 4502 Respicit
1659 4433 1726 4484 ad
1756 4444 2000 4494 causam,
2024 4444 2244 4484 causam
2267 4431 2362 4484 sed
2385 4430 2586 4484 dicitur
2606 4437 2782 4496 extra,

1394 4523 1437 4576 A
1467 4522 1685 4592 proprio
1712 4536 1875 4574 sensu
1911 4535 2019 4574 non
2053 4519 2168 4574 haec
2197 4519 2374 4574 aliena
2413 4520 2644 4574 videtur.

1398 4613 1550 4668 Finis
1571 4623 1625 4667 et
1647 4612 1881 4668 obiciam
1913 4611 2055 4680 sapit
2085 4627 2101 4665 :
2139 4620 2224 4665 est
2253 4626 2360 4664 non
2391 4610 2596 4675 fabula,
2623 4611 2720 4666 sed
2740 4623 2856 4664 res.

1401 4744 1414 4758 .
1462 4743 1477 4759 .
1523 4743 1537 4760 .
1581 4742 1596 4758 .
1636 4743 1651 4757 .
1687 4704 1986 4774 praecessit,
2018 4703 2201 4757 veniat
2228 4702 2509 4771 persuasio
2531 4702 2745 4772 juncta.

1400 4795 1551 4851 Nunc
1581 4811 1676 4865 pro
1699 4794 1815 4864 lege
1837 4794 1929 4849 Dei
1951 4795 2212 4848 certando
2237 4808 2334 4863 per
2366 4794 2550 4848 omnia
2579 4794 2726 4848 Patri

1229 4892 1350 4947 365.
1387 4889 1518 4948 lure
1537 4887 1818 4944 salutifero
1848 4887 2122 4956 sapientes
2153 4895 2209 4942 et
2234 4887 2499 4942 moderati
2529 4887 2698 4959 (114).

1405 4980 1633 5036 Praemia
1660 4979 1746 5033 vel
1776 4992 1964 5047 ptenas
1991 4986 2265 5047 quaerant;
2295 4977 2508 5032 ratione
2542 4987 2764 5048 potente

1404 5072 1705 5143 Accipiam,
1731 5070 1870 5139 aequi
1893 5068 1980 5125 vel
2009 5069 2137 5137 quid
2162 5069 2442 5138 patiantur
2471 5069 2641 5138 iniqui
2678 5086 2694 5123 :

1403 5166 1478 5220 De
1505 5163 1685 5218 dubiis
1710 5169 1946 5227 certent,
1971 5159 2038 5215 de
2063 5160 2228 5215 certis
2250 5175 2356 5214 non
2387 5160 2697 5216 dubitantes
2732 5177 2745 5216 τ

1408 5257 1475 5311 Et
1498 5255 1638 5310 mala
1673 5252 1967 5308 defendant
1997 5265 2012 5304 :
2043 5252 2267 5306 veniunt
2295 5253 2636 5308 extrinsecus
2663 5251 2750 5306 illa
2785 5251 2959 5326 (115).

1239 5351 1364 5405 370.
1401 5347 1648 5404 Oratoris
1684 5345 1826 5402 inest
1847 5342 1970 5410 tibi,
2001 5356 2118 5409 rex,
2144 5357 2401 5398 concessa
2430 5342 2661 5400 facultas
2691 5343 2859 5416 (116).

1407 5439 1562 5496 Nune
1593 5441 1956 5501 demonstras,
1988 5444 2103 5490 tum
2128 5434 2394 5490 deliberat
2417 5437 2553 5492 ordo
2567 5445 2877 5507 potentum,

1414 5529 1720 5586 Discutiens
1746 5526 2011 5583 afﬁrmate
2034 5539 2156 5581 cum
2178 5525 2444 5596 religiosis

1413 5621 1661 5691 Iudiciis,
1686 5636 1716 5675 a
1739 5634 1847 5690 quo
1870 5618 2082 5689 possint
2104 5632 2195 5672 res
2220 5617 2470 5672 inﬁciari.
