4032 6394
302 319 402 375 188

1334 312 1619 402 cannea
1653 348 1746 405 AD
1768 350 2149 415 uouemus
2189 320 2489 420 necem

936 447 1032 546 Δ..8.
1068 449 1339 511 Judlclum
1381 455 1579 529 duplex
1611 465 1858 535 sequitur
1882 473 2158 541 correptio
2191 474 2408 546 triplex.

902 536 1029 595 575.
1066 541 1241 599 Antea
1274 561 1362 603 res
1386 549 1577 619 quales
1603 556 1780 622 nobis,
1809 536 2115 629 translatio,
2147 536 2278 621 linis
2298 566 2471 641 (117),

1068 632 1137 688 Et
1162 635 1486 707 conjectum
1504 658 1613 713 quo
1632 645 2016 708 discernantur
2041 662 2274 726 oportet.

961 720 1023 779 P.
1061 723 1237 782 Causa
1263 744 1365 787 nec
1378 740 1474 809 ‘est
1501 733 1818 806 individuis,
1849 749 2029 800 tamen
2050 720 2136 802 est
2158 747 2427 818 specialis.

1065 814 1311 884 Quatuor
1335 822 1435 880 bas
1461 841 1570 882 non
1595 828 1863 899 invenies,
1886 849 2023 905 quas
2050 814 2205 896 hicce
2236 842 2471 911 requiris
2494 842 2646 914 (H8)

1064 906 1171 965 Sed
1199 920 1407 977 stratus
1434 925 1519 973 est
1539 933 1679 977 unus
1700 921 1904 995 legum,
1933 930 2210 987 contraria
2234 906 2477 991 sumens.

899 993 1025 1052 580.
1066 998 1134 1055 Et
1160 1016 1381 1061 causam
1412 1018 1734 1084 partemque
1760 993 1918 1072 suam
1938 1028 2071 1089 puto
2097 1020 2337 1093 desuper
2360 1038 2502 1091 esse,

1059 1090 1184 1149 Rite
1210 1097 1375 1165 pedes
1400 1102 1587 1170 posui;
1612 1106 1805 1178 surgit,
1831 1108 1959 1164 dum
1984 1110 2166 1184 ﬁgitur
2200 1090 2339 1171 alter
2366 1116 2540 1188 (119).

1009 1192 1017 1199 ’
1065 1182 1301 1245 Ᾱιέειίιηο
1332 1193 1477 1260 quod
1505 1194 1679 1267 tetigi,
1710 1214 1817 1255 non
1845 1215 1878 1256 a
1910 1182 2124 1260 ratione
2152 1182 2377 1263 recessi.

1060 1274 1307 1335 Pandere
1332 1297 1440 1339 non
1472 1287 1714 1349 moriens
1744 1306 1847 1348 nos
1872 1293 1990 1351 hate
2017 1304 2209 1351 natura
2240 1300 2420 1371 coegit
2445 1300 2599 1372 (l20),

1064 1364 1338 1429 Immerito
1364 1375 1577 1446 culpor,
1607 1378 1726 1437 haec
1752 1382 1805 1439 vi
1833 1386 1961 1454 quia
1998 1387 2179 1445 dicere
2210 1405 2374 1465 cogor

895 1453 1022 1514 583.
1062 1456 1201 1528 Quid
1227 1464 1322 1519 tibi
1347 1469 1602 1536 peccavi?
1629 1453 1989 1546 Naturreijura
2013 1480 2238 1551 replevi,

1060 1551 1230 1625 Digne
1259 1557 1513 1629 tristaris,
1544 1563 1638 1633 qui
1672 1580 1763 1622 rex
1788 1560 1995 1627 servire
2015 1571 2227 1643 juberis
2254 1573 2436 1647 (121),

1061 1645 1401 1711 Francorum
1427 1658 1658 1731 primus,
1685 1672 1743 1719 tn
1767 1679 1958 1725 servus
1984 1670 2036 1724 in
2068 1672 2281 1739 ordine,
2305 1689 2514 1746 regum.

1048 1739 1147 1797 llic
1171 1743 1309 1800 male
1336 1750 1608 1821 turbatur,
1636 1757 1731 1827 qui
1752 1774 1859 1814 non
1883 1775 1981 1817 sua
2014 1765 2180 1820 verba
2217 1777 2456 1823 veretur.

1056 1832 1299 1934 ’l-legnum
1327 1838 1661 1903 Francorum
1693 1865 1849 1923 reges
1875 1855 1977 1911 sub
2006 1865 2250 1928 tempore
2279 1870 2499 1929 patrum
2531 1861 2680 1934 (122)

887 1918 1010 1978 590.
1053 1923 1337 2018 §ubjugat,
1363 1942 1419 1988 et
1439 1950 1658 2010 semper
1675 1918 1893 2001 sublimi
1926 1947 2096 2018 pollet
2116 1918 2348 2018 bonore,

1058 2016 1265 2091 Regum
1288 2035 1503 2097 sceptra
1528 2040 1744 2102 patrum
1767 2016 1970 2096 nullius
2000 2051 2217 2113 sceptra
2237 2016 2496 2102 coercent
2538 2046 2688 2120 (125)

1054 2110 1295 2186 Quisque
1326 2120 1488 2191 regit,
1513 2125 1756 2194 gaudens
1781 2110 2353 2207 virtutibus,'imperat
2375 2153 2530 2210 atque
2545 2110 2729 2211 (121).

1049 2201 1309 2265 Novimus
1331 2209 1618 2282 imperium
1636 2216 1750 2286 jam
1774 2221 1991 2294 regibus
2012 2241 2135 2282 esse
2160 2201 2404 2300 fugatum
2440 2201 2590 2303 (125‘)

951 2290 1019 2399 l‘l.
1058 2294 1245 2365 Gratia
1269 2317 1415 2361 nunc
1439 2305 1688 2378 Summo,
1711 2327 1809 2382 per
1836 2290 1999 2386 quem
2028 2290 2257 2389 regnare
2280 2290 2507 2395 peropto
2539 2290 2712 2399 (126).

885 2380 1014 2442 595.
1050 2387 1168 2448 Non
1198 2396 1408 2454 meritis
1432 2403 1672 2459 concedo
1699 2380 1867 2474 meis;
1893 2411 1987 2466 sed
2011 2411 2173 2470 laude
2219 2419 2451 2485 perenni

1054 2480 1258 2551 Gloria,
1284 2486 1426 2555 laus,
1448 2503 1504 2549 et
1524 2493 1720 2565 bonos,
1747 2499 1922 2558 virtus
1948 2503 2021 2559 sit
2042 2480 2240 2563 cuncta
2269 2511 2512 2582 regenti;

1058 2571 1357 2669 Poplitibus
1382 2580 1534 2639 ﬂexis
1559 2588 1785 2658 supplex
1812 2608 1975 2664 quem
2011 2612 2228 2668 semper
2261 2571 2460 2669 adoro,

1053 2662 1125 2764 I-lt
1145 2668 1303 2724 nobis
1331 2670 1493 2729 liceat
1515 2675 1665 2748 leges
1687 2662 1912 2740 servare
1935 2662 2192 2755 paternas
2219 2688 2390 2764 (127).

971 2747 1032 2858 ιζ.
1068 2752 1181 2858 [fx
1203 2758 1386 2817 divina
1408 2773 1556 2821 vetat
1584 2782 1703 2838 quze
1729 2747 1955 2846 corrigit
1981 2777 2127 2834 inter
2153 2747 2414 2853 utrasque
2437 2782 2611 2858 (128),

911 2839 1033 2897 400.
1056 2842 1250 2951 :Altera
1288 2853 1575 2951 permittit,
1601 2857 1759 2929 jubet
1783 2839 1951 2921 altera
1983 2886 1997 2922 :
2028 2880 2264 2943 suntque
2288 2839 2545 2951 minores.

1048 2932 1245 2995 Iudico
1264 2939 1525 3010 majorem
1555 2963 1721 3022 quam
1744 2954 1965 3013 tradunt
1991 2932 2345 3031 posteriorem

1060 3026 1194 3050 ιω.-
1234 3047 1273 3050 μί
1328 3049 1333 3050 ν
1742 3047 1752 3050 -

1060 3026 1200 3135 111116
1224 3047 1451 3107 quaeque
1482 3047 1849 3106 necessarium
1872 3026 2122 3112 conferre
2146 3055 2362 3114 videtur
2394 3035 2568 3135 (129).

1051 3119 1135 3228 ,ἑά
1164 3139 1252 3226 res
1280 3131 1554 3199 pertineat
1575 3134 1762 3208 plures
1794 3156 1935 3212 qum,
1967 3160 2183 3218 semper
2209 3119 2435 3211 honeste
2458 3119 2594 3228 (150⁹
2613 3196 2631 3223 ,

1048 3210 1270 3272 Fortior
1293 3228 1347 3275 et
1372 3237 1710 3297 quaecunque
1729 3210 2047 3301 gravissima
2071 3239 2163 3307 sit,
2188 3210 2490 3302 teneamus.

803 3295 929 3353 405.
1063 3302 1279 3400 iudicet
1300 3295 1687 3387 omnipotens;
1718 3295 1929 3379 mecum
1954 3295 2250 3385 divina'sit
2275 3295 2390 3400 illa,

959 3390 1023 3448 P.
1062 3394 1306 3470 Undique
1334 3418 1439 3473 pax
1464 3405 1605 3462 bona
1636 3420 1761 3480 post
1790 3417 2114 3486 certamina,
2147 3390 2389 3492 postque,
2404 3421 2620 3482 labores
2643 3426 2833 3503 (ibi):

1048 3485 1117 3543 Et
1144 3498 1319 3549 status
1347 3494 1605 3553 Ecclesia:
1630 3515 1730 3573 per
1752 3517 1812 3559 se
1835 3519 1933 3562 sua
1956 3504 2081 3576 jura
2101 3485 2334 3565 (tenebit.

1046 3580 1380 3656 Descriptas,
1405 3599 1460 3647 et
1481 3607 1588 3648 non
1620 3593 1758 3652 alias
1780 3600 2083 3669 respublica
2105 3601 2254 3674 leges
2277 3606 2426 3679 (152)

1049 3670 1334 3732 Possideat
1364 3695 1379 3735 :
1413 3695 1514 3737 sua
1540 3698 1706 3756 regna
1728 3685 1962 3745 Basilius
1987 3700 2045 3746 et
2072 3670 2575 3770 Benedictus'(153)

882 3758 1008 3818 410.
1043 3761 1345 3825 Observent
1372 3789 1388 3827 :
1421 3780 1662 3845 teneant,
1691 3779 1952 3852 quidquid
1973 3798 2071 3839 sua
2099 3800 2263 3857 regna
2282 3758 2575 3856 jubebunt'.

1047 3854 1339 3918 Pontiﬁces
1377 3878 1616 3936 unquam
1648 3869 1928 3928 celebrent
1958 3890 2066 3930 non
2100 3854 2225 3932 rura
2258 3854 2514 3953 deinceps
2545 3883 2717 3957 (154).

1042 3945 1147 4013 ,δίο
1172 3965 1271 4007 sua
1286 3951 1413 4022 jura
1447 3964 1654 4022 tenent,
1681 3960 1727 4016 si
1754 3975 1861 4017 non
1891 3965 2092 4020 ruralia
2114 3976 2326 4024 curent.
2644 3970 2651 3977 “

1042 4037 1274 4099 Iustitiae
1302 4046 1545 4118 regimen
1576 4062 1765 4109 noster
1793 4070 1901 4111 non
1941 4059 2137 4114 audeat
2158 4061 2293 4117 ordo
2315 4062 2465 4136 (155)

1049 4129 1346 4206 Linquere,
1374 4140 1471 4195 sed
1499 4142 1625 4199 totis
1653 4158 1868 4219 semper
1890 4161 1948 4203 se
1974 4149 2184 4206 nisibus
2208 4129 2399 4223 aptet:

882 4218 1008 4277 415.
1048 4223 1357 4285 Constituat
1374 4230 1570 4302 justos,
1605 4244 1661 4291 et
1683 4253 1788 4293 non
1813 4254 1913 4310 pro
1946 4241 2063 4313 lege
2089 4218 2319 4314 capaces
2348 4244 2496 4318 (156)

1056 4313 1319 4375 Rectores
1349 4320 1593 4392 inopum,
1622 4327 1882 4403 miserum
1903 4347 2113 4389 necnon
2144 4336 2444 4403 viduarum,

1042 4404 1233 4466 Nullus
1261 4411 1330 4467 ad
1357 4413 1643 4473 ecclesiam
1666 4420 1841 4478 noctis
1868 4423 1971 4480 nisi
2001 4433 2242 4498 tempore
2264 4439 2451 4501 pergat
2476 4430 2633 4513 (157),

1044 4493 1131 4553 ire
1157 4503 1358 4571 semel;
1393 4504 1556 4561 liceat
1582 4512 1795 4568 cunctis
1821 4526 1984 4570 orare
2011 4493 2201 4573 diebus
2224 4493 2396 4591 (1—58):

1021 4588 1281 4659 .Judicet,
1311 4603 1368 4651 et
1396 4606 1603 4667 spectet
1627 4612 1923 4670 praesentes
1951 4616 2118 4676 atque
2148 4588 2363 4665 futuros
2385 4611 2562 4685 (159).,

884 4678 1006 4735 421).
1050 4680 1155 4738 Pro
1176 4685 1386 4742 meritis
1411 4703 1602 4746 omnes
1628 4705 1909 4752 assumant
1938 4697 2360 4757 emolumentum
2391 4678 2541 4777 (MO)

1039 4772 1317 4846 (Excipiar
1335 4778 1484 4835 solus
1510 4792 1689 4839 vestra
1717 4801 1840 4842 cum
1867 4788 2057 4860 pace),
2089 4791 2293 4847 ﬁdeles.

986 4882 993 4889 '
1045 4867 1310 4939 Septenas
1338 4871 1512 4943 liceat
1527 4873 1717 4933 laudes
1739 4879 1988 4948 proferre
2017 4898 2116 4953 per
2143 4883 2307 4940 horas
2327 4884 2500 4959 (Ml).

1040 4958 1225 5016 Hostia
1252 4979 1377 5020 cum
1402 4967 1544 5023 votis
1572 4967 1738 5043 (“2).
1772 4971 1841 5029 11.
1872 4973 2000 5062 llaec
2016 4977 2087 5032 sit
2115 4978 2402 5047 permissio
2433 4981 2613 5040 Patris
2638 4985 2806 5062 (M3),

1037 5050 1170 5106 Cum
1198 5051 1412 5125 Ligeris
1433 5056 1694 5115 Calabros
1723 5061 1953 5118 tentabit
1973 5063 2179 5137 lingere
2210 5082 2431 5140 campos

855 5141 981 5197 425.
1024 5143 1090 5198 Et
1119 5153 1332 5203 torrens
1360 5147 1538 5227 Tigris
1568 5150 1863 5222 Hispanica
1894 5158 2099 5227 ceperit
2126 5173 2275 5216 arva.

1022 5234 1191 5291 Etna
1224 5253 1377 5294 rosas
1406 5224 1529 5295 cuin
1561 5245 1824 5311 producet
1851 5246 1937 5301 vel
1961 5224 2075 5303 lilia
2098 5258 2369 5321 stagnum.

990 5370 997 5375 .
1029 5324 1178 5381 Talia
1215 5329 1263 5382 si
1294 5329 1517 5385 veniunt
1544 5351 1557 5386 :
1590 5333 1744 5390 Tunc
1771 5336 1889 5394 hiec
1914 5347 2144 5396 ventura
2176 5342 2364 5399 timeto

1015 5417 1206 5476 Gratia
1234 5422 1523 5480 conﬁrmet
1550 5432 1604 5481 te
1627 5429 1823 5498 praesul
1850 5429 2124 5488 Adalbero
2149 5434 2384 5503 Christi;
2490 5440 2497 5443 '

1017 5508 1211 5567 Nostra
1241 5513 1402 5569 simul
1433 5532 1447 5569 :
1481 5517 1677 5574 merito
1703 5518 1871 5590 regali
1899 5535 2126 5578 munere
2151 5525 2369 5595 dignus,

858 5600 980 5656 450.
1020 5600 1137 5658 Non
1169 5604 1295 5675 quia
1326 5605 1540 5666 deliras.
1569 5609 1663 5667 sed
1687 5609 1845 5669 nobis
1866 5612 2182 5686 allegorizas
2209 5616 2361 5688 (144)

3445 360 3667 447 ηδ,
