4032 6392
271 323 377 384 789

1230 321 1513 379 CARMEN
1551 323 1644 378 AD
1681 322 2065 383 ROBERTUM
2098 324 2336 384 REGEM
2373 324 2607 403 NOTAE.

3328 328 3529 385 .790

263 435 426 493 sicttti
455 434 658 492 Claber
685 433 953 491 Rodulfus
971 441 1028 491 et
1060 432 1345 491 Aimoinus
1359 436 1577 500 docent,
1601 437 1668 491 ad
1694 437 1848 507 jnve—
1875 441 1925 502 Α
1952 439 2253 512 Cerberga,
2296 457 2361 496 ex
2404 410 2677 496 Ludovico
2708 452 2834 510 rege
2860 438 3193 496 Francorum
3230 448 3532 512 posteriore

264 541 391 582 nem
415 542 585 582 senex
607 526 945 597 composuit:
994 525 1076 581 sic
1103 526 1251 581 enim
1278 526 1348 582 de
1372 542 1432 583 se
1460 528 1578 598 ipso
1606 528 1770 585 refert
1795 548 1807 583 :

265 617 399 689 Regi
427 618 652 674 Roberto
672 620 749 673 sic
770 619 965 689 μνωεαί
998 619 1259 676 Adatbero
1290 620 1483 687 scribo,

267 706 529 764 I‘rtesulis
556 710 612 763 in
640 702 809 765 senio.

336 799 430 856 Sic
459 801 524 855 de
555 801 796 856 Roberto
819 816 947 872 rege
969 800 1325 869 Francorum,

262 887 429 945 Flore
444 892 736 960 juventutis
762 902 854 946 tua
873 893 989 962 jam
1017 892 1305 963 resplendet
1332 893 1527 965 imago.

334 983 466 1038 item
494 982 562 1037 de
588 983 707 1053 ipso
731 984 1027 1040 Rotbertus
1051 1001 1066 1039 :

255 1071 391 1127 Jam
420 1084 575 1143 caput
604 1076 760 1129 hocce
788 1085 935 1129 tuum
966 1076 1193 1130 candens
1214 1076 1456 1130 imitatur
1483 1075 1702 1131 olorem.

333 1164 469 1223 Cum
503 1175 682 1223 autem
710 1169 822 1239 regi
857 1168 1123 1225 Rotberto
1147 1171 1388 1227 scribere
1415 1186 1475 1226 se
1504 1171 1650 1225 dicat
1680 1167 1850 1224 Adal-

255 1258 426 1326 bero,
458 1275 638 1332 regem
664 1260 990 1317 Rotbertum
1018 1264 1221 1333 ubique
1246 1264 1582 1333 alloquatur,
1609 1261 1853 1332 liugonis

254 1367 396 1409 vero
427 1354 629 1408 nullam
654 1369 883 1424 usquam
908 1356 1239 1411 mentionem
1264 1356 1448 1420 faciat,
1480 1363 1705 1427 apparet
1731 1363 1854 1426 post

252 1459 466 1499 annum
496 1444 701 1500 Christi
733 1446 839 1503 998
870 1460 966 1502 seu
1004 1454 1127 1516 post
1165 1447 1407 1518 Hugonis
1440 1449 1580 1515 regis
1610 1446 1850 1500 Francov

254 1547 387 1587 rum
436 1533 684 1590 Rotberti
732 1536 907 1606 patris
942 1538 1152 1591 obitum
1193 1553 1416 1593 carmen
1471 1539 1613 1594 istud
1663 1538 1731 1591 ab
1786 1550 1852 1590 c0

255 1638 388 1678 esSe
407 1625 795 1695 compositum,
818 1625 1048 1682 Otlilone
1068 1626 1390 1684 Cluniacum
1425 1638 1668 1699 regente,
1692 1625 1848 1696 cujus

255 1716 478 1771 abbatis
521 1719 792 1784 meminit,
841 1734 1003 1789 quem
1052 1729 1271 1775 constat
1316 1721 1531 1789 Maioio,
1561 1735 1705 1775 anno
1748 1719 1852 1773 Do-

1950 530 2068 584 viro
2095 547 2192 586 suo
2222 532 2367 601 regis
2404 531 2735 587 Francorum
2768 529 3014 586 Lotbarii
3045 539 3240 596 mater,
3272 530 3529 586 Ludovici

1948 622 2094 688 avia,
2123 631 2278 692 pater
2322 622 2540 693 quidem
2570 620 2817 677 Rotberti
2848 622 3021 677 nostri
3066 620 3239 691 ilngo,
3288 631 3398 676 tam
3432 621 3534 676 Lo-

1951 714 2112 770 tharii
2162 716 2306 787 regis
2363 714 2699 770 Francorum
2743 728 2906 785 quam
2953 712 3168 782 Otlonis
3214 713 3255 771 ll
3300 714 3532 784 Augusti

1951 805 2308 861 consobrinus
2339 804 2579 869 exstitit;
2622 805 2736 875 ipse
2766 813 2945 859 autem
2975 804 3299 867 Rotbertus,
3338 814 3392 858 et
3422 803 3532 856 Lu-

1950 894 2173 949 dovicus
2201 894 2442 949 Lotltarii
2472 893 2637 960 ﬁlius,
2678 894 2771 964 qui
2817 894 3039 950 ultimus
3084 892 3533 964 Carlovingorum

1952 988 2092 1057 apud
2125 986 2364 1041 Francos
2395 986 2673 1056 regnavit,
2701 986 3046 1040 consobrinis
3089 985 3256 1054 geniti
3290 984 3371 1040 vel
3404 1000 3535 1039 con-

1950 1077 2300 1133 sobrinorum
2338 1076 2432 1132 lilii
2464 1074 2637 1132 fuere.
2672 1076 2853 1143 Quare
2882 1076 3081 1132 merito
3119 1075 3340 1147 subjicit
3373 1074 3535 1133 Adal—

1950 1171 2081 1223 bero
2105 1183 2120 1221 :

1951 1258 2237 1316 Stemmata
2272 1260 2524 1315 nobilium
2552 1260 2871 1316 descendunt
2898 1260 3159 1331 sanguine
3191 1277 3395 1332 regum.

1953 1350 2032 1421 (4)
2073 1350 2176 1403 Lac
2198 1350 2521 1429 tibi-augenti
2552 1350 2643 1404 dat
2673 1351 2853 1404 nutrix
2878 1349 3266 1420 induperatrix.

2021 1439 2299 1494 Adelaidis
2346 1439 2590 1510 llugonis
2640 1440 2782 1510 regis
2801 1439 3163 1495 'Francorum
3197 1455 3357 1505 uxor,
3405 1440 3537 1497 Rot-

1953 1529 2092 1586 berti
2138 1532 2311 1587 nostri
2353 1539 2555 1597 mater,
2604 1530 2831 1587 forsitan
2877 1547 2977 1600 pro
3019 1532 3205 1603 regina
3230 1534 3538 1602 imperatria:

1951 1631 2199 1686 vocatur,
2251 1624 2320 1677 ab
2368 1622 2713 1681 Adalberone
2759 1624 3081 1693 improprie,
3139 1633 3198 1679 ut
3247 1624 3401 1694 [iugo
3456 1625 3539 1679 vir

1952 1711 2070 1781 ejus
2115 1714 2337 1768 domnus
2390 1710 2555 1783 litigo.
2596 1714 2863 1783 Augustus
2909 1714 3089 1770 dictus
3123 1722 3209 1769 est
3255 1729 3352 1784 pro
3410 1730 3539 1783 rege

256 1807 396 1861 mini
428 1807 567 1875 994,
612 1808 828 1865 Otlonis
872 1810 940 1865 ΙΙΙ
965 1852 980 1876 ,
1013 1811 1226 1881 imperii
1279 1830 1361 1874 XI.
1406 1828 1440 1867 v
1484 1812 1607 1867 ldus
1659 1810 1847 1874 Maias,
1883 1798 1924 1857 Β
1954 1804 2007 1858 in
2036 1804 2265 1875 synodo,
2294 1820 2437 1859 anno
2466 1804 2564 1859 991
2614 1803 2797 1859 habita
2842 1805 2895 1859 in
2942 1805 3165 1861 basilica
3206 1804 3390 1860 Sancti
3432 1805 3535 1860 lla-

255 1904 483 1952 mortuo
552 1901 905 1956 successisse.
969 1900 1239 1961 Castorum
1300 1902 1559 1959 Azclinus
1614 1903 1848 1958 amicum

256 1996 466 2055 praner
514 1997 744 2045 caeteros
784 1990 972 2046 habuit
1009 1992 1327 2049 Fulbertnm
1389 1994 1690 2049 Carnutum
1731 1993 1846 2063 epi-

254 2093 512 2147 scopum,
549 2080 643 2149 qui
672 2080 872 2150 ipsum,
895 2083 951 2137 in
981 2083 1208 2152 epistola
1243 2084 1347 2151 45',
1395 2085 1599 2139 clarum
1635 2083 1852 2137 Laudu—

257 2172 505 2225 mensium
552 2172 839 2242 prtesulem
882 2175 1154 2245 appellat,
1206 2185 1253 2231 et
1304 2193 1551 2246 ntagnum
1591 2173 1848 2230 Patrem:

271 2273 551 2334 rogatque
579 2265 826 2322 eumdem
846 2308 861 2332 ,
900 2269 987 2323 cui
1019 2268 1158 2323 Deus
1202 2269 1328 2323 bene
1362 2268 1621 2323 suadendi
1648 2269 1851 2336 copiam

265 2355 738 2424 incomparabilem
777 2360 939 2422 dedit,
976 2369 1032 2414 ut
1077 2376 1247 2431 regem
1273 2361 1459 2415 excitet
1491 2361 1561 2413 ad
1586 2360 1851 2415 vindican-

264 2444 403 2501 dam.
416 2447 701 2503 subdecani
721 2452 803 2504 sui
826 2451 1043 2505 cwdem.
1061 2451 1288 2506 Amalus
1310 2459 1394 2508 est
1417 2460 1472 2507 et
1492 2467 1521 2505 a
1543 2450 1849 2517 Guillelmo,

268 2537 673 2605 Aquitanorum
698 2541 835 2596 duce
854 2551 910 2597 et
930 2542 1131 2599 comite
1153 2542 1497 2598 Pictavorum
1518 2583 1533 2609 ,
1558 2558 1589 2598 a
1614 2558 1721 2599 ouo
1744 2558 1852 2599 non

265 2643 401 2683 raro
425 2628 636 2684 litteras
655 2633 886 2701 accepit.

264 2718 349 2786 (2)
375 2717 632 2773 Fratrum
662 2720 1006 2779 Laudunicus
1028 2725 1182 2793 ordo,

265 2807 402 2863 Flos
422 2809 676 2879 juvenum
701 2813 1005 2887 [ructusque
1034 2833 1216 2873 senum
1246 2827 1296 2874 te
1316 2828 1487 2875 mente
1510 2819 1728 2874 salutat.

343 2902 459 2957 lioc
488 2914 594 2972 est,
639 2905 1015 2964 Laudunensis
1058 2907 1316 2964 Ecclesia:
1353 2909 1564 2976 clerici,
1591 2925 1711 2965 cum
1742 2923 1859 2962 ma-

263 2993 413 3062 jores
446 3004 557 3050 tum
584 2997 823 3053 minores
845 3038 859 3059 ,
897 3000 992 3069 qui
1019 2999 1218 3056 fratres
1243 3002 1295 3055 in
1324 3000 1544 3057 Christo
1571 3002 1677 3055 mei
1706 3010 1853 3066 smtt,

268 3095 325 3138 te
352 3100 459 3141 non
487 3087 669 3159 lingua
699 3090 796 3145 sed
826 3090 969 3146 votis
997 3106 1064 3147 ex
1089 3095 1271 3148 animo
1296 3092 1561 3149 salutant;
1584 3093 1851 3161 Seniores,
1894 3089 1902 3161 ξ

1951 1895 2069 1965 soli.
2103 1895 2270 1966 Cujus
2312 1896 2505 1967 synodi
2546 1896 2803 1950 Actorum
2838 1897 2940 1952 hoc
2976 1905 3062 1952 est
3093 1897 3338 1952 initium:
3378 1917 3394 1948 ι
3423 1899 3538 1952 Au-

1954 2004 2024 2043 no
2066 2004 2099 2041 v
2147 1989 2297 2060 regni
2352 1990 2419 2044 ab
2487 1989 2860 2045 incarnatione
2923 1990 3133 2046 Domini
3193 1991 3362 2046 nostri
3412 1990 3539 2046 Jesu

1951 2079 2156 2136 Christi
2205 2080 2447 2153 liugonis
2494 2080 2747 2151 Augusti,
2796 2090 2851 2137 et
2898 2081 3339 2138 excellentissimi
3393 2084 3540 2152 regis

1954 2172 2225 2241 Rotberti,
2256 2179 2583 2243 congregata
2612 2183 2695 2227 est
2724 2172 2961 2244 synodus
2991 2173 3043 2227 in
3088 2172 3339 2227 Remensi
3385 2175 3542 2227 terri-

1956 2266 2117 2320 torio.
2151 2284 2170 2318 ι
2222 2264 2313 2319 Sic
2351 2264 2420 2318 ab
2467 2262 2747 2334 llelgaldo,
2796 2264 2849 2317 in
2894 2263 3088 2337 .capitc
3133 2263 3199 2317 15
3247 2262 3542 2318 Rotbertua

1954 2364 2159 2421 noster,
2197 2354 2481 2409 amborum
2534 2353 2703 2418 filius,
2744 2350 3079 2413 Francorum
3120 2353 3406 2421 imperator
3441 2367 3540 2421 ap-

1955 2447 2211 2518 pellatur,
2250 2444 2367 2511 ejus
2397 2446 2553 2500 minte‘
2600 2441 2931 2510 imperiales,
2970 2442 3147 2513 jussio
3176 2443 3537 2512 imperatoria.

1956 2543 2049 2600 Sic
2084 2559 2115 2597 a
2157 2542 2426 2598 Gerberto
2474 2540 2787 2607 Lotltarius,
2839 2539 3096 2595 Ludovici
3143 2554 3210 2596 ex
3258 2538 3539 2607 Csrberga

1959 2636 2121 2703 ﬁlius,
2156 2651 2250 2690 rex
2278 2635 2635 2698 Francorum,
2692 2631 2875 2689 Cwsar
2905 2639 3252 2702 nuncupatur
3285 2632 3338 2686 in
3372 2631 3543 2695 versi-

1957 2728 2062 2781 bus
2090 2723 2299 2780 tumulo
2328 2722 2447 2793 ejus
2493 2721 2797 2792 inscriptis.
2824 2720 2955 2788 Quae
2991 2730 3173 2776 autem
3203 2719 3366 2774 fuerit
3400 2719 3544 2775 Ade-

1959 2817 2061 2873 lais
2117 2816 2367 2872 Rotberti
2426 2825 2627 2882 mater,
2674 2813 2818 2870 scire
2861 2812 3076 2868 diﬂicile
3111 2821 3218 2879 est,
3259 2827 3382 2869 cum
3420 2810 3545 2868 lici-

1959 2910 2151 2982 galdus
2187 2917 2398 2964 tantum
2430 2908 2579 2969 dicat
2617 2922 2789 2979 genus
2836 2904 2951 2974 ejus
3001 2905 3263 2979 inclytum
3290 2920 3358 2961 ex
3388 2904 3546 2961 Italia

1958 3011 2139 3058 ortum
2171 3016 2312 3068 esse,
2353 3016 2453 3057 nec
2500 3008 2706 3071 patrem
2746 3010 3087 3069 matremque
3117 3000 3233 3070 ejus
3275 2999 3546 3055 nominet.

1962 3094 2193 3162 Quidam
2244 3092 2608 3151 recentissimi
2664 3091 2964 3162 scriptores
3018 3090 3160 3147 falso
3226 3090 3546 3147 existimant

267 3191 365 3231 seu
421 3158 781 3234 honoratiores
823 3179 1030 3249 clerici,
1074 3184 1409 3239 vocabantur
1453 3183 1758 3255 presbyteri
1799 3158 1924 3239 etc
1955 3158 2302 3249 A'delaidem,
2345 3200 2465 3255 quze
2511 3158 2874 3240 Rotbcrticx
2920 3182 3144 3253 llugono
3190 3190 3365 3237 mater
3406 3181 3539 3249 fuit;

266 3267 519 3335 diaconi;
539 3269 783 3340 juniores
813 3270 1024 3338 clerici,
1056 3273 1374 3329 subdiaconi
1416 3282 1473 3329 et
1506 3273 1689 3330 caeteri
1721 3273 1856 3329 infe-

267 3360 479 3413 riorum
538 3361 825 3431 graduum.
885 3362 1013 3419 illos
1063 3363 1397 3435 Gregorius,
1452 3364 1505 3419 in
1556 3365 1734 3433 capite
1785 3364 1855 3419 44

270 3449 397 3503 libri
429 3465 459 3501 v
487 3449 758 3518 Historia},
803 3452 1032 3523 majores
1072 3453 1315 3516 clericos,
1355 3453 1451 3507 Itos
1493 3454 1721 3507 minores
1762 3468 1858 3523 ap-

270 3539 457 3610 pellat.
484 3540 817 3599 Fortunatus
844 3543 900 3598 in
923 3541 1184 3599 Carmine
1214 3541 1261 3597 Χ
1298 3541 1425 3598 libri
1462 3557 1524 3609 tt,
1561 3543 1627 3597 ad
1650 3543 1853 3600 clerum

270 3633 610 3689 Parisiacum
638 3644 901 3706 utrosque
950 3636 1030 3691 uti
1072 3635 1367 3703 Adalbero,
1397 3651 1583 3690 senum
1622 3645 1676 3691 et
1707 3635 1858 3705 jure-

270 3743 398 3780 num
427 3727 788 3798 appellatione
815 3730 1088 3799 designat.

383 3818 451 3873 In
491 3821 661 3874 medio
687 3817 978 3876 Germanus
1000 3822 1149 3875 adest
1170 3822 1389 3876 antistes
1417 3822 1636 3886 honore,

458 3912 561 3977 Qui
598 3914 726 3983 regit
754 3915 875 3968 hinc
896 3915 1139 3984 juvenes,
1177 3915 1399 3986 subrigit
1431 3916 1554 3970 inde
1586 3931 1751 3970 senes.

347 4002 458 4059 Nec
500 4005 735 4061 absurde
790 4008 1059 4064 Adalbero
1106 4008 1335 4079 juvenes
1393 4008 1650 4073 ﬂoribus,
1700 4023 1860 4064 senes

274 4096 542 4152 fructibus
582 4109 897 4169 comparat;
948 4116 1044 4156 ver
1085 4101 1229 4157 enim
1267 4100 1529 4170 juvcnum
1586 4115 1704 4166 csr,
1765 4117 1860 4154 au-

248 4232 253 4239 .
276 4197 501 4243 tumnus
523 4190 798 4245 seniorum
825 4205 842 4246 :
1320 4247 1329 4259 ,

260 4279 356 4355 β)
398 4277 584 4336 Patres
616 4299 840 4354 namque
859 4284 939 4338 tui
963 4283 1137 4356 longe,
1161 4301 1272 4354 rex,
1301 4285 1663 4350 induperator.

350 4370 503 4428 Haud
535 4372 679 4430 falso
698 4375 903 4431 dictum
947 4376 1051 4432 hoc
1080 4377 1147 4433 ab
1175 4377 1535 4433 Adalberoue.
1558 4376 1694 4431 Nam
1728 4375 1862 4430 Rot-

277 4461 470 4517 bertus
528 4462 812 4536 Hugonem
868 4476 1117 4537 patrem,
1182 4465 1506 4522 Rotbertum
1566 4455 1858 4536 proavum,

278 4560 336 4605 et
375 4553 562 4619 proavi
601 4554 824 4611 fratrem
862 4557 1104 4613 Odonem
1132 4571 1225 4611 rex
1272 4556 1608 4611 Francorum
1643 4555 1860 4620 habuit;

282 4642 541 4710 majorem
602 4647 864 4714 amitam,
917 4647 1136 4702 nomine
1197 4648 1478 4711 Emmam,
1532 4647 1863 4701 Francorum

277 4735 448 4789 etiam
491 4737 755 4805 reginam,
784 4737 848 4791 Β.
876 4738 1086 4794 Rodultl
1122 4754 1368 4794 uxorem.
1398 4739 1541 4794 Idem
1570 4752 1668 4807 per
1685 4738 1863 4792 aviam

280 4825 630 4883 iladewidetn
680 4828 762 4883 vel
809 4828 1089 4886 llawidem
1136 4839 1349 4900 patrem
1409 4829 1529 4899 ejus
1570 4828 1864 4885 Henricum

281 4917 575 4986 Saxonem,
624 4923 946 4992 cognomine
984 4922 1298 4993 Aucupem,
1335 4937 1519 4992 regem
1557 4921 1871 4977 Transrhe-

283 5027 571 5091 nanorum,
630 5029 726 5069 seu
785 5014 1119 5071 Francorum
1183 5016 1573 5091 Orientalium;
1640 5014 1866 5071 fratrem

281 5104 421 5173 ejus,
452 5113 508 5159 et
546 5104 734 5163 fratris
775 5108 944 5162 lilium
980 5123 1044 5162 ac
1085 5116 1338 5178 nepotem
1374 5099 1734 5176 imperatores
1763 5105 1867 5162 Ot—

285 5203 440 5249 to:tes
466 5195 765 5266 propinqua
796 5196 1117 5269 cognatione
1155 5196 1525 5267 contingebat,
1556 5212 1677 5250 cunt
1713 5196 1866 5265 litigo

282 5285 532 5340 liotberti
577 5296 753 5355 pater,
799 5289 1133 5344 Francorum
1163 5303 1278 5355 rex,
1319 5287 1664 5357 imperatoris
1713 5288 1867 5341 Otto-

283 5380 372 5433 uis
424 5377 468 5434 ιι
517 5379 683 5434 frater
725 5381 982 5436 amitinus
1030 5379 1226 5447 fuerit,
1259 5380 1556 5449 imperator
1595 5377 1866 5432 Caesarem

260 5474 538 5529 Ottonem
588 5473 606 5527 ι
635 5474 992 5539 avunculum,
1020 5487 1178 5527 avum
1210 5480 1514 5526 maternum
1549 5467 1861 5533 llenricum,

285 5580 471 5636 regem
498 5563 973 5621 Transrlteuauum
1004 5564 1295 5627 habuerit;
1326 5562 1620 5632 imperator
1639 5556 1777 5616 'Otto
1802 5557 1866 5614 Ill

284 5675 340 5718 et
374 5663 663 5719 Itotbettns
691 5671 876 5717 noster
904 5662 1251 5715 amitinorum
1303 5658 1527 5712 fratrum
1561 5656 1655 5711 lilii
1692 5655 1864 5711 exsti-

290 5767 479 5812 terint.
531 5758 817 5822 Praeterea,
878 5755 1130 5827 quoniam
1188 5752 1494 5808 lladewidis
1553 5767 1708 5807 soror
1750 5760 1868 5808 erat

1956 3275 2199 3330 Lotltarii
2234 3277 2377 3345 regis
2412 3273 2577 3328 Italian
2623 3273 2823 3340 ﬁliam,
2857 3274 3062 3328 Emme:
3092 3272 3332 3326 Lotltarii
3366 3271 3541 3326 Fran—

1957 3380 2145 3419 corum
2192 3358 2336 3434 regis
2365 3363 2552 3417 uxoris
2598 3379 2843 3418 sororem
2893 3361 3079 3416 fuisse.
3124 3360 3345 3416 Adelais
3396 3362 3543 3415 enim

1959 3469 2024 3508 ex
2060 3452 2243 3522 priore
2291 3453 2411 3506 viro
2456 3468 2555 3507 suo
2598 3451 2797 3507 Ottone
2844 3450 3137 3514 Lotltario,
3184 3464 3310 3521 rege
3355 3448 3543 3516 ltalim,

1963 3544 2127 3597 tiliam
2159 3543 2320 3599 enixa
2367 3551 2473 3610 est,
2504 3543 2761 3598 nimirum
2796 3543 3067 3609 Emmam,
3096 3541 3339 3598 Lotltarii
3371 3541 3545 3595 Fran-

1961 3653 2147 3693 corum
2180 3637 2323 3709 regis
2371 3636 2679 3708 conjugcm,
2725 3636 2982 3692 Ludovici
3014 3646 3270 3701 matrem,
3300 3648 3358 3691 ut
3384 3637 3545 3694 Odilo

1962 3731 2013 3785 in
2052 3731 2174 3786 Vita
2220 3730 2499 3786 Adelaidis
2540 3731 2802 3801 Augustae
2848 3730 3040 3785 scribit
3077 3748 3092 3784 :
3140 3746 3207 3784 cx
3245 3732 3561 3800 posteriore-

1966 3823 2079 3877 viro
2109 3816 2307 3879 Ottone
2339 3822 2477 3895 Aug.
2513 3821 2679 3877 tiliam
2724 3821 2810 3878 sui
2858 3822 3093 3877 nominis
3122 3822 3370 3881 videlicet
3396 3823 3545 3879 Ade-

1963 3916 2184 3982 laidem,
2216 3930 2278 3970 ac
2311 3924 2420 3971 tres
2452 3930 2631 3970 mares
2656 3913 2861 3985 genuit,
2891 3913 3346 3983 quemadmodum
3377 3913 3545 3969 Witi-

1964 4010 2193 4065 citindus
2218 4009 2391 4063 docet.
2419 4007 2552 4061 Cum
2576 4023 2705 4076 ergo
2730 4004 3018 4059 Lotltarius
3046 4020 3139 4060 rex
3160 4003 3548 4075 Longobardo-

1967 4119 2084 4158 rum
2120 4119 2184 4157 cx
2212 4101 2490 4165 Adclaide,
2530 4099 2758 4169 conjuge
2784 4112 2901 4164 sua,
2927 4113 3091 4152 uuam
3117 4105 3324 4152 tantum
3357 4097 3543 4162 tiliam,

1970 4195 2214 4248 Entmam
2244 4193 2487 4255 nomine,
2521 4188 2890 4256 generaverit,
2938 4188 3085 4243 haud
3135 4187 3298 4243 dubie
3329 4186 3547 4243 Adclais

1971 4283 2219 4338 Rotberti
2245 4282 2419 4337 nostri
2441 4297 2506 4335 ex
2532 4279 2757 4351 ll‘ugone
2780 4288 2954 4335 mater
2982 4278 3089 4333 filia
3118 4276 3362 4333 Lotltarii
3393 4278 3455 4331 ll.
3486 4276 3547 4333 L.

1964 4376 2154 4432 haberi
2187 4392 2290 4431 non
2318 4372 2833 4447 potest.Notantlum
2863 4380 3042 4426 autem
3084 4379 3169 4425 est
3196 4384 3399 4424 morem
3432 4380 3542 4424 tum

1969 4467 2272 4521 illustribus
2306 4464 2523 4519 feminis
2567 4462 2740 4517 fuisse
2774 4462 2973 4516 liberos
3002 4475 3255 4515 suossuo
3289 4459 3427 4514 lacte
3454 4476 3548 4512 nu~

1971 4559 2123 4624 trirr,
2166 4567 2220 4611 ct
2258 4555 2595 4620 Adclaidcm,
2620 4570 2741 4623 qua:
2770 4553 3008 4623 llugonis
3051 4552 3286 4606 nondum
3333 4549 3551 4619 quidem

1970 4651 2140 4719 regis,
2174 4650 2269 4705 sed
2310 4657 2462 4704 certe
2491 4656 2670 4701 tamen
2700 4646 2856 4701 ducis
2881 4645 3212 4699 Francorum
3245 4657 3308 4695 ac
3336 4642 3552 4695 comitis

1968 4741 2302 4795 Parisiorum
2353 4740 2548 4810 conjux
2592 4747 2762 4802 esset,
2814 4737 3077 4791 Rotberto
3126 4734 3237 4789 tilio
3286 4749 3551 4787 mammas

1968 4835 2296 4906 praebuisse,
2353 4848 2455 4887 nec
2509 4830 2649 4887 ullas
2705 4830 2931 4901 parvulo
2994 4827 3240 4884 nutrices
3292 4825 3553 4879 adbibero

1968 4927 2227 4989 voluisse,
2252 4934 2312 4979 ut
2340 4924 2434 4978 lilii
2466 4924 2549 4979 sui
2586 4931 2697 4977 tota
2727 4933 2783 4977 et
2809 4921 3019 4990 integra
3049 4927 3226 4972 mater
3250 4925 3392 4971 esset
3427 4934 3459 4975 :_

1948 5016 2077 5071 'Lac
2112 5017 2206 5070 tibi
2233 5016 2437 5086 sugenti
2466 5017 2556 5068 dat
2588 5014 2767 5067 nutrix
2794 5010 3179 5080 induperatria‘.

1970 5107 2050 5178 (5)
2075 5106 2309 5161 Mundus
2331 5106 2506 5159 adhuc
2527 5120 2688 5175 puero
2712 5102 2983 5156 dominum
3007 5109 3236 5157 metatur
3258 5107 3305 5151 et
3327 5099 3515 5162 omnis,

1966 5198 2296 5267 Congaudet,
2322 5205 2431 5251 etc.

2042 5287 2275 5342 Mundus
2321 5286 2505 5341 omnis
2552 5284 2833 5341 dominum
2881 5289 2933 5338 te
2986 5289 3244 5346 metatur,
3275 5288 3330 5335 ct
3377 5278 3553 5333 adbuo
3594 5268 3612 5285 ’

1968 5393 2138 5448 puero
2167 5377 2492 5447 congaudet.
3120 5384 3133 5391 “

1970 5470 2047 5541 (6)
2075 5467 2293 5522 Plaudit
2316 5466 2576 5530 manibus,
2607 5462 2841 5527 (letatur,
2871 5471 2917 5516 et
2947 5471 3092 5530 optat

1970 5560 2037 5615 In
2065 5576 2232 5630 regem
2256 5559 2384 5625 sibi,
2419 5573 2540 5612 mox
2566 5555 2813 5610 concordi
2844 5570 2964 5608 voce
2993 5560 3230 5607 coronat.

2042 5651 2145 5719 Qui
2175 5664 2355 5722 regem
2389 5648 2685 5719 eligebant,
2710 5644 2947 5717 episcopi
2979 5651 3033 5699 et
3059 5641 3289 5698 comites
3330 5638 3573 5704 Franci,~

1974 5746 2239 5812 Saxones,
2272 5740 2636 5815 Langobardi,
2672 5752 2823 5796 more
2859 5752 3049 5795 omnes
3077 5733 3278 5807 patrio,
3310 5746 3403 5788 seu
3434 5744 3579 5802 gere.
