4032 6388
592 222 685 273 791

597 336 812 394 manico
832 380 848 406 ,
878 341 1118 405 futurum
1148 354 1320 423 princi

591 427 811 496 rabant,
839 427 1426 520 acclamationibusque
1448 427 1947 531 prosequebantur;
1971 467 2166 524 deinde

592 525 1023 589 comprobabant
1053 533 1136 590 vel
1171 536 1254 607 (ut
1285 541 1492 614 vulgari
1529 525 1650 605 erat
1677 553 1866 627 verbo)
1896 525 2166 615 collauda-

589 606 752 675 bant;
796 623 908 670 tum
953 619 1060 676 lide
1104 641 1135 680 a

589 705 881 772 promissa,
909 726 1086 783 regem
1108 717 1494 783 benedicebant
1513 735 1986 809 coronabantque;
2011 756 2166 798 coro-

587 801 773 848 natum
813 798 866 852 in
898 807 1048 871 regio
1071 810 1208 865 solio
1237 814 1604 888 collocabant;
1633 824 1685 880 in
1719 798 1953 898 regalem
1980 832 2163 887 sedem

586 881 810 950 elatum,
845 891 1023 949 debita
1055 904 1416 967 gratulatione
1451 911 1708 984 cultuque
1734 921 2162 976 venerabantur.

601 969 822 1046 ἶωιὶιὶα,
854 988 996 1054 apud
1025 992 1446 1068 Adalberdnem,
1484 1005 1552 1059 ad
1589 1009 2005 1068 acclamationes
2040 1029 2166 1083 per-

575 1066 758 1134 tinet;
787 1076 928 1140 optio
963 1077 1017 1133 in
1061 1098 1253 1153 regem,
1289 1090 1355 1144 ad
1394 1093 1850 1154 collaudationem
1886 1103 2000 1157 sive
2027 1119 2160 1160 con-

584 1155 969 1222 ﬁrmationem.
1014 1171 1246 1232 Plausus
1286 1196 1539 1240 manuum
1571 1186 1864 1260 Gregorius
1895 1197 2158 1260 meminit,

583 1249 641 1302 in
688 1251 813 1310 libri
860 1256 1113 1321 Historia:
1153 1269 1213 1332 ll,
1261 1275 1438 1344 capite
1466 1277 1554 1344 42,
1587 1249 1728 1352 apud
1767 1301 1926 1355 quem
1963 1249 2160 1345 Franci

587 1337 944 1406 Colonienses
983 1355 1290 1438 plaudentes
1338 1376 1444 1420 tam
1491 1371 1680 1439 palmis
1722 1392 1880 1445 quam
1931 1382 2156 1445 vocibus,

585 1431 903 1494 Clodoveum
951 1446 1129 1517 clypeo
1178 1467 1407 1512 evectum
1450 1478 1604 1532 super
1654 1484 1711 1521 se
1757 1486 1924 1540 regem
1964 1476 2159 1528 consti-

581 1531 773 1592 tuunt;
814 1535 914 1588 etsi
966 1538 1017 1592 in
1056 1544 1332 1603 codicibus
1361 1531 1588 1611 Iulianis
1629 1559 1892 1630 scriptum
1942 1562 2156 1619 invenio

575 1713 870 1779 peratoris,
901 1716 943 1770 ll
977 1722 1141 1793 regis,
1171 1744 1293 1793 quae
1325 1733 1604 1792 Adelboldi
1633 1739 1999 1813 Traiectensis
2039 1750 2153 1817 epi—

576 1807 727 1872 scopi
759 1811 1044 1882 scriptoris
1073 1823 1295 1891 tequalis
1334 1842 1457 1884 esse
1503 1835 1769 1903 creditur,
1799 1854 1944 1897 anno
1976 1843 2112 1899 1004
2139 1865 2151 1899 :

582 1913 601 1945 ι
637 1896 906 1961 Henricus
929 1922 1024 1964 rex
1051 1911 1119 1966 ibi
1152 1913 1372 1990 (Papiae)
1407 1938 1434 1976 a
1463 1927 1734 1985 nobilibus
1757 1896 2152 2006 bongobardis,

577 1992 669 2057 qui
715 1995 781 2047 ad
837 2000 1240 2070 suscipiendum
1290 2026 1412 2066 eum
1464 2023 1777 2091 congregati
1824 2036 2011 2094 erant,
2059 2020 2156 2099 per

575 2082 773 2152 dignos
807 2091 1098 2157 applausns
1126 2101 1417 2172 recipitur,
1441 2116 1496 2161 et
1531 2082 1654 2164 cum
1685 2115 2046 2175 exsultatione
2077 2132 2156 2177 t0-

579 2174 684 2229 tius
715 2177 952 2237 civitatis
981 2187 1048 2239 ad
1082 2186 1269 2246 Sancti
1295 2195 1572 2256 Michaelis
1598 2205 1884 2263 ecclesiam
1913 2210 2156 2270 ducitur.

573 2262 651 2318 lbi
685 2265 883 2335 clerus,
931 2273 1005 2328 ibi
1052 2279 1312 2339 nobilium
1345 2299 1542 2356 ctetus,
1586 2293 1657 2348 ibi
1691 2296 1845 2366 plebs
1875 2301 2155 2374 utriusque

575 2374 764 2427 sexus,
792 2379 985 2424 omnes
1029 2375 1320 2436 unanimes
1367 2397 1475 2437 uno
1505 2400 1601 2441 ore
1631 2387 1924 2449 Henricum
1972 2411 2153 2467 regem

575 2452 905 2524 acclamant,
952 2463 1293 2536 collaudant,
1344 2481 1398 2528 et
1433 2490 1534 2545 per
1560 2493 1816 2538 manuum
1861 2487 2152 2546 elationem

575 2542 883 2615 designant.
921 2551 1275 2617 Collaudatus
1314 2542 1481 2634 igitur
1505 2583 1836 2642 coronatur;
1863 2593 2156 2639 coronatus

573 2648 642 2689 cx
664 2638 844 2696 debito
865 2644 934 2698 ab
958 2648 1211 2708 omnibus
1234 2654 1564 2727 honoratur;
1589 2662 1654 2716 ad
1677 2665 1937 2733 palatium
1959 2672 2156 2732 deinde

574 2745 697 2785 cum
730 2737 878 2790 omni
909 2737 1249 2806 iucunditate
1289 2750 1523 2809 ducitur.
1554 2775 1574 2808 ι
1622 2759 1914 2820 Rothertus
1946 2778 2150 2838 autem,

574 2837 720 2877 anno
744 2824 946 2884 Christi
973 2832 1078 2888 997
1107 2850 1228 2891 cum
1253 2853 1376 2895 eum
1401 2853 1554 2912 pater
1580 2848 1679 2904 sibi
1708 2857 1859 2924 regni
1891 2824 2151 2931 collegam

574 2915 846 2986 adiunxit,
869 2924 1045 2980 adhuc
1070 2945 1202 2996 puer
1223 2945 1363 3000 erat,
1393 2947 1452 2992 ut
1473 2940 1549 2995 ait
1569 2915 1857 3013 Adalbei‘o,
1892 2915 2149 3010 nimirum

571 3019 838 3064 annorum
868 3013 1090 3071 circiter
1114 3021 1412 3091 sexdecim,
1446 3031 1644 3101 quippe
1667 3050 1812 3092 anno
1839 3040 1966 3095 1051
2000 3059 2147 3098 mor-
2179 3039 2232 3104 C’

571 3105 681 3150 tem
737 3100 906 3169 obiit,
958 3115 1014 3162 et
1061 3118 1436 3182 sexagenarius
1483 3100 1744 3195 llelgaldo
1795 3130 1999 3188 dicitur
2057 3135 2153 3190 dc-

571 3191 822 3248 cessisse.

569 3280 593 3351 (
600 3283 648 3345 7)
671 3283 833 3340 Flore
844 3287 1136 3356 juventutis
1161 3305 1251 3352 tua
1264 3299 1381 3370 jam
1407 3305 1692 3376 resplendet
1718 3314 1913 3385 imago.

638 3375 871 3435 iuvenis
897 3381 1210 3455 Rotbertus,
1245 3407 1338 3447 seu
1387 3395 1694 3467 incipieut’s
1727 3404 1980 3474 iuventte,
2012 3421 2154 3480 erat,

566 3476 625 3521 et
653 3469 1073 3533 adolescentiam
1121 3496 1394 3552 emensus,
1442 3505 1585 3548 anno
1616 3494 1738 3562 998,
1787 3514 1908 3554 cum
1945 3512 2154 3572 patrem

567 3558 780 3627 amisit,
798 3574 852 3619 et
874 3581 1072 3624 annum
1100 3575 1276 3629 aetatis
1300 3578 1518 3635 circiter
1535 3585 1846 3644 vicesimum
1869 3593 2154 3662 septimum

569 3651 781 3718 agebat.
830 3655 1008 3724 Quare
1035 3660 1234 3721 Glaher
1270 3667 1530 3729 Rodull‘us
1581 3689 1774 3734 auctor
1809 3651 2054 3751 aequalis,
2101 3686 2154 3742 in

566 3741 689 3796 libri
718 3758 758 3798 ti
788 3747 966 3816 capite
995 3751 1047 3818 1,
1085 3754 1162 3808 ita
1183 3756 1247 3811 de
1274 3767 1503 3832 utroque
1524 3767 1711 3824 scribit
1737 3787 1750 3823 :
1791 3790 1810 3822 ι
1845 3741 1958 3829 [lex
1980 3777 2167 3848 Hugo,.

1467 246 1540 303 IN
1584 252 2064 320 ADALBERONIS
2103 265 2408 328 EPISCOPI
2449 271 2928 340 LAUDUNENSIS

1183 629 1408 701 singulis
1458 652 1524 692 ex
1573 643 1766 699 ordine
1809 646 2168 716 jurejurando

3713 311 3795 371 τω

1325 373 1446 429 pem
1489 363 1680 434 plausu
1709 385 1964 429 manuum
1995 377 2161 434 hono—
2188 361 2242 424 Α
2267 383 2423 442 Certe
2437 389 3196 474 etWillelmusNangiacwsis
3213 413 3508 472 monachus
3523 416 3796 482 Botbertum

2264 491 2530 537 robustum
2551 504 2792 556 Juvenem
2817 503 2872 548 et
2890 497 3080 566 agilem
3115 513 3291 559 vocat.

2267 572 2341 640 (9)
2377 573 2615 636 Plurima
2635 586 2731 639 sub
2758 588 2973 656 pedibus
3001 592 3095 647 tibi
3117 593 3275 662 fortia
3303 613 3463 667 regna
3478 599 3684 670 jugasit.

2334 664 2434 721 Hic
2462 685 2646 726 versus
2679 677 2746 730 ad
2770 679 3014 747 quintum
3041 697 3253 738 versum
3289 685 3558 744 refertur:

2266 753 2476 818 Quanta
2504 759 2644 815 Deus
2663 767 2754 819 tibi
2783 772 3056 834 concessit,
3083 773 3160 826 vel
3193 775 3373 844 qualia
3403 779 3559 832 misit.

2335 846 2477 915 Tibi,
2535 853 2813 924 Rotberte,
2859 861 2998 917 Deus
3043 863 3336 922 fortissima
3388 884 3548 940 regna
3591 871 3799 942 subjecit,

2260 935 2570 1012 Franciam,
2609 946 3004 1021 Burgundiam,
3035 955 3409 1025 Aquitaniam;
3451 963 3703 1027 nimirum,
3737 977 3798 1030 ut,

2256 1039 2612 1106 regnantibus
2636 1041 2690 1096 in
2717 1041 2943 1100 Francia
2974 1047 3340 1121 Merovingiis,
3362 1054 3465 1108 tria
3492 1070 3643 1126 regna
3667 1056 3801 1112 Fran-

2263 1137 2455 1180 corum
2487 1127 2724 1198 fuerant,
2753 1132 3017 1202 Neustria,
3053 1139 3298 1208 Austria,
3321 1152 3489 1214 atque
3509 1144 3798 1215 Burgundis;

2262 1213 2336 1268 ita
2378 1229 2498 1286 post
2530 1225 3044 1283 mortemiLudovici
3086 1229 3161 1284 Pii
3188 1213 3441 1304 Augusti,
3481 1235 3658 1291 divisis
3691 1236 3801 1292 inter

2260 1307 2442 1376 plures
2469 1312 2746 1371 Francicaa
2761 1319 2980 1376 ditionis
2999 1325 3312 1392 provinciis,
3331 1343 3487 1398 reges
3507 1329 3662 1382 nostri
3683 1345 3803 1400 reges

2260 1397 2589 1460 Francorum
2611 1406 3034 1469 Occidentalium
3055 1417 3160 1472 dici
3176 1420 3364 1487 ccepti,
3393 1428 3449 1475 et
3471 1421 3569 1474 tria
3582 1421 3654 1474 eis
3675 1435 3800 1490 regna

2258 1494 2608 1553 nihilominus
2649 1503 2943 1572 attributa,
2979 1506 3206 1564 Francia
3249 1510 3514 1576 Occidua,
3562 1527 3646 1567 seu
3687 1511 3798 1566 Neu-

2253 1584 2405 1646 stria,
2423 1585 2726 1658 Burgundia
2747 1610 3050 1667 quanquam
3065 1601 3221 1656 valde
3241 1603 3801 1673 imminuta,etAquita-

2259 1673 2364 1728 nia.
2386 1675 2521 1734 Hinc
2543 1681 2776 1744 Abbo,in
2794 1685 2927 1741 libro
2945 1704 3004 1752 tt,
3019 1692 3209 1745 scribit
3223 1693 3467 1749 Odonem
3484 1711 3652 1765 regem
3668 1693 3801 1748 Fran-

2258 1769 2392 1823 ciam
2425 1785 2520 1825 seu
2549 1773 2877 1844 Neustriam,
2909 1780 3270 1853 Burgundioni
3322 1795 3380 1840 et
3422 1787 3692 1858 Aquitanos
3722 1788 3799 1842 sibi

2258 1863 2576 1933 subiecisse,
2597 1877 2902 1939 ternumque
2926 1873 3054 1930 illttd
3081 1891 3174 1932 seu
3203 1879 3396 1950 triplex
3416 1897 3624 1952 regnum
3643 1893 3794 1937 vocat:

2257 1951 2349 2008 Sic
2384 1971 2486 2012 uno
2511 1967 2715 2015 ternum
2735 1965 3022 2033 congaudet
3051 1971 3286 2024 acumine
3313 1987 3551 2041 regnum.

2328 2043 2393 2099 Et
2422 2047 2474 2102 in
2503 2052 2914 2109 consecratione
2954 2055 3099 2126 regis
3140 2055 3402 2114 Ludovici
3445 2060 3796 2125 Transmarini.

2258 2132 2502 2191 Lauduni
2540 2137 2706 2206 facta,
2733 2157 2894 2211 quam
2917 2147 3176 2216 scriptam
3199 2149 3401 2215 habeo,
3449 2151 3561 2206 ba>c
3587 2151 3797 2205 invenio:

2263 2245 2281 2278 ι
2316 2228 2667 2299 Omnipotens
2690 2235 3021 2304 sempiterne
3047 2237 3209 2304 Deus,
3238 2256 3408 2311 super
3425 2241 3566 2298 hunc
3587 2242 3798 2296 famulum

2259 2325 2406 2373 tuum
2458 2335 2620 2390 quem
2658 2323 2886 2393 supplici
2937 2325 3226 2386 devotione
3274 2331 3329 2385 in
3381 2347 3602 2403 regnum
3639 2331 3801 2400 pariter

2255 2408 2537 2479 elegimus,
2583 2412 3016 2472 benedictionum
3074 2426 3288 2474 tuarum
3341 2423 3484 2478 dona
3531 2421 3799 2492 multiplica,

2255 2511 2542 2569 quatenus,
2559 2515 2680 2571 etc.,
2706 2515 2766 2560 ut
2787 2508 2970 2579 regale
2988 2511 3207 2578 solium,
3221 2513 3478 2571 videlicet
3497 2514 3798 2578 Francorum,

2255 2591 2714 2663 Burgundiorum,
2751 2597 3166 2667 Aquitanorum,
3215 2614 3432 2673 sceptra
3479 2620 3580 2660 non
3607 2605 3796 2666 deserat,

2255 2684 2349 2738 sed
2395 2684 2462 2739 ad
2507 2686 2751 2756 pristinae
2791 2689 2913 2745 ﬁdei
2961 2692 3218 2762 pacisque
3261 2696 3607 2752 concordiam
3650 2709 3802 2750 eorum

2255 2774 2489 2842 animos,
2517 2784 2566 2832 te
2592 2779 2914 2848 Opitnlante,
2944 2781 3221 2856 reformet.
3254 2802 3276 2838 ι
3307 2786 3467 2856 Apud
3492 2785 3798 2841 Flodoardum

2254 2879 2398 2922 anno
2424 2866 2525 2924 969
2553 2887 2566 2923 :
2596 2889 2615 2921 ‹
2651 2869 2940 2928 Lmharius
2967 2889 3124 2943 puer,
3155 2875 3419 2936 Ludovici
3461 2878 3651 2950 (hujus)
3672 2879 3800 2942 titius,

2255 2973 2350 3013 rex
2379 2972 2750 3028 consecratur,
2796 2963 3010 3021 favente
3061 2967 3284 3039 Hugone
3325 2971 3568 3042 principe
3605 2970 3797 3025 ueteris-

2257 3063 2362 3118 que
2395 3052 2716 3120 praesulibus
2757 3068 2822 3110 ac
2867 3058 3184 3124 proceribus
3231 3058 3500 3127 Francia,
3530 3058 3798 3130 Burgundie

2254 3148 2420 3210 atque
2446 3143 2768 3211 Aquitaniae.
2799 3163 2816 3196 ι
2866 3145 3130 3203 Rodulfus
3171 3147 3394 3216 Glaber,
3437 3150 3490 3204 in
3518 3150 3606 3204 lib.
3640 3164 3691 3212 u,
3727 3162 3797 3202 ca-

2255 3232 2365 3301 pite
2391 3235 2414 3287 1
2448 3252 2460 3286 :
2487 3233 2826 3307 Congregatis
2855 3239 2908 3292 in
2937 3238 3222 3294 Aureliano
3242 3241 3374 3295 urbe
3397 3241 3536 3311 regia
3561 3239 3796 3310 quibusque

2255 3322 2587 3382 Francorum
2615 3341 2662 3382 et
2693 3329 3130 3400 Burgundionum
3160 3333 3307 3403 regni
3341 3334 3665 3406 primoribus,
3697 3331 3798 3384 Rot—

2255 3419 2466 3474 bertum
2497 3436 2528 3474 a
2565 3431 2718 3491 patre
2765 3424 3060 3494 superstite
3106 3440 3287 3496 regem
3349 3427 3676 3524 constitutum
3713 3423 3795 3524 ait?

2255 3511 2556 3580 Aquitanos
2593 3515 2798 3581 omisit,
2825 3517 2973 3585 .quia
3025 3526 3152 3572 tunc
3185 3517 3542 3574 rebellabant.
3585 3517 3635 3572 In
3659 3513 3791 3570 veteri

2255 3602 2523 3662 Chronico
2553 3606 2769 3662 invenio
2796 3621 2940 3662 anno
2980 3606 3115 3662 l059
3164 3607 3490 3680 Philippum,
3528 3607 3664 3677 jussu
3689 3604 3794 3659 Hen-

2258 3699 2355 3754 rici
2383 3699 2554 3779 patris
2581 3715 2760 3769 regem
2783 3711 3159 3755 consecratum
3190 3716 3337 3767 esse,
3358 3702 3638 3800 astantibus
3658 3697 3794 3800 ron:

2257 3792 2372 3858 cite,
2404 3790 2728 3860 Burgundio:
2755 3799 2800 3843 et
2823 3789 3120 3860 Aquitaniw
3141 3792 3567 3863 archiepiscopis,
3589 3800 3631 3846 et
3651 3789 3792 3858 viginti

2065 3832 2154 3848 υν,
2257 3832 2372 3858 ....,
2404 3832 2724 3860 --.,.......w

566 3832 622 3886 in
651 3849 784 3904 pace
816 3853 979 3909 regno
1019 3844 1297 3916 disposito,
1329 3850 1560 3912 feliciter
1584 3861 1737 3918 obiit.
1769 3863 1898 3921 Erat
1926 3883 2156 3940 namque
2257 3883 2458 3937 άυοθηε
2481 3883 2753 3952 episcopis.

566 3921 860 3952 Ἰὶιηιυι-ι..-
892 3945 981 3952 ..μμ
1017 3942 1099 3952 ..1η
1122 3951 1131 3952 κ
1167 3937 1179 3949 ο
1328 3941 1340 3952 .
1545 3949 1556 3952 -

565 3921 862 3984 llotbertus
891 3945 986 3986 rex
1017 3942 1139 3990 tunc
1158 3937 1394 4009 juvenis,
1422 3949 1656 4016 prudens
1686 3963 1852 4024 atque
1888 3921 2152 4028 erttditits,

566 4015 849 4088 dulcisque
880 4023 1114 4095 eloquio,
1136 4037 1299 4100 atque
1326 4037 1527 4104 pietate
1551 4015 1795 4115 insignis.
1827 4067 1846 4100 ι
1875 4049 1928 4122 [⁴ι
1951 4052 2027 4106 Ex
2060 4069 2154 4109 no-

566 4107 676 4162 tata
706 4110 794 4166 hic
834 4111 1056 4172 Roberti
1080 4119 1364 4190 iuventute
1411 4107 1720 4203 coniectant
1754 4107 2153 4200 Adalberonem

2258 3973 2370 4045 (l0)
2394 3973 2599 4044 Scripta
2620 3983 2794 4033 natent
2816 3975 3037 4032 celebres
3055 3994 3172 4048 qua:
3190 3978 3404 4033 mittunt
3431 3977 3732 4034 Crotoniaten

2329 4065 2382 4138 ["
2403 4067 2503 4122 Hic
2530 4068 2700 4122 haeret
2722 4065 2988 4123 Valesius.
3018 4069 3211 4123 Notum
3238 4078 3324 4125 est
3342 4069 3664 4172 Crotoniatas
3683 4065 3787 4120 cele-

2257 4161 2382 4216 bres
2426 4162 2715 4216 admodum
2758 4160 2992 4215 athletas
3022 4161 3208 4227 fuisse,
3238 4178 3347 4218 non
3376 4164 3502 4220 item
3527 4161 3788 4231 scriptores,

2257 4201 2382 4216 ων,
2426 4201 2715 4216 ........,.......
2758 4201 2992 4215 ............
3022 4201 3208 4227 ...ηοη
3239 4201 3347 4218 ην..

565 4201 749 4255 statim
775 4218 806 4257 a
845 4217 1019 4264 morte
1059 4209 1300 4284 Hugonis
1330 4201 1524 4290 Capeti
1555 4223 1786 4283 Carmen
1827 4247 1983 4287 suum
2008 4252 2156 4290 com-
2257 4253 2325 4307 de
2352 4251 2546 4321 quibus
2595 4252 2684 4307 hic
2712 4250 2895 4306 forsan
2924 4251 3121 4322 agitur.
3151 4252 3349 4326 8000.]

565 4294 809 4326 nnc-sinon
831 4313 843 4325 .
873 4300 965 4326 ..λιι
995 4301 1106 4326 λε..-
1144 4307 1296 4326 _--_u,_
1539 4315 1549 4326 .
1574 4317 1586 4326 .
1994 4325 2001 4326 ,

563 4294 844 4363 posuisse;
872 4300 966 4354 sed
992 4301 1108 4372 ejus
1144 4307 1304 4362 verba
1352 4327 1457 4366 non
1499 4315 1752 4373 videntur
1784 4325 2154 4393 scrupulosius

565 4385 1070 4458 accipienda,utex
1092 4395 1157 4451 iis
1193 4410 1341 4467 patet
1369 4418 1490 4472 quae
1516 4407 1658 4464 dicta
1696 4413 1894 4468 suntin
1928 4415 2148 4474 Monito.

552 4477 784 4536 .Juvenis
823 4484 1039 4552 quidem
1083 4487 1349 4550 Robcrtus
1397 4510 1539 4554 anno
1576 4500 1678 4558 993
1707 4504 1812 4560 dici
1845 4510 2046 4578 potuit;
2096 4518 2154 4566 at

560 4577 860 4638 verisimile
903 4601 1010 4642 non
1064 4597 1150 4643 est
1193 4590 1608 4668 Adalberonem,
1671 4606 1762 4674 qui
1829 4577 1972 4665 anno
2015 4611 2148 4666 1027

2181 4377 2233 4438 ο
2259 4343 2370 4411 (11)
2414 4343 2659 4397 Rusticus
2690 4342 2799 4410 ille,
2840 4346 3007 4412 piger,
3037 4344 3289 4438 deformis
3328 4357 3379 4400 et
3408 4347 3624 4416 undique
3655 4340 3784 4411 turpis

2259 4432 2493 4487 Pulchra
2525 4451 2639 4488 cum
2667 4435 2882 4503 gemmis
2911 4435 3106 4487 ditetur
3130 4435 3272 4490 mille
3301 4453 3510 4491 corona.

2327 4524 2608 4592 Queritur,
2648 4527 2701 4578 ni
2747 4523 2932 4589 fallor,
2983 4525 3256 4582 Adalbcro
3299 4527 3541 4583 homines
3576 4526 3784 4626 obscuros

2252 4624 2308 4670 et
2336 4615 2895 4686 ignobiles,.desides,
2928 4615 3196 4671 delormes
3220 4625 3274 4671 et
3303 4632 3524 4688 corpore
3551 4616 3781 4680 animoque

562 4673 738 4729 adhuc
789 4689 1067 4749 superstes
1111 4692 1252 4751 erat.
1294 4701 1437 4746 anno
1488 4691 1590 4750 998
1645 4673 1700 4751 in
1753 4701 1896 4755 senio
1947 4703 2151 4760 dictum
2251 4707 3778 4782 vitiosos,abbatesﬁeri,etmitraepisc0paligemmatautt,

561 4763 746 4822 fuisse.
776 4767 971 4844 8009.]

512 4924 514 4927 λ
558 4856 636 4926 (8)
666 4854 864 4913 Forma
890 4879 1047 4932 super
1080 4880 1292 4925 cunctos
1317 4875 1463 4929 nobis
1485 4880 1716 4945 speciosa
1748 4884 1968 4940 videtur.

631 4945 819 5004 Fuisse
839 4949 1178 5021 Rotbertum,
1210 4959 1286 5014 ait
1307 4961 1615 5035 ilelgaldus,
1648 4981 1852 5028 statura
1877 4977 2147 5046 eminenti,

556 5035 716 5104 plana
747 5043 984 5109 cwsarie,
1031 5061 1124 5102 seu
1158 5052 1320 5108 rectis
1344 5057 1582 5126 capillis,
1630 5065 1845 5120 naribus
1892 5072 2146 5134 porrectis

556 5139 604 5181 et
619 5134 832 5198 patulis.
847 5136 999 5191 elatis
1011 5140 1264 5210 humeris,
1277 5145 1473 5213 forma,
1494 5151 1698 5207 demum
1722 5159 1926 5227 egregia
1947 5177 2009 5214 ac
2030 5178 2146 5218 vere

476 5248 496 5266 ο
560 5221 720 5288 regia.
748 5223 910 5296 Regis
941 5226 1176 5285 Rotberti
1207 5233 1352 5289 clara
1378 5237 1538 5305 [acies
1575 5252 1623 5295 et
1659 5221 1809 5300 [cetus
1847 5263 2084 5320 aspectus
2112 5269 2141 5309 a

555 5309 819 5366 Gerbertu
859 5316 912 5369 in
949 5321 1179 5387 quodam
1217 5323 1445 5393 epistola
1493 5347 1883 5392 memorantur.
1934 5342 2142 5400 Obesus

558 5400 907 5460 nihilominus
935 5407 1056 5474 fuit,
1079 5427 1142 5466 ac
1162 5423 1350 5471 ventre
1372 5417 1596 5477 forsitan
1616 5427 1775 5495 paulo
1798 5429 2140 5500 proiectiore,

557 5501 632 5548 Ita
670 5507 846 5554 tamen
894 5510 955 5556 ut
997 5506 1238 5562 obesitas
1284 5512 1461 5567 robori
1508 5520 1751 5588 corporis
1804 5524 2141 5596 agilitatiquc

558 5604 662 5646 non
693 5593 953 5664 ollicerct,
977 5600 1020 5654 si
1062 5616 1167 5670 qua
1196 5604 1550 5664 Adalberonis
1572 5614 1752 5670 verbis
1791 5617 1922 5673 lides
1947 5637 1959 5672 :

629 5689 877 5754 Quamvis
906 5693 1039 5749 mole
1072 5697 1244 5768 gravis
1262 5739 1290 5765 ,.
1317 5708 1489 5756 tanien
1518 5720 1572 5758 es
1613 5724 1734 5761 tum
1779 5710 1958 5767 robore
1985 5713 2128 5770 levis.

2249 4813 2411 4869 quam
2433 4813 2531 4866 per
2549 4797 2776 4852 ironiam
2798 4814 3045 4852 coronam
3065 4800 3316 4870 appellat.
3347 4801 3422 4857 Eo
3439 4795 3778 4871 privilegioiatn

2251 4899 2361 4943 tum
2376 4890 2594 4959 quidam
2611 4890 2836 4945 abbates
2849 4889 3168 4947 fruebantur
3182 4907 3198 4958 ;
3213 4894 3354 4961 quod
3367 4891 3455 4992 ius
3475 4887 3779 4992 mitraeleren-

2247 4981 2328 5036 da:
2347 4991 2528 5052 postea
2552 4981 2802 5037 Urbanus
2823 4997 2958 5052 papa
2981 4982 3020 5036 ll
3053 4981 3259 5053 Hugoni
3277 4984 3456 5040 abbati
3475 4981 3774 5038 Cluniacensi.

2245 5091 2389 5132 anno
2419 5076 2552 5132 l088
2594 5078 2843 5133 contulit.
2886 5076 3132 5133 Valesius
3159 5077 3410 5168 intelligit
3434 5077 3630 5168 mitram
3652 5069 3776 5168 abba-

2247 5165 2451 5233 tialem,
2473 5183 2632 5238 quam
2665 5169 2733 5222 ab
2762 5168 3106 5239 ignobilibus,
3130 5169 3233 5224 hoc
3259 5179 3342 5225 est
3364 5156 3431 5224 ex
3467 5166 3632 5222 intima
3657 5156 3774 5230 pleb?-

2245 5258 2449 5321 clcctis,
2500 5257 2784 5314 abbatibus
2829 5269 3096 5330 gestatam
3146 5259 3312 5316 fuisse
3363 5259 3660 5328 suspicatur.
3694 5245 3772 5302 Sed

2245 5348 2454 5403 fallitur
2476 5349 2560 5402 vir
2586 5349 2962 5413 doctissimus;
2993 5349 3174 5404 nullus
3199 5349 3343 5404 enim
3374 5346 3621 5442 invenitur
3638 5337 3771 5442 altbe

2243 5442 2327 5496 cui
2368 5455 2660 5496 concessus
2711 5439 2874 5494 luerit
2907 5441 3083 5494 mitra:
3130 5455 3276 5501 usus.
3324 5450 3448 5494 ante
3492 5432 3768 5505 Egelsm‘m'

2244 5531 2559 5587 monasterii
2600 5531 2784 5586 Sancti
2830 5530 3112 5599 Augustini
3160 5546 3325 5600 prope
3352 5517 3763 5625 Cautuariattl

2241 5625 2444 5689 batcm,
2470 5625 2555 5678 cui
2584 5623 2891 5678 Alexander
2923 5622 2965 5677 ιι
2993 5623 3044 5677 id
3094 5623 3352 5692 privilegii
3399 5614 3678 5690 impertivit,
3719 5605 3766 5710 of

2241 5716 2403 5772 iusius
2427 5717 2620 5772 scilicet
2637 5715 2987 5772 Romanorum
3013 5715 3213 5771 alumni
3234 5726 3278 5771 et
3302 5712 3569 5786 Anglorum
3588 5697 3770 5777 αροεωε
