4032 6392
225 310 336 367 793
1159 320 1446 383 CARMEN
1480 326 1573 384 AD
1614 330 1804 389 ROBEJ

1917 332 1996 390 ΠΜ
2037 333 2274 392 REGEM
2314 338 2546 396 ΝΟΤᾸΞ.
3394 356 3500 412 79.1

579 421 843 528 menaeus
871 434 1079 528 tantum
1105 431 1437 528 frequentari
1467 449 1676 511 ereptus
1701 441 1809 499 Ur-
1839 443 1883 499 Α
1913 446 2112 505 cularis
2141 464 2370 522 pompas.
2411 470 2430 505 ι
2458 452 2569 509 Hac
2597 452 2651 528 iu
2681 469 2742 511 re
2760 456 3037 515 Christum
3067 461 3352 520 Dominum
3380 468 3503 523 imi-

218 512 372 626 hanc
426 510 798 626 lbponti'lice,
988 518 1130 623 idem
1173 524 1511 626 privilegTum
1556 510 1809 589 iOderisio
1879 547 2080 606 -tatur,
2122 510 2214 612 qui
2238 510 2450 611 inﬁrma
2475 522 2661 599 mundi

218 603 844 717 Cas’r‘tet‘tsiuetlllugoni
877 609 1221 714 Cluniacensi
1266 617 1553 676 abbatibus
1586 622 1810 692 lasgitus
1913 627 1962 697 (1
1988 603 2111 684 Cor.
2134 603 2179 695 λ,
2202 603 2317 700 27)..
2345 632 2460 699 Qua
2486 634 2552 688 de
2579 649 2639 690 re
2665 603 2829 692 causa
2852 603 3327 708 'etiamﬁpiimaies'

216 702 330 749 est.
360 693 495 749 Vide
520 694 886 754 Mabillouium
928 702 982 757 in
1010 704 1225 772 praefat.
1257 707 1311 762 in
1351 723 1369 763 ι
1395 719 1604 781 partem
1627 714 1807 769 saeculi

215 795 295 842 \‘I.
327 781 603 841 Beneditzt.
639 785 668 858 ς
698 786 787 842 IV.

216 872 337 942 (l2)
363 876 512 930 luris
537 879 776 933 custodes
800 894 990 952 cogunt
1042 882 1254 954 periure
1282 890 1515 946 cucullus
1540 907 1561 945 :

215 961 406 1029 Orant,
446 966 716 1034 inclinent,
747 979 954 1027 taceant
980 974 1254 1049 uultusque
1288 994 1558 1051 reponant.

291 1054 538 1124 Catulla,
563 1060 759 1126 oratio,
784 1063 976 1132 capitis
1001 1068 1053 1120 in
1076 1081 1140 1122 ea
1168 1078 1222 1123 et
1248 1074 1490 1142 corporis
1513 1074 1806 1145 inclinatio,

214 1153 317 1200 aut
359 1147 510 1204 humi
549 1154 841 1220 prostratio
866 1156 932 1209 ad
956 1158 1382 1217 benedictionem
1413 1166 1806 1236 accipiendam,

213 1237 517 1306 silentium,
564 1244 844 1301 oculorum
884 1249 1155 1321 totiusque
1207 1254 1318 1310 oris
1365 1256 1624 1312 demissio
1663 1261 1812 1315 clan-

213 1335 459 1383 strorum
507 1340 634 1387 sunt
664 1338 1052 1409 mouachisque
1103 1346 1446 1400 conveniunt.
1499 1348 1811 1420 Indignazur

202 1428 350 1486 ergo
394 1420 660 1478 Adafbero
710 1425 997 1495 optimates
1051 1429 1408 1503 Francorum,
1457 1447 1619 1510 atque
1664 1444 1809 1514 ipsos

214 1509 356 1605 adeo
374 1513 614 1568 custodes
629 1515 797 1585 juris,
834 1531 928 1573 seu
966 1519 1250 1591 praefectos
1278 1531 1491 1585 urbium
1511 1509 1698 1605 ,quos
1729 1539 1811 1593 hi-

212 1595 409 1655 s‘orici
449 1603 620 1657 nostri
649 1606 957 1672 promiscue
991 1625 1022 1664 a
1049 1611 1245 1682 duplici
1295 1595 1523 1675 munere
1544 1595 1811 1683 militandi

204 1686 603 1785 iudicandique
634 1711 780 1752 nunc
824 1701 1070 1769 comites,
1106 1721 1248 1763 nunc
1280 1707 1494 1778 judices
1520 1716 1807 1785 appellant,

1911 719 2389 791 sensitplurimum
2435 734 2807 795 contumaces,
2833 729 2947 798 qui,
2982 730 3251 800 despectis
3286 735 3503 791 humili-

1910 809 2031 875 bus,
2057 811 2141 866 sui
2169 812 2374 868 similes
2410 814 2686 885 eligebant
2727 820 3013 890 superbos.
3046 819 3162 875 Non
3198 823 3345 879 solus
3370 841 3502 890 ergo

1909 901 2197 969 Adalbero,
2226 904 2321 960 sed
2345 905 2590 976 plerique
2616 911 2767 980 regni
2795 910 3042 967 Francici
3072 915 3371 982 optimates
3396 918 3502 972 hoc

1910 994 1966 1049 in
1990 993 2250 1052 Retberto
2272 999 2741 1068 reprehendebant
2764 1013 2929 1073 atque
2969 1005 3317 1062 damnabunt.
3341 1008 3502 1064 Certe

1911 1100 2066 1157 reges
2091 1098 2308 1143 nostros
2342 1098 2402 1145 ut
2431 1090 2717 1159 probitatis
2742 1109 2951 1150 morum
2981 1111 3046 1151 ac
3071 1098 3399 1166 prudentiae,
3427 1100 3502 1154 ita

1910 1186 1966 1231 et
1990 1178 2271 1234 nobilitatis
2291 1180 2343 1234 in
2365 1180 2629 1252 eligendis
2651 1183 2919 1255 episcopis
2953 1186 3206 1241 habuisse
3233 1189 3499 1242 rationem

1910 1266 2109 1322 docent
2127 1271 2588 1326 vetereshistoriei
2612 1274 2806 1338 nostri,
2822 1273 3018 1329 docent
3034 1274 3168 1330 Vitae
3189 1284 3498 1331 sanctorum

1911 1356 2240 1422 antistitum,
2295 1359 2507 1415 doceut‘
2538 1362 2730 1429 priscae
2778 1361 3019 1417 Marculll
3051 1362 3334 1420 Formulae.
3389 1363 3503 1420 Nec

1909 1447 1981 1503 ob
2018 1448 2165 1502 aliud
2212 1447 2504 1520 Tbeganus
2543 1450 2817 1518 Francus,
2863 1453 2946 1506 vir
2979 1452 3213 1518 nobilis,
3254 1453 3413 1509 dolet,
3446 1464 3503 1509 et

1910 1536 2158 1607 queritur
2182 1552 2278 1592 sua
2311 1548 2471 1594 aetate
2497 1555 2562 1593 ea:
2588 1540 2856 1596 vilissimis
2897 1544 3076 1606 servis,
3123 1543 3499 1607 caprarioruut

1911 1625 2114 1682 liliisin
2146 1626 2450 1684 libertatem
2499 1631 2748 1699 assertis,
2793 1648 3023 1687 summos
3069 1634 3340 1702 pontifices
3358 1634 3498 1702 ﬁeri.

1914 1715 2104 1770 Omnes
2150 1732 2313 1771 unum
2345 1729 2467 1775 sunt
2511 1720 2566 1773 in
2606 1718 2814 1776 Christo
2855 1721 3005 1778 Jesu.
3052 1720 3176 1776 Non
3203 1732 3280 1777 est
3321 1740 3500 1778 seruus

213 1781 287 1883 ab
335 1783 621 1843 abbatibus
659 1803 759 1883 per
801 1793 1151 1853 ambitionem
1189 1809 1248 1856 et
1297 1781 1604 1861 avaritiam
1629 1807 1686 1880 [*
1710 1781 1802 1866 alii
1835 1815 1876 1872 Β
1904 1822 2065 1877 neque
2118 1807 2249 1862 liber
2281 1806 2425 1880 (Gal.
2466 1826 2549 1878 tu,
2576 1811 2689 1882 28).
2735 1811 2793 1867 lu
2829 1815 2989 1869 rebus
3033 1827 3165 1883 ergo
3210 1814 3381 1868 sacris
3407 1815 3501 1881 qui

211 1872 419 1937 dicent,
466 1890 566 1946 per
599 1881 834 1936 studium
863 1884 915 1940 in
955 1888 1182 1946 salutem
1224 1894 1549 1966 animarum,
1577 1872 1805 1959 et‘laudi

210 1970 648 2058 \'§rl8ttl‘BOUQ.J
691 1980 988 2037 monachos
1018 1983 1159 2052 ﬁeri,
1204 1996 1260 2042 et
1304 1989 1423 2058 pios
1453 1990 1700 2049 homines
1746 2011 1810 2052 ac

210 2052 491 2128 simplices
503 2064 570 2120 ab
581 2066 662 2121 eis
672 2067 739 2123 ad
751 2071 1103 2131 mutationem
1116 2078 1239 2134 vitae
1251 2052 1525 2154 vestisque
1536 2087 1808 2158 compelli.

210 2152 382 2220 Cujus
413 2159 750 2248 mutationis,
785 2175 1047 2233 regnante
1075 2168 1357 2239 Rutberto,
1392 2152 1620 2248 insignia
1646 2152 1811 2237 habe-

211 2256 335 2335 mus
362 2247 610 2318 exempla
652 2251 706 2303 in
734 2251 1203 2320 Arnoldo.comite
1229 2247 1639 2335 Engolismensi,
1671 2280 1727 2327 et
1756 2274 1808 2329 in

212 2333 529 2432 Burch-ardo
575 2344 773 2401 comite
809 2345 1047 2407 Corboili
1085 2362 1247 2425 atque
1291 2333 1582 2426 illeloduni,
1621 2363 1712 2432 qui
1741 2379 1809 2420 ex

212 2428 510 2489 comitibus
542 2437 792 2492 monachi
825 2438 951 2496 facti
983 2453 1128 2501 sunt.
1177 2445 1285 2504 Sed
1329 2458 1384 2504 et
1416 2459 1573 2505 antea
1602 2428 1810 2511 Willel-

215 2536 362 2613 suus,
403 2528 725 2597 cognomine
769 2529 943 2603 Caput
994 2545 1188 2607 stupte,
1239 2540 1348 2595 dux
1394 2542 1702 2613 Aquitania:
1753 2555 1811 2603 et

210 2612 565 2674 Pictavorum
592 2636 803 2693 comes,
830 2626 884 2681 in
914 2627 1237 2687 Pictaviensi
1262 2612 1593 2692 monasterio
1622 2636 1806 2695 Sancti

212 2708 470 2780 Cypriani
492 2717 847 2774 monasticam
876 2720 1037 2777 vitam
1075 2725 1351 2807 professus
1374 2738 1511 2795 erat,
1538 2730 1731 2787 deinde
1754 2733 1807 2787 iu

212 2803 608 2859 monasterium
660 2804 844 2863 Sancti
871 2807 1127 2868 Maxentii
1178 2803 1493 2886 transierat,
1540 2819 1631 2876 ubi
1660 2820 1806 2877 circa

208 2902 419 2946 annum
448 2893 554 2949 963
579 2895 776 2952 dicitur
796 2900 1016 2958 abiisse.

206 2982 328 3070 (i3)
362 2982 511 3039 Nudi
534 2989 805 3058 pontifices
830 3003 1067 3049 aratrum
1096 2997 1211 3053 sine
1231 2998 1337 3067 ﬁne
1364 3011 1670 3070 sequantur.

207 3068 468 3127 Carmina
490 3090 607 3129 cum
633 3078 845 3134 stimulo
863 3082 1021 3151 primi
1044 3087 1309 3141 cantando
1335 3068 1587 3158 parentis.

1908 1897 2110 1952 virtute
2135 1906 2361 1968 praestat
2393 1908 2448 1954 et
2486 1900 2751 1966 doctrina,
2785 1900 2831 1958 is
2855 1910 2938 1956 est
2966 1900 3355 1972 praeferendus.
3389 1901 3501 1956 No-

1908 1988 2091 2045 bilitas
2114 1989 2466 2046 antefereuda
2502 1999 2709 2048 tantum
2738 2001 2844 2059 cst,
2876 1993 3088 2049 caeteris
3113 1994 3356 2064 paribus.

1910 2100 2025 2174 (15)
2049 2102 2120 2157 Et
2148 2103 2339 2159 studiis
2375 2121 2526 2175 quem
2574 2121 2665 2159 nec
2707 2107 3079 2161 constrinxerit
3122 2122 3231 2161 una
3275 2107 3498 2161 dierum.

1981 2218 2080 2287 Qui
2105 2234 2173 2274 ne
2195 2235 2302 2275 uno
2328 2219 2547 2289 quidem
2571 2218 2658 2273 die
2688 2219 2978 2274 studuerit.

1910 2332 2022 2405 (16)
2050 2334 2394 2405 Alpltabetum
2423 2336 2597 2405 sapia:
2628 2335 2791 2407 digito
2819 2344 3023 2391 tantum
3064 2350 3360 2389 numerare.

1984 2446 2133 2503 Sciat
2188 2458 2397 2505 tantum
2448 2449 2648 2505 litteras
2678 2460 2982 2521 computare
3018 2466 3110 2519 per
3147 2448 3338 2519 digitos
3369 2462 3498 2502 sat:—

1909 2545 2031 2593 ctus
2075 2538 2378 2606 Adalbero,
2419 2548 2480 2595 ut
2520 2549 2711 2596 auctor
2759 2540 3078 2613 Panegyrici
3131 2540 3198 2595 de
3251 2539 3499 2593 laudibus

1907 2629 2221 2701 Berengarii
2267 2632 2520 2704 Augusti,
2551 2647 2616 2689 ac
2650 2631 2805 2688 multi
2854 2632 2944 2687 alii
2975 2632 3138 2686 etiam
3169 2631 3496 2686 vetustiores

1908 2735 2007 2790 pro
2037 2724 2172 2776 scire
2198 2722 2492 2790 dixerunt;
2522 2731 2579 2779 et
2602 2739 2700 2794 pro
2725 2725 2885 2780 docto
2921 2723 3228 2794 sapientem
3255 2737 3271 2777 :
3305 2731 3366 2776 ut
3400 2722 3498 2777 bo-

1907 2811 2105 2883 dieque
2132 2814 2277 2869 scire
2302 2813 2387 2869 vel
2411 2813 2570 2884 vulgo
2593 2830 2755 2871 nosse
2773 2814 2995 2870 sauoira
3018 2828 3211 2883 sapere
3232 2813 3517 2889 dicimur;

1908 2900 2125 2958 doctum
2171 2915 2376 2969 savum,
2419 2905 2523 2960 hoc
2547 2915 2632 2961 est
2667 2905 2965 2975 sapientem
3011 2918 3404 2973 nuncupamus,
3443 2912 3503 2958 et

1908 2996 2124 3051 merito.
2155 2993 2292 3050 Nam
2339 2996 2440 3051 nisi
2484 2996 2537 3051 in
2568 2999 2869 3069 sapientem
2899 2997 3146 3053 doctrina
3178 3013 3284 3052 non
3329 2998 3494 3053 cadit.

1912 3084 2232 3160 [‘Verumne
2245 3087 2632 3146 sithoeValesii
2650 3100 2917 3147 assertum
2929 3089 3171 3160 judicent
3186 3088 3505 3164 alii.Bouo.}

280 3163 423 3276 Νυίξί
448 3167 734 3235 Ροηίίθεθε
762 3182 1061 3276 εθίιυαιξιητ
1103 3187 1346 3276 arat-"1m
1387 3182 1645 3276 cl‘bo‘ies
1832 3172 1882 3236 θ
1914 3199 2025 3272 (l7)
2062 3200 2136 3255 Hi
2158 3219 2431 3272 proceres;
2477 3215 2820 3276 prwceptores
2846 3207 2939 3260 Itos
2966 3205 3193 3260 mundus
3214 3206 3420 3272 adoret,

205 3253 456 3321 stimulo,
481 3268 768 3315 cantantes
782 3264 1034 3318 ‘carmina
1069 3267 1229 3336 primi
1259 3270 1525 3338 parentis,
1551 3272 1807 3342 paradiso

206 3353 444 3421 expulsi.
488 3353 583 3411 His
612 3356 793 3413 verbis
835 3357 1113 3415 invehitur
1160 3361 1429 3419 Adalbero
1462 3365 1516 3419 in
1558 3367 1803 3433 abbates,

209 3444 304 3512 qui
328 3445 514 3500 omnia
540 3460 680 3515 pene
709 3446 938 3518 insignia
969 3457 1025 3504 et
1047 3450 1171 3521 jura
1198 3455 1524 3525 episcopalia
1556 3457 1657 3513 sibi
1687 3459 1807 3513 vin-

210 3535 479 3602 dicerent,
508 3538 1096 3609 episcoposque'uudos
1125 3553 1286 3614 atque
1315 3546 1593 3616 spoliatos,
1624 3549 1807 3619 aliqua

208 3638 282 3681 ex
306 3635 463 3698 parte
486 3629 691 3685 honore
713 3638 767 3685 et
793 3629 1049 3687 felicitate
1074 3648 1170 3688 sua
1186 3634 1529 3705 dejecissent,
1553 3645 1607 3693 et
1630 3639 1804 3695 Immi-

208 3718 380 3774 tiores
431 3720 784 3792 redegissent.
823 3721 880 3795 ["
903 3723 986 3778 An
1026 3725 1225 3782 alicubi
1276 3727 1473 3799 legitur
1519 3729 1806 3802 episcOpus

209 3811 282 3864 ab
320 3809 605 3867 abbatibus
634 3820 691 3867 et
722 3811 879 3868 bonis
917 3823 972 3869 et
996 3814 1203 3872 honore
1241 3818 1499 3889 spoliatos
1528 3820 1718 3886 fuisse,
1745 3830 1806 3876 ut

213 3903 305 3958 hic
339 3903 594 3974 supponit
638 3904 960 3961 adnotatur?
999 3906 1106 3962 Sed
1149 3923 1286 3979 quos
1332 3925 1438 3966 non
1469 3921 1650 3979 amat,
1704 3914 1804 3971 hos

209 3994 450 4063 pessime
484 3995 649 4050 videt.
681 3997 876 4070 80110.]

214 4085 330 4153 (14)
366 4086 618 4143 Ρνωειιιὶε
640 4097 687 4142 et
723 4088 772 4144 si
793 4090 928 4160 forte
947 4100 1091 4148 uacet
1114 4092 1281 4160 locus,
1303 4096 1688 4153 mtronisentur

214 4172 466 4232 Pastores
490 4178 682 4245 ovium,
710 4191 905 4247 nautre,
936 4182 1236 4255 quicunque
1261 4186 1327 4239 sit
1350 4185 1459 4240 ille.

286 4268 446 4325 Ridet
473 4270 687 4340 quidem
712 4269 1005 4340 Adalbero,
1035 4273 1130 4329 sed
1158 4274 1382 4331 ridendo
1410 4276 1593 4333 dicere
1613 4293 1802 4336 verum

214 4359 290 4414 nil
313 4368 483 4424 vetat;
508 4368 563 4415 et
580 4361 987 4433 iudignaturvir
1002 4366 1196 4423 nobilis
1220 4368 1465 4426 homines
1479 4370 1635 4440 plane
1649 4372 1802 4442 igno-

214 4447 372 4511 biles,
398 4448 661 4517 pudendis
701 4464 766 4507 ac
797 4451 1073 4517 vilissimis
1101 4458 1414 4525 parentibus
1453 4471 1631 4526 natos,
1663 4462 1802 4518 divi-

1911 3289 1979 3343 Et
1998 3289 2148 3362 jut'et
2174 3301 2231 3345 ut
2260 3292 2484 3347 celebres
2515 3310 2607 3348 nec
2632 3290 2775 3365 reges
2803 3295 3153 3364 excipiantur.

1982 3405 2142 3462 Tales
2197 3406 2478 3477 episcopi,
2520 3418 2630 3463 tam
2688 3408 2987 3480 ignobiles,
3046 3418 3154 3464 tam
3188 3407 3495 3474 illitterati,

1909 3495 2019 3551 sint
2064 3511 2321 3566 proceres
2380 3500 2569 3569 regni,
2627 3500 2770 3554 inter
2813 3500 3105 3569 optimates
3160 3498 3495 3555 Francorum

1907 3586 2067 3658 primi
2096 3588 2411 3644 consideaut
2437 3589 2620 3646 debito
2648 3591 2918 3661 episcopis
2947 3590 3084 3646 loco.
3129 3590 3190 3645 lli
3214 3591 3283 3646 ab
3312 3593 3493 3646 omni-

1907 3680 2009 3736 bus
2055 3695 2155 3750 pro
2206 3683 2632 3753 praeceptoribus
2669 3683 3005 3750 habeantur,
3045 3684 3374 3751 salutentur,
3425 3700 3495 3740 ne

1905 3774 2210 3832 celebribus
2252 3777 2472 3847 quidem
2513 3779 2729 3849 regibus
2772 3780 3034 3849 exceptis,
3085 3780 3188 3834 hoc
3232 3785 3338 3836 est.
3386 3786 3500 3833 ate

1904 3865 2070 3922 etiam
2123 3868 2277 3938 ipso,
2333 3867 2614 3936 Rotberte,
2657 3870 2749 3941 qui
2797 3885 2893 3926 eos
2944 3870 3216 3926 antistites
3259 3868 3497 3939 elcgisti,

1905 3958 2201 4016 adorentur
2220 3970 2276 4017 et
2301 3961 2657 4018 hortarentur.

1904 4074 2019 4146 (l8)
2057 4074 2260 4146 Regula
2288 4076 2335 4130 si
2355 4076 2561 4132 stabilis
2581 4077 2758 4132 diuum
2785 4078 3133 4145 permanserit
3158 4078 3278 4143 ista,

1904 4165 2220 4237 Disciplina,
2248 4169 2409 4238 vigor,
2436 4180 2543 4223 etc.

1977 4279 2175 4352 Regula
2222 4282 2397 4336 divum
2437 4301 2457 4339 :
2526 4283 2709 4354 regula
2762 4298 2975 4355 regum,
3019 4282 3200 4354 regula
3243 4282 3502 4340 Rotbertiﬁ

1906 4373 2187 4444 principis.
2234 4372 2362 4429 Vult
2386 4373 2567 4430 dicere
2603 4375 2874 4433 Adalbero
2917 4394 2930 4431 :
2976 4377 3020 4432 si
3049 4377 3189 4431 hanc
3216 4377 3488 4446 pernicio-

1907 4479 2022 4517 sam
2057 4465 2321 4535 regulam,
2369 4466 2413 4519 si
2462 4466 2606 4522 hunc
2659 4483 2864 4525 morem
2890 4483 3109 4526 servare
3141 4469 3194 4523 in
3229 4469 3501 4539 eligendis

215 4555 302 4595 me
355 4540 488 4610 legis
536 4556 602 4597 ac
650 4557 931 4600 sacrorum
976 4545 1240 4604 librorum
1292 4549 1531 4621 ignaros,
1582 4568 1803 4621 prorsus
1838 4527 2144 4623 Dindignis
2168 4556 2439 4625 episcopis
2466 4571 2564 4611 rex
2596 4559 3049 4627 perseveraverit,
3101 4566 3155 4611 et
3182 4558 3411 4631 ecclesiis
3432 4568 3493 4612 et

214 4634 593 4703 ἀγραμμάτους
636 4636 724 4690 καὶ
759 4632 1140 4708 ἄναλφαϐήτους
1183 4654 1213 4693 a
1260 4655 1387 4710 rege
1441 4642 1703 4700 Rutberto
1732 4647 1801 4701 ad

214 4723 523 4794 episcopale
552 4725 734 4782 extolli
772 4727 1064 4800 fastigium.
1104 4730 1259 4798 Quod
1292 4732 1490 4789 Glaber
1516 4735 1799 4803 Rodull‘us,

213 4815 587 4874 Cluniacensis
616 4820 938 4886 monachus,
969 4837 996 4874 a
1025 4821 1286 4879 Rutberto
1313 4823 1429 4879 ﬁeri
1453 4827 1801 4882 cousuevisse

213 4911 290 4964 ita
316 4912 504 4967 scribit
528 4922 589 4969 ut
608 4928 790 4984 regem
818 4915 888 4970 ob
906 4915 962 4969 id
992 4916 1148 4973 laude
1181 4917 1553 4990 dignissimum
1572 4922 1798 4994 judicet.

212 5003 429 5059 Rodulli
459 5006 512 5060 in
543 5006 667 5062 librt
702 5006 1058 5064 Historiarum
1086 5027 1170 5077 tu,
1215 5012 1452 5082 capitulo
1479 5013 1536 5079 2,
1568 5015 1634 5070 de
1673 5016 1802 5072 Rot-

208 5095 369 5150 berto
393 5112 520 5167 rege
539 5097 871 5155 Francorum
897 5101 1061 5157 verba
1094 5103 1210 5158 haec
1247 5112 1412 5159 sunt:
1445 5124 1464 5156 ι
1494 5103 1593 5160 llic
1617 5106 1800 5177 itaque

209 5201 334 5254 rex,
364 5197 421 5243 ut
444 5189 874 5260 sapientissimus
900 5191 997 5248 Dei
1019 5193 1216 5259 cultor,
1247 5206 1464 5265 semper
1492 5195 1593 5250 l'uit
1622 5195 1800 5251 humi-

206 5278 343 5332 lium
367 5288 597 5347 amator,
619 5280 1103 5353 superborumque,
1130 5292 1188 5339 ut
1214 5283 1399 5351 valuit,
1430 5299 1581 5341 osor.
1607 5285 1664 5341 Si
1690 5303 1796 5356 qua

202 5368 353 5424 enim
375 5370 702 5440 pontiﬁcalis
722 5372 878 5427 sedes
907 5374 960 5428 in
990 5390 1087 5431 suo
1116 5390 1282 5448 regno
1307 5362 1526 5447 preprio
1547 5378 1797 5434 viduare-

206 5470 303 5514 tur
327 5462 583 5530 praesule,
611 5478 741 5518 cura
770 5465 819 5519 ei
854 5474 974 5521 erat
1018 5469 1253 5523 maxima
1300 5478 1357 5524 ut
1410 5469 1556 5526 utilis
1586 5480 1795 5542 pastor,

205 5552 335 5609 licet
373 5567 571 5625 genere
623 5557 841 5613 intimus
879 5557 967 5629 (de
1015 5575 1114 5617 suo
1155 5562 1303 5617 addit
1353 5563 1620 5630 Valesius,
1665 5564 1798 5620 divi-

203 5660 288 5698 nte
326 5644 453 5715 legis
497 5664 872 5721 sacrorumque
905 5650 1155 5706 librorum
1193 5655 1410 5725 ignarus
1445 5657 1802 5711 restitueretur

207 5735 504 5808 Ecclesiw),
524 5741 704 5811 potius
724 5758 888 5813 quam
912 5744 1108 5802 nobilis
1139 5747 1428 5818 eligeretur
1446 5766 1677 5820 persona
1702 5766 1799 5808 sar-

1909 4642 2231 4712 rcipulzlicte,
2281 4659 2378 4700 seu
2424 4661 2610 4717 regno,
2643 4645 2989 4716 Francorum
3019 4648 3311 4718 plurimum
3341 4648 3498 4704 noci—

1908 4748 2112 4793 turum.

1907 4832 2019 4900 (19)
2060 4829 2281 4901 Legibus
2303 4831 2586 4894 exstinctis,
2608 4832 2663 4885 in
2684 4848 2811 4897 pace
2834 4834 3037 4903 sepulta
3057 4835 3303 4904 quiescet.

1979 4921 2071 4976 Sic
2091 4922 2451 4993 perscriptum
2472 4931 2588 4978 erat
2611 4923 2873 4979 :Ducetur
2892 4926 2962 4978 ad
2982 4926 3165 4981 ultima
3188 4929 3370 4983 mortis
3390 4944 3496 4998 pro:

1907 5018 1962 5070 in
1982 5033 2109 5088 pace
2136 5016 2339 5087 sepulta
2361 5017 2605 5089 quiescet,
2636 5000 2816 5088 qualia
2857 5020 3046 5085 multa,
3075 5020 3242 5090 ipsius
3263 5024 3495 5077 omnino

1905 5107 2263 5164 Adalberonis
2330 5108 2694 5180 chirographo
2737 5110 3148 5180 superscripta,
3204 5110 3257 5165 in
3318 5112 3495 5167 hocce

1904 5202 2175 5272 poematia
2196 5200 2570 5269 reperiuntur;
2596 5218 2716 5272 quae
2734 5190 3064 5275 singula-suo
3093 5204 3346 5277 quodque
3369 5204 3495 5260 loco
3591 5271 3610 5289 .

1903 5309 2022 5349 sum
2061 5292 2351 5359 relaturus,
2381 5294 2425 5349 si
2460 5302 2638 5350 tamen
2666 5304 2791 5350 sunt
2820 5298 2974 5351 tanti.

1905 5383 2019 5455 (20)
2057 5382 2437 5440 Excluduntur
2458 5397 2506 5440 et
2528 5388 2584 5441 Iri
2608 5403 2736 5459 quos
2758 5387 2872 5443 sola
2903 5389 3124 5443 scientia
3154 5390 3337 5457 comit,

1901 5477 2099 5532 Christi
2118 5493 2391 5532 conservos
2412 5486 2460 5532 et
2489 5495 2619 5547 quos
2649 5479 2904 5547 sapientia
2933 5481 3115 5545 nutrit,
3139 5489 3247 5535 etc.

1972 5566 2070 5624 llis
2120 5578 2245 5624 octo
2270 5567 2518 5624 versibus
2542 5568 2811 5625 Adalbero
2832 5571 3033 5626 iudicat
3060 5570 3353 5637 litteratos,
3386 5574 3489 5628 bo-

1903 5677 2002 5717 nos
2062 5670 2117 5716 et
2162 5662 2433 5731 sapientes
2478 5662 2661 5727 viros,
2724 5671 2777 5719 et
2844 5663 3125 5720 catholicae
3174 5674 3491 5735 sanctzequtr

1905 5752 2188 5820 doctrinae,
2218 5752 2285 5809 ab
2310 5753 2734 5825 episcopalibus,
2771 5770 2799 5810 a
2825 5757 3178 5814 conventibus
3205 5756 3293 5812 vel.
3313 5771 3480 5820 syno-
