4032 6406
591 299 695 354 795

1498 300 1566 356 ΙΝ
1601 298 2083 358 ADALBERONIS
2112 295 2415 353 EPISCOPI
2451 292 2931 351 LAUDllNENSlS
3707 297 3788 355 796

588 412 672 464 dis
701 409 767 463 ad
794 394 1033 467 haereses
1064 412 1461 483 lmpugnandas
1485 414 1721 480 coactis,
1748 421 1911 483 atque
1935 426 1964 465 a
1990 408 2165 465 consi-
2193 413 2242 471 Α
2268 416 2680 462 consueverant.
2705 404 2969 460 Caeterum
2997 403 3101 459 hoc
3120 403 3519 460 hemistichium
3536 403 3711 477 Virgilii
3726 423 3791 466 est

588 501 662 556 lio
693 502 837 573 regis
860 503 1048 573 procul
1080 505 1338 560 amoveri.

588 590 701 662 (2i)
742 591 996 648 Omnibus
1023 597 1242 665 egressis
1270 596 1564 650 thalamum
1597 606 1714 666 post
1740 596 1873 650 ostia
1894 606 2116 651 servent.

655 683 821 741 Forte
847 683 1135 754 legendum
1163 697 1249 741 est
1275 688 1542 759 ingressis.

588 796 704 868 (22)
744 795 810 851 Ut
836 808 1150 868 procurator
1178 801 1312 870 regis
1338 800 1608 855 mundana
1642 800 1971 864 ministrans,

587 887 670 944 Sit
707 890 874 960 piger,
904 892 1145 961 ignavus,
1171 901 1280 947 etc.

659 1000 829 1068 Quem
857 1006 1217 1070 procuratoris
1242 1005 1375 1075 regis
1395 1005 1614 1061 nomine
1636 1006 1883 1077 designet
1905 1004 2176 1071 Adalbcro

590 1091 835 1149 divinare
856 1109 960 1149 non
990 1111 1231 1165 possum,
1261 1106 1319 1150 ut
1361 1110 1461 1151 nec
1484 1112 1604 1166 quae
1633 1112 1797 1167 supra
1841 1097 1951 1150 sint
1982 1097 2179 1164 scripta

589 1181 1043 1249 Cmfoniatarum,
1085 1186 1340 1257 inscripta
1373 1186 1459 1240 lea:
1500 1189 1886 1258 antiquissima.
1909 1216 1979 1227 —
2018 1186 2178 1242 Mun-

593 1275 734 1328 dana
773 1275 1095 1341 ministrans,
1120 1292 1208 1333 res
1237 1277 1645 1332 administrans.

597 1365 716 1436 (25)
740 1365 807 1419 Et
824 1365 1025 1436 jugiter
1044 1379 1252 1423 maneat
1282 1370 1478 1423 divisus
1501 1379 1640 1424 sorte
1657 1368 1856 1439 jugali.

655 1453 711 1508 ld
739 1465 844 1521 est,
893 1467 1211 1524 procurator
1252 1460 1397 1530 regis
1439 1476 1660 1516 uxorem
1699 1477 1806 1515 non
1847 1459 2035 1526 ducat,
2084 1459 2180 1515 sed

592 1559 810 1615 semper
837 1546 890 1600 in
917 1547 1173 1603 caelibatu
1201 1561 1538 1620 permaneat.

591 1636 709 1708 (24)
736 1636 820 1692 Ne
845 1639 982 1709 regis
1001 1642 1331 1711 Itwredipcta:
1357 1660 1459 1696 non
1482 1659 1599 1712 spes
1616 1642 1719 1697 sibi
1750 1652 1968 1697 constet.

657 1728 1002 1786 Prneuratori
1031 1733 1172 1803 regis
1200 1748 1324 1802 spes
1352 1734 1487 1790 lucri
1521 1750 1625 1789 non
1658 1736 1751 1803 sit,
1787 1734 1890 1789 nisi
1920 1748 2046 1805 rege
2075 1733 2184 1788 lue-

592 1818 870 1873 reditatem
910 1820 1144 1891 aliquam
1197 1833 1433 1892 petente,
1486 1839 1581 1879 seu
1630 1825 1770 1879 bona
1826 1824 2007 1893 aliqua
2056 1824 2185 1877 liseo

593 1925 693 1964 suo
739 1919 995 1981 tanquam
1029 1914 1231 1969 caduca
1280 1916 1605 1971 vindicante.
1653 1916 1756 1983 Qui
1805 1915 1850 1971 si
1898 1916 2185 1970 verborum

593 1999 952 2058 Adalberouis
976 2018 1137 2060 verus
1157 2014 1243 2062 est
1269 2021 1482 2074 sensus,
1507 2016 1565 2062 ut
1584 2024 1706 2063 esse
1732 2008 1967 2076 videtur,
1994 2023 2181 2077 procu-

595 2102 739 2146 rator
767 2097 901 2163 regis
960 2095 1051 2151 hic
1087 2098 1194 2152 erit
1220 2110 1545 2170 procurator
1576 2100 1720 2167 ﬁsci,
1742 2107 1801 2155 ut
1833 2099 1973 2155 infra
2004 2107 2185 2155 custo-

595 2182 691 2236 des
725 2182 1109 2253 thalamorum,
1142 2189 1483 2245 cubicularii.

596 2295 714 2366 (‘25)
751 2288 977 2353 Caesaris
1006 2300 1088 2355 Itis
1116 2302 1323 2373 majora
1356 2305 1510 2375 jubet
1559 2304 1840 2376 descriptio
1864 2303 2048 2376 Magni

598 2387 774 2443 Dcviet
804 2389 891 2445 ille
910 2409 1060 2447 sacer
1085 2396 1149 2449 de
1170 2398 1291 2451 sede
1328 2400 1647 2453 monasticus
1670 2400 1801 2452 ordo
1824 2412 1843 2449 :

608 2479 811 2538 Uxores
833 2486 1029 2541 ducant
1050 2488 1318 2558 pulchras,
1352 2501 1399 2546 et
1419 2492 1607 2562 prwlia
1636 2501 1853 2547 tentent.

673 2592 874 2649 Valens
930 2595 1070 2668 Aug.
1118 2598 1234 2668 lege
1289 2600 1402 2654 lata
1458 2608 1518 2655 ut
1570 2602 1824 2657 monachi
1869 2600 2187 2668 militarent,

604 2682 854 2739 nolentes
879 2700 977 2755 per
1013 2687 1258 2744 tribunos
1282 2698 1337 2745 et
1363 2689 1565 2746 milites
1594 2692 1820 2761 fustibus
1837 2690 2001 2761 jussit
2022 2692 2190 2746 inter-

604 2775 716 2842 liei,
742 2778 907 2849 sicuti
936 2779 1298 2854 Hieronymus
1322 2786 1608 2855 presbyter
1647 2787 1838 2841 scribit
1876 2788 1931 2840 in
1961 2785 2190 2842 Chroni-

605 2884 671 2921 co
693 2884 711 2919 :
743 2884 864 2939 qua:
890 2870 1130 2928 Valentis
1156 2874 1244 2928 lex
1269 2885 1450 2932 exstat
1471 2877 1525 2931 in
1548 2878 1746 2933 Codice
1784 2878 2185 2934 Theodosiano.

606 2959 773 3017 Paulo
796 2972 924 3019 ante
958 2965 1252 3035 imperator
1275 2967 1525 3026 Julianus
1565 2970 1763 3026 milites
1798 2983 1925 3026 ante
1970 2981 2188 3043 peracta

603 3053 869 3122 stipendia
902 3058 1195 3113 monachus
1220 3058 1336 3114 ﬁeri
1361 3060 1475 3129 lege
1504 3070 1771 3116 vetuerat.
1800 3062 1867 3117 Et
1895 3063 2190 3118 monachos

2274 512 2340 551 ex
2373 496 2510 551 libro
2540 511 2569 549 ν
2601 494 2880 551 IEneidos.

2933 582 3076 635 Pelle
3100 582 3360 647 Libystidis
3381 596 3526 635 ursae.

2276 669 2387 741 (‘28)
2416 667 2482 721 Et
2509 669 2659 724 vestis
2683 685 2899 722 crurum
2919 683 3070 723 tenus
3094 680 3168 724 est
3194 680 3404 724 curtata
3440 668 3616 726 talaris
3638 687 3660 727 :

2275 757 2532 812 Fiuditur
2550 758 2809 823 anterius,
2831 774 2922 812 nec
2946 759 3117 828 parcit
3150 759 3445 829 posteriori.
3520 762 3529 767 ’

2346 846 2573 901 Mutavit
2603 846 2871 902 Adalbero
2914 848 3270 917 posteriorem
3301 848 3460 918 primi
3492 862 3667 904 versus
3700 865 3795 921 par-

2279 948 2407 1003 tem,
2442 949 2496 992 ιιι
2522 942 2837 994 emendaret
2865 954 3134 1004 errorem,
3155 951 3209 995 et
3238 941 3310 995 ita
3348 944 3704 1011 superscripsit
3725 961 3800 1014 pro

2278 1038 2482 1081 curtutu
2517 1027 2727 1101 (alaris,
2757 1027 2963 1095 f_tuluris
3010 1029 3275 1098 adempta.
3314 1029 3516 1084 Glaber
3567 1031 3798 1095 llodullus,

2279 1119 2541 1175 llotberto
2568 1129 2861 1189 regnante,
2884 1119 3039 1182 vixit,
3072 1129 3125 1175 et
3157 1118 3411 1174 Willelnri
3442 1120 3642 1175 abbatis
3666 1122 3801 1176 Dirio—

2281 1210 2482 1271 nensis,
2517 1226 2615 1265 seu
2637 1210 2950 1264 monasterii
2975 1210 3159 1265 Sancti
3193 1210 3418 1281 llenigni
3445 1209 3608 1265 Vitam
3630 1226 3803 1266 enarra-

2284 1313 2390 1364 vit;
2435 1318 2594 1371 quem
2630 1302 2681 1355 in
2708 1301 2887 1369 capite
2916 1302 2985 1354 *34
3029 1300 3231 1355 inducit
3262 1302 3342 1355 sic
3370 1304 3800 1359 concionautetniu

2282 1393 2693 1448 (nitseeratione
2726 1392 2961 1447 basilica:
2994 1392 3177 1446 Santti
3212 1391 3437 1459 llenigni
3471 1407 3522 1447 c.
3558 1394 3613 1446 l6
3638 1411 3650 1446 :
3676 1412 3691 1444 ι
3719 1393 3801 1446 δίκε

2284 1483 2524 1553 aSpivitis
2553 1499 2673 1552 qua:
2697 1482 2948 1538 scissitrte
2985 1494 3039 1538 et
3061 1482 3507 1537 detruncaliones
3528 1484 3729 1537 vestium
3750 1500 3804 1538 ra-

2284 1576 2610 1631 Ιιὶιιίδδίιιιδιῗ
2644 1592 2764 1645 qna-
2789 1584 3080 1630 attonsum:
3110 1590 3203 1645 per
3223 1574 3469 1630 cervices
3486 1575 3801 1636 vimruuncu.

2289 1672 2390 1724 ista
2435 1669 2577 1725 enim
2629 1668 2903 1733 universa,
2944 1668 3183 1722 recentia
3214 1676 3268 1721 ct
3307 1682 3481 1737 nuper
3506 1679 3737 1738 grassata.
3756 1684 3803 1722 et

2220 1773 2260 1832 Β
2288 1760 2568 1816 diabolica:
2612 1759 3111 1831 superstitiositatis
3145 1758 3291 1814 rabie
3317 1771 3605 1813 emersere.
3647 1777 3663 1811 ι
3700 1757 3806 1812 Idem

2287 1853 2342 1908 in
2373 1852 2478 1909 line
2507 1853 2627 1908 libri
2661 1868 2718 1906 ιιι
2753 1851 3120 1907 Historiarum
3156 1849 3223 1904 de
3274 1849 3470 1904 eadem
3512 1863 3571 1904 re
3605 1848 3805 1919 loquitur,

2285 1952 2342 1999 et
2383 1955 2572 1998 trunca
2619 1954 2750 1998 reste
2774 1945 2907 1998 viros
2948 1943 3186 1998 Francos
3219 1933 3434 1997 irridet.
3475 1942 3597 1996 Ιῐδιι
3626 1942 3802 1996 recentia

2286 2035 2529 2103 damnat,
2555 2035 3003 2105 apud'Glabrmn,
3027 2034 3335 2091 Willelmus
3362 2034 3721 2089 monachorum
3740 2034 3807 2088 ab-

2288 2134 2387 2182 bas
2436 2127 2489 2182 in
2540 2126 2721 2192 laicis;
2764 2128 2859 2182 sed
2908 2142 3003 2182 eos
3050 2139 3232 2182 tamen
3267 2127 3520 2181 monachi
3568 2133 3808 2194 equitsnus

2286 2219 2498 2289 iterque
2530 2217 2790 2275 facientes
2824 2218 3194 2281 imitabantur.
3219 2229 3276 2273 et
3311 2234 3445 2274 suas
3474 2228 3642 2279 vestes
3662 2217 3810 2271 lither

2288 2323 2454 2384 atque
2495 2313 2760 2369 demissas
2801 2313 2880 2368 ita
2942 2314 3343 2367 detruncahaut
3394 2311 3811 2377 decurtahzutqut,

2289 2406 2376 2462 vis
2411 2418 2463 2461 ut
2493 2420 2666 2477 genus
2708 2405 3088 2471 contingerent
3121 2419 3136 2458 :
3168 2404 3416 2461 easdem.
3469 2417 3584 2456 eum
3629 2401 3811 2470 undique

2289 2495 2486 2552 clausa:
2517 2511 2637 2552 esse
2660 2498 2943 2559 deberent.
2965 2506 3094 2549 ante
3124 2501 3180 2549 et
3231 2508 3385 2566 retro
3435 2494 3734 2562 aperiebant.
3770 2502 3813 2543 ut

2289 2588 2357 2644 ad
2392 2591 2864 2644 conscendcndnm
2904 2603 3102 2659 equum
3153 2598 3344 2645 essent
3394 2585 3741 2655 expeditiores.
3770 2581 3814 2634 In

2289 2684 2796 2741 detruncationibus
2890 2686 2995 2740 illis
3088 2682 3645 2743 decurtationillusxe,
3693 2686 3813 2747 atque

2288 2777 2452 2832 etiam
2482 2778 2535 2831 in
2560 2776 2814 2832 scissuris
2841 2777 3068 2831 vestium
3098 2777 3373 2845 hodieque
3402 2773 3698 2828 insanimus.

2290 2865 2403 2938 (ξ’-9)
2432 2867 2537 2922 Ilia
2560 2868 2836 2937 baldringo
2865 2868 3027 2937 cingit
3045 2859 3388 2921 'stricttssima
3421 2868 3574 2937 picto.

2362 2958 2716 3029 Baldringum
2773 2959 3010 3030 appellat
3054 2958 3329 3014 Adalbero
3377 2958 3606 3013 balteum
3648 2967 3814 3009 nomine

2292 3051 2424 3105 mihi
2452 3050 2581 3105 alibi
2609 3066 2716 3105 non
2746 3050 2887 3105 lecto
2913 3069 2926 3105 :
2953 3067 3112 3116 quem
3137 3066 3237 3105 nos
3261 3050 3422 3121 vulgo
3452 3045 3814 3103 baudrieralml-

604 3145 825 3212 quidem
848 3144 1046 3203 Valens
1067 3149 1302 3204 militare
1329 3152 1523 3222 jussit;
1561 3152 1952 3208 Constantinus
1982 3152 2184 3223 Capro-
2211 3137 2259 3200 C
2288 3144 2475 3214 dringo
2495 3144 2743 3199 dicimus.
2773 3141 2985 3198 Pictura
3010 3152 3192 3198 autem
3218 3142 3560 3212 baldringutn
3579 3152 3810 3209 nuncupat.

607 3253 820 3306 nymus,
852 3238 1050 3295 Leonis
1080 3241 1243 3308 lilins,
1268 3244 1481 3298 eosdem
1504 3252 1560 3298 et
1587 3260 1784 3299 uxores
1811 3244 2007 3298 ducere
2044 3245 2194 3299 alba-

609 3340 693 3384 tos
724 3333 980 3401 prrecepit
999 3341 1093 3387 aut
1118 3336 1319 3405 coegit,
1345 3336 1802 3406 quemadmodum
1834 3336 2196 3407 Theopbauus

609 3423 677 3476 ab
703 3422 993 3478 Anastasio
1041 3426 1357 3492 translatus,
1408 3428 1697 3498 czeterique
1724 3429 2000 3484 memoriae
2033 3431 2200 3484 tradi-

608 3514 754 3568 dere.
777 3514 999 3571 Videtur
1033 3526 1216 3572 autem
1238 3518 1510 3575 Adalbero
1538 3520 1757 3575 nomine
1779 3535 1900 3575 esse
1921 3522 2195 3591 deceptus,

610 3617 665 3660 et
699 3609 843 3678 quod
874 3623 904 3663 a
928 3609 1284 3667 Constantino
1307 3611 1649 3684 Copronytno
1680 3612 1881 3667 factum
1928 3622 2034 3677 est,
2059 3613 2199 3668 Con-

611 3700 852 3754 stantino
874 3700 1067 3771 Magno
1102 3701 1236 3757 falso
1259 3703 1536 3769 tribuisse,
1559 3718 1718 3773 quem
1752 3718 1916 3774 supra
1937 3702 2199 3759 Ctesarem

613 3785 886 3859 Magnum,
914 3799 966 3844 et
990 3789 1144 3859 cujus
1184 3791 1379 3863 legem,
1409 3793 1641 3849 Cmsaris
1676 3793 1852 3863 Magni
1883 3796 2199 3866 descriptio-

614 3893 737 3932 nem
776 3879 1152 3949 appellaverit.
1198 3881 1408 3953 Quippe
1450 3883 1809 3939 Constantino
1833 3884 2198 3956 Copronymo,

614 3972 841 4043 principi
874 3975 1107 4043 pessimo
1131 3991 1196 4031 ac
1225 3977 1544 4045 impiissimo
1565 3977 1944 4035 Lconomacho
1970 3980 2197 4035 Ctesaris

618 4062 800 4134 Magni
832 4066 1120 4135 appellatio
1156 4083 1262 4123 non
1301 4070 1575 4135 convenit,
1618 4078 1677 4126 ut
1727 4085 1828 4127 nec
1886 4071 2201 4142 imperatori

621 4152 827 4211 Valenti
858 4156 1078 4214 Ariano.
1105 4159 1210 4215 Sed
1234 4176 1331 4215 cur
1351 4161 1466 4217 haec
1492 4164 1558 4218 de
1582 4163 1861 4218 monachis
1883 4164 2059 4218 :etatis
2085 4179 2197 4218 sua:

618 4247 751 4303 dicit
777 4247 1067 4315 Adalbero,
1097 4260 1188 4305 aut
1224 4252 1355 4322 quid
1405 4261 1533 4309 tunc
1579 4254 1722 4323 apud
1772 4255 2069 4311 monachos
2100 4269 2201 4309 no-

617 4347 761 4395 stros
787 4340 961 4396 simile
986 4342 1311 4412 gerebatur?

621 4428 734 4498 (26)
773 4430 1012 4484 [lectores
1040 4448 1213 4486 rerum
1248 4432 1418 4506 placet
1449 4434 1704 4488 accersire
1726 4449 1982 4488 mearum.

689 4519 791 4575 llic
812 4536 1023 4587 versus,
1045 4539 1168 4578 cum
1194 4539 1412 4581 sensum
1437 4526 1640 4592 turbet,
1658 4535 1752 4580 aut
1777 4534 1955 4591 vacat,
1977 4533 2073 4579 aut
2096 4535 2201 4579 non

618 4632 719 4674 suo
750 4616 869 4675 loco
897 4619 1108 4689 positus
1129 4629 1230 4676 est.

620 4709 736 4782 (27)
772 4709 951 4765 l’ileus
970 4712 1204 4767 excelsus
1230 4716 1294 4766 de
1329 4711 1458 4783 pelle
1483 4710 1765 4782 Libystinis
1792 4726 1950 4765 ursa'.

690 4801 1075 4858 Monaehorum
1100 4804 1342 4859 habitum
1365 4804 1585 4858 damnat
1618 4812 1673 4858 et
1708 4802 1898 4858 irridet
1920 4800 2208 4868 Adalbero,

621 4895 739 4965 qui,
782 4894 933 4949 obliti
984 4893 1335 4965 professionis
1388 4908 1528 4960 suae,
1560 4894 1715 4964 pileis
1743 4908 1809 4947 ex
1840 4890 1978 4963 pelle
2002 4891 2207 4954 ursina,

622 4985 862 5041 vestibus
910 4999 1127 5039 crurum
1166 4994 1323 5040 tenus
1360 4985 1655 5040 decurtatis
1683 4994 1737 5039 et
1759 4983 2001 5038 anterius
2028 4990 2206 5052 poste-

626 5078 738 5134 rius
767 5077 990 5148 apertis,
1025 5077 1185 5147 pictis
1223 5076 1435 5142 balteis,
1466 5085 1523 5131 et
1556 5075 1767 5147 gladiis,
1798 5084 1851 5129 et
1880 5074 2116 5130 arcubus
2144 5087 2208 5127 ac

623 5168 929 5223 calcaribus
968 5168 1274 5238 equitanlcs
1320 5177 1619 5224 uterentur.
1663 5165 1972 5236 ,Ordericus
2014 5164 2206 5221 Vitalis

625 5258 903 5317 anni1089
927 5276 1012 5317 res
1030 5262 1298 5318 referens:
1323 5280 1340 5314 ι
1362 5260 1537 5328 Nunc,
1555 5261 1751 5331 inquit,
1775 5274 1942 5331 prope
1969 5256 2209 5313 universi

629 5349 914 5417 populares
952 5364 1112 5423 caput
1141 5354 1322 5410 velant.
1351 5355 1485 5409 vitta
1527 5354 1641 5409 sive
1668 5352 1829 5424 pileo.
1867 5350 1973 5405 Vix.
2014 5348 2209 5420 aliquis

628 5438 944 5519 militarium
973 5446 1217 5512 procedit
1251 5447 1303 5502 iu
1352 5446 1624 5517 publicmn
1666 5444 1846 5514 capite
1868 5444 2211 5513 discooperto

632 5530 971 5604 lcgitimcque
1002 5546 1177 5603 tonso,
1202 5544 1492 5595 secundum
1525 5537 1764 5609 Apostoli
1803 5545 2153 5607 praeceptum.
2186 5553 2204 5586 ι

628 5620 828 5687 Antea,
879 5626 1088 5682 scilicet
1132 5629 1270 5686 Galli
1309 5640 1363 5685 et
1416 5630 1631 5696 Franci,
1678 5643 1828 5684 more
1884 5628 2127 5683 Romano
2158 5635 2213 5681 et

630 5706 996 5790 Ganranico,
1038 5722 1304 5792 capitibus
1353 5724 1555 5793 apertis
1607 5734 1768 5791 atque
1821 5720 2036 5783 intectis
2092 5732 2213 5774 esse

2298 3236 2390 3306 qui
2421 3250 2522 3290 acu
2551 3237 2728 3305 pictus
2750 3244 2912 3291 esset.
2938 3235 3228 3291 Germanis
3262 3236 3404 3305 ring,
3437 3235 3649 3290 balteum
3680 3242 3816 3293 sonat,

2299 3338 2357 3383 ut
2380 3329 2432 3382 in
2461 3331 2590 3383 i'oce
2612 3328 2757 3381 rinca
2785 3327 2943 3383 docet
2974 3327 3238 3396 Caugius;
3266 3325 3414 3381 bald.
3442 3341 3592 3389 vero,
3619 3330 3811 3377 audacem

2298 3418 2502 3483 virum;
2543 3418 2638 3481 ita,
2670 3415 2826 3484 juxta
2854 3417 3000 3472 vocis
3021 3425 3262 3487 etymon,
3302 3416 3543 3486 baldring
3571 3413 3704 3469 fuerit
3730 3413 3813 3466 cito

2297 3507 2477 3578 gulam
2506 3508 2604 3560 viri
2629 3506 2875 3561 militaris
2909 3515 2958 3561 et
3014 3506 3070 3560 in
3098 3507 3260 3559 armis
3297 3506 3524 3559 strenui.

2369 3598 2676 3654 Notandum
2711 3598 2765 3653 iu
2794 3597 3146 3666 sequentibus
3171 3595 3423 3650 versibus
3451 3594 3694 3665 forcipem,
3712 3588 3813 3644 utal-

2299 3690 2437 3745 leum
2465 3699 2519 3745 et
2548 3689 2720 3742 ilicem
2749 3689 3017 3743 monacho
3048 3686 3339 3761 equitauti,
3368 3686 3528 3741 tribui
3559 3702 3572 3738 :
3601 3684 3819 3753 forcipem,

2300 3782 2367 3837 ad
2392 3781 2757 3836 extrahendus
2803 3780 2987 3834 clavos
3027 3792 3093 3833 ex
3144 3777 3308 3832 soleis
3359 3774 3658 3847 angulisque
3691 3767 3812 3838 equi;

2302 3875 2554 3930 malleum
2574 3914 2588 3939 ,
2635 3874 2701 3927 ad
2752 3872 3067 3928 calcandnm
3095 3885 3321 3940 equum,
3365 3885 3461 3924 seu
3488 3869 3551 3936 ad
3581 3862 3814 3920 tundendo:

2303 3968 2486 4024 clavos
2507 3966 2722 4038 ungulis
2748 3966 2961 4035 equinis
2989 3962 3215 4027 inﬁxos;
3249 3962 3423 4015 ilicem
3446 3976 3537 4015 seu
3567 3958 3708 4029 iligna
3725 3951 3815 4006 iolla

2304 4061 2371 4116 ad
2400 4059 2780 4130 excipiendum
2802 4055 3242 4125 servandumque
3284 4053 3465 4125 ignem
3489 4067 3520 4109 e
3540 4051 3673 4107 silice
3708 4047 3814 4100 leno

2303 4167 2580 4208 excusum.
3146 4140 3150 4145 ’

2308 4247 2421 4318 (50)
2458 4243 2591 4299 Ossa
2624 4241 2952 4312 superﬁciem
2978 4235 3419 4308 stringitfdiﬂ'usa
3445 4233 3685 4287 deorsum.

2375 4338 2509 4392 Osas
2523 4336 2721 4391 Paulus
2748 4332 3134 4404 Langobardos
3156 4331 3209 4384 in
3232 4329 3373 4384 libro
3397 4342 3467 4391 tv,
3490 4326 3653 4379 Itossas
3675 4330 3812 4374 [itona-

2308 4432 2444 4486 chus
2498 4428 2683 4484 Sancti
2708 4426 2996 4490 Gallensis,
3028 4425 3083 4480 in
3106 4424 3249 4477 libro
3276 4438 3341 4487 tt,
3372 4418 3646 4486 caeteriquc
3677 4407 3812 4480 appel-

2306 4525 2419 4579 lant
2484 4523 2682 4577 fascias
2741 4521 3006 4585 crurales,
3056 4517 3261 4586 caligas
3313 4515 3397 4569 vel
3447 4524 3676 4567 ocreas:
3720 4500 3814 4556 Mal-

2310 4617 2481 4669 tltaeus
2529 4612 2850 4667 Parisiensis
2890 4609 3243 4664 calceamenta
3290 4604 3540 4659 militaria
3573 4614 3675 4671 qua:
3708 4592 3812 4659 rulae

2313 4708 2538 4762 housses
2561 4707 2827 4759 dicuntur.
2858 4700 3115 4759 Germani
3154 4698 3424 4766 hodieque
3467 4686 3700 4763 ejusmodi
3724 4682 3812 4737 tibi—

2311 4796 2415 4851 alia
2427 4794 2726 4859 hosen,’nos
2743 4794 2956 4847 Itousses
2975 4804 3251 4846 vocamus.
3266 4786 3375 4841 Sed
3397 4783 3661 4839 videndum
3684 4785 3813 4869 ειιιιιοιι

2316 4889 2401 4943 hic
2438 4886 2709 4940 Adalbero
2758 4900 2891 4938 assae
2940 4883 3184 4936 deorsum
3227 4879 3437 4948 diffusa:
3468 4888 3530 4927 ac
3553 4863 3812 4937 superﬁcie!“

2307 4976 2837 5047 stringentisnomine
2859 4975 3038 5045 potius
3050 4966 3730 5041 designetptnnulam,qaam
3752 4962 3812 5004 su-

2308 5085 2404 5142 pra
2433 5068 2613 5124 omnia
2645 5067 2967 5122 vestimettta
2994 5073 3213 5131 etarma
3249 5060 3504 5113 adversus
3529 5052 3810 5145 imbresmll'

2310 5134 2520 5216 hachus
2575 5159 2917 5227 equitaturus
2992 5152 3312 5222 sumpsisset
3363 5163 3425 5203 ac
3490 5134 3808 5241 supe'l‘fd‘ssfj

2313 5253 2352 5327 [‘
2378 5251 2596 5307 Fascias
2625 5248 2867 5304 crurales
2889 5262 3101 5300 osurum
3128 5243 3342 5297 nomine
3364 5244 3649 5294 constanter
3670 5220 3810 5327 ξψ-

2311 5312 2444 5412 ξξυιιι
2486 5341 2645 5397 medii
2674 5340 2771 5394 aevi
2795 5339 3109 5407 scriptores,
3132 5342 3189 5388 ut
3213 5333 3392 5388 videre
3413 5338 3556 5398 potes
3579 5317 3695 5390 apud
3708 5312 3806 5368 6³η·

2312 5436 2459 5508 gium
2489 5435 2540 5488 in
2567 5431 2841 5488 Glossario
2889 5426 3080 5498 Bona]

2315 5495 2428 5598 liii)
2469 5525 2700 5580 Saltibus
2731 5522 2970 5577 incedens
3000 5495 3215 5591 (terram
3235 5513 3460 5570 calcaria
3489 5495 3708 5577 pungunt)

2312 5591 2332 5673 ,⁷
2388 5591 2442 5673 ld
2501 5627 2584 5673 est
2632 5615 2905 5670 saltuatim
2961 5611 3162 5667 incedit
3212 5606 3525 5665 monachus,
3592 5591 3805 5664 ροειιιιηω

2320 5726 2459 5780 equo
2485 5706 2781 5770 descendit,
2817 5712 2871 5759 et
2899 5701 3211 5771 calcaribus
3244 5696 3372 5762 suis,
3411 5706 3509 5748 non
3551 5684 3646 5756 jam
3686 5676 3807 5728 ialm
