  <div class='ocr_page' id='page_1' title='image "/cluster/home/n/w/nwhite01/storage/ocr_20150623/141/hvd.32044015471790/404.png"; bbox 0 0 4032 6392; ppageno 0'>
   <div class='ocr_carea' id='block_1_1' title="bbox 200 363 310 421">
    <p class='ocr_par' dir='ltr' id='par_1_1' title="bbox 200 363 310 421">
     <span class='ocr_line' id='line_1_1' title="bbox 200 363 310 421; baseline 0 -1"><span class='ocrx_word' id='word_1_1' title='bbox 200 363 310 421; x_wconf 78' lang='grc'><strong>’197</strong></span> 
     </span>
    </p>
   </div>
   <div class='ocr_carea' id='block_1_2' title="bbox 1140 349 2505 411">
    <p class='ocr_par' dir='ltr' id='par_1_2' title="bbox 1140 349 2505 411">
     <span class='ocr_line' id='line_1_2' title="bbox 1140 349 2505 411; baseline -0.005 0"><span class='ocrx_word' id='word_1_2' title='bbox 1140 351 1422 411; x_wconf 78' lang='lat' dir='ltr'><strong>CARMEN</strong></span> <span class='ocrx_word' id='word_1_3' title='bbox 1455 351 1548 408; x_wconf 84' lang='lat' dir='ltr'><strong>AD</strong></span> <span class='ocrx_word' id='word_1_4' title='bbox 1576 349 1952 406; x_wconf 75' lang='lat' dir='ltr'><strong>ROBERTUM</strong></span> <span class='ocrx_word' id='word_1_5' title='bbox 1985 349 2221 406; x_wconf 80' lang='lat' dir='ltr'><strong>REGEM</strong></span> <span class='ocrx_word' id='word_1_6' title='bbox 2274 350 2505 409; x_wconf 65' lang='lat' dir='ltr'><strong>NOTAE.</strong></span> 
     </span>
    </p>
   </div>
   <div class='ocr_carea' id='block_1_3' title="bbox 3294 314 3460 401">
    <p class='ocr_par' dir='ltr' id='par_1_3' title="bbox 3294 314 3460 401">
     <span class='ocr_line' id='line_1_3' title="bbox 3294 314 3460 401; baseline 0.024 -4"><span class='ocrx_word' id='word_1_7' title='bbox 3294 314 3460 401; x_wconf 10' lang='lat' dir='ltr'><strong>Aras</strong></span> 
     </span>
    </p>
   </div>
   <div class='ocr_carea' id='block_1_4' title="bbox 200 449 3458 550">
    <p class='ocr_par' dir='ltr' id='par_1_4' title="bbox 200 449 3458 550">
     <span class='ocr_line' id='line_1_4' title="bbox 200 449 3458 550; baseline -0.006 -16"><span class='ocrx_word' id='word_1_8' title='bbox 200 478 354 550; x_wconf 84' lang='lat' dir='ltr'><strong>equi,</strong></span> <span class='ocrx_word' id='word_1_9' title='bbox 384 478 480 533; x_wconf 85' lang='lat' dir='ltr'><strong>sed</strong></span> <span class='ocrx_word' id='word_1_10' title='bbox 511 479 731 532; x_wconf 86' lang='lat' dir='ltr'><strong>humum</strong></span> <span class='ocrx_word' id='word_1_11' title='bbox 783 472 994 545; x_wconf 84' lang='lat' dir='ltr'><strong>pnngit.</strong></span> <span class='ocrx_word' id='word_1_12' title='bbox 1040 471 1268 526; x_wconf 81' lang='lat' dir='ltr'><strong>Mutavit</strong></span> <span class='ocrx_word' id='word_1_13' title='bbox 1311 478 1489 525; x_wconf 87' lang='lat' dir='ltr'><strong>autem</strong></span> <span class='ocrx_word' id='word_1_14' title='bbox 1539 478 1595 524; x_wconf 89' lang='lat' dir='ltr'><strong>et</strong></span> <span class='ocrx_word' id='word_1_15' title='bbox 1638 468 1781 522; x_wconf 88' lang='lat' dir='ltr'><strong>hunc</strong></span> <span class='ocrx_word' id='word_1_16' title='bbox 1809 449 1858 506; x_wconf 80' lang='grc' dir='ltr'>Α</span> <span class='ocrx_word' id='word_1_17' title='bbox 1885 468 1954 523; x_wconf 92' lang='lat' dir='ltr'><strong>do</strong></span> <span class='ocrx_word' id='word_1_18' title='bbox 1979 468 2305 534; x_wconf 85' lang='lat' dir='ltr'><strong>monachus;</strong></span> <span class='ocrx_word' id='word_1_19' title='bbox 2347 482 2469 525; x_wconf 89' lang='lat' dir='ltr'><strong>cum</strong></span> <span class='ocrx_word' id='word_1_20' title='bbox 2493 466 2596 520; x_wconf 89' lang='lat' dir='ltr'><strong>iter</strong></span> <span class='ocrx_word' id='word_1_21' title='bbox 2626 462 2786 529; x_wconf 91' lang='lat' dir='ltr'><strong>facio,</strong></span> <span class='ocrx_word' id='word_1_22' title='bbox 2818 462 3002 528; x_wconf 87' lang='lat' dir='ltr'><strong>miles;</strong></span> <span class='ocrx_word' id='word_1_23' title='bbox 3045 475 3166 516; x_wconf 90' lang='lat' dir='ltr'><strong>cum</strong></span> <span class='ocrx_word' id='word_1_24' title='bbox 3195 460 3248 514; x_wconf 92' lang='lat' dir='ltr'><strong>in</strong></span> <span class='ocrx_word' id='word_1_25' title='bbox 3273 475 3458 514; x_wconf 88' lang='lat' dir='ltr'><strong>mona-</strong></span> 
     </span>
    </p>
   </div>
   <div class='ocr_carea' id='block_1_5' title="bbox 197 560 1784 636">
    <p class='ocr_par' dir='ltr' id='par_1_5' title="bbox 197 560 1784 636">
     <span class='ocr_line' id='line_1_5' title="bbox 197 560 1784 636; baseline -0.007 -13"><span class='ocrx_word' id='word_1_26' title='bbox 197 583 420 623; x_wconf 81' lang='lat' dir='ltr'><strong>versum</strong></span> <span class='ocrx_word' id='word_1_27' title='bbox 450 566 717 622; x_wconf 75' lang='lat' dir='ltr'><strong>Adalbcro</strong></span> <span class='ocrx_word' id='word_1_28' title='bbox 742 579 934 636; x_wconf 88' lang='lat' dir='ltr'><strong>parum</strong></span> <span class='ocrx_word' id='word_1_29' title='bbox 964 563 1067 619; x_wconf 90' lang='lat' dir='ltr'><strong>sibi</strong></span> <span class='ocrx_word' id='word_1_30' title='bbox 1097 560 1441 618; x_wconf 87' lang='lat' dir='ltr'><strong>satisfaciens</strong></span> <span class='ocrx_word' id='word_1_31' title='bbox 1498 569 1556 615; x_wconf 89' lang='lat' dir='ltr'><strong>et</strong></span> <span class='ocrx_word' id='word_1_32' title='bbox 1584 560 1659 614; x_wconf 89' lang='lat' dir='ltr'><strong>ita</strong></span> <span class='ocrx_word' id='word_1_33' title='bbox 1696 574 1784 614; x_wconf 88' lang='lat' dir='ltr'><strong>su-</strong></span> 
     </span>
    </p>
   </div>
   <div class='ocr_carea' id='block_1_6' title="bbox 194 656 545 728">
    <p class='ocr_par' dir='ltr' id='par_1_6' title="bbox 194 656 545 728">
     <span class='ocr_line' id='line_1_6' title="bbox 194 656 545 728; baseline -0.009 -15"><span class='ocrx_word' id='word_1_34' title='bbox 194 656 545 728; x_wconf 81' lang='lat' dir='ltr'><strong>perscripsit.</strong></span> 
     </span>
    </p>
   </div>
   <div class='ocr_carea' id='block_1_7' title="bbox 196 743 1536 817">
    <p class='ocr_par' dir='ltr' id='par_1_7' title="bbox 196 743 1536 817">
     <span class='ocr_line' id='line_1_7' title="bbox 196 743 1536 817; baseline -0.007 -13"><span class='ocrx_word' id='word_1_35' title='bbox 196 747 441 804; x_wconf 81' lang='lat' dir='ltr'><strong>Saltibus</strong></span> <span class='ocrx_word' id='word_1_36' title='bbox 464 748 774 817; x_wconf 71' lang='lat' dir='ltr'><strong>impressam</strong></span> <span class='ocrx_word' id='word_1_37' title='bbox 801 753 1037 816; x_wconf 84' lang='lat' dir='ltr'><strong>pungunt</strong></span> <span class='ocrx_word' id='word_1_38' title='bbox 1064 743 1294 799; x_wconf 79' lang='lat' dir='ltr'><strong>calcaria</strong></span> <span class='ocrx_word' id='word_1_39' title='bbox 1322 753 1536 796; x_wconf 89' lang='lat' dir='ltr'><strong>terram.</strong></span> 
     </span>
    </p>
   </div>
   <div class='ocr_carea' id='block_1_8' title="bbox 196 831 1579 908">
    <p class='ocr_par' dir='ltr' id='par_1_8' title="bbox 196 831 1579 908">
     <span class='ocr_line' id='line_1_8' title="bbox 196 831 1579 908; baseline -0.007 -16"><span class='ocrx_word' id='word_1_40' title='bbox 196 831 318 908; x_wconf 57' lang='lat'><strong>(5‘3)</strong></span> <span class='ocrx_word' id='word_1_41' title='bbox 849 846 1043 889; x_wconf 80' lang='lat' dir='ltr'><strong>terram</strong></span> <span class='ocrx_word' id='word_1_42' title='bbox 1071 833 1302 887; x_wconf 77' lang='lat' dir='ltr'><strong><em>calcaria</em></strong></span> <span class='ocrx_word' id='word_1_43' title='bbox 1323 839 1579 902; x_wconf 86' lang='lat' dir='ltr'><strong>pungunt.</strong></span> 
     </span>
    </p>
   </div>
   <div class='ocr_carea' id='block_1_9' title="bbox 193 920 1604 1000">
    <p class='ocr_par' dir='ltr' id='par_1_9' title="bbox 193 920 1604 1000">
     <span class='ocr_line' id='line_1_9' title="bbox 193 920 1604 1000; baseline -0.009 -15"><span class='ocrx_word' id='word_1_44' title='bbox 193 928 368 1000; x_wconf 67' lang='lat' dir='ltr'><strong>Capit</strong></span> <span class='ocrx_word' id='word_1_45' title='bbox 392 945 598 984; x_wconf 83' lang='lat' dir='ltr'><strong>summa</strong></span> <span class='ocrx_word' id='word_1_46' title='bbox 623 929 813 998; x_wconf 85' lang='lat' dir='ltr'><strong>pedum</strong></span> <span class='ocrx_word' id='word_1_47' title='bbox 834 943 950 980; x_wconf 90' lang='lat' dir='ltr'><strong>cum</strong></span> <span class='ocrx_word' id='word_1_48' title='bbox 984 926 1132 979; x_wconf 89' lang='lat' dir='ltr'><strong>tortis</strong></span> <span class='ocrx_word' id='word_1_49' title='bbox 1167 924 1374 977; x_wconf 84' lang='lat' dir='ltr'><strong><em>tendere</em></strong></span> <span class='ocrx_word' id='word_1_50' title='bbox 1402 920 1604 974; x_wconf 87' lang='lat' dir='ltr'><strong>rostris.</strong></span> 
     </span>
    </p>
   </div>
   <div class='ocr_carea' id='block_1_10' title="bbox 270 1010 1783 1079">
    <p class='ocr_par' dir='ltr' id='par_1_10' title="bbox 270 1010 1783 1079">
     <span class='ocr_line' id='line_1_10' title="bbox 270 1010 1783 1079; baseline -0.006 -5"><span class='ocrx_word' id='word_1_51' title='bbox 270 1020 569 1075; x_wconf 87' lang='lat' dir='ltr'><strong>Saltuatim</strong></span> <span class='ocrx_word' id='word_1_52' title='bbox 600 1018 806 1074; x_wconf 80' lang='lat' dir='ltr'><strong>incedit</strong></span> <span class='ocrx_word' id='word_1_53' title='bbox 831 1017 1152 1079; x_wconf 81' lang='lat' dir='ltr'><strong>monachus,</strong></span> <span class='ocrx_word' id='word_1_54' title='bbox 1179 1024 1232 1069; x_wconf 89' lang='lat' dir='ltr'><strong>et</strong></span> <span class='ocrx_word' id='word_1_55' title='bbox 1260 1023 1459 1067; x_wconf 89' lang='lat' dir='ltr'><strong>terram</strong></span> <span class='ocrx_word' id='word_1_56' title='bbox 1480 1010 1783 1066; x_wconf 77' lang='lat' dir='ltr'><strong>calcaribus</strong></span> 
     </span>
    </p>
   </div>
   <div class='ocr_carea' id='block_1_11' title="bbox 190 1102 1782 1180">
    <p class='ocr_par' dir='ltr' id='par_1_11' title="bbox 190 1102 1782 1180">
     <span class='ocr_line' id='line_1_11' title="bbox 190 1102 1782 1180; baseline -0.008 -18"><span class='ocrx_word' id='word_1_57' title='bbox 190 1108 411 1180; x_wconf 78' lang='lat' dir='ltr'><strong>pungit,</strong></span> <span class='ocrx_word' id='word_1_58' title='bbox 438 1122 563 1163; x_wconf 89' lang='lat' dir='ltr'><strong>cum</strong></span> <span class='ocrx_word' id='word_1_59' title='bbox 586 1120 828 1162; x_wconf 89' lang='lat' dir='ltr'><strong>summos</strong></span> <span class='ocrx_word' id='word_1_60' title='bbox 854 1105 1016 1175; x_wconf 85' lang='lat' dir='ltr'><strong>pedes</strong></span> <span class='ocrx_word' id='word_1_61' title='bbox 1040 1102 1365 1173; x_wconf 87' lang='lat' dir='ltr'><strong>protendere</strong></span> <span class='ocrx_word' id='word_1_62' title='bbox 1392 1109 1447 1154; x_wconf 88' lang='lat' dir='ltr'><strong>et</strong></span> <span class='ocrx_word' id='word_1_63' title='bbox 1470 1108 1646 1153; x_wconf 89' lang='lat' dir='ltr'><strong>rostra</strong></span> <span class='ocrx_word' id='word_1_64' title='bbox 1673 1109 1782 1152; x_wconf 90' lang='lat' dir='ltr'><strong>tor-</strong></span> 
     </span>
    </p>
   </div>
   <div class='ocr_carea' id='block_1_12' title="bbox 190 1187 1782 1266">
    <p class='ocr_par' dir='ltr' id='par_1_12' title="bbox 190 1187 1782 1266">
     <span class='ocr_line' id='line_1_12' title="bbox 190 1187 1782 1266; baseline -0.007 -13"><span class='ocrx_word' id='word_1_65' title='bbox 190 1199 332 1252; x_wconf 86' lang='lat' dir='ltr'><strong>dere</strong></span> <span class='ocrx_word' id='word_1_66' title='bbox 358 1196 552 1266; x_wconf 65' lang='lat' dir='ltr'><strong>coepit;</strong></span> <span class='ocrx_word' id='word_1_67' title='bbox 583 1194 837 1265; x_wconf 88' lang='lat' dir='ltr'><strong>quoniam</strong></span> <span class='ocrx_word' id='word_1_68' title='bbox 861 1202 1082 1263; x_wconf 75' lang='lat' dir='ltr'><strong>propter</strong></span> <span class='ocrx_word' id='word_1_69' title='bbox 1108 1206 1360 1245; x_wconf 80' lang='lat' dir='ltr'><strong>enormes</strong></span> <span class='ocrx_word' id='word_1_70' title='bbox 1385 1188 1596 1243; x_wconf 88' lang='lat' dir='ltr'><strong>calceos</strong></span> <span class='ocrx_word' id='word_1_71' title='bbox 1626 1187 1782 1242; x_wconf 79' lang='lat' dir='ltr'><strong>aliter</strong></span> 
     </span>
    </p>
   </div>
   <div class='ocr_carea' id='block_1_13' title="bbox 188 1278 1782 1358">
    <p class='ocr_par' dir='ltr' id='par_1_13' title="bbox 188 1278 1782 1358">
     <span class='ocr_line' id='line_1_13' title="bbox 188 1278 1782 1358; baseline -0.006 -16"><span class='ocrx_word' id='word_1_72' title='bbox 188 1288 451 1358; x_wconf 76' lang='lat' dir='ltr'><strong>progredi</strong></span> <span class='ocrx_word' id='word_1_73' title='bbox 493 1302 599 1341; x_wconf 91' lang='lat' dir='ltr'><strong>non</strong></span> <span class='ocrx_word' id='word_1_74' title='bbox 648 1292 850 1356; x_wconf 86' lang='lat' dir='ltr'><strong>potest.</strong></span> <span class='ocrx_word' id='word_1_75' title='bbox 901 1282 1194 1338; x_wconf 88' lang='lat' dir='ltr'><strong>Ordericus</strong></span> <span class='ocrx_word' id='word_1_76' title='bbox 1240 1281 1452 1343; x_wconf 81' lang='lat' dir='ltr'><strong>Vitalis,</strong></span> <span class='ocrx_word' id='word_1_77' title='bbox 1500 1279 1553 1332; x_wconf 92' lang='lat' dir='ltr'><strong>in</strong></span> <span class='ocrx_word' id='word_1_78' title='bbox 1600 1278 1782 1332; x_wconf 83' lang='lat' dir='ltr'><strong>Rebus</strong></span> 
     </span>
    </p>
   </div>
   <div class='ocr_carea' id='block_1_14' title="bbox 188 1371 1769 1444">
    <p class='ocr_par' dir='ltr' id='par_1_14' title="bbox 188 1371 1769 1444">
     <span class='ocr_line' id='line_1_14' title="bbox 188 1371 1769 1444; baseline -0.004 -11"><span class='ocrx_word' id='word_1_79' title='bbox 188 1380 324 1434; x_wconf 79' lang='lat' dir='ltr'><strong>anni</strong></span> <span class='ocrx_word' id='word_1_80' title='bbox 366 1377 529 1443; x_wconf 67' lang='lat'><strong>£089,</strong></span> <span class='ocrx_word' id='word_1_81' title='bbox 578 1378 794 1432; x_wconf 87' lang='lat' dir='ltr'><strong><em>calceos</em></strong></span> <span class='ocrx_word' id='word_1_82' title='bbox 820 1374 1125 1444; x_wconf 88' lang='lat' dir='ltr'><strong>hujusmodi</strong></span> <span class='ocrx_word' id='word_1_83' title='bbox 1147 1373 1406 1428; x_wconf 89' lang='lat' dir='ltr'><strong>describit</strong></span> <span class='ocrx_word' id='word_1_84' title='bbox 1432 1372 1517 1426; x_wconf 90' lang='lat' dir='ltr'><strong>his</strong></span> <span class='ocrx_word' id='word_1_85' title='bbox 1549 1371 1769 1426; x_wconf 84' lang='lat' dir='ltr'><strong>verbis:</strong></span> 
     </span>
    </p>
   </div>
   <div class='ocr_carea' id='block_1_15' title="bbox 189 1462 1778 1534">
    <p class='ocr_par' dir='ltr' id='par_1_15' title="bbox 189 1462 1778 1534">
     <span class='ocr_line' id='line_1_15' title="bbox 189 1462 1778 1534; baseline -0.007 -10"><span class='ocrx_word' id='word_1_86' title='bbox 189 1468 419 1524; x_wconf 87' lang='lat' dir='ltr'><strong>Sulores</strong></span> <span class='ocrx_word' id='word_1_87' title='bbox 433 1468 485 1522; x_wconf 85' lang='lat' dir='ltr'><strong>in</strong></span> <span class='ocrx_word' id='word_1_88' title='bbox 501 1467 885 1528; x_wconf 78' lang='lat' dir='ltr'><strong><em>calceamentis,</em></strong></span> <span class='ocrx_word' id='word_1_89' title='bbox 899 1466 1051 1534; x_wconf 85' lang='lat' dir='ltr'><strong>quasi</strong></span> <span class='ocrx_word' id='word_1_90' title='bbox 1066 1464 1263 1517; x_wconf 84' lang='lat' dir='ltr'><strong><em>caudas</em></strong></span> <span class='ocrx_word' id='word_1_91' title='bbox 1278 1462 1630 1530; x_wconf 86' lang='lat' dir='ltr'><strong>scorpionum,</strong></span> <span class='ocrx_word' id='word_1_92' title='bbox 1647 1476 1778 1528; x_wconf 85' lang='lat' dir='ltr'><strong>quas</strong></span> 
     </span>
    </p>
   </div>
   <div class='ocr_carea' id='block_1_16' title="bbox 172 1550 1778 1631">
    <p class='ocr_par' dir='ltr' id='par_1_16' title="bbox 172 1550 1778 1631">
     <span class='ocr_line' id='line_1_16' title="bbox 172 1550 1778 1631; baseline -0.006 -16"><span class='ocrx_word' id='word_1_93' title='bbox 172 1550 354 1631; x_wconf 46' lang='lat' dir='ltr'><strong>‘vulgo</strong></span> <span class='ocrx_word' id='word_1_94' title='bbox 392 1562 626 1630; x_wconf 85' lang='lat' dir='ltr'><strong>pigacias</strong></span> <span class='ocrx_word' id='word_1_95' title='bbox 656 1567 863 1623; x_wconf 83' lang='lat' dir='ltr'><strong>vocant,</strong></span> <span class='ocrx_word' id='word_1_96' title='bbox 902 1558 1125 1627; x_wconf 87' lang='lat' dir='ltr'><strong>faciunt.</strong></span> <span class='ocrx_word' id='word_1_97' title='bbox 1165 1556 1295 1610; x_wconf 91' lang='lat' dir='ltr'><strong>Item</strong></span> <span class='ocrx_word' id='word_1_98' title='bbox 1329 1570 1347 1609; x_wconf 86' lang='lat'><strong>:</strong></span> <span class='ocrx_word' id='word_1_99' title='bbox 1396 1554 1507 1607; x_wconf 87' lang='lat' dir='ltr'><strong>Viri</strong></span> <span class='ocrx_word' id='word_1_100' title='bbox 1553 1551 1778 1606; x_wconf 82' lang='lat' dir='ltr'><strong>curiales</strong></span> 
     </span>
    </p>
   </div>
   <div class='ocr_carea' id='block_1_17' title="bbox 186 1646 1776 1724">
    <p class='ocr_par' dir='ltr' id='par_1_17' title="bbox 186 1646 1776 1724">
     <span class='ocr_line' id='line_1_17' title="bbox 186 1646 1776 1724; baseline -0.007 -16"><span class='ocrx_word' id='word_1_101' title='bbox 186 1654 389 1724; x_wconf 80' lang='lat' dir='ltr'><strong>pedum</strong></span> <span class='ocrx_word' id='word_1_102' title='bbox 405 1652 643 1707; x_wconf 84' lang='lat' dir='ltr'><strong>articulis</strong></span> <span class='ocrx_word' id='word_1_103' title='bbox 665 1650 1057 1705; x_wconf 83' lang='lat' dir='ltr'><strong>colubrinarum</strong></span> <span class='ocrx_word' id='word_1_104' title='bbox 1081 1646 1776 1703; x_wconf 82' lang='lat' dir='ltr'><strong>sintilitudinemcaudarum</strong></span> 
     </span>
    </p>
   </div>
   <div class='ocr_carea' id='block_1_18' title="bbox 187 1735 1773 1812">
    <p class='ocr_par' dir='ltr' id='par_1_18' title="bbox 187 1735 1773 1812">
     <span class='ocr_line' id='line_1_18' title="bbox 187 1735 1773 1812; baseline -0.005 -16"><span class='ocrx_word' id='word_1_105' title='bbox 187 1742 491 1812; x_wconf 86' lang='lat' dir='ltr'><strong>imponunt,</strong></span> <span class='ocrx_word' id='word_1_106' title='bbox 548 1742 633 1796; x_wconf 62' lang='lat' dir='ltr'><strong>ba:</strong></span> <span class='ocrx_word' id='word_1_107' title='bbox 675 1755 808 1811; x_wconf 90' lang='lat' dir='ltr'><strong>ergo</strong></span> <span class='ocrx_word' id='word_1_108' title='bbox 868 1738 1035 1793; x_wconf 89' lang='lat' dir='ltr'><strong>veluti</strong></span> <span class='ocrx_word' id='word_1_109' title='bbox 1084 1740 1270 1793; x_wconf 70' lang='lat' dir='ltr'><strong>cauda:</strong></span> <span class='ocrx_word' id='word_1_110' title='bbox 1324 1735 1674 1793; x_wconf 89' lang='lat' dir='ltr'><strong>colubrarum</strong></span> <span class='ocrx_word' id='word_1_111' title='bbox 1721 1743 1773 1789; x_wconf 90' lang='lat' dir='ltr'><strong>et</strong></span> 
     </span>
    </p>
   </div>
   <div class='ocr_carea' id='block_1_19' title="bbox 187 1828 1778 1903">
    <p class='ocr_par' dir='ltr' id='par_1_19' title="bbox 187 1828 1778 1903">
     <span class='ocr_line' id='line_1_19' title="bbox 187 1828 1778 1903; baseline -0.007 -13"><span class='ocrx_word' id='word_1_112' title='bbox 187 1834 543 1903; x_wconf 76' lang='lat' dir='ltr'><strong>scorpionum</strong></span> <span class='ocrx_word' id='word_1_113' title='bbox 576 1832 917 1888; x_wconf 87' lang='lat' dir='ltr'><strong>terrestrium</strong></span> <span class='ocrx_word' id='word_1_114' title='bbox 947 1830 1105 1900; x_wconf 87' lang='lat' dir='ltr'><strong>vulgo</strong></span> <span class='ocrx_word' id='word_1_115' title='bbox 1136 1830 1360 1900; x_wconf 77' lang='lat' dir='ltr'><strong>pigaciae</strong></span> <span class='ocrx_word' id='word_1_116' title='bbox 1391 1828 1571 1890; x_wconf 64' lang='lat' dir='ltr'><strong>dictae,</strong></span> <span class='ocrx_word' id='word_1_117' title='bbox 1590 1828 1778 1897; x_wconf 87' lang='lat' dir='ltr'><strong>pedum</strong></span> 
     </span>
    </p>
   </div>
   <div class='ocr_carea' id='block_1_20' title="bbox 184 1918 1782 1991">
    <p class='ocr_par' dir='ltr' id='par_1_20' title="bbox 184 1918 1782 1991">
     <span class='ocr_line' id='line_1_20' title="bbox 184 1918 1782 1991; baseline -0.005 -12"><span class='ocrx_word' id='word_1_118' title='bbox 184 1923 450 1987; x_wconf 71' lang='lat' dir='ltr'><strong>articulis,</strong></span> <span class='ocrx_word' id='word_1_119' title='bbox 482 1936 578 1979; x_wconf 87' lang='lat' dir='ltr'><strong>seu</strong></span> <span class='ocrx_word' id='word_1_120' title='bbox 606 1922 823 1977; x_wconf 85' lang='lat' dir='ltr'><strong>summis</strong></span> <span class='ocrx_word' id='word_1_121' title='bbox 857 1921 1076 1991; x_wconf 88' lang='lat' dir='ltr'><strong>pedibus</strong></span> <span class='ocrx_word' id='word_1_122' title='bbox 1099 1920 1537 1991; x_wconf 90' lang='lat' dir='ltr'><strong>imponebantur,</strong></span> <span class='ocrx_word' id='word_1_123' title='bbox 1567 1918 1669 1973; x_wconf 92' lang='lat' dir='ltr'><strong>hoc</strong></span> <span class='ocrx_word' id='word_1_124' title='bbox 1697 1927 1782 1971; x_wconf 89' lang='lat' dir='ltr'><strong>est</strong></span> 
     </span>
    </p>
   </div>
   <div class='ocr_carea' id='block_1_21' title="bbox 188 2010 1775 2084">
    <p class='ocr_par' dir='ltr' id='par_1_21' title="bbox 188 2010 1775 2084">
     <span class='ocr_line' id='line_1_21' title="bbox 188 2010 1775 2084; baseline -0.006 -13"><span class='ocrx_word' id='word_1_125' title='bbox 188 2015 360 2072; x_wconf 79' lang='lat' dir='ltr'><strong>fronti</strong></span> <span class='ocrx_word' id='word_1_126' title='bbox 407 2016 491 2072; x_wconf 86' lang='lat' dir='ltr'><strong>vel</strong></span> <span class='ocrx_word' id='word_1_127' title='bbox 535 2014 795 2071; x_wconf 85' lang='lat' dir='ltr'><strong>anteriori</strong></span> <span class='ocrx_word' id='word_1_128' title='bbox 846 2013 989 2084; x_wconf 87' lang='lat' dir='ltr'><strong>parti</strong></span> <span class='ocrx_word' id='word_1_129' title='bbox 1042 2012 1352 2068; x_wconf 90' lang='lat' dir='ltr'><strong>calceorum</strong></span> <span class='ocrx_word' id='word_1_130' title='bbox 1397 2010 1775 2073; x_wconf 88' lang='lat' dir='ltr'><strong>assuebantur,</strong></span> 
     </span>
    </p>
   </div>
   <div class='ocr_carea' id='block_1_22' title="bbox 190 2104 795 2174">
    <p class='ocr_par' dir='ltr' id='par_1_22' title="bbox 190 2104 795 2174">
     <span class='ocr_line' id='line_1_22' title="bbox 190 2104 795 2174; baseline -0.002 -15"><span class='ocrx_word' id='word_1_131' title='bbox 190 2106 374 2174; x_wconf 84' lang='lat' dir='ltr'><strong>Quare</strong></span> <span class='ocrx_word' id='word_1_132' title='bbox 400 2105 477 2160; x_wconf 93' lang='lat' dir='ltr'><strong>ait</strong></span> <span class='ocrx_word' id='word_1_133' title='bbox 498 2104 795 2160; x_wconf 78' lang='lat' dir='ltr'><strong>Adalbero:</strong></span> 
     </span>
    </p>
   </div>
   <div class='ocr_carea' id='block_1_23' title="bbox 191 2192 1601 2267">
    <p class='ocr_par' dir='ltr' id='par_1_23' title="bbox 191 2192 1601 2267">
     <span class='ocr_line' id='line_1_23' title="bbox 191 2192 1601 2267; baseline -0.005 -16"><span class='ocrx_word' id='word_1_134' title='bbox 191 2196 357 2267; x_wconf 67' lang='lat' dir='ltr'><strong>Cepit</strong></span> <span class='ocrx_word' id='word_1_135' title='bbox 387 2212 592 2251; x_wconf 84' lang='lat' dir='ltr'><strong>summa</strong></span> <span class='ocrx_word' id='word_1_136' title='bbox 619 2197 809 2264; x_wconf 83' lang='lat' dir='ltr'><strong>pedum</strong></span> <span class='ocrx_word' id='word_1_137' title='bbox 840 2210 958 2248; x_wconf 88' lang='lat' dir='ltr'><strong>cum</strong></span> <span class='ocrx_word' id='word_1_138' title='bbox 987 2194 1135 2249; x_wconf 87' lang='lat' dir='ltr'><strong>tortis</strong></span> <span class='ocrx_word' id='word_1_139' title='bbox 1158 2192 1368 2247; x_wconf 82' lang='lat' dir='ltr'><strong>tendere</strong></span> <span class='ocrx_word' id='word_1_140' title='bbox 1398 2192 1601 2246; x_wconf 85' lang='lat' dir='ltr'><strong>rostris.</strong></span> 
     </span>
    </p>
   </div>
   <div class='ocr_carea' id='block_1_24' title="bbox 191 2279 1775 2356">
    <p class='ocr_par' dir='ltr' id='par_1_24' title="bbox 191 2279 1775 2356">
     <span class='ocr_line' id='line_1_24' title="bbox 191 2279 1775 2356; baseline -0.005 -15"><span class='ocrx_word' id='word_1_141' title='bbox 191 2284 395 2341; x_wconf 84' lang='lat' dir='ltr'><strong>Rostra</strong></span> <span class='ocrx_word' id='word_1_142' title='bbox 436 2284 670 2356; x_wconf 77' lang='lat' dir='ltr'><strong>appellat</strong></span> <span class='ocrx_word' id='word_1_143' title='bbox 716 2286 818 2340; x_wconf 87' lang='lat' dir='ltr'><strong>has</strong></span> <span class='ocrx_word' id='word_1_144' title='bbox 853 2283 1056 2339; x_wconf 87' lang='lat' dir='ltr'><strong>caudas</strong></span> <span class='ocrx_word' id='word_1_145' title='bbox 1100 2282 1408 2337; x_wconf 90' lang='lat' dir='ltr'><strong>colubrinas</strong></span> <span class='ocrx_word' id='word_1_146' title='bbox 1451 2291 1506 2335; x_wconf 88' lang='lat' dir='ltr'><strong>et</strong></span> <span class='ocrx_word' id='word_1_147' title='bbox 1534 2279 1775 2351; x_wconf 84' lang='lat' dir='ltr'><strong>pigacias</strong></span> 
     </span>
    </p>
   </div>
   <div class='ocr_carea' id='block_1_25' title="bbox 192 2373 1776 2432">
    <p class='ocr_par' dir='ltr' id='par_1_25' title="bbox 192 2373 1776 2432">
     <span class='ocr_line' id='line_1_25' title="bbox 192 2373 1776 2432; baseline -0.004 -1"><span class='ocrx_word' id='word_1_148' title='bbox 192 2377 502 2432; x_wconf 84' lang='lat' dir='ltr'><strong>calceorum</strong></span> <span class='ocrx_word' id='word_1_149' title='bbox 530 2391 561 2428; x_wconf 89' lang='lat' dir='ltr'><strong>a</strong></span> <span class='ocrx_word' id='word_1_150' title='bbox 588 2375 942 2430; x_wconf 86' lang='lat' dir='ltr'><strong>similitudine</strong></span> <span class='ocrx_word' id='word_1_151' title='bbox 986 2382 1290 2428; x_wconf 90' lang='lat' dir='ltr'><strong>rostrorum</strong></span> <span class='ocrx_word' id='word_1_152' title='bbox 1337 2373 1516 2426; x_wconf 89' lang='lat' dir='ltr'><strong>avium</strong></span> <span class='ocrx_word' id='word_1_153' title='bbox 1553 2380 1649 2426; x_wconf 81' lang='lat' dir='ltr'><strong>aut</strong></span> <span class='ocrx_word' id='word_1_154' title='bbox 1676 2386 1776 2425; x_wconf 84' lang='lat' dir='ltr'><strong>na-</strong></span> 
     </span>
    </p>
   </div>
   <div class='ocr_carea' id='block_1_26' title="bbox 192 2463 1776 2533">
    <p class='ocr_par' dir='ltr' id='par_1_26' title="bbox 192 2463 1776 2533">
     <span class='ocr_line' id='line_1_26' title="bbox 192 2463 1776 2533; baseline -0.004 -12"><span class='ocrx_word' id='word_1_155' title='bbox 192 2467 383 2522; x_wconf 83' lang='lat' dir='ltr'><strong>vium:</strong></span> <span class='ocrx_word' id='word_1_156' title='bbox 441 2465 639 2533; x_wconf 85' lang='lat' dir='ltr'><strong>Quales</strong></span> <span class='ocrx_word' id='word_1_157' title='bbox 696 2465 932 2522; x_wconf 83' lang='lat' dir='ltr'><strong>Joannes</strong></span> <span class='ocrx_word' id='word_1_158' title='bbox 988 2464 1291 2519; x_wconf 86' lang='lat' dir='ltr'><strong>Duhravius</strong></span> <span class='ocrx_word' id='word_1_159' title='bbox 1357 2463 1520 2518; x_wconf 89' lang='lat' dir='ltr'><strong>etiam</strong></span> <span class='ocrx_word' id='word_1_160' title='bbox 1575 2463 1776 2517; x_wconf 83' lang='lat' dir='ltr'><strong><em>calceos</em></strong></span> 
     </span>
    </p>
   </div>
   <div class='ocr_carea' id='block_1_27' title="bbox 190 2554 1775 2620">
    <p class='ocr_par' dir='ltr' id='par_1_27' title="bbox 190 2554 1775 2620">
     <span class='ocr_line' id='line_1_27' title="bbox 190 2554 1775 2620; baseline -0.004 -7"><span class='ocrx_word' id='word_1_161' title='bbox 190 2569 448 2613; x_wconf 83' lang='lat' dir='ltr'><strong>rostratas</strong></span> <span class='ocrx_word' id='word_1_162' title='bbox 472 2567 647 2614; x_wconf 80' lang='lat' dir='ltr'><strong>vocat.</strong></span> <span class='ocrx_word' id='word_1_163' title='bbox 672 2557 772 2612; x_wconf 81' lang='lat' dir='ltr'><strong>Hie</strong></span> <span class='ocrx_word' id='word_1_164' title='bbox 790 2558 933 2612; x_wconf 92' lang='lat' dir='ltr'><strong>enim</strong></span> <span class='ocrx_word' id='word_1_165' title='bbox 959 2558 1011 2611; x_wconf 92' lang='lat' dir='ltr'><strong>in</strong></span> <span class='ocrx_word' id='word_1_166' title='bbox 1031 2555 1168 2611; x_wconf 83' lang='lat' dir='ltr'><strong>Hist.</strong></span> <span class='ocrx_word' id='word_1_167' title='bbox 1200 2554 1509 2620; x_wconf 72' lang='lat' dir='ltr'><strong>Boiemicze,</strong></span> <span class='ocrx_word' id='word_1_168' title='bbox 1537 2554 1675 2609; x_wconf 89' lang='lat' dir='ltr'><strong>libro</strong></span> <span class='ocrx_word' id='word_1_169' title='bbox 1702 2568 1775 2606; x_wconf 82' lang='lat' dir='ltr'><strong>xx</strong></span> 
     </span>
    </p>
   </div>
   <div class='ocr_carea' id='block_1_28' title="bbox 191 2642 1777 2717">
    <p class='ocr_par' dir='ltr' id='par_1_28' title="bbox 191 2642 1777 2717">
     <span class='ocr_line' id='line_1_28' title="bbox 191 2642 1777 2717; baseline -0.004 -14"><span class='ocrx_word' id='word_1_170' title='bbox 191 2651 260 2703; x_wconf 86' lang='lat' dir='ltr'><strong>de</strong></span> <span class='ocrx_word' id='word_1_171' title='bbox 304 2647 535 2714; x_wconf 75' lang='lat' dir='ltr'><strong>Joanne,</strong></span> <span class='ocrx_word' id='word_1_172' title='bbox 573 2662 699 2717; x_wconf 81' lang='lat' dir='ltr'><strong>rege</strong></span> <span class='ocrx_word' id='word_1_173' title='bbox 746 2647 1021 2712; x_wconf 67' lang='lat' dir='ltr'><strong>Boiemiaa,</strong></span> <span class='ocrx_word' id='word_1_174' title='bbox 1060 2645 1397 2701; x_wconf 88' lang='lat' dir='ltr'><strong>Francorum</strong></span> <span class='ocrx_word' id='word_1_175' title='bbox 1427 2659 1606 2699; x_wconf 88' lang='lat' dir='ltr'><strong>mores</strong></span> <span class='ocrx_word' id='word_1_176' title='bbox 1652 2642 1777 2697; x_wconf 88' lang='lat' dir='ltr'><strong>imi-</strong></span> 
     </span>
    </p>
   </div>
   <div class='ocr_carea' id='block_1_29' title="bbox 192 2732 1772 2805">
    <p class='ocr_par' dir='ltr' id='par_1_29' title="bbox 192 2732 1772 2805">
     <span class='ocr_line' id='line_1_29' title="bbox 192 2732 1772 2805; baseline -0.004 -12"><span class='ocrx_word' id='word_1_177' title='bbox 192 2745 370 2805; x_wconf 78' lang='lat' dir='ltr'><strong>tante,</strong></span> <span class='ocrx_word' id='word_1_178' title='bbox 404 2737 481 2792; x_wconf 85' lang='lat' dir='ltr'><strong>ita</strong></span> <span class='ocrx_word' id='word_1_179' title='bbox 524 2736 689 2794; x_wconf 81' lang='lat' dir='ltr'><strong>refert</strong></span> <span class='ocrx_word' id='word_1_180' title='bbox 716 2738 862 2793; x_wconf 87' lang='lat' dir='ltr'><strong>circa</strong></span> <span class='ocrx_word' id='word_1_181' title='bbox 904 2751 993 2791; x_wconf 87' lang='lat' dir='ltr'><strong>an.</strong></span> <span class='ocrx_word' id='word_1_182' title='bbox 1025 2733 1160 2790; x_wconf 73' lang='grc'><strong>1528</strong></span> <span class='ocrx_word' id='word_1_183' title='bbox 1193 2750 1206 2787; x_wconf 90' lang='lat'><strong>:</strong></span> <span class='ocrx_word' id='word_1_184' title='bbox 1253 2752 1273 2786; x_wconf 76' lang='grc' dir='ltr'><strong>ι</strong></span> <span class='ocrx_word' id='word_1_185' title='bbox 1320 2734 1499 2788; x_wconf 88' lang='lat' dir='ltr'><strong>luerat</strong></span> <span class='ocrx_word' id='word_1_186' title='bbox 1534 2732 1581 2787; x_wconf 90' lang='lat' dir='ltr'><strong>ei</strong></span> <span class='ocrx_word' id='word_1_187' title='bbox 1612 2747 1772 2803; x_wconf 85' lang='lat' dir='ltr'><strong>pere-</strong></span> 
     </span>
    </p>
   </div>
   <div class='ocr_carea' id='block_1_30' title="bbox 188 2828 1773 2906">
    <p class='ocr_par' dir='ltr' id='par_1_30' title="bbox 188 2828 1773 2906">
     <span class='ocr_line' id='line_1_30' title="bbox 188 2828 1773 2906; baseline -0.004 -18"><span class='ocrx_word' id='word_1_188' title='bbox 188 2835 383 2906; x_wconf 84' lang='lat' dir='ltr'><strong>grinus</strong></span> <span class='ocrx_word' id='word_1_189' title='bbox 416 2834 630 2890; x_wconf 88' lang='lat' dir='ltr'><strong>habitus</strong></span> <span class='ocrx_word' id='word_1_190' title='bbox 672 2834 729 2889; x_wconf 92' lang='lat' dir='ltr'><strong>in</strong></span> <span class='ocrx_word' id='word_1_191' title='bbox 771 2831 1074 2888; x_wconf 88' lang='lat' dir='ltr'><strong>nutriendis</strong></span> <span class='ocrx_word' id='word_1_192' title='bbox 1114 2831 1308 2896; x_wconf 89' lang='lat' dir='ltr'><strong>comis,</strong></span> <span class='ocrx_word' id='word_1_193' title='bbox 1358 2830 1413 2884; x_wconf 89' lang='lat' dir='ltr'><strong>in</strong></span> <span class='ocrx_word' id='word_1_194' title='bbox 1458 2828 1773 2884; x_wconf 89' lang='lat' dir='ltr'><strong>calceandis</strong></span> 
     </span>
    </p>
   </div>
   <div class='ocr_carea' id='block_1_31' title="bbox 183 2919 1771 2997">
    <p class='ocr_par' dir='ltr' id='par_1_31' title="bbox 183 2919 1771 2997">
     <span class='ocr_line' id='line_1_31' title="bbox 183 2919 1771 2997; baseline -0.005 -17"><span class='ocrx_word' id='word_1_195' title='bbox 183 2927 422 2997; x_wconf 86' lang='lat' dir='ltr'><strong>pedibus</strong></span> <span class='ocrx_word' id='word_1_196' title='bbox 452 2926 699 2981; x_wconf 90' lang='lat' dir='ltr'><strong>rostratis</strong></span> <span class='ocrx_word' id='word_1_197' title='bbox 740 2924 959 2990; x_wconf 88' lang='lat' dir='ltr'><strong>calceis,</strong></span> <span class='ocrx_word' id='word_1_198' title='bbox 1005 2924 1061 2978; x_wconf 88' lang='lat' dir='ltr'><strong>in</strong></span> <span class='ocrx_word' id='word_1_199' title='bbox 1092 2924 1370 2978; x_wconf 88' lang='lat' dir='ltr'><strong>vestiendo</strong></span> <span class='ocrx_word' id='word_1_200' title='bbox 1398 2936 1626 2992; x_wconf 89' lang='lat' dir='ltr'><strong>corpore</strong></span> <span class='ocrx_word' id='word_1_201' title='bbox 1655 2919 1771 2989; x_wconf 85' lang='lat' dir='ltr'><strong>pal-</strong></span> 
     </span>
    </p>
   </div>
   <div class='ocr_carea' id='block_1_32' title="bbox 180 3012 1774 3085">
    <p class='ocr_par' dir='ltr' id='par_1_32' title="bbox 180 3012 1774 3085">
     <span class='ocr_line' id='line_1_32' title="bbox 180 3012 1774 3085; baseline -0.004 -14"><span class='ocrx_word' id='word_1_202' title='bbox 180 3016 334 3071; x_wconf 85' lang='lat' dir='ltr'><strong>liolis</strong></span> <span class='ocrx_word' id='word_1_203' title='bbox 349 3018 438 3071; x_wconf 79' lang='lat' dir='ltr'><strong>vix</strong></span> <span class='ocrx_word' id='word_1_204' title='bbox 461 3017 710 3072; x_wconf 89' lang='lat' dir='ltr'><strong>dimidias</strong></span> <span class='ocrx_word' id='word_1_205' title='bbox 734 3024 888 3071; x_wconf 91' lang='lat' dir='ltr'><strong>nates</strong></span> <span class='ocrx_word' id='word_1_206' title='bbox 913 3014 1240 3085; x_wconf 80' lang='lat' dir='ltr'><strong>tegentibus.</strong></span> <span class='ocrx_word' id='word_1_207' title='bbox 1266 3033 1285 3067; x_wconf 74' lang='grc' dir='ltr'><strong>ι</strong></span> <span class='ocrx_word' id='word_1_208' title='bbox 1308 3014 1365 3069; x_wconf 85' lang='grc' dir='ltr'><strong>1η</strong></span> <span class='ocrx_word' id='word_1_209' title='bbox 1385 3012 1673 3069; x_wconf 88' lang='lat' dir='ltr'><strong>Chronicis</strong></span> <span class='ocrx_word' id='word_1_210' title='bbox 1689 3027 1774 3065; x_wconf 86' lang='lat' dir='ltr'><strong>res</strong></span> 
     </span>
    </p>
   </div>
   <div class='ocr_carea' id='block_1_33' title="bbox 1883 553 3455 625">
    <p class='ocr_par' dir='ltr' id='par_1_33' title="bbox 1883 553 3455 625">
     <span class='ocr_line' id='line_1_33' title="bbox 1883 553 3455 625; baseline -0.006 -9"><span class='ocrx_word' id='word_1_211' title='bbox 1883 561 2048 616; x_wconf 88' lang='lat' dir='ltr'><strong>sterio</strong></span> <span class='ocrx_word' id='word_1_212' title='bbox 2074 575 2285 625; x_wconf 82' lang='lat' dir='ltr'><strong>moror,</strong></span> <span class='ocrx_word' id='word_1_213' title='bbox 2321 559 2637 614; x_wconf 86' lang='lat' dir='ltr'><strong>monachus.</strong></span> <span class='ocrx_word' id='word_1_214' title='bbox 2671 555 2808 623; x_wconf 84' lang='lat' dir='ltr'><strong>Quid</strong></span> <span class='ocrx_word' id='word_1_215' title='bbox 2850 569 2934 609; x_wconf 88' lang='lat' dir='ltr'><strong>me</strong></span> <span class='ocrx_word' id='word_1_216' title='bbox 2964 554 3302 625; x_wconf 79' lang='lat' dir='ltr'><strong>interrogas?</strong></span> <span class='ocrx_word' id='word_1_217' title='bbox 3321 553 3455 607; x_wconf 86' lang='lat' dir='ltr'><strong>Pro-</strong></span> 
     </span>
    </p>
   </div>
   <div class='ocr_carea' id='block_1_34' title="bbox 1882 642 3456 720">
    <p class='ocr_par' dir='ltr' id='par_1_34' title="bbox 1882 642 3456 720">
     <span class='ocr_line' id='line_1_34' title="bbox 1882 642 3456 720; baseline -0.004 -17"><span class='ocrx_word' id='word_1_218' title='bbox 1882 651 1999 720; x_wconf 90' lang='lat' dir='ltr'><strong>prie</strong></span> <span class='ocrx_word' id='word_1_219' title='bbox 2026 652 2322 705; x_wconf 89' lang='lat' dir='ltr'><strong>monachus</strong></span> <span class='ocrx_word' id='word_1_220' title='bbox 2350 665 2456 704; x_wconf 93' lang='lat' dir='ltr'><strong>non</strong></span> <span class='ocrx_word' id='word_1_221' title='bbox 2486 664 2630 713; x_wconf 88' lang='lat' dir='ltr'><strong>sum,</strong></span> <span class='ocrx_word' id='word_1_222' title='bbox 2655 648 2745 701; x_wconf 86' lang='lat' dir='ltr'><strong>sed</strong></span> <span class='ocrx_word' id='word_1_223' title='bbox 2761 647 2919 716; x_wconf 84' lang='lat' dir='ltr'><strong>jussu</strong></span> <span class='ocrx_word' id='word_1_224' title='bbox 2968 644 3166 698; x_wconf 79' lang='lat' dir='ltr'><strong>domini</strong></span> <span class='ocrx_word' id='word_1_225' title='bbox 3215 642 3456 698; x_wconf 88' lang='lat' dir='ltr'><strong>0dilonis</strong></span> 
     </span>
    </p>
   </div>
   <div class='ocr_carea' id='block_1_35' title="bbox 1883 733 3457 807">
    <p class='ocr_par' dir='ltr' id='par_1_35' title="bbox 1883 733 3457 807">
     <span class='ocr_line' id='line_1_35' title="bbox 1883 733 3457 807; baseline -0.004 -12"><span class='ocrx_word' id='word_1_226' title='bbox 1883 739 2241 796; x_wconf 85' lang='lat' dir='ltr'><strong>Cluniacensis</strong></span> <span class='ocrx_word' id='word_1_227' title='bbox 2263 740 2495 805; x_wconf 87' lang='lat' dir='ltr'><strong>abbatis,</strong></span> <span class='ocrx_word' id='word_1_228' title='bbox 2520 739 2611 807; x_wconf 88' lang='lat' dir='ltr'><strong>qui</strong></span> <span class='ocrx_word' id='word_1_229' title='bbox 2639 756 2727 791; x_wconf 70' lang='lat' dir='ltr'><strong>rex</strong></span> <span class='ocrx_word' id='word_1_230' title='bbox 2754 754 2897 791; x_wconf 86' lang='lat' dir='ltr'><strong>meus</strong></span> <span class='ocrx_word' id='word_1_231' title='bbox 2919 747 3017 800; x_wconf 89' lang='lat' dir='ltr'><strong>est,</strong></span> <span class='ocrx_word' id='word_1_232' title='bbox 3044 734 3233 788; x_wconf 87' lang='lat' dir='ltr'><strong>milito.</strong></span> <span class='ocrx_word' id='word_1_233' title='bbox 3266 753 3284 784; x_wconf 78' lang='grc' dir='ltr'><strong>ι</strong></span> <span class='ocrx_word' id='word_1_234' title='bbox 3318 733 3457 799; x_wconf 84' lang='lat' dir='ltr'><strong>Quid</strong></span> 
     </span>
    </p>
   </div>
   <div class='ocr_carea' id='block_1_36' title="bbox 1883 823 3458 902">
    <p class='ocr_par' dir='ltr' id='par_1_36' title="bbox 1883 823 3458 902">
     <span class='ocr_line' id='line_1_36' title="bbox 1883 823 3458 902; baseline -0.004 -17"><span class='ocrx_word' id='word_1_235' title='bbox 1883 833 2115 888; x_wconf 90' lang='lat' dir='ltr'><strong>facetius</strong></span> <span class='ocrx_word' id='word_1_236' title='bbox 2141 833 2434 902; x_wconf 81' lang='lat' dir='ltr'><strong>excogitari</strong></span> <span class='ocrx_word' id='word_1_237' title='bbox 2464 830 2677 899; x_wconf 86' lang='lat' dir='ltr'><strong>potest?</strong></span> <span class='ocrx_word' id='word_1_238' title='bbox 2707 830 2836 883; x_wconf 85' lang='lat' dir='ltr'><strong>Erat</strong></span> <span class='ocrx_word' id='word_1_239' title='bbox 2865 842 2995 897; x_wconf 88' lang='lat' dir='ltr'><strong>ergo</strong></span> <span class='ocrx_word' id='word_1_240' title='bbox 3033 826 3122 881; x_wconf 90' lang='lat' dir='ltr'><strong>hic</strong></span> <span class='ocrx_word' id='word_1_241' title='bbox 3163 823 3458 878; x_wconf 87' lang='lat' dir='ltr'><strong>monachus</strong></span> 
     </span>
    </p>
   </div>
   <div class='ocr_carea' id='block_1_37' title="bbox 1882 916 3459 991">
    <p class='ocr_par' dir='ltr' id='par_1_37' title="bbox 1882 916 3459 991">
     <span class='ocr_line' id='line_1_37' title="bbox 1882 916 3459 991; baseline -0.006 -13"><span class='ocrx_word' id='word_1_242' title='bbox 1882 924 2198 978; x_wconf 88' lang='lat' dir='ltr'><strong>monasterii</strong></span> <span class='ocrx_word' id='word_1_243' title='bbox 2222 925 2380 978; x_wconf 91' lang='lat' dir='ltr'><strong>unius</strong></span> <span class='ocrx_word' id='word_1_244' title='bbox 2400 938 2431 978; x_wconf 91' lang='lat' dir='ltr'><strong>e</strong></span> <span class='ocrx_word' id='word_1_245' title='bbox 2447 923 2627 976; x_wconf 91' lang='lat' dir='ltr'><strong>multis</strong></span> <span class='ocrx_word' id='word_1_246' title='bbox 2647 936 2765 991; x_wconf 79' lang='lat' dir='ltr'><strong>qua:</strong></span> <span class='ocrx_word' id='word_1_247' title='bbox 2787 922 2854 975; x_wconf 89' lang='lat' dir='ltr'><strong>ab</strong></span> <span class='ocrx_word' id='word_1_248' title='bbox 2877 919 3106 975; x_wconf 87' lang='lat' dir='ltr'><strong>0dilone</strong></span> <span class='ocrx_word' id='word_1_249' title='bbox 3141 933 3237 986; x_wconf 89' lang='lat' dir='ltr'><strong>per</strong></span> <span class='ocrx_word' id='word_1_250' title='bbox 3257 916 3459 985; x_wconf 73' lang='lat' dir='ltr'><strong>Gallias</strong></span> 
     </span>
    </p>
   </div>
   <div class='ocr_carea' id='block_1_38' title="bbox 1883 1007 3458 1086">
    <p class='ocr_par' dir='ltr' id='par_1_38' title="bbox 1883 1007 3458 1086">
     <span class='ocr_line' id='line_1_38' title="bbox 1883 1007 3458 1086; baseline -0.006 -16"><span class='ocrx_word' id='word_1_251' title='bbox 1883 1023 1996 1070; x_wconf 90' lang='lat' dir='ltr'><strong>tum</strong></span> <span class='ocrx_word' id='word_1_252' title='bbox 2052 1015 2406 1086; x_wconf 84' lang='lat' dir='ltr'><strong>regebantur,</strong></span> <span class='ocrx_word' id='word_1_253' title='bbox 2448 1022 2507 1067; x_wconf 88' lang='lat' dir='ltr'><strong>ut</strong></span> <span class='ocrx_word' id='word_1_254' title='bbox 2535 1015 2692 1070; x_wconf 86' lang='lat' dir='ltr'><strong>ducet</strong></span> <span class='ocrx_word' id='word_1_255' title='bbox 2718 1011 2990 1067; x_wconf 81' lang='lat' dir='ltr'><strong>Jotsaldus</strong></span> <span class='ocrx_word' id='word_1_256' title='bbox 3020 1008 3337 1071; x_wconf 86' lang='lat' dir='ltr'><strong>monachus,</strong></span> <span class='ocrx_word' id='word_1_257' title='bbox 3366 1007 3458 1076; x_wconf 92' lang='lat' dir='ltr'><strong>qui</strong></span> 
     </span>
    </p>
   </div>
   <div class='ocr_carea' id='block_1_39' title="bbox 1883 1100 3460 1164">
    <p class='ocr_par' dir='ltr' id='par_1_39' title="bbox 1883 1100 3460 1164">
     <span class='ocr_line' id='line_1_39' title="bbox 1883 1100 3460 1164; baseline -0.006 -3"><span class='ocrx_word' id='word_1_258' title='bbox 1883 1106 1952 1161; x_wconf 90' lang='lat' dir='ltr'><strong>de</strong></span> <span class='ocrx_word' id='word_1_259' title='bbox 2006 1108 2116 1161; x_wconf 84' lang='lat' dir='ltr'><strong>vita</strong></span> <span class='ocrx_word' id='word_1_260' title='bbox 2170 1116 2224 1161; x_wconf 87' lang='lat' dir='ltr'><strong>et</strong></span> <span class='ocrx_word' id='word_1_261' title='bbox 2274 1107 2569 1164; x_wconf 87' lang='lat' dir='ltr'><strong>virtutibus</strong></span> <span class='ocrx_word' id='word_1_262' title='bbox 2623 1105 2797 1161; x_wconf 87' lang='lat' dir='ltr'><strong>sancti</strong></span> <span class='ocrx_word' id='word_1_263' title='bbox 2859 1102 3101 1158; x_wconf 89' lang='lat' dir='ltr'><strong>0di|onis</strong></span> <span class='ocrx_word' id='word_1_264' title='bbox 3144 1101 3354 1155; x_wconf 85' lang='lat' dir='ltr'><strong>abbatis</strong></span> <span class='ocrx_word' id='word_1_265' title='bbox 3396 1100 3460 1152; x_wconf 88' lang='lat' dir='ltr'><strong>li-</strong></span> 
     </span>
    </p>
   </div>
   <div class='ocr_carea' id='block_1_40' title="bbox 1880 1194 3458 1267">
    <p class='ocr_par' dir='ltr' id='par_1_40' title="bbox 1880 1194 3458 1267">
     <span class='ocr_line' id='line_1_40' title="bbox 1880 1194 3458 1267; baseline -0.005 -14"><span class='ocrx_word' id='word_1_266' title='bbox 1880 1200 2008 1253; x_wconf 90' lang='lat' dir='ltr'><strong>bros</strong></span> <span class='ocrx_word' id='word_1_267' title='bbox 2051 1208 2160 1252; x_wconf 88' lang='lat' dir='ltr'><strong>tres</strong></span> <span class='ocrx_word' id='word_1_268' title='bbox 2206 1198 2275 1252; x_wconf 89' lang='lat' dir='ltr'><strong>ad</strong></span> <span class='ocrx_word' id='word_1_269' title='bbox 2329 1197 2661 1267; x_wconf 81' lang='lat' dir='ltr'><strong>Stephanum</strong></span> <span class='ocrx_word' id='word_1_270' title='bbox 2717 1198 3026 1267; x_wconf 88' lang='lat' dir='ltr'><strong>episc0pum</strong></span> <span class='ocrx_word' id='word_1_271' title='bbox 3063 1194 3178 1263; x_wconf 84' lang='lat' dir='ltr'><strong>ejus</strong></span> <span class='ocrx_word' id='word_1_272' title='bbox 3208 1204 3458 1264; x_wconf 83' lang='lat' dir='ltr'><strong>nepotem</strong></span> 
     </span>
    </p>
   </div>
   <div class='ocr_carea' id='block_1_41' title="bbox 1881 1283 3458 1357">
    <p class='ocr_par' dir='ltr' id='par_1_41' title="bbox 1881 1283 3458 1357">
     <span class='ocr_line' id='line_1_41' title="bbox 1881 1283 3458 1357; baseline -0.006 -14"><span class='ocrx_word' id='word_1_273' title='bbox 1881 1288 2203 1357; x_wconf 88' lang='lat' dir='ltr'><strong>composuit.</strong></span> <span class='ocrx_word' id='word_1_274' title='bbox 2239 1286 2346 1342; x_wconf 77' lang='lat' dir='ltr'><strong>llos</strong></span> <span class='ocrx_word' id='word_1_275' title='bbox 2372 1288 2543 1342; x_wconf 91' lang='lat' dir='ltr'><strong>libros</strong></span> <span class='ocrx_word' id='word_1_276' title='bbox 2571 1287 2624 1341; x_wconf 91' lang='lat' dir='ltr'><strong>in</strong></span> <span class='ocrx_word' id='word_1_277' title='bbox 2657 1287 2857 1342; x_wconf 82' lang='lat' dir='ltr'><strong>Codice</strong></span> <span class='ocrx_word' id='word_1_278' title='bbox 2887 1286 3170 1347; x_wconf 89' lang='lat' dir='ltr'><strong>Thuaneo,</strong></span> <span class='ocrx_word' id='word_1_279' title='bbox 3202 1283 3458 1337; x_wconf 86' lang='lat' dir='ltr'><strong>nimirum</strong></span> 
     </span>
    </p>
   </div>
   <div class='ocr_carea' id='block_1_42' title="bbox 1870 1374 3457 1448">
    <p class='ocr_par' dir='ltr' id='par_1_42' title="bbox 1870 1374 3457 1448">
     <span class='ocr_line' id='line_1_42' title="bbox 1870 1374 3457 1448; baseline -0.006 -14"><span class='ocrx_word' id='word_1_280' title='bbox 1870 1381 1933 1434; x_wconf 80' lang='lat' dir='ltr'><strong>in</strong></span> <span class='ocrx_word' id='word_1_281' title='bbox 1966 1379 2307 1433; x_wconf 87' lang='lat' dir='ltr'><strong>Lectionario</strong></span> <span class='ocrx_word' id='word_1_282' title='bbox 2337 1379 2593 1434; x_wconf 78' lang='lat' dir='ltr'><strong>Ecclesia:</strong></span> <span class='ocrx_word' id='word_1_283' title='bbox 2627 1377 3006 1448; x_wconf 82' lang='lat' dir='ltr'><strong>Lugdunensis</strong></span> <span class='ocrx_word' id='word_1_284' title='bbox 3047 1390 3219 1443; x_wconf 88' lang='lat' dir='ltr'><strong>nuper</strong></span> <span class='ocrx_word' id='word_1_285' title='bbox 3256 1374 3457 1435; x_wconf 86' lang='lat' dir='ltr'><strong>inveni,</strong></span> 
     </span>
    </p>
   </div>
   <div class='ocr_carea' id='block_1_43' title="bbox 1880 1465 3459 1541">
    <p class='ocr_par' dir='ltr' id='par_1_43' title="bbox 1880 1465 3459 1541">
     <span class='ocr_line' id='line_1_43' title="bbox 1880 1465 3459 1541; baseline -0.006 -15"><span class='ocrx_word' id='word_1_286' title='bbox 1880 1471 2072 1541; x_wconf 87' lang='lat' dir='ltr'><strong>dignos</strong></span> <span class='ocrx_word' id='word_1_287' title='bbox 2097 1471 2297 1540; x_wconf 87' lang='lat' dir='ltr'><strong>ubique</strong></span> <span class='ocrx_word' id='word_1_288' title='bbox 2321 1470 2454 1540; x_wconf 83' lang='lat' dir='ltr'><strong>legi;</strong></span> <span class='ocrx_word' id='word_1_289' title='bbox 2483 1485 2619 1539; x_wconf 84' lang='lat' dir='ltr'><strong>quos</strong></span> <span class='ocrx_word' id='word_1_290' title='bbox 2644 1470 2838 1523; x_wconf 87' lang='lat' dir='ltr'><strong>Petrus</strong></span> <span class='ocrx_word' id='word_1_291' title='bbox 2871 1468 3162 1523; x_wconf 88' lang='lat' dir='ltr'><strong>Damianns</strong></span> <span class='ocrx_word' id='word_1_292' title='bbox 3187 1466 3240 1518; x_wconf 91' lang='lat' dir='ltr'><strong>in</strong></span> <span class='ocrx_word' id='word_1_293' title='bbox 3272 1465 3459 1534; x_wconf 84' lang='lat' dir='ltr'><strong>Epito-</strong></span> 
     </span>
    </p>
   </div>
   <div class='ocr_carea' id='block_1_44' title="bbox 1880 1560 3458 1634">
    <p class='ocr_par' dir='ltr' id='par_1_44' title="bbox 1880 1560 3458 1634">
     <span class='ocr_line' id='line_1_44' title="bbox 1880 1560 3458 1634; baseline -0.006 -16"><span class='ocrx_word' id='word_1_294' title='bbox 1880 1578 2002 1618; x_wconf 87' lang='lat' dir='ltr'><strong>men</strong></span> <span class='ocrx_word' id='word_1_295' title='bbox 2045 1565 2286 1634; x_wconf 77' lang='lat' dir='ltr'><strong>coegisse</strong></span> <span class='ocrx_word' id='word_1_296' title='bbox 2340 1580 2400 1619; x_wconf 83' lang='lat' dir='ltr'><strong>se</strong></span> <span class='ocrx_word' id='word_1_297' title='bbox 2457 1564 2647 1618; x_wconf 89' lang='lat' dir='ltr'><strong>scribit</strong></span> <span class='ocrx_word' id='word_1_298' title='bbox 2694 1563 2813 1617; x_wconf 86' lang='lat' dir='ltr'><strong>sine</strong></span> <span class='ocrx_word' id='word_1_299' title='bbox 2866 1560 3222 1630; x_wconf 85' lang='lat' dir='ltr'><strong>appellatione</strong></span> <span class='ocrx_word' id='word_1_300' title='bbox 3270 1572 3458 1612; x_wconf 80' lang='lat' dir='ltr'><strong>eortnn</strong></span> 
     </span>
    </p>
   </div>
   <div class='ocr_carea' id='block_1_45' title="bbox 1880 1648 3460 1728">
    <p class='ocr_par' dir='ltr' id='par_1_45' title="bbox 1880 1648 3460 1728">
     <span class='ocr_line' id='line_1_45' title="bbox 1880 1648 3460 1728; baseline -0.006 -19"><span class='ocrx_word' id='word_1_301' title='bbox 1880 1657 2135 1709; x_wconf 89' lang='lat' dir='ltr'><strong>auctoris.</strong></span> <span class='ocrx_word' id='word_1_302' title='bbox 2174 1655 2220 1728; x_wconf 81' lang='lat'><strong>[‘</strong></span> <span class='ocrx_word' id='word_1_303' title='bbox 2247 1655 2434 1709; x_wconf 90' lang='lat' dir='ltr'><strong>Sancti</strong></span> <span class='ocrx_word' id='word_1_304' title='bbox 2473 1653 2716 1723; x_wconf 85' lang='lat' dir='ltr'><strong>Odilonis</strong></span> <span class='ocrx_word' id='word_1_305' title='bbox 2764 1651 2945 1707; x_wconf 80' lang='lat' dir='ltr'><strong>Vitam</strong></span> <span class='ocrx_word' id='word_1_306' title='bbox 2978 1668 3005 1705; x_wconf 88' lang='lat' dir='ltr'><strong>a</strong></span> <span class='ocrx_word' id='word_1_307' title='bbox 3037 1650 3277 1706; x_wconf 88' lang='lat' dir='ltr'><strong>Jotsaldo</strong></span> <span class='ocrx_word' id='word_1_308' title='bbox 3320 1648 3460 1701; x_wconf 84' lang='lat' dir='ltr'><strong>scri-</strong></span> 
     </span>
    </p>
   </div>
   <div class='ocr_carea' id='block_1_46' title="bbox 1813 1742 3461 1856">
    <p class='ocr_par' dir='ltr' id='par_1_46' title="bbox 1813 1742 3461 1856">
     <span class='ocr_line' id='line_1_46' title="bbox 1813 1742 3461 1856; baseline -0.004 -56"><span class='ocrx_word' id='word_1_309' title='bbox 1813 1798 1853 1856; x_wconf 75' lang='grc' dir='ltr'><strong><em>Β</em></strong></span> <span class='ocrx_word' id='word_1_310' title='bbox 1881 1757 2026 1817; x_wconf 91' lang='lat' dir='ltr'><strong>ptam</strong></span> <span class='ocrx_word' id='word_1_311' title='bbox 2057 1749 2222 1802; x_wconf 87' lang='lat' dir='ltr'><strong>habes</strong></span> <span class='ocrx_word' id='word_1_312' title='bbox 2251 1749 2391 1818; x_wconf 87' lang='lat' dir='ltr'><strong>apud</strong></span> <span class='ocrx_word' id='word_1_313' title='bbox 2424 1747 2788 1802; x_wconf 85' lang='lat' dir='ltr'><strong>Mahillonium</strong></span> <span class='ocrx_word' id='word_1_314' title='bbox 2820 1761 2942 1801; x_wconf 68' lang='lat' dir='ltr'><strong>smc.</strong></span> <span class='ocrx_word' id='word_1_315' title='bbox 2971 1760 3028 1797; x_wconf 85' lang='lat' dir='ltr'><strong>vt</strong></span> <span class='ocrx_word' id='word_1_316' title='bbox 3048 1742 3299 1798; x_wconf 82' lang='lat' dir='ltr'><strong>Benedic.</strong></span> <span class='ocrx_word' id='word_1_317' title='bbox 3335 1755 3461 1811; x_wconf 89' lang='lat' dir='ltr'><strong>par-</strong></span> 
     </span>
     <span class='ocr_line' id='line_1_47' title="bbox 1884 1834 2758 1856; baseline 0 0"><span class='ocrx_word' id='word_1_318' title='bbox 2040 1840 2350 1856; x_wconf 27' lang='grc' dir='ltr'><strong>κυηη..</strong></span> <span class='ocrx_word' id='word_1_319' title='bbox 2486 1834 2758 1856; x_wconf 17' lang='lat' dir='ltr'><strong>Nn.-.</strong></span> 
     </span>
    </p>
   </div>
   <div class='ocr_carea' id='block_1_47' title="bbox 1884 1834 2759 1909">
    <p class='ocr_par' dir='ltr' id='par_1_47' title="bbox 1884 1834 2759 1909">
     <span class='ocr_line' id='line_1_48' title="bbox 1884 1834 2759 1909; baseline -0.002 -18"><span class='ocrx_word' id='word_1_320' title='bbox 1884 1847 1933 1891; x_wconf 92' lang='lat' dir='ltr'><strong>te</strong></span> <span class='ocrx_word' id='word_1_321' title='bbox 1961 1854 2000 1901; x_wconf 88' lang='grc' dir='ltr'>ι,</span> <span class='ocrx_word' id='word_1_322' title='bbox 2026 1854 2142 1908; x_wconf 84' lang='lat' dir='ltr'><strong>pag.</strong></span> <span class='ocrx_word' id='word_1_323' title='bbox 2167 1840 2269 1894; x_wconf 86' lang='lat'><strong>679</strong></span> <span class='ocrx_word' id='word_1_324' title='bbox 2302 1849 2358 1893; x_wconf 86' lang='lat' dir='ltr'><strong>et</strong></span> <span class='ocrx_word' id='word_1_325' title='bbox 2377 1855 2529 1909; x_wconf 89' lang='lat' dir='ltr'><strong>seqq.</strong></span> <span class='ocrx_word' id='word_1_326' title='bbox 2563 1834 2759 1909; x_wconf 57' lang='lat' dir='ltr'><strong>Bono]</strong></span> 
     </span>
    </p>
   </div>
   <div class='ocr_carea' id='block_1_48' title="bbox 1882 1923 3358 1996">
    <p class='ocr_par' dir='ltr' id='par_1_48' title="bbox 1882 1923 3358 1996">
     <span class='ocr_line' id='line_1_49' title="bbox 1882 1923 3358 1996; baseline -0.002 -17"><span class='ocrx_word' id='word_1_327' title='bbox 1882 1924 1995 1996; x_wconf 76' lang='grc'><strong>(55)</strong></span> <span class='ocrx_word' id='word_1_328' title='bbox 2038 1927 2183 1981; x_wconf 87' lang='lat' dir='ltr'><strong>Tune</strong></span> <span class='ocrx_word' id='word_1_329' title='bbox 2211 1938 2328 1982; x_wconf 88' lang='lat' dir='ltr'><strong>cata</strong></span> <span class='ocrx_word' id='word_1_330' title='bbox 2368 1939 2419 1982; x_wconf 90' lang='lat' dir='ltr'><strong>to</strong></span> <span class='ocrx_word' id='word_1_331' title='bbox 2447 1929 2783 1996; x_wconf 78' lang='lat' dir='ltr'><strong>siopomenon</strong></span> <span class='ocrx_word' id='word_1_332' title='bbox 2809 1942 3025 1980; x_wconf 85' lang='lat' dir='ltr'><strong><em>causam</em></strong></span> <span class='ocrx_word' id='word_1_333' title='bbox 3046 1923 3358 1978; x_wconf 81' lang='lat' dir='ltr'><strong>meditaris?</strong></span> 
     </span>
    </p>
   </div>
   <div class='ocr_carea' id='block_1_49' title="bbox 1879 2018 3131 2089">
    <p class='ocr_par' dir='ltr' id='par_1_49' title="bbox 1879 2018 3131 2089">
     <span class='ocr_line' id='line_1_50' title="bbox 1879 2018 3131 2089; baseline -0.005 -15"><span class='ocrx_word' id='word_1_334' title='bbox 1879 2018 1947 2074; x_wconf 82' lang='lat' dir='ltr'><strong>In</strong></span> <span class='ocrx_word' id='word_1_335' title='bbox 1972 2020 2156 2074; x_wconf 82' lang='lat' dir='ltr'><strong>studiis</strong></span> <span class='ocrx_word' id='word_1_336' title='bbox 2178 2020 2389 2075; x_wconf 86' lang='lat' dir='ltr'><strong>memini</strong></span> <span class='ocrx_word' id='word_1_337' title='bbox 2413 2020 2704 2089; x_wconf 88' lang='lat' dir='ltr'><strong>formarum</strong></span> <span class='ocrx_word' id='word_1_338' title='bbox 2735 2035 2884 2072; x_wconf 88' lang='lat' dir='ltr'><strong>nosse</strong></span> <span class='ocrx_word' id='word_1_339' title='bbox 2912 2018 3131 2087; x_wconf 82' lang='lat' dir='ltr'><strong>ﬁguras.</strong></span> 
     </span>
    </p>
   </div>
   <div class='ocr_carea' id='block_1_50' title="bbox 1951 2107 3464 2179">
    <p class='ocr_par' dir='ltr' id='par_1_50' title="bbox 1951 2107 3464 2179">
     <span class='ocr_line' id='line_1_51' title="bbox 1951 2107 3464 2179; baseline -0.005 -13"><span class='ocrx_word' id='word_1_340' title='bbox 1951 2113 2065 2167; x_wconf 79' lang='lat' dir='ltr'><strong>Rex</strong></span> <span class='ocrx_word' id='word_1_341' title='bbox 2100 2112 2418 2175; x_wconf 80' lang='lat' dir='ltr'><strong>Rotbertus,</strong></span> <span class='ocrx_word' id='word_1_342' title='bbox 2446 2111 2534 2179; x_wconf 88' lang='lat' dir='ltr'><strong>qui</strong></span> <span class='ocrx_word' id='word_1_343' title='bbox 2566 2109 2944 2164; x_wconf 83' lang='lat' dir='ltr'><strong>monachorum</strong></span> <span class='ocrx_word' id='word_1_344' title='bbox 2972 2119 3121 2177; x_wconf 88' lang='lat' dir='ltr'><strong>pater</strong></span> <span class='ocrx_word' id='word_1_345' title='bbox 3151 2124 3212 2161; x_wconf 84' lang='lat' dir='ltr'><strong>ac</strong></span> <span class='ocrx_word' id='word_1_346' title='bbox 3235 2107 3464 2160; x_wconf 80' lang='lat' dir='ltr'><strong>nutritor</strong></span> 
     </span>
    </p>
   </div>
   <div class='ocr_carea' id='block_1_51' title="bbox 1878 2198 3459 2275">
    <p class='ocr_par' dir='ltr' id='par_1_51' title="bbox 1878 2198 3459 2275">
     <span class='ocr_line' id='line_1_52' title="bbox 1878 2198 3459 2275; baseline -0.008 -14"><span class='ocrx_word' id='word_1_347' title='bbox 1878 2205 2141 2275; x_wconf 82' lang='lat' dir='ltr'><strong>Ilelgaldo</strong></span> <span class='ocrx_word' id='word_1_348' title='bbox 2169 2205 2384 2265; x_wconf 89' lang='lat' dir='ltr'><strong>dicitur,</strong></span> <span class='ocrx_word' id='word_1_349' title='bbox 2410 2214 2464 2257; x_wconf 92' lang='lat' dir='ltr'><strong>et</strong></span> <span class='ocrx_word' id='word_1_350' title='bbox 2485 2202 2575 2269; x_wconf 92' lang='lat' dir='ltr'><strong>qui</strong></span> <span class='ocrx_word' id='word_1_351' title='bbox 2601 2200 2882 2256; x_wconf 90' lang='lat' dir='ltr'><strong>Odilonem</strong></span> <span class='ocrx_word' id='word_1_352' title='bbox 2906 2200 3196 2270; x_wconf 88' lang='lat' dir='ltr'><strong>plurimum</strong></span> <span class='ocrx_word' id='word_1_353' title='bbox 3221 2198 3459 2260; x_wconf 89' lang='lat' dir='ltr'><strong>amabat,</strong></span> 
     </span>
    </p>
   </div>
   <div class='ocr_carea' id='block_1_52' title="bbox 1878 2288 3459 2361">
    <p class='ocr_par' dir='ltr' id='par_1_52' title="bbox 1878 2288 3459 2361">
     <span class='ocr_line' id='line_1_53' title="bbox 1878 2288 3459 2361; baseline -0.007 -9"><span class='ocrx_word' id='word_1_354' title='bbox 1878 2306 1939 2352; x_wconf 90' lang='lat' dir='ltr'><strong>ut</strong></span> <span class='ocrx_word' id='word_1_355' title='bbox 1960 2296 2255 2359; x_wconf 82' lang='lat' dir='ltr'><strong>Jotsaldus,</strong></span> <span class='ocrx_word' id='word_1_356' title='bbox 2286 2293 2486 2349; x_wconf 85' lang='lat' dir='ltr'><strong>Glaber</strong></span> <span class='ocrx_word' id='word_1_357' title='bbox 2512 2291 2802 2353; x_wconf 66' lang='lat' dir='ltr'><strong>ltodulfus.</strong></span> <span class='ocrx_word' id='word_1_358' title='bbox 2832 2291 3030 2361; x_wconf 88' lang='lat' dir='ltr'><strong>aliique</strong></span> <span class='ocrx_word' id='word_1_359' title='bbox 3054 2295 3302 2353; x_wconf 84' lang='lat' dir='ltr'><strong>tradunt;</strong></span> <span class='ocrx_word' id='word_1_360' title='bbox 3326 2288 3459 2342; x_wconf 79' lang='lat' dir='ltr'><strong>Rot-</strong></span> 
     </span>
    </p>
   </div>
   <div class='ocr_carea' id='block_1_53' title="bbox 1879 2377 3460 2454">
    <p class='ocr_par' dir='ltr' id='par_1_53' title="bbox 1879 2377 3460 2454">
     <span class='ocr_line' id='line_1_54' title="bbox 1879 2377 3460 2454; baseline -0.008 -11"><span class='ocrx_word' id='word_1_361' title='bbox 1879 2389 2085 2449; x_wconf 82' lang='lat' dir='ltr'><strong>bertus,</strong></span> <span class='ocrx_word' id='word_1_362' title='bbox 2144 2387 2383 2454; x_wconf 88' lang='lat' dir='ltr'><strong>inquam,</strong></span> <span class='ocrx_word' id='word_1_363' title='bbox 2423 2383 2650 2437; x_wconf 89' lang='lat' dir='ltr'><strong>audiens</strong></span> <span class='ocrx_word' id='word_1_364' title='bbox 2688 2382 2985 2436; x_wconf 88' lang='lat' dir='ltr'><strong>monachos</strong></span> <span class='ocrx_word' id='word_1_365' title='bbox 3022 2389 3303 2449; x_wconf 87' lang='lat' dir='ltr'><strong>tantopere</strong></span> <span class='ocrx_word' id='word_1_366' title='bbox 3353 2377 3460 2432; x_wconf 90' lang='lat' dir='ltr'><strong>sibi</strong></span> 
     </span>
    </p>
   </div>
   <div class='ocr_carea' id='block_1_54' title="bbox 1878 2472 3461 2544">
    <p class='ocr_par' dir='ltr' id='par_1_54' title="bbox 1878 2472 3461 2544">
     <span class='ocr_line' id='line_1_55' title="bbox 1878 2472 3461 2544; baseline -0.008 -9"><span class='ocrx_word' id='word_1_367' title='bbox 1878 2479 2127 2540; x_wconf 88' lang='lat' dir='ltr'><strong>dilectos,</strong></span> <span class='ocrx_word' id='word_1_368' title='bbox 2181 2486 2236 2531; x_wconf 88' lang='lat' dir='ltr'><strong>et</strong></span> <span class='ocrx_word' id='word_1_369' title='bbox 2281 2476 2561 2531; x_wconf 85' lang='lat' dir='ltr'><strong>Odilonem</strong></span> <span class='ocrx_word' id='word_1_370' title='bbox 2616 2491 2834 2544; x_wconf 86' lang='lat' dir='ltr'><strong>quoque</strong></span> <span class='ocrx_word' id='word_1_371' title='bbox 2886 2475 3122 2528; x_wconf 89' lang='lat' dir='ltr'><strong>amicum</strong></span> <span class='ocrx_word' id='word_1_372' title='bbox 3180 2488 3336 2525; x_wconf 87' lang='lat' dir='ltr'><strong>suum</strong></span> <span class='ocrx_word' id='word_1_373' title='bbox 3392 2472 3461 2523; x_wconf 84' lang='lat' dir='ltr'><strong>ab</strong></span> 
     </span>
    </p>
   </div>
   <div class='ocr_carea' id='block_1_55' title="bbox 1877 2563 3461 2634">
    <p class='ocr_par' dir='ltr' id='par_1_55' title="bbox 1877 2563 3461 2634">
     <span class='ocr_line' id='line_1_56' title="bbox 1877 2563 3461 2634; baseline -0.009 -7"><span class='ocrx_word' id='word_1_374' title='bbox 1877 2571 2219 2627; x_wconf 86' lang='lat' dir='ltr'><strong>Adalberone</strong></span> <span class='ocrx_word' id='word_1_375' title='bbox 2247 2569 2452 2622; x_wconf 77' lang='lat' dir='ltr'><strong>traduci</strong></span> <span class='ocrx_word' id='word_1_376' title='bbox 2483 2584 2544 2622; x_wconf 91' lang='lat' dir='ltr'><strong><em>ac</em></strong></span> <span class='ocrx_word' id='word_1_377' title='bbox 2566 2568 2825 2631; x_wconf 82' lang='lat' dir='ltr'><strong>derideri,</strong></span> <span class='ocrx_word' id='word_1_378' title='bbox 2857 2576 3156 2634; x_wconf 87' lang='lat' dir='ltr'><strong>temperare</strong></span> <span class='ocrx_word' id='word_1_379' title='bbox 3203 2563 3302 2616; x_wconf 84' lang='lat' dir='ltr'><strong>sibi</strong></span> <span class='ocrx_word' id='word_1_380' title='bbox 3356 2577 3461 2614; x_wconf 87' lang='lat' dir='ltr'><strong>non</strong></span> 
     </span>
    </p>
   </div>
   <div class='ocr_carea' id='block_1_56' title="bbox 1878 2654 3461 2736">
    <p class='ocr_par' dir='ltr' id='par_1_56' title="bbox 1878 2654 3461 2736">
     <span class='ocr_line' id='line_1_57' title="bbox 1878 2654 3461 2736; baseline -0.008 -18"><span class='ocrx_word' id='word_1_381' title='bbox 1878 2672 2054 2736; x_wconf 83' lang='lat' dir='ltr'><strong>potest</strong></span> <span class='ocrx_word' id='word_1_382' title='bbox 2079 2663 2207 2731; x_wconf 89' lang='lat' dir='ltr'><strong>quin</strong></span> <span class='ocrx_word' id='word_1_383' title='bbox 2234 2662 2505 2716; x_wconf 89' lang='lat' dir='ltr'><strong>silentium</strong></span> <span class='ocrx_word' id='word_1_384' title='bbox 2535 2672 2749 2729; x_wconf 89' lang='lat' dir='ltr'><strong>rumpat</strong></span> <span class='ocrx_word' id='word_1_385' title='bbox 2778 2676 2792 2713; x_wconf 90' lang='lat'><strong>:</strong></span> <span class='ocrx_word' id='word_1_386' title='bbox 2822 2669 2878 2713; x_wconf 90' lang='lat' dir='ltr'><strong>et</strong></span> <span class='ocrx_word' id='word_1_387' title='bbox 2911 2657 3075 2718; x_wconf 86' lang='lat' dir='ltr'><strong>Tune,</strong></span> <span class='ocrx_word' id='word_1_388' title='bbox 3113 2657 3307 2723; x_wconf 81' lang='lat' dir='ltr'><strong>inquit,</strong></span> <span class='ocrx_word' id='word_1_389' title='bbox 3346 2654 3461 2722; x_wconf 84' lang='lat' dir='ltr'><strong>epi-</strong></span> 
     </span>
    </p>
   </div>
   <div class='ocr_carea' id='block_1_57' title="bbox 1879 2746 3464 2827">
    <p class='ocr_par' dir='ltr' id='par_1_57' title="bbox 1879 2746 3464 2827">
     <span class='ocr_line' id='line_1_58' title="bbox 1879 2746 3464 2827; baseline -0.008 -16"><span class='ocrx_word' id='word_1_390' title='bbox 1879 2771 2040 2827; x_wconf 80' lang='lat' dir='ltr'><strong>scopo</strong></span> <span class='ocrx_word' id='word_1_391' title='bbox 2070 2759 2201 2811; x_wconf 83' lang='grc' dir='ltr'><strong>κατὰ</strong></span> <span class='ocrx_word' id='word_1_392' title='bbox 2227 2747 2285 2810; x_wconf 67' lang='grc' dir='ltr'><strong>’ἑὸ</strong></span> <span class='ocrx_word' id='word_1_393' title='bbox 2321 2774 2653 2821; x_wconf 78' lang='grc' dir='ltr'><strong>σιωπωμενον</strong></span> <span class='ocrx_word' id='word_1_394' title='bbox 2680 2767 2895 2805; x_wconf 85' lang='lat' dir='ltr'><strong>causam</strong></span> <span class='ocrx_word' id='word_1_395' title='bbox 2927 2749 3199 2803; x_wconf 86' lang='lat' dir='ltr'><strong>meditaris</strong></span> <span class='ocrx_word' id='word_1_396' title='bbox 3218 2749 3243 2800; x_wconf 85' lang='lat'><strong><em>?</em></strong></span> <span class='ocrx_word' id='word_1_397' title='bbox 3284 2746 3362 2799; x_wconf 86' lang='lat' dir='ltr'><strong>Tu</strong></span> <span class='ocrx_word' id='word_1_398' title='bbox 3392 2760 3464 2799; x_wconf 85' lang='lat' dir='ltr'><strong>ne</strong></span> 
     </span>
    </p>
   </div>
   <div class='ocr_carea' id='block_1_58' title="bbox 1878 2837 3462 2916">
    <p class='ocr_par' dir='ltr' id='par_1_58' title="bbox 1878 2837 3462 2916">
     <span class='ocr_line' id='line_1_59' title="bbox 1878 2837 3462 2916; baseline -0.008 -14"><span class='ocrx_word' id='word_1_399' title='bbox 1878 2866 1959 2902; x_wconf 90' lang='lat' dir='ltr'><strong>me</strong></span> <span class='ocrx_word' id='word_1_400' title='bbox 1981 2848 2055 2901; x_wconf 90' lang='lat' dir='ltr'><strong>nil</strong></span> <span class='ocrx_word' id='word_1_401' title='bbox 2086 2863 2355 2916; x_wconf 83' lang='lat' dir='ltr'><strong>reponere,</strong></span> <span class='ocrx_word' id='word_1_402' title='bbox 2409 2845 2543 2899; x_wconf 85' lang='lat' dir='ltr'><strong>nihil</strong></span> <span class='ocrx_word' id='word_1_403' title='bbox 2590 2840 2683 2898; x_wconf 87' lang='lat' dir='ltr'><strong>tibi</strong></span> <span class='ocrx_word' id='word_1_404' title='bbox 2733 2841 3063 2912; x_wconf 84' lang='lat' dir='ltr'><strong>respondere</strong></span> <span class='ocrx_word' id='word_1_405' title='bbox 3112 2837 3350 2898; x_wconf 85' lang='lat' dir='ltr'><strong>voluisti,</strong></span> <span class='ocrx_word' id='word_1_406' title='bbox 3402 2843 3462 2889; x_wconf 90' lang='grc' dir='ltr'><strong>ιιι</strong></span> 
     </span>
    </p>
   </div>
   <div class='ocr_carea' id='block_1_59' title="bbox 1880 2928 3463 3003">
    <p class='ocr_par' dir='ltr' id='par_1_59' title="bbox 1880 2928 3463 3003">
     <span class='ocr_line' id='line_1_60' title="bbox 1880 2928 3463 3003; baseline -0.01 -9"><span class='ocrx_word' id='word_1_407' title='bbox 1880 2939 1975 2994; x_wconf 88' lang='lat' dir='ltr'><strong>tibi</strong></span> <span class='ocrx_word' id='word_1_408' title='bbox 2009 2938 2305 2993; x_wconf 89' lang='lat' dir='ltr'><strong>monachos</strong></span> <span class='ocrx_word' id='word_1_409' title='bbox 2336 2944 2392 2991; x_wconf 88' lang='lat' dir='ltr'><strong>et</strong></span> <span class='ocrx_word' id='word_1_410' title='bbox 2423 2935 2753 3003; x_wconf 84' lang='lat' dir='ltr'><strong>singularem</strong></span> <span class='ocrx_word' id='word_1_411' title='bbox 2798 2933 3031 2987; x_wconf 90' lang='lat' dir='ltr'><strong>amicum</strong></span> <span class='ocrx_word' id='word_1_412' title='bbox 3072 2946 3249 2984; x_wconf 81' lang='lat' dir='ltr'><strong>meum</strong></span> <span class='ocrx_word' id='word_1_413' title='bbox 3280 2928 3463 2982; x_wconf 84' lang='lat' dir='ltr'><strong>Odilo-</strong></span> 
     </span>
    </p>
   </div>
   <div class='ocr_carea' id='block_1_60' title="bbox 1878 3022 3464 3099">
    <p class='ocr_par' dir='ltr' id='par_1_60' title="bbox 1878 3022 3464 3099">
     <span class='ocr_line' id='line_1_61' title="bbox 1878 3022 3464 3099; baseline -0.009 -15"><span class='ocrx_word' id='word_1_414' title='bbox 1878 3046 1999 3084; x_wconf 90' lang='lat' dir='ltr'><strong>nem</strong></span> <span class='ocrx_word' id='word_1_415' title='bbox 2030 3029 2367 3099; x_wconf 79' lang='lat' dir='ltr'><strong>impugnanti</strong></span> <span class='ocrx_word' id='word_1_416' title='bbox 2397 3044 2460 3081; x_wconf 88' lang='lat' dir='ltr'><strong>ac</strong></span> <span class='ocrx_word' id='word_1_417' title='bbox 2482 3027 2724 3081; x_wconf 87' lang='lat' dir='ltr'><strong>irridenti</strong></span> <span class='ocrx_word' id='word_1_418' title='bbox 2749 3024 2978 3079; x_wconf 89' lang='lat' dir='ltr'><strong>tacendo</strong></span> <span class='ocrx_word' id='word_1_419' title='bbox 3005 3022 3218 3076; x_wconf 86' lang='lat' dir='ltr'><strong>viderer</strong></span> <span class='ocrx_word' id='word_1_420' title='bbox 3240 3033 3464 3073; x_wconf 74' lang='lat' dir='ltr'><strong>consen-</strong></span> 
     </span>
    </p>
   </div>
   <div class='ocr_carea' id='block_1_61' title="bbox 181 3105 1774 3216">
    <p class='ocr_par' dir='ltr' id='par_1_61' title="bbox 181 3105 1771 3216">
     <span class='ocr_line' id='line_1_62' title="bbox 181 3105 1771 3181; baseline -0.005 -15"><span class='ocrx_word' id='word_1_421' title='bbox 181 3120 375 3181; x_wconf 85' lang='lat' dir='ltr'><strong>gestas</strong></span> <span class='ocrx_word' id='word_1_422' title='bbox 424 3108 603 3166; x_wconf 88' lang='lat' dir='ltr'><strong>Caroli</strong></span> <span class='ocrx_word' id='word_1_423' title='bbox 634 3109 734 3175; x_wconf 81' lang='lat' dir='ltr'><strong>Vl,</strong></span> <span class='ocrx_word' id='word_1_424' title='bbox 772 3109 1107 3165; x_wconf 88' lang='lat' dir='ltr'><strong>Francorum</strong></span> <span class='ocrx_word' id='word_1_425' title='bbox 1145 3107 1309 3178; x_wconf 82' lang='lat' dir='ltr'><strong>regis,</strong></span> <span class='ocrx_word' id='word_1_426' title='bbox 1343 3105 1771 3168; x_wconf 87' lang='lat' dir='ltr'><strong>continentibus,</strong></span> 
     </span>
     <span class='ocr_line' id='line_1_63' title="bbox 196 3194 1761 3216; baseline -0.005 3"><span class='ocrx_word' id='word_1_427' title='bbox 196 3215 203 3216; x_wconf 31' lang='grc' dir='ltr'><em>κ</em></span> <span class='ocrx_word' id='word_1_428' title='bbox 274 3214 303 3216; x_wconf 59' lang='lat'><strong>,_</strong></span> <span class='ocrx_word' id='word_1_429' title='bbox 387 3214 402 3216; x_wconf 74' lang='lat'><strong>-</strong></span> <span class='ocrx_word' id='word_1_430' title='bbox 468 3200 482 3216; x_wconf 95' lang='lat'><strong>.</strong></span> <span class='ocrx_word' id='word_1_431' title='bbox 650 3196 906 3216; x_wconf 32' lang='lat' dir='ltr'><strong>ea“-.-</strong></span> <span class='ocrx_word' id='word_1_432' title='bbox 955 3197 1241 3216; x_wconf 44' lang='grc' dir='ltr'><strong>--ωυρμ</strong></span> <span class='ocrx_word' id='word_1_433' title='bbox 1325 3196 1375 3216; x_wconf 30' lang='grc' dir='ltr'><strong>,Α</strong></span> <span class='ocrx_word' id='word_1_434' title='bbox 1433 3194 1761 3216; x_wconf 25' lang='lat' dir='ltr'><strong>mut..-“</strong></span> 
     </span>
    </p>
   </div>
   <div class='ocr_carea' id='block_1_62' title="bbox 1879 3105 3461 3216">
    <p class='ocr_par' dir='ltr' id='par_1_62' title="bbox 1881 3110 3461 3186">
     <span class='ocr_line' id='line_1_64' title="bbox 1881 3110 3461 3186; baseline -0.009 -11"><span class='ocrx_word' id='word_1_435' title='bbox 1881 3121 2003 3182; x_wconf 86' lang='lat' dir='ltr'><strong>tire,</strong></span> <span class='ocrx_word' id='word_1_436' title='bbox 2053 3132 2109 3175; x_wconf 90' lang='lat' dir='ltr'><strong>et</strong></span> <span class='ocrx_word' id='word_1_437' title='bbox 2153 3120 2370 3173; x_wconf 88' lang='lat' dir='ltr'><strong>silentio</strong></span> <span class='ocrx_word' id='word_1_438' title='bbox 2400 3134 2520 3172; x_wconf 90' lang='lat' dir='ltr'><strong>meo</strong></span> <span class='ocrx_word' id='word_1_439' title='bbox 2552 3116 2635 3172; x_wconf 91' lang='lat' dir='ltr'><strong>vel</strong></span> <span class='ocrx_word' id='word_1_440' title='bbox 2666 3116 2819 3186; x_wconf 85' lang='lat' dir='ltr'><strong>quasi</strong></span> <span class='ocrx_word' id='word_1_441' title='bbox 2857 3117 3217 3172; x_wconf 76' lang='grc' dir='ltr'><strong>ἀποσιωπήσει</strong></span> <span class='ocrx_word' id='word_1_442' title='bbox 3245 3119 3300 3163; x_wconf 86' lang='lat' dir='ltr'><strong>et</strong></span> <span class='ocrx_word' id='word_1_443' title='bbox 3330 3110 3461 3161; x_wconf 87' lang='lat' dir='ltr'><strong>reti-</strong></span> 
     </span>
    </p>
   </div>
   <div class='ocr_carea' id='block_1_63' title="bbox 181 3194 1767 3269">
    <p class='ocr_par' dir='ltr' id='par_1_63' title="bbox 181 3194 1767 3269">
     <span class='ocr_line' id='line_1_65' title="bbox 181 3194 1767 3269; baseline -0.003 -19"><span class='ocrx_word' id='word_1_444' title='bbox 181 3214 332 3269; x_wconf 81' lang='lat' dir='ltr'><strong>qnae,</strong></span> <span class='ocrx_word' id='word_1_445' title='bbox 380 3214 413 3252; x_wconf 89' lang='lat' dir='ltr'><strong>a</strong></span> <span class='ocrx_word' id='word_1_446' title='bbox 451 3200 608 3254; x_wconf 90' lang='lat' dir='ltr'><strong>docto</strong></span> <span class='ocrx_word' id='word_1_447' title='bbox 648 3196 914 3253; x_wconf 90' lang='lat' dir='ltr'><strong>monacho</strong></span> <span class='ocrx_word' id='word_1_448' title='bbox 948 3197 1271 3267; x_wconf 90' lang='lat' dir='ltr'><strong>composita,</strong></span> <span class='ocrx_word' id='word_1_449' title='bbox 1324 3196 1380 3249; x_wconf 89' lang='lat' dir='ltr'><strong>in</strong></span> <span class='ocrx_word' id='word_1_450' title='bbox 1433 3194 1767 3249; x_wconf 86' lang='lat' dir='ltr'><strong>Bibliotheca</strong></span> 
     </span>
    </p>
   </div>
   <div class='ocr_carea' id='block_1_64' title="bbox 184 3283 1776 3354">
    <p class='ocr_par' dir='ltr' id='par_1_64' title="bbox 184 3283 1776 3354">
     <span class='ocr_line' id='line_1_66' title="bbox 184 3283 1776 3354; baseline -0.004 -11"><span class='ocrx_word' id='word_1_451' title='bbox 184 3288 451 3343; x_wconf 77' lang='lat' dir='ltr'><strong>Thuanea</strong></span> <span class='ocrx_word' id='word_1_452' title='bbox 479 3296 787 3352; x_wconf 82' lang='lat' dir='ltr'><strong>servantur,</strong></span> <span class='ocrx_word' id='word_1_453' title='bbox 808 3287 923 3341; x_wconf 81' lang='lat' dir='ltr'><strong>haec</strong></span> <span class='ocrx_word' id='word_1_454' title='bbox 950 3286 1017 3341; x_wconf 89' lang='lat' dir='ltr'><strong>de</strong></span> <span class='ocrx_word' id='word_1_455' title='bbox 1042 3285 1271 3341; x_wconf 87' lang='lat' dir='ltr'><strong>Francis</strong></span> <span class='ocrx_word' id='word_1_456' title='bbox 1292 3285 1599 3354; x_wconf 69' lang='lat' dir='ltr'><strong>praesertim</strong></span> <span class='ocrx_word' id='word_1_457' title='bbox 1623 3283 1776 3337; x_wconf 90' lang='lat' dir='ltr'><strong>nobi-</strong></span> 
     </span>
    </p>
   </div>
   <div class='ocr_carea' id='block_1_65' title="bbox 179 3373 1771 3446">
    <p class='ocr_par' dir='ltr' id='par_1_65' title="bbox 179 3373 1771 3446">
     <span class='ocr_line' id='line_1_67' title="bbox 179 3373 1771 3446; baseline -0.004 -15"><span class='ocrx_word' id='word_1_458' title='bbox 179 3376 416 3432; x_wconf 63' lang='lat' dir='ltr'><strong>lioribus</strong></span> <span class='ocrx_word' id='word_1_459' title='bbox 447 3392 588 3432; x_wconf 79' lang='lat' dir='ltr'><strong>anno</strong></span> <span class='ocrx_word' id='word_1_460' title='bbox 618 3374 753 3431; x_wconf 77' lang='grc'><strong>1596</strong></span> <span class='ocrx_word' id='word_1_461' title='bbox 791 3373 1088 3446; x_wconf 79' lang='lat' dir='ltr'><strong>Nicopolim</strong></span> <span class='ocrx_word' id='word_1_462' title='bbox 1111 3374 1485 3430; x_wconf 88' lang='lat' dir='ltr'><strong>obsidentibus</strong></span> <span class='ocrx_word' id='word_1_463' title='bbox 1512 3373 1726 3443; x_wconf 87' lang='lat' dir='ltr'><strong>reperio</strong></span> <span class='ocrx_word' id='word_1_464' title='bbox 1755 3391 1771 3426; x_wconf 86' lang='lat'><strong>:</strong></span> 
     </span>
    </p>
   </div>
   <div class='ocr_carea' id='block_1_66' title="bbox 187 3464 1775 3537">
    <p class='ocr_par' dir='ltr' id='par_1_66' title="bbox 187 3464 1775 3537">
     <span class='ocr_line' id='line_1_68' title="bbox 187 3464 1775 3537; baseline -0.001 -16"><span class='ocrx_word' id='word_1_465' title='bbox 187 3491 210 3521; x_wconf 71' lang='grc' dir='ltr'><strong>ι</strong></span> <span class='ocrx_word' id='word_1_466' title='bbox 245 3470 576 3525; x_wconf 82' lang='lat' dir='ltr'><strong>Vestimenta</strong></span> <span class='ocrx_word' id='word_1_467' title='bbox 600 3468 872 3525; x_wconf 81' lang='lat' dir='ltr'><strong>fimbriata</strong></span> <span class='ocrx_word' id='word_1_468' title='bbox 888 3476 943 3523; x_wconf 88' lang='lat' dir='ltr'><strong>et</strong></span> <span class='ocrx_word' id='word_1_469' title='bbox 961 3468 1232 3522; x_wconf 87' lang='lat' dir='ltr'><strong>manicata</strong></span> <span class='ocrx_word' id='word_1_470' title='bbox 1257 3464 1545 3537; x_wconf 83' lang='lat' dir='ltr'><strong>superﬂue,</strong></span> <span class='ocrx_word' id='word_1_471' title='bbox 1562 3473 1615 3520; x_wconf 91' lang='lat' dir='ltr'><strong>et</strong></span> <span class='ocrx_word' id='word_1_472' title='bbox 1632 3479 1775 3520; x_wconf 88' lang='lat' dir='ltr'><strong>sem-</strong></span> 
     </span>
    </p>
   </div>
   <div class='ocr_carea' id='block_1_67' title="bbox 182 3555 1772 3631">
    <p class='ocr_par' dir='ltr' id='par_1_67' title="bbox 182 3555 1772 3631">
     <span class='ocr_line' id='line_1_69' title="bbox 182 3555 1772 3631; baseline -0.006 -15"><span class='ocrx_word' id='word_1_473' title='bbox 182 3575 291 3631; x_wconf 88' lang='lat' dir='ltr'><strong>per</strong></span> <span class='ocrx_word' id='word_1_474' title='bbox 317 3558 686 3614; x_wconf 87' lang='lat' dir='ltr'><strong>calceamenta</strong></span> <span class='ocrx_word' id='word_1_475' title='bbox 722 3566 960 3615; x_wconf 88' lang='lat' dir='ltr'><strong>rostrata</strong></span> <span class='ocrx_word' id='word_1_476' title='bbox 1012 3556 1366 3628; x_wconf 82' lang='lat' dir='ltr'><strong>longitudinis</strong></span> <span class='ocrx_word' id='word_1_477' title='bbox 1412 3555 1640 3610; x_wconf 89' lang='lat' dir='ltr'><strong>duorum</strong></span> <span class='ocrx_word' id='word_1_478' title='bbox 1674 3568 1772 3624; x_wconf 85' lang='lat' dir='ltr'><strong>pe-</strong></span> 
     </span>
    </p>
   </div>
   <div class='ocr_carea' id='block_1_68' title="bbox 183 3647 1773 3722">
    <p class='ocr_par' dir='ltr' id='par_1_68' title="bbox 183 3647 1773 3722">
     <span class='ocr_line' id='line_1_70' title="bbox 183 3647 1773 3722; baseline -0.006 -12"><span class='ocrx_word' id='word_1_479' title='bbox 183 3652 318 3710; x_wconf 89' lang='lat' dir='ltr'><strong>dum</strong></span> <span class='ocrx_word' id='word_1_480' title='bbox 350 3662 402 3711; x_wconf 89' lang='lat' dir='ltr'><strong>et</strong></span> <span class='ocrx_word' id='word_1_481' title='bbox 440 3652 760 3720; x_wconf 84' lang='lat' dir='ltr'><strong>quanquue</strong></span> <span class='ocrx_word' id='word_1_482' title='bbox 793 3650 1023 3722; x_wconf 91' lang='lat' dir='ltr'><strong>amplius</strong></span> <span class='ocrx_word' id='word_1_483' title='bbox 1070 3647 1408 3715; x_wconf 87' lang='lat' dir='ltr'><strong>deferebant,</strong></span> <span class='ocrx_word' id='word_1_484' title='bbox 1442 3663 1562 3718; x_wconf 69' lang='lat' dir='ltr'><strong>qua:</strong></span> <span class='ocrx_word' id='word_1_485' title='bbox 1586 3663 1773 3719; x_wconf 88' lang='lat' dir='ltr'><strong>repre-</strong></span> 
     </span>
    </p>
   </div>
   <div class='ocr_carea' id='block_1_69' title="bbox 182 3739 1775 3811">
    <p class='ocr_par' dir='ltr' id='par_1_69' title="bbox 182 3739 1775 3811">
     <span class='ocr_line' id='line_1_71' title="bbox 182 3739 1775 3811; baseline 0 -16"><span class='ocrx_word' id='word_1_486' title='bbox 182 3739 1775 3811; x_wconf 58' lang='lat' dir='ltr'><strong>LensibilisdissolutiointernobilesetspecialiterFranciae</strong></span> 
     </span>
    </p>
   </div>
   <div class='ocr_carea' id='block_1_70' title="bbox 183 3828 1771 3902">
    <p class='ocr_par' dir='ltr' id='par_1_70' title="bbox 183 3828 1771 3902">
     <span class='ocr_line' id='line_1_72' title="bbox 183 3828 1771 3902; baseline 0.002 -20"><span class='ocrx_word' id='word_1_487' title='bbox 183 3831 460 3900; x_wconf 65' lang='lat' dir='ltr'><strong>vigebat.»</strong></span> <span class='ocrx_word' id='word_1_488' title='bbox 486 3828 623 3884; x_wconf 86' lang='lat' dir='ltr'><strong>Tum</strong></span> <span class='ocrx_word' id='word_1_489' title='bbox 643 3830 837 3902; x_wconf 88' lang='lat' dir='ltr'><strong>adjecit</strong></span> <span class='ocrx_word' id='word_1_490' title='bbox 857 3843 1046 3887; x_wconf 84' lang='lat' dir='ltr'><strong>anetor</strong></span> <span class='ocrx_word' id='word_1_491' title='bbox 1071 3830 1137 3885; x_wconf 91' lang='lat' dir='ltr'><strong>de</strong></span> <span class='ocrx_word' id='word_1_492' title='bbox 1155 3829 1385 3886; x_wconf 89' lang='lat' dir='ltr'><strong>Francis</strong></span> <span class='ocrx_word' id='word_1_493' title='bbox 1406 3831 1634 3897; x_wconf 86' lang='lat' dir='ltr'><strong>eisdem,</strong></span> <span class='ocrx_word' id='word_1_494' title='bbox 1649 3847 1771 3886; x_wconf 90' lang='lat' dir='ltr'><strong>cum</strong></span> 
     </span>
    </p>
   </div>
   <div class='ocr_carea' id='block_1_71' title="bbox 186 3920 1774 3993">
    <p class='ocr_par' dir='ltr' id='par_1_71' title="bbox 186 3920 1774 3993">
     <span class='ocr_line' id='line_1_73' title="bbox 186 3920 1774 3993; baseline 0.003 -19"><span class='ocrx_word' id='word_1_495' title='bbox 186 3920 445 3989; x_wconf 69' lang='lat' dir='ltr'><strong>liajazcte</strong></span> <span class='ocrx_word' id='word_1_496' title='bbox 473 3936 636 3990; x_wconf 86' lang='lat' dir='ltr'><strong>quem</strong></span> <span class='ocrx_word' id='word_1_497' title='bbox 679 3921 933 3977; x_wconf 87' lang='lat' dir='ltr'><strong>Basatum</strong></span> <span class='ocrx_word' id='word_1_498' title='bbox 963 3932 1018 3978; x_wconf 87' lang='lat' dir='ltr'><strong>et</strong></span> <span class='ocrx_word' id='word_1_499' title='bbox 1068 3922 1308 3978; x_wconf 88' lang='lat' dir='ltr'><strong>Basitam</strong></span> <span class='ocrx_word' id='word_1_500' title='bbox 1355 3933 1544 3989; x_wconf 89' lang='lat' dir='ltr'><strong>vocat,</strong></span> <span class='ocrx_word' id='word_1_501' title='bbox 1569 3939 1774 3993; x_wconf 83' lang='lat' dir='ltr'><strong>pugna-</strong></span> 
     </span>
    </p>
   </div>
   <div class='ocr_carea' id='block_1_72' title="bbox 160 4012 1772 4087">
    <p class='ocr_par' dir='ltr' id='par_1_72' title="bbox 160 4012 1772 4087">
     <span class='ocr_line' id='line_1_74' title="bbox 160 4012 1772 4087; baseline 0.001 -17"><span class='ocrx_word' id='word_1_502' title='bbox 160 4013 334 4087; x_wconf 54' lang='lat' dir='ltr'><strong>Juris</strong></span> <span class='ocrx_word' id='word_1_503' title='bbox 364 4030 378 4069; x_wconf 90' lang='lat'><strong>:</strong></span> <span class='ocrx_word' id='word_1_504' title='bbox 408 4033 426 4065; x_wconf 83' lang='grc' dir='ltr'><strong>ι</strong></span> <span class='ocrx_word' id='word_1_505' title='bbox 451 4012 517 4068; x_wconf 88' lang='grc' dir='ltr'>Ει</span> <span class='ocrx_word' id='word_1_506' title='bbox 542 4022 601 4068; x_wconf 83' lang='grc' dir='ltr'><strong>ιιι</strong></span> <span class='ocrx_word' id='word_1_507' title='bbox 626 4013 799 4070; x_wconf 89' lang='lat' dir='ltr'><strong>levius</strong></span> <span class='ocrx_word' id='word_1_508' title='bbox 826 4015 1108 4085; x_wconf 89' lang='lat' dir='ltr'><strong>pedestres</strong></span> <span class='ocrx_word' id='word_1_509' title='bbox 1137 4025 1362 4087; x_wconf 81' lang='lat' dir='ltr'><strong>possent</strong></span> <span class='ocrx_word' id='word_1_510' title='bbox 1384 4016 1659 4080; x_wconf 87' lang='lat' dir='ltr'><strong>incedere,</strong></span> <span class='ocrx_word' id='word_1_511' title='bbox 1686 4032 1772 4072; x_wconf 85' lang='lat' dir='ltr'><strong>ro—</strong></span> 
     </span>
    </p>
   </div>
   <div class='ocr_carea' id='block_1_73' title="bbox 189 4102 1771 4177">
    <p class='ocr_par' dir='ltr' id='par_1_73' title="bbox 189 4102 1771 4177">
     <span class='ocr_line' id='line_1_75' title="bbox 189 4102 1771 4177; baseline 0 -18"><span class='ocrx_word' id='word_1_512' title='bbox 189 4114 308 4159; x_wconf 81' lang='lat' dir='ltr'><strong>stra</strong></span> <span class='ocrx_word' id='word_1_513' title='bbox 339 4102 494 4174; x_wconf 89' lang='lat' dir='ltr'><strong>longa</strong></span> <span class='ocrx_word' id='word_1_514' title='bbox 517 4112 572 4158; x_wconf 90' lang='lat' dir='ltr'><strong>et</strong></span> <span class='ocrx_word' id='word_1_515' title='bbox 594 4103 863 4174; x_wconf 83' lang='lat' dir='ltr'><strong>superﬂua</strong></span> <span class='ocrx_word' id='word_1_516' title='bbox 886 4105 1195 4162; x_wconf 88' lang='lat' dir='ltr'><strong>calceorum</strong></span> <span class='ocrx_word' id='word_1_517' title='bbox 1240 4114 1617 4177; x_wconf 88' lang='lat' dir='ltr'><strong>amputarunt;</strong></span> <span class='ocrx_word' id='word_1_518' title='bbox 1649 4120 1771 4175; x_wconf 65' lang='lat' dir='ltr'><strong>quae</strong></span> 
     </span>
    </p>
   </div>
   <div class='ocr_carea' id='block_1_74' title="bbox 189 4195 1773 4267">
    <p class='ocr_par' dir='ltr' id='par_1_74' title="bbox 189 4195 1773 4267">
     <span class='ocr_line' id='line_1_76' title="bbox 189 4195 1773 4267; baseline 0.003 -19"><span class='ocrx_word' id='word_1_519' title='bbox 189 4195 330 4263; x_wconf 88' lang='lat' dir='ltr'><strong>proh</strong></span> <span class='ocrx_word' id='word_1_520' title='bbox 356 4195 565 4264; x_wconf 72' lang='lat' dir='ltr'><strong>pudor!</strong></span> <span class='ocrx_word' id='word_1_521' title='bbox 596 4196 1035 4267; x_wconf 89' lang='lat' dir='ltr'><strong>reprehensibilis</strong></span> <span class='ocrx_word' id='word_1_522' title='bbox 1062 4207 1117 4254; x_wconf 88' lang='lat' dir='ltr'><strong>et</strong></span> <span class='ocrx_word' id='word_1_523' title='bbox 1137 4214 1277 4253; x_wconf 89' lang='lat' dir='ltr'><strong>vana</strong></span> <span class='ocrx_word' id='word_1_524' title='bbox 1312 4200 1600 4255; x_wconf 90' lang='lat' dir='ltr'><strong>curiositas</strong></span> <span class='ocrx_word' id='word_1_525' title='bbox 1630 4199 1773 4253; x_wconf 82' lang='lat' dir='ltr'><strong>inter</strong></span> 
     </span>
    </p>
   </div>
   <div class='ocr_carea' id='block_1_75' title="bbox 192 4284 1769 4361">
    <p class='ocr_par' dir='ltr' id='par_1_75' title="bbox 192 4284 1769 4361">
     <span class='ocr_line' id='line_1_77' title="bbox 192 4284 1769 4361; baseline 0 -22"><span class='ocrx_word' id='word_1_526' title='bbox 192 4284 399 4339; x_wconf 81' lang='lat' dir='ltr'><strong>nobiles</strong></span> <span class='ocrx_word' id='word_1_527' title='bbox 440 4285 721 4358; x_wconf 89' lang='lat' dir='ltr'><strong>hucusque</strong></span> <span class='ocrx_word' id='word_1_528' title='bbox 744 4286 1008 4355; x_wconf 81' lang='lat' dir='ltr'><strong>viguerat,</strong></span> <span class='ocrx_word' id='word_1_529' title='bbox 1033 4297 1088 4342; x_wconf 87' lang='lat' dir='ltr'><strong>et</strong></span> <span class='ocrx_word' id='word_1_530' title='bbox 1114 4295 1244 4361; x_wconf 86' lang='lat' dir='ltr'><strong>tunc</strong></span> <span class='ocrx_word' id='word_1_531' title='bbox 1275 4288 1564 4342; x_wconf 88' lang='lat' dir='ltr'><strong>terminata</strong></span> <span class='ocrx_word' id='word_1_532' title='bbox 1593 4287 1715 4341; x_wconf 85' lang='lat' dir='ltr'><strong>fuit.</strong></span> <span class='ocrx_word' id='word_1_533' title='bbox 1748 4305 1769 4339; x_wconf 74' lang='grc' dir='ltr'><strong>ι</strong></span> 
     </span>
    </p>
   </div>
   <div class='ocr_carea' id='block_1_76' title="bbox 189 4376 1643 4450">
    <p class='ocr_par' dir='ltr' id='par_1_76' title="bbox 189 4376 1643 4450">
     <span class='ocr_line' id='line_1_78' title="bbox 189 4376 1643 4450; baseline 0.001 -17"><span class='ocrx_word' id='word_1_534' title='bbox 189 4377 236 4448; x_wconf 68' lang='grc' dir='ltr'><strong>(ῗ</strong></span> <span class='ocrx_word' id='word_1_535' title='bbox 249 4377 306 4449; x_wconf 77' lang='grc'><strong>5)</strong></span> <span class='ocrx_word' id='word_1_536' title='bbox 345 4376 671 4449; x_wconf 82' lang='lat' dir='ltr'><strong>Ingreditur,</strong></span> <span class='ocrx_word' id='word_1_537' title='bbox 694 4380 804 4435; x_wconf 89' lang='lat' dir='ltr'><strong>noti</strong></span> <span class='ocrx_word' id='word_1_538' title='bbox 825 4379 1017 4449; x_wconf 78' lang='lat' dir='ltr'><strong>fratres</strong></span> <span class='ocrx_word' id='word_1_539' title='bbox 1034 4396 1184 4450; x_wconf 85' lang='lat' dir='ltr'><strong>quem</strong></span> <span class='ocrx_word' id='word_1_540' title='bbox 1207 4398 1355 4435; x_wconf 83' lang='lat' dir='ltr'><strong>nosse</strong></span> <span class='ocrx_word' id='word_1_541' title='bbox 1384 4380 1643 4435; x_wconf 86' lang='lat' dir='ltr'><strong>laborant.</strong></span> 
     </span>
    </p>
   </div>
   <div class='ocr_carea' id='block_1_77' title="bbox 191 4467 1477 4542">
    <p class='ocr_par' dir='ltr' id='par_1_77' title="bbox 191 4467 1477 4542">
     <span class='ocr_line' id='line_1_79' title="bbox 191 4467 1477 4542; baseline 0.003 -21"><span class='ocrx_word' id='word_1_542' title='bbox 191 4467 523 4522; x_wconf 83' lang='lat' dir='ltr'><strong>Concurrunt</strong></span> <span class='ocrx_word' id='word_1_543' title='bbox 555 4470 709 4536; x_wconf 83' lang='lat' dir='ltr'><strong>cives,</strong></span> <span class='ocrx_word' id='word_1_544' title='bbox 733 4479 783 4524; x_wconf 88' lang='lat' dir='ltr'><strong>et</strong></span> <span class='ocrx_word' id='word_1_545' title='bbox 804 4471 953 4541; x_wconf 79' lang='lat' dir='ltr'><strong>larga</strong></span> <span class='ocrx_word' id='word_1_546' title='bbox 972 4470 1172 4541; x_wconf 84' lang='lat' dir='ltr'><strong>palatia</strong></span> <span class='ocrx_word' id='word_1_547' title='bbox 1202 4470 1477 4542; x_wconf 88' lang='lat' dir='ltr'><strong>complent.</strong></span> 
     </span>
    </p>
   </div>
   <div class='ocr_carea' id='block_1_78' title="bbox 192 4556 1457 4631">
    <p class='ocr_par' dir='ltr' id='par_1_78' title="bbox 192 4556 1457 4631">
     <span class='ocr_line' id='line_1_80' title="bbox 192 4556 1457 4631; baseline 0.003 -20"><span class='ocrx_word' id='word_1_548' title='bbox 192 4556 504 4628; x_wconf 72' lang='lat' dir='ltr'><strong>Pontiﬁcem</strong></span> <span class='ocrx_word' id='word_1_549' title='bbox 532 4560 606 4615; x_wconf 89' lang='lat' dir='ltr'><strong>sic</strong></span> <span class='ocrx_word' id='word_1_550' title='bbox 634 4561 698 4614; x_wconf 89' lang='lat' dir='ltr'><strong>de</strong></span> <span class='ocrx_word' id='word_1_551' title='bbox 723 4561 907 4631; x_wconf 84' lang='lat' dir='ltr'><strong>formis</strong></span> <span class='ocrx_word' id='word_1_552' title='bbox 935 4571 1056 4614; x_wconf 91' lang='lat' dir='ltr'><strong>tunc</strong></span> <span class='ocrx_word' id='word_1_553' title='bbox 1084 4563 1291 4615; x_wconf 85' lang='lat' dir='ltr'><strong>sistitur</strong></span> <span class='ocrx_word' id='word_1_554' title='bbox 1317 4572 1457 4616; x_wconf 88' lang='lat' dir='ltr'><strong>ante.</strong></span> 
     </span>
    </p>
   </div>
   <div class='ocr_carea' id='block_1_79' title="bbox 259 4655 1772 4724">
    <p class='ocr_par' dir='ltr' id='par_1_79' title="bbox 259 4655 1772 4724">
     <span class='ocr_line' id='line_1_81' title="bbox 259 4655 1772 4724; baseline 0.002 -14"><span class='ocrx_word' id='word_1_555' title='bbox 259 4655 572 4710; x_wconf 77' lang='lat' dir='ltr'><strong>Aecurrunt</strong></span> <span class='ocrx_word' id='word_1_556' title='bbox 619 4657 891 4724; x_wconf 85' lang='lat' dir='ltr'><strong>monachi,</strong></span> <span class='ocrx_word' id='word_1_557' title='bbox 931 4658 1037 4711; x_wconf 88' lang='lat' dir='ltr'><strong>noti</strong></span> <span class='ocrx_word' id='word_1_558' title='bbox 1069 4656 1261 4724; x_wconf 75' lang='lat' dir='ltr'><strong>fratres</strong></span> <span class='ocrx_word' id='word_1_559' title='bbox 1299 4667 1347 4711; x_wconf 85' lang='lat' dir='ltr'><strong>et</strong></span> <span class='ocrx_word' id='word_1_560' title='bbox 1379 4658 1512 4712; x_wconf 85' lang='lat' dir='ltr'><strong>cives</strong></span> <span class='ocrx_word' id='word_1_561' title='bbox 1534 4658 1772 4713; x_wconf 84' lang='lat' dir='ltr'><strong>Adalbe-</strong></span> 
     </span>
    </p>
   </div>
   <div class='ocr_carea' id='block_1_80' title="bbox 190 4745 1771 4820">
    <p class='ocr_par' dir='ltr' id='par_1_80' title="bbox 190 4745 1771 4820">
     <span class='ocr_line' id='line_1_82' title="bbox 190 4745 1771 4820; baseline 0.003 -19"><span class='ocrx_word' id='word_1_562' title='bbox 190 4746 313 4801; x_wconf 89' lang='lat' dir='ltr'><strong>roni</strong></span> <span class='ocrx_word' id='word_1_563' title='bbox 346 4745 496 4812; x_wconf 91' lang='lat' dir='ltr'><strong>dicti,</strong></span> <span class='ocrx_word' id='word_1_564' title='bbox 520 4755 577 4801; x_wconf 87' lang='lat' dir='ltr'><strong>et</strong></span> <span class='ocrx_word' id='word_1_565' title='bbox 599 4749 943 4815; x_wconf 89' lang='lat' dir='ltr'><strong>monachum,</strong></span> <span class='ocrx_word' id='word_1_566' title='bbox 984 4749 1228 4820; x_wconf 88' lang='lat' dir='ltr'><strong>deposita</strong></span> <span class='ocrx_word' id='word_1_567' title='bbox 1271 4751 1591 4817; x_wconf 90' lang='lat' dir='ltr'><strong>monastica,</strong></span> <span class='ocrx_word' id='word_1_568' title='bbox 1622 4760 1771 4806; x_wconf 83' lang='lat' dir='ltr'><strong>veste</strong></span> 
     </span>
    </p>
   </div>
   <div class='ocr_carea' id='block_1_81' title="bbox 188 4838 1771 4910">
    <p class='ocr_par' dir='ltr' id='par_1_81' title="bbox 188 4838 1771 4910">
     <span class='ocr_line' id='line_1_83' title="bbox 188 4838 1771 4910; baseline 0.003 -19"><span class='ocrx_word' id='word_1_569' title='bbox 188 4838 335 4892; x_wconf 87' lang='lat' dir='ltr'><strong>laica</strong></span> <span class='ocrx_word' id='word_1_570' title='bbox 392 4838 661 4903; x_wconf 88' lang='lat' dir='ltr'><strong>indutum,</strong></span> <span class='ocrx_word' id='word_1_571' title='bbox 696 4848 963 4894; x_wconf 88' lang='lat' dir='ltr'><strong>armatum</strong></span> <span class='ocrx_word' id='word_1_572' title='bbox 998 4850 1159 4910; x_wconf 87' lang='lat' dir='ltr'><strong>atque</strong></span> <span class='ocrx_word' id='word_1_573' title='bbox 1191 4840 1263 4894; x_wconf 91' lang='lat' dir='ltr'><strong>ita</strong></span> <span class='ocrx_word' id='word_1_574' title='bbox 1317 4842 1679 4897; x_wconf 89' lang='lat' dir='ltr'><strong>deformatum</strong></span> <span class='ocrx_word' id='word_1_575' title='bbox 1714 4849 1771 4895; x_wconf 92' lang='lat' dir='ltr'><strong>nt</strong></span> 
     </span>
    </p>
   </div>
   <div class='ocr_carea' id='block_1_82' title="bbox 188 4930 1771 5004">
    <p class='ocr_par' dir='ltr' id='par_1_82' title="bbox 188 4930 1771 5004">
     <span class='ocr_line' id='line_1_84' title="bbox 188 4930 1771 5004; baseline 0.003 -19"><span class='ocrx_word' id='word_1_576' title='bbox 188 4931 260 4986; x_wconf 91' lang='lat' dir='ltr'><strong>ab</strong></span> <span class='ocrx_word' id='word_1_577' title='bbox 277 4931 407 5002; x_wconf 86' lang='lat' dir='ltr'><strong>ipsis</strong></span> <span class='ocrx_word' id='word_1_578' title='bbox 425 4930 510 4985; x_wconf 82' lang='lat' dir='ltr'><strong>vix</strong></span> <span class='ocrx_word' id='word_1_579' title='bbox 529 4932 697 5001; x_wconf 85' lang='lat' dir='ltr'><strong>possit</strong></span> <span class='ocrx_word' id='word_1_580' title='bbox 712 4934 949 5004; x_wconf 80' lang='lat' dir='ltr'><strong>agnosci,</strong></span> <span class='ocrx_word' id='word_1_581' title='bbox 968 4943 1092 4988; x_wconf 90' lang='lat' dir='ltr'><strong>ante</strong></span> <span class='ocrx_word' id='word_1_582' title='bbox 1109 4935 1361 4990; x_wconf 89' lang='lat' dir='ltr'><strong>abbatem</strong></span> <span class='ocrx_word' id='word_1_583' title='bbox 1376 4951 1531 4991; x_wconf 87' lang='lat' dir='ltr'><strong>suum</strong></span> <span class='ocrx_word' id='word_1_584' title='bbox 1550 4937 1771 5001; x_wconf 87' lang='lat' dir='ltr'><strong>sistunt,</strong></span> 
     </span>
    </p>
   </div>
   <div class='ocr_carea' id='block_1_83' title="bbox 190 5023 1776 5099">
    <p class='ocr_par' dir='ltr' id='par_1_83' title="bbox 190 5023 1776 5099">
     <span class='ocr_line' id='line_1_85' title="bbox 190 5023 1776 5099; baseline 0.003 -21"><span class='ocrx_word' id='word_1_585' title='bbox 190 5038 355 5094; x_wconf 87' lang='lat' dir='ltr'><strong>quem</strong></span> <span class='ocrx_word' id='word_1_586' title='bbox 395 5023 660 5080; x_wconf 86' lang='lat' dir='ltr'><strong>invidioso</strong></span> <span class='ocrx_word' id='word_1_587' title='bbox 705 5026 923 5080; x_wconf 90' lang='lat' dir='ltr'><strong>nomine</strong></span> <span class='ocrx_word' id='word_1_588' title='bbox 956 5026 1227 5082; x_wconf 83' lang='lat' dir='ltr'><strong>Adalbero</strong></span> <span class='ocrx_word' id='word_1_589' title='bbox 1262 5028 1559 5099; x_wconf 82' lang='lat' dir='ltr'><strong>pontiﬁcem</strong></span> <span class='ocrx_word' id='word_1_590' title='bbox 1599 5029 1776 5098; x_wconf 84' lang='lat' dir='ltr'><strong>appel-</strong></span> 
     </span>
    </p>
   </div>
   <div class='ocr_carea' id='block_1_84' title="bbox 190 5114 1774 5192">
    <p class='ocr_par' dir='ltr' id='par_1_84' title="bbox 190 5114 1774 5192">
     <span class='ocr_line' id='line_1_86' title="bbox 190 5114 1774 5192; baseline 0.004 -24"><span class='ocrx_word' id='word_1_591' title='bbox 190 5114 289 5178; x_wconf 84' lang='lat' dir='ltr'><strong>lat,</strong></span> <span class='ocrx_word' id='word_1_592' title='bbox 314 5114 516 5170; x_wconf 89' lang='lat' dir='ltr'><strong>hocest</strong></span> <span class='ocrx_word' id='word_1_593' title='bbox 541 5116 874 5187; x_wconf 86' lang='lat' dir='ltr'><strong>episcopum,</strong></span> <span class='ocrx_word' id='word_1_594' title='bbox 910 5128 969 5173; x_wconf 92' lang='lat' dir='ltr'><strong>ut</strong></span> <span class='ocrx_word' id='word_1_595' title='bbox 1006 5120 1323 5175; x_wconf 88' lang='lat' dir='ltr'><strong>monasterii</strong></span> <span class='ocrx_word' id='word_1_596' title='bbox 1365 5129 1514 5190; x_wconf 88' lang='lat' dir='ltr'><strong>septa</strong></span> <span class='ocrx_word' id='word_1_597' title='bbox 1538 5121 1774 5192; x_wconf 74' lang='lat' dir='ltr'><strong>palatia;</strong></span> 
     </span>
    </p>
   </div>
   <div class='ocr_carea' id='block_1_85' title="bbox 188 5204 1397 5285">
    <p class='ocr_par' dir='ltr' id='par_1_85' title="bbox 188 5204 1397 5285">
     <span class='ocr_line' id='line_1_87' title="bbox 188 5204 1397 5285; baseline 0.003 -24"><span class='ocrx_word' id='word_1_598' title='bbox 188 5213 247 5261; x_wconf 89' lang='lat' dir='ltr'><strong>et</strong></span> <span class='ocrx_word' id='word_1_599' title='bbox 270 5204 407 5259; x_wconf 89' lang='lat' dir='ltr'><strong>infra</strong></span> <span class='ocrx_word' id='word_1_600' title='bbox 432 5204 711 5262; x_wconf 86' lang='lat' dir='ltr'><strong>Odilonetn</strong></span> <span class='ocrx_word' id='word_1_601' title='bbox 736 5223 917 5278; x_wconf 87' lang='lat' dir='ltr'><strong>regem</strong></span> <span class='ocrx_word' id='word_1_602' title='bbox 946 5211 1195 5285; x_wconf 78' lang='grc' dir='ltr'><strong>εἰρονικῶς</strong></span> <span class='ocrx_word' id='word_1_603' title='bbox 1221 5220 1397 5265; x_wconf 81' lang='lat' dir='ltr'><strong>vocat.</strong></span> 
     </span>
    </p>
   </div>
   <div class='ocr_carea' id='block_1_86' title="bbox 190 5294 1665 5368">
    <p class='ocr_par' dir='ltr' id='par_1_86' title="bbox 190 5294 1665 5368">
     <span class='ocr_line' id='line_1_88' title="bbox 190 5294 1665 5368; baseline 0.003 -17"><span class='ocrx_word' id='word_1_604' title='bbox 190 5294 310 5368; x_wconf 73' lang='grc' dir='ltr'><strong>(δι)</strong></span> <span class='ocrx_word' id='word_1_605' title='bbox 352 5294 505 5352; x_wconf 74' lang='lat' dir='ltr'><strong>Miles</strong></span> <span class='ocrx_word' id='word_1_606' title='bbox 535 5312 693 5363; x_wconf 87' lang='lat' dir='ltr'><strong>nunc,</strong></span> <span class='ocrx_word' id='word_1_607' title='bbox 717 5298 1002 5353; x_wconf 80' lang='lat' dir='ltr'><strong>monachus</strong></span> <span class='ocrx_word' id='word_1_608' title='bbox 1026 5299 1228 5355; x_wconf 81' lang='lat' dir='ltr'><strong>diverso</strong></span> <span class='ocrx_word' id='word_1_609' title='bbox 1259 5317 1399 5354; x_wconf 87' lang='lat' dir='ltr'><strong>more</strong></span> <span class='ocrx_word' id='word_1_610' title='bbox 1429 5301 1665 5356; x_wconf 83' lang='lat' dir='ltr'><strong>manebo.</strong></span> 
     </span>
    </p>
   </div>
   <div class='ocr_carea' id='block_1_87' title="bbox 192 5387 1570 5462">
    <p class='ocr_par' dir='ltr' id='par_1_87' title="bbox 192 5387 1570 5462">
     <span class='ocr_line' id='line_1_89' title="bbox 192 5387 1570 5462; baseline 0.002 -20"><span class='ocrx_word' id='word_1_611' title='bbox 192 5387 321 5443; x_wconf 89' lang='lat' dir='ltr'><strong>Non</strong></span> <span class='ocrx_word' id='word_1_612' title='bbox 351 5405 442 5459; x_wconf 85' lang='lat' dir='ltr'><strong>ego</strong></span> <span class='ocrx_word' id='word_1_613' title='bbox 461 5407 575 5444; x_wconf 90' lang='lat' dir='ltr'><strong>sum</strong></span> <span class='ocrx_word' id='word_1_614' title='bbox 597 5394 901 5457; x_wconf 83' lang='lat' dir='ltr'><strong>monachus,</strong></span> <span class='ocrx_word' id='word_1_615' title='bbox 921 5393 1077 5461; x_wconf 86' lang='lat' dir='ltr'><strong>jussu</strong></span> <span class='ocrx_word' id='word_1_616' title='bbox 1098 5392 1189 5445; x_wconf 89' lang='lat' dir='ltr'><strong>sed</strong></span> <span class='ocrx_word' id='word_1_617' title='bbox 1211 5390 1374 5445; x_wconf 88' lang='lat' dir='ltr'><strong>milito</strong></span> <span class='ocrx_word' id='word_1_618' title='bbox 1407 5394 1570 5462; x_wconf 82' lang='lat' dir='ltr'><strong>regis;</strong></span> 
     </span>
    </p>
   </div>
   <div class='ocr_carea' id='block_1_88' title="bbox 170 5475 1497 5552">
    <p class='ocr_par' dir='ltr' id='par_1_88' title="bbox 170 5475 1497 5552">
     <span class='ocr_line' id='line_1_90' title="bbox 170 5475 1497 5552; baseline 0.002 -21"><span class='ocrx_word' id='word_1_619' title='bbox 170 5475 341 5532; x_wconf 85' lang='lat' dir='ltr'><strong>‘Nam</strong></span> <span class='ocrx_word' id='word_1_620' title='bbox 366 5478 608 5534; x_wconf 84' lang='lat' dir='ltr'><strong>dominus</strong></span> <span class='ocrx_word' id='word_1_621' title='bbox 635 5497 779 5534; x_wconf 85' lang='lat' dir='ltr'><strong>meus</strong></span> <span class='ocrx_word' id='word_1_622' title='bbox 809 5492 886 5536; x_wconf 89' lang='lat' dir='ltr'><strong>est</strong></span> <span class='ocrx_word' id='word_1_623' title='bbox 910 5480 1109 5552; x_wconf 79' lang='lat' dir='ltr'><strong>Oydelo</strong></span> <span class='ocrx_word' id='word_1_624' title='bbox 1138 5479 1497 5534; x_wconf 79' lang='lat' dir='ltr'><strong>Cluniacensis</strong></span> 
     </span>
    </p>
   </div>
   <div class='ocr_carea' id='block_1_89' title="bbox 262 5566 1770 5641">
    <p class='ocr_par' dir='ltr' id='par_1_89' title="bbox 262 5566 1770 5641">
     <span class='ocr_line' id='line_1_91' title="bbox 262 5566 1770 5641; baseline 0.003 -18"><span class='ocrx_word' id='word_1_625' title='bbox 262 5566 460 5624; x_wconf 83' lang='lat' dir='ltr'><strong>Abbati</strong></span> <span class='ocrx_word' id='word_1_626' title='bbox 491 5573 814 5626; x_wconf 89' lang='lat' dir='ltr'><strong>monachum</strong></span> <span class='ocrx_word' id='word_1_627' title='bbox 850 5572 1138 5627; x_wconf 88' lang='lat' dir='ltr'><strong>militarem</strong></span> <span class='ocrx_word' id='word_1_628' title='bbox 1177 5587 1280 5626; x_wconf 88' lang='lat' dir='ltr'><strong>non</strong></span> <span class='ocrx_word' id='word_1_629' title='bbox 1329 5581 1660 5641; x_wconf 84' lang='lat' dir='ltr'><strong>agnoscentt,</strong></span> <span class='ocrx_word' id='word_1_630' title='bbox 1705 5589 1770 5628; x_wconf 94' lang='lat' dir='ltr'><strong>ae</strong></span> 
     </span>
    </p>
   </div>
   <div class='ocr_carea' id='block_1_90' title="bbox 192 5660 1766 5733">
    <p class='ocr_par' dir='ltr' id='par_1_90' title="bbox 192 5660 1766 5733">
     <span class='ocr_line' id='line_1_92' title="bbox 192 5660 1766 5733; baseline 0.002 -18"><span class='ocrx_word' id='word_1_631' title='bbox 192 5660 552 5729; x_wconf 82' lang='lat' dir='ltr'><strong>interroganti</strong></span> <span class='ocrx_word' id='word_1_632' title='bbox 595 5677 663 5716; x_wconf 89' lang='lat' dir='ltr'><strong>an</strong></span> <span class='ocrx_word' id='word_1_633' title='bbox 698 5665 994 5718; x_wconf 87' lang='lat' dir='ltr'><strong>monachus</strong></span> <span class='ocrx_word' id='word_1_634' title='bbox 1020 5678 1150 5717; x_wconf 90' lang='lat' dir='ltr'><strong>suus</strong></span> <span class='ocrx_word' id='word_1_635' title='bbox 1172 5663 1260 5726; x_wconf 92' lang='lat' dir='ltr'><strong>sit,</strong></span> <span class='ocrx_word' id='word_1_636' title='bbox 1284 5678 1443 5732; x_wconf 88' lang='lat' dir='ltr'><strong>quem</strong></span> <span class='ocrx_word' id='word_1_637' title='bbox 1467 5662 1638 5733; x_wconf 87' lang='lat' dir='ltr'><strong>pridie</strong></span> <span class='ocrx_word' id='word_1_638' title='bbox 1664 5665 1732 5718; x_wconf 88' lang='lat' dir='ltr'><strong>mi</strong></span> <span class='ocrx_word' id='word_1_639' title='bbox 1749 5694 1766 5705; x_wconf 88' lang='lat'><strong>-</strong></span> 
     </span>
    </p>
   </div>
   <div class='ocr_carea' id='block_1_91' title="bbox 165 5751 1764 5825">
    <p class='ocr_par' dir='ltr' id='par_1_91' title="bbox 165 5751 1764 5825">
     <span class='ocr_line' id='line_1_93' title="bbox 165 5751 1764 5825; baseline 0 -14"><span class='ocrx_word' id='word_1_640' title='bbox 165 5752 327 5811; x_wconf 70' lang='lat' dir='ltr'><strong>&#39;serit</strong></span> <span class='ocrx_word' id='word_1_641' title='bbox 351 5751 553 5825; x_wconf 86' lang='lat' dir='ltr'><strong>aliquo,</strong></span> <span class='ocrx_word' id='word_1_642' title='bbox 589 5754 677 5811; x_wconf 88' lang='lat' dir='ltr'><strong>ille</strong></span> <span class='ocrx_word' id='word_1_643' title='bbox 700 5756 1023 5823; x_wconf 85' lang='lat' dir='ltr'><strong>respondet:</strong></span> <span class='ocrx_word' id='word_1_644' title='bbox 1059 5774 1076 5806; x_wconf 79' lang='grc' dir='ltr'><strong>ι</strong></span> <span class='ocrx_word' id='word_1_645' title='bbox 1115 5754 1270 5809; x_wconf 78' lang='lat' dir='ltr'><strong>Modo</strong></span> <span class='ocrx_word' id='word_1_646' title='bbox 1302 5754 1455 5810; x_wconf 83' lang='lat' dir='ltr'><strong>miles</strong></span> <span class='ocrx_word' id='word_1_647' title='bbox 1476 5771 1614 5823; x_wconf 89' lang='lat' dir='ltr'><strong>sum,</strong></span> <span class='ocrx_word' id='word_1_648' title='bbox 1648 5771 1764 5812; x_wconf 86' lang='lat' dir='ltr'><strong>mo-</strong></span> 
     </span>
    </p>
   </div>
   <div class='ocr_carea' id='block_1_92' title="bbox 1879 3201 3460 3281">
    <p class='ocr_par' dir='ltr' id='par_1_92' title="bbox 1879 3201 3460 3281">
     <span class='ocr_line' id='line_1_94' title="bbox 1879 3201 3460 3281; baseline -0.008 -16"><span class='ocrx_word' id='word_1_649' title='bbox 1879 3211 2081 3275; x_wconf 89' lang='lat' dir='ltr'><strong>centia,</strong></span> <span class='ocrx_word' id='word_1_650' title='bbox 2119 3211 2287 3281; x_wconf 85' lang='lat' dir='ltr'><strong>figura</strong></span> <span class='ocrx_word' id='word_1_651' title='bbox 2331 3210 2462 3263; x_wconf 89' lang='lat' dir='ltr'><strong>mihi</strong></span> <span class='ocrx_word' id='word_1_652' title='bbox 2503 3207 2631 3262; x_wconf 91' lang='lat' dir='ltr'><strong>olim</strong></span> <span class='ocrx_word' id='word_1_653' title='bbox 2667 3221 2836 3275; x_wconf 87' lang='lat' dir='ltr'><strong>puero</strong></span> <span class='ocrx_word' id='word_1_654' title='bbox 2868 3207 2922 3260; x_wconf 93' lang='lat' dir='ltr'><strong>in</strong></span> <span class='ocrx_word' id='word_1_655' title='bbox 2948 3204 3148 3259; x_wconf 86' lang='lat' dir='ltr'><strong>scholis</strong></span> <span class='ocrx_word' id='word_1_656' title='bbox 3174 3201 3460 3256; x_wconf 80' lang='lat' dir='ltr'><strong>notissima</strong></span> 
     </span>
    </p>
   </div>
   <div class='ocr_carea' id='block_1_93' title="bbox 1876 3295 3458 3367">
    <p class='ocr_par' dir='ltr' id='par_1_93' title="bbox 1876 3295 3458 3367">
     <span class='ocr_line' id='line_1_95' title="bbox 1876 3295 3458 3367; baseline -0.006 -14"><span class='ocrx_word' id='word_1_657' title='bbox 1876 3303 2023 3357; x_wconf 81' lang='lat' dir='ltr'><strong>viros</strong></span> <span class='ocrx_word' id='word_1_658' title='bbox 2055 3303 2225 3357; x_wconf 86' lang='lat' dir='ltr'><strong>bonos</strong></span> <span class='ocrx_word' id='word_1_659' title='bbox 2252 3302 2627 3363; x_wconf 85' lang='lat' dir='ltr'><strong>destituerem,</strong></span> <span class='ocrx_word' id='word_1_660' title='bbox 2661 3298 2971 3367; x_wconf 88' lang='lat' dir='ltr'><strong>proderem,</strong></span> <span class='ocrx_word' id='word_1_661' title='bbox 3001 3312 3062 3350; x_wconf 92' lang='lat' dir='ltr'><strong><em>ac</em></strong></span> <span class='ocrx_word' id='word_1_662' title='bbox 3093 3295 3458 3361; x_wconf 77' lang='lat' dir='ltr'><strong>relinquerem</strong></span> 
     </span>
    </p>
   </div>
   <div class='ocr_carea' id='block_1_94' title="bbox 1877 3375 3458 3448">
    <p class='ocr_par' dir='ltr' id='par_1_94' title="bbox 1877 3375 3458 3448">
     <span class='ocr_line' id='line_1_96' title="bbox 1877 3375 3458 3448; baseline -0.008 0"><span class='ocrx_word' id='word_1_663' title='bbox 1877 3393 2224 3448; x_wconf 71' lang='lat' dir='ltr'><strong>indefensos?</strong></span> <span class='ocrx_word' id='word_1_664' title='bbox 2244 3393 2440 3446; x_wconf 85' lang='lat' dir='ltr'><strong>Iratum</strong></span> <span class='ocrx_word' id='word_1_665' title='bbox 2472 3391 2573 3446; x_wconf 89' lang='lat' dir='ltr'><strong>sibi</strong></span> <span class='ocrx_word' id='word_1_666' title='bbox 2604 3375 2872 3444; x_wconf 76' lang='lat' dir='ltr'><strong>Adalbcro</strong></span> <span class='ocrx_word' id='word_1_667' title='bbox 2893 3387 3209 3442; x_wconf 83' lang='lat' dir='ltr'><strong>Rotbertum</strong></span> <span class='ocrx_word' id='word_1_668' title='bbox 3234 3383 3458 3445; x_wconf 73' lang='lat' dir='ltr'><strong>inducit,</strong></span> 
     </span>
    </p>
   </div>
   <div class='ocr_carea' id='block_1_95' title="bbox 1875 3475 3460 3547">
    <p class='ocr_par' dir='ltr' id='par_1_95' title="bbox 1875 3475 3460 3547">
     <span class='ocr_line' id='line_1_97' title="bbox 1875 3475 3460 3547; baseline -0.008 -5"><span class='ocrx_word' id='word_1_669' title='bbox 1875 3496 1969 3542; x_wconf 90' lang='lat' dir='ltr'><strong>aut</strong></span> <span class='ocrx_word' id='word_1_670' title='bbox 2017 3486 2208 3542; x_wconf 85' lang='lat' dir='ltr'><strong>saltem</strong></span> <span class='ocrx_word' id='word_1_671' title='bbox 2250 3492 2523 3541; x_wconf 87' lang='lat' dir='ltr'><strong>commoto</strong></span> <span class='ocrx_word' id='word_1_672' title='bbox 2577 3483 2831 3546; x_wconf 85' lang='lat' dir='ltr'><strong>similem,</strong></span> <span class='ocrx_word' id='word_1_673' title='bbox 2888 3478 3030 3547; x_wconf 89' lang='lat' dir='ltr'><strong>quod</strong></span> <span class='ocrx_word' id='word_1_674' title='bbox 3055 3481 3121 3534; x_wconf 88' lang='lat' dir='ltr'><strong>de</strong></span> <span class='ocrx_word' id='word_1_675' title='bbox 3172 3475 3460 3532; x_wconf 86' lang='lat' dir='ltr'><strong>monachis</strong></span> 
     </span>
    </p>
   </div>
   <div class='ocr_carea' id='block_1_96' title="bbox 1876 3571 3140 3639">
    <p class='ocr_par' dir='ltr' id='par_1_96' title="bbox 1876 3571 3140 3639">
     <span class='ocr_line' id='line_1_98' title="bbox 1876 3571 3140 3639; baseline -0.008 -5"><span class='ocrx_word' id='word_1_676' title='bbox 1876 3580 2016 3634; x_wconf 89' lang='lat' dir='ltr'><strong>male</strong></span> <span class='ocrx_word' id='word_1_677' title='bbox 2046 3580 2273 3633; x_wconf 85' lang='lat' dir='ltr'><strong>sentiret</strong></span> <span class='ocrx_word' id='word_1_678' title='bbox 2300 3586 2356 3633; x_wconf 89' lang='lat' dir='ltr'><strong>et</strong></span> <span class='ocrx_word' id='word_1_679' title='bbox 2381 3577 2669 3632; x_wconf 85' lang='lat' dir='ltr'><strong>scriberet.</strong></span> <span class='ocrx_word' id='word_1_680' title='bbox 2698 3573 2852 3628; x_wconf 87' lang='lat' dir='ltr'><strong>Unde</strong></span> <span class='ocrx_word' id='word_1_681' title='bbox 2879 3571 3094 3639; x_wconf 86' lang='lat' dir='ltr'><strong>subjicit</strong></span> <span class='ocrx_word' id='word_1_682' title='bbox 3124 3585 3140 3624; x_wconf 90' lang='lat'><strong>:</strong></span> 
     </span>
    </p>
   </div>
   <div class='ocr_carea' id='block_1_97' title="bbox 1875 3664 3261 3741">
    <p class='ocr_par' dir='ltr' id='par_1_97' title="bbox 1875 3664 3261 3741">
     <span class='ocr_line' id='line_1_99' title="bbox 1875 3664 3261 3741; baseline -0.007 -15"><span class='ocrx_word' id='word_1_683' title='bbox 1875 3671 1987 3741; x_wconf 79' lang='lat'><strong>(&#39;56)</strong></span> <span class='ocrx_word' id='word_1_684' title='bbox 2033 3670 2154 3724; x_wconf 85' lang='lat' dir='ltr'><strong>Non</strong></span> <span class='ocrx_word' id='word_1_685' title='bbox 2181 3681 2271 3724; x_wconf 88' lang='lat' dir='ltr'><strong>tua</strong></span> <span class='ocrx_word' id='word_1_686' title='bbox 2296 3669 2581 3739; x_wconf 71' lang='lat' dir='ltr'><strong>prmpediat</strong></span> <span class='ocrx_word' id='word_1_687' title='bbox 2606 3684 2698 3721; x_wconf 88' lang='lat' dir='ltr'><strong>nos</strong></span> <span class='ocrx_word' id='word_1_688' title='bbox 2720 3665 3012 3735; x_wconf 80' lang='lat' dir='ltr'><strong>indignatio</strong></span> <span class='ocrx_word' id='word_1_689' title='bbox 3036 3664 3261 3732; x_wconf 85' lang='lat' dir='ltr'><strong>fervens.</strong></span> 
     </span>
    </p>
   </div>
   <div class='ocr_carea' id='block_1_98' title="bbox 1874 3754 3162 3831">
    <p class='ocr_par' dir='ltr' id='par_1_98' title="bbox 1874 3754 3162 3831">
     <span class='ocr_line' id='line_1_100' title="bbox 1874 3754 3162 3831; baseline -0.005 -16"><span class='ocrx_word' id='word_1_690' title='bbox 1874 3761 2203 3831; x_wconf 63' lang='lat' dir='ltr'><strong>Pra’ceptum</strong></span> <span class='ocrx_word' id='word_1_691' title='bbox 2230 3762 2439 3814; x_wconf 86' lang='lat' dir='ltr'><strong>Domini</strong></span> <span class='ocrx_word' id='word_1_692' title='bbox 2468 3760 2619 3813; x_wconf 87' lang='lat' dir='ltr'><strong>liceat</strong></span> <span class='ocrx_word' id='word_1_693' title='bbox 2646 3773 2763 3811; x_wconf 88' lang='lat' dir='ltr'><strong>cum</strong></span> <span class='ocrx_word' id='word_1_694' title='bbox 2793 3771 2924 3825; x_wconf 86' lang='lat' dir='ltr'><strong>pace</strong></span> <span class='ocrx_word' id='word_1_695' title='bbox 2950 3754 3162 3826; x_wconf 79' lang='lat' dir='ltr'><strong>referre.</strong></span> 
     </span>
    </p>
   </div>
   <div class='ocr_carea' id='block_1_99' title="bbox 1946 3844 3461 3921">
    <p class='ocr_par' dir='ltr' id='par_1_99' title="bbox 1946 3844 3461 3921">
     <span class='ocr_line' id='line_1_101' title="bbox 1946 3844 3461 3921; baseline -0.005 -15"><span class='ocrx_word' id='word_1_696' title='bbox 1946 3851 2079 3918; x_wconf 87' lang='lat' dir='ltr'><strong>Tua,</strong></span> <span class='ocrx_word' id='word_1_697' title='bbox 2122 3867 2328 3921; x_wconf 72' lang='lat' dir='ltr'><strong>qumso,</strong></span> <span class='ocrx_word' id='word_1_698' title='bbox 2361 3850 2659 3920; x_wconf 85' lang='lat' dir='ltr'><strong>indignatio</strong></span> <span class='ocrx_word' id='word_1_699' title='bbox 2684 3849 2986 3903; x_wconf 90' lang='lat' dir='ltr'><strong>orationem</strong></span> <span class='ocrx_word' id='word_1_700' title='bbox 3016 3862 3190 3901; x_wconf 90' lang='lat' dir='ltr'><strong>meam</strong></span> <span class='ocrx_word' id='word_1_701' title='bbox 3233 3860 3338 3899; x_wconf 89' lang='lat' dir='ltr'><strong>non</strong></span> <span class='ocrx_word' id='word_1_702' title='bbox 3382 3844 3461 3898; x_wconf 91' lang='lat' dir='ltr'><strong>in-</strong></span> 
     </span>
    </p>
   </div>
   <div class='ocr_carea' id='block_1_100' title="bbox 1875 3937 3460 4011">
    <p class='ocr_par' dir='ltr' id='par_1_100' title="bbox 1875 3937 3460 4011">
     <span class='ocr_line' id='line_1_102' title="bbox 1875 3937 3460 4011; baseline -0.005 -14"><span class='ocrx_word' id='word_1_703' title='bbox 1875 3952 2195 4011; x_wconf 88' lang='lat' dir='ltr'><strong>terrumpat,</strong></span> <span class='ocrx_word' id='word_1_704' title='bbox 2224 3943 2309 4011; x_wconf 89' lang='lat' dir='ltr'><strong>pie</strong></span> <span class='ocrx_word' id='word_1_705' title='bbox 2335 3957 2428 3995; x_wconf 76' lang='lat' dir='ltr'><strong>rex</strong></span> <span class='ocrx_word' id='word_1_706' title='bbox 2456 3958 2469 3992; x_wconf 90' lang='lat'>:</span> <span class='ocrx_word' id='word_1_707' title='bbox 2510 3950 2598 3994; x_wconf 88' lang='lat' dir='ltr'><strong>tua</strong></span> <span class='ocrx_word' id='word_1_708' title='bbox 2632 3941 2762 3994; x_wconf 89' lang='lat' dir='ltr'><strong>mihi</strong></span> <span class='ocrx_word' id='word_1_709' title='bbox 2792 3940 2868 3993; x_wconf 87' lang='lat' dir='ltr'><strong>ira</strong></span> <span class='ocrx_word' id='word_1_710' title='bbox 2900 3954 3006 3993; x_wconf 89' lang='lat' dir='ltr'><strong>non</strong></span> <span class='ocrx_word' id='word_1_711' title='bbox 3028 3937 3343 3993; x_wconf 86' lang='lat' dir='ltr'><strong>obsit.Pace</strong></span> <span class='ocrx_word' id='word_1_712' title='bbox 3370 3946 3460 4005; x_wconf 65' lang='lat' dir='ltr'><strong>tua</strong></span> 
     </span>
    </p>
   </div>
   <div class='ocr_carea' id='block_1_101' title="bbox 1873 4029 3068 4103">
    <p class='ocr_par' dir='ltr' id='par_1_101' title="bbox 1873 4029 3068 4103">
     <span class='ocr_line' id='line_1_103' title="bbox 1873 4029 3068 4103; baseline -0.007 -13"><span class='ocrx_word' id='word_1_713' title='bbox 1873 4035 2005 4090; x_wconf 91' lang='lat' dir='ltr'><strong>mihi</strong></span> <span class='ocrx_word' id='word_1_714' title='bbox 2032 4035 2210 4095; x_wconf 85' lang='lat' dir='ltr'><strong>liccat,</strong></span> <span class='ocrx_word' id='word_1_715' title='bbox 2246 4042 2513 4103; x_wconf 64' lang='lat' dir='ltr'><strong>praecepta</strong></span> <span class='ocrx_word' id='word_1_716' title='bbox 2539 4031 2817 4085; x_wconf 87' lang='lat' dir='ltr'><strong>Dominica</strong></span> <span class='ocrx_word' id='word_1_717' title='bbox 2845 4029 3068 4086; x_wconf 86' lang='lat' dir='ltr'><strong>referre.</strong></span> 
     </span>
    </p>
   </div>
   <div class='ocr_carea' id='block_1_102' title="bbox 1875 4118 3353 4196">
    <p class='ocr_par' dir='ltr' id='par_1_102' title="bbox 1875 4118 3353 4196">
     <span class='ocr_line' id='line_1_104' title="bbox 1875 4118 3353 4196; baseline -0.008 -14"><span class='ocrx_word' id='word_1_718' title='bbox 1875 4128 1985 4196; x_wconf 77' lang='lat'><strong>(37)</strong></span> <span class='ocrx_word' id='word_1_719' title='bbox 2029 4125 2197 4182; x_wconf 89' lang='lat' dir='ltr'><strong>Sarra</strong></span> <span class='ocrx_word' id='word_1_720' title='bbox 2229 4126 2383 4181; x_wconf 88' lang='lat' dir='ltr'><strong>nimis</strong></span> <span class='ocrx_word' id='word_1_721' title='bbox 2407 4142 2529 4195; x_wconf 87' lang='lat' dir='ltr'><strong>gens</strong></span> <span class='ocrx_word' id='word_1_722' title='bbox 2547 4140 2815 4186; x_wconf 82' lang='lat' dir='ltr'><strong>cenarum,</strong></span> <span class='ocrx_word' id='word_1_723' title='bbox 2853 4123 2916 4175; x_wconf 89' lang='lat' dir='ltr'><strong>de</strong></span> <span class='ocrx_word' id='word_1_724' title='bbox 2937 4137 3100 4183; x_wconf 85' lang='lat' dir='ltr'><strong>more,</strong></span> <span class='ocrx_word' id='word_1_725' title='bbox 3126 4118 3353 4186; x_wconf 80' lang='lat' dir='ltr'><strong>petulca,</strong></span> 
     </span>
    </p>
   </div>
   <div class='ocr_carea' id='block_1_103' title="bbox 1876 4210 3368 4287">
    <p class='ocr_par' dir='ltr' id='par_1_103' title="bbox 1876 4210 3368 4287">
     <span class='ocr_line' id='line_1_105' title="bbox 1876 4210 3368 4287; baseline -0.007 -16"><span class='ocrx_word' id='word_1_726' title='bbox 1876 4217 2023 4287; x_wconf 81' lang='lat' dir='ltr'><strong>Regn</strong></span> <span class='ocrx_word' id='word_1_727' title='bbox 2066 4234 2116 4270; x_wconf 89' lang='lat' dir='ltr'><strong>m</strong></span> <span class='ocrx_word' id='word_1_728' title='bbox 2146 4215 2499 4279; x_wconf 81' lang='lat' dir='ltr'><strong>Francorum,</strong></span> <span class='ocrx_word' id='word_1_729' title='bbox 2524 4212 2765 4266; x_wconf 87' lang='lat' dir='ltr'><strong>manibus</strong></span> <span class='ocrx_word' id='word_1_730' title='bbox 2797 4212 3036 4281; x_wconf 83' lang='lat' dir='ltr'><strong>ferroque</strong></span> <span class='ocrx_word' id='word_1_731' title='bbox 3070 4210 3368 4273; x_wconf 85' lang='lat' dir='ltr'><strong>subactum,</strong></span> 
     </span>
    </p>
   </div>
   <div class='ocr_carea' id='block_1_104' title="bbox 1877 4301 3341 4377">
    <p class='ocr_par' dir='ltr' id='par_1_104' title="bbox 1877 4301 3341 4377">
     <span class='ocr_line' id='line_1_106' title="bbox 1877 4301 3341 4377; baseline -0.005 -15"><span class='ocrx_word' id='word_1_732' title='bbox 1877 4308 2132 4377; x_wconf 83' lang='lat' dir='ltr'><strong>Occupat,</strong></span> <span class='ocrx_word' id='word_1_733' title='bbox 2163 4316 2208 4360; x_wconf 90' lang='lat' dir='ltr'><strong>et</strong></span> <span class='ocrx_word' id='word_1_734' title='bbox 2237 4306 2374 4359; x_wconf 87' lang='lat' dir='ltr'><strong>rodit</strong></span> <span class='ocrx_word' id='word_1_735' title='bbox 2399 4304 2654 4375; x_wconf 83' lang='lat' dir='ltr'><strong>quidquid</strong></span> <span class='ocrx_word' id='word_1_736' title='bbox 2684 4303 2783 4356; x_wconf 88' lang='lat' dir='ltr'><strong>sibi</strong></span> <span class='ocrx_word' id='word_1_737' title='bbox 2812 4301 2988 4356; x_wconf 82' lang='lat' dir='ltr'><strong>Gallia</strong></span> <span class='ocrx_word' id='word_1_738' title='bbox 3022 4302 3205 4363; x_wconf 88' lang='lat' dir='ltr'><strong>nutrit,</strong></span> <span class='ocrx_word' id='word_1_739' title='bbox 3234 4309 3341 4355; x_wconf 87' lang='lat' dir='ltr'><strong>etc.</strong></span> 
     </span>
    </p>
   </div>
   <div class='ocr_carea' id='block_1_105' title="bbox 1944 4389 3463 4463">
    <p class='ocr_par' dir='ltr' id='par_1_105' title="bbox 1944 4389 3463 4463">
     <span class='ocr_line' id='line_1_107' title="bbox 1944 4389 3463 4463; baseline -0.005 -12"><span class='ocrx_word' id='word_1_740' title='bbox 1944 4396 2248 4460; x_wconf 86' lang='lat' dir='ltr'><strong>Sarraceni,</strong></span> <span class='ocrx_word' id='word_1_741' title='bbox 2276 4392 2763 4463; x_wconf 86' lang='lat' dir='ltr'><strong>inquitAdalbero,</strong></span> <span class='ocrx_word' id='word_1_742' title='bbox 2791 4408 2915 4461; x_wconf 87' lang='lat' dir='ltr'><strong>gens</strong></span> <span class='ocrx_word' id='word_1_743' title='bbox 2944 4390 3091 4444; x_wconf 86' lang='lat' dir='ltr'><strong>valde</strong></span> <span class='ocrx_word' id='word_1_744' title='bbox 3107 4389 3368 4459; x_wconf 86' lang='lat' dir='ltr'><strong>petulans,</strong></span> <span class='ocrx_word' id='word_1_745' title='bbox 3399 4404 3463 4443; x_wconf 76' lang='lat' dir='ltr'><strong>ea:</strong></span> 
     </span>
    </p>
   </div>
   <div class='ocr_carea' id='block_1_106' title="bbox 1798 4479 3464 4564">
    <p class='ocr_par' dir='ltr' id='par_1_106' title="bbox 1798 4479 3464 4564">
     <span class='ocr_line' id='line_1_108' title="bbox 1798 4479 3464 4564; baseline -0.007 -23"><span class='ocrx_word' id='word_1_746' title='bbox 1798 4503 1851 4564; x_wconf 70' lang='grc' dir='ltr'>ι)</span> <span class='ocrx_word' id='word_1_747' title='bbox 1877 4503 2020 4541; x_wconf 87' lang='lat' dir='ltr'><strong>more</strong></span> <span class='ocrx_word' id='word_1_748' title='bbox 2043 4502 2256 4554; x_wconf 89' lang='lat' dir='ltr'><strong>regnum</strong></span> <span class='ocrx_word' id='word_1_749' title='bbox 2290 4482 2624 4537; x_wconf 81' lang='lat' dir='ltr'><strong>Francorum</strong></span> <span class='ocrx_word' id='word_1_750' title='bbox 2655 4482 2702 4535; x_wconf 88' lang='lat' dir='ltr'><strong>vi</strong></span> <span class='ocrx_word' id='word_1_751' title='bbox 2741 4492 2789 4533; x_wconf 89' lang='lat' dir='ltr'><strong>et</strong></span> <span class='ocrx_word' id='word_1_752' title='bbox 2824 4481 2986 4533; x_wconf 89' lang='lat' dir='ltr'><strong>armis</strong></span> <span class='ocrx_word' id='word_1_753' title='bbox 3010 4479 3282 4533; x_wconf 88' lang='lat' dir='ltr'><strong>subactum</strong></span> <span class='ocrx_word' id='word_1_754' title='bbox 3311 4495 3464 4531; x_wconf 82' lang='lat' dir='ltr'><strong>occu-</strong></span> 
     </span>
    </p>
   </div>
   <div class='ocr_carea' id='block_1_107' title="bbox 1874 4567 3464 4646">
    <p class='ocr_par' dir='ltr' id='par_1_107' title="bbox 1874 4567 3464 4646">
     <span class='ocr_line' id='line_1_109' title="bbox 1874 4567 3464 4646; baseline -0.008 -17"><span class='ocrx_word' id='word_1_755' title='bbox 1874 4584 2003 4646; x_wconf 85' lang='lat' dir='ltr'><strong>pant</strong></span> <span class='ocrx_word' id='word_1_756' title='bbox 2029 4590 2092 4629; x_wconf 89' lang='lat' dir='ltr'><strong>ac</strong></span> <span class='ocrx_word' id='word_1_757' title='bbox 2108 4574 2388 4642; x_wconf 90' lang='lat' dir='ltr'><strong>diripiunt,</strong></span> <span class='ocrx_word' id='word_1_758' title='bbox 2406 4572 2633 4627; x_wconf 87' lang='lat' dir='ltr'><strong>Galliam</strong></span> <span class='ocrx_word' id='word_1_759' title='bbox 2657 4569 2917 4638; x_wconf 88' lang='lat' dir='ltr'><strong>sanguine</strong></span> <span class='ocrx_word' id='word_1_760' title='bbox 2943 4567 3225 4631; x_wconf 88' lang='lat' dir='ltr'><strong>inundant,</strong></span> <span class='ocrx_word' id='word_1_761' title='bbox 3251 4576 3464 4621; x_wconf 88' lang='lat' dir='ltr'><strong>sancto-</strong></span> 
     </span>
    </p>
   </div>
   <div class='ocr_carea' id='block_1_108' title="bbox 1877 4655 3463 4732">
    <p class='ocr_par' dir='ltr' id='par_1_108' title="bbox 1877 4655 3463 4732">
     <span class='ocr_line' id='line_1_110' title="bbox 1877 4655 3463 4732; baseline -0.005 -16"><span class='ocrx_word' id='word_1_762' title='bbox 1877 4680 1995 4717; x_wconf 90' lang='lat' dir='ltr'><strong>rum</strong></span> <span class='ocrx_word' id='word_1_763' title='bbox 2030 4663 2287 4732; x_wconf 86' lang='lat' dir='ltr'><strong>reliquias</strong></span> <span class='ocrx_word' id='word_1_764' title='bbox 2315 4661 2649 4731; x_wconf 84' lang='lat' dir='ltr'><strong>dispergunt,</strong></span> <span class='ocrx_word' id='word_1_765' title='bbox 2675 4673 2875 4727; x_wconf 88' lang='lat' dir='ltr'><strong>easque</strong></span> <span class='ocrx_word' id='word_1_766' title='bbox 2908 4657 3099 4712; x_wconf 89' lang='lat' dir='ltr'><strong>avibus</strong></span> <span class='ocrx_word' id='word_1_767' title='bbox 3140 4673 3204 4709; x_wconf 91' lang='lat' dir='ltr'><strong>ac</strong></span> <span class='ocrx_word' id='word_1_768' title='bbox 3230 4655 3463 4708; x_wconf 86' lang='lat' dir='ltr'><strong>leonibus</strong></span> 
     </span>
    </p>
   </div>
   <div class='ocr_carea' id='block_1_109' title="bbox 1875 4743 3460 4821">
    <p class='ocr_par' dir='ltr' id='par_1_109' title="bbox 1875 4743 3460 4821">
     <span class='ocr_line' id='line_1_111' title="bbox 1875 4743 3460 4821; baseline -0.008 -13"><span class='ocrx_word' id='word_1_769' title='bbox 1875 4752 1942 4821; x_wconf 87' lang='lat' dir='ltr'><strong>(si</strong></span> <span class='ocrx_word' id='word_1_770' title='bbox 1967 4752 2058 4821; x_wconf 89' lang='lat' dir='ltr'><strong>qui</strong></span> <span class='ocrx_word' id='word_1_771' title='bbox 2090 4760 2199 4805; x_wconf 90' lang='lat' dir='ltr'><strong>tum</strong></span> <span class='ocrx_word' id='word_1_772' title='bbox 2236 4759 2414 4804; x_wconf 86' lang='lat' dir='ltr'><strong>tamen</strong></span> <span class='ocrx_word' id='word_1_773' title='bbox 2448 4749 2501 4802; x_wconf 93' lang='lat' dir='ltr'><strong>in</strong></span> <span class='ocrx_word' id='word_1_774' title='bbox 2532 4747 2703 4802; x_wconf 85' lang='lat' dir='ltr'><strong>Gallia</strong></span> <span class='ocrx_word' id='word_1_775' title='bbox 2745 4746 2928 4801; x_wconf 88' lang='lat' dir='ltr'><strong>leones</strong></span> <span class='ocrx_word' id='word_1_776' title='bbox 2967 4743 3142 4814; x_wconf 90' lang='lat' dir='ltr'><strong>erant)</strong></span> <span class='ocrx_word' id='word_1_777' title='bbox 3167 4751 3460 4812; x_wconf 81' lang='lat' dir='ltr'><strong>exponunt,</strong></span> 
     </span>
    </p>
   </div>
   <div class='ocr_carea' id='block_1_110' title="bbox 1874 4832 3463 4912">
    <p class='ocr_par' dir='ltr' id='par_1_110' title="bbox 1874 4832 3463 4912">
     <span class='ocr_line' id='line_1_112' title="bbox 1874 4832 3463 4912; baseline -0.008 -15"><span class='ocrx_word' id='word_1_778' title='bbox 1874 4843 2245 4912; x_wconf 86' lang='lat' dir='ltr'><strong>episcopatum</strong></span> <span class='ocrx_word' id='word_1_779' title='bbox 2273 4842 2326 4894; x_wconf 88' lang='lat' dir='ltr'><strong>in</strong></span> <span class='ocrx_word' id='word_1_780' title='bbox 2350 4839 2532 4910; x_wconf 88' lang='lat' dir='ltr'><strong>primis</strong></span> <span class='ocrx_word' id='word_1_781' title='bbox 2554 4837 2872 4891; x_wconf 87' lang='lat' dir='ltr'><strong>Turonicum</strong></span> <span class='ocrx_word' id='word_1_782' title='bbox 2905 4843 3141 4889; x_wconf 85' lang='lat' dir='ltr'><strong>vastant.</strong></span> <span class='ocrx_word' id='word_1_783' title='bbox 3178 4833 3293 4899; x_wconf 86' lang='lat' dir='ltr'><strong>Qua</strong></span> <span class='ocrx_word' id='word_1_784' title='bbox 3323 4832 3463 4886; x_wconf 85' lang='lat' dir='ltr'><strong>beati</strong></span> 
     </span>
    </p>
   </div>
   <div class='ocr_carea' id='block_1_111' title="bbox 1882 4920 3467 5000">
    <p class='ocr_par' dir='ltr' id='par_1_111' title="bbox 1882 4920 3467 5000">
     <span class='ocr_line' id='line_1_113' title="bbox 1882 4920 3467 5000; baseline -0.008 -12"><span class='ocrx_word' id='word_1_785' title='bbox 1882 4932 2097 4988; x_wconf 79' lang='lat' dir='ltr'><strong>Martini</strong></span> <span class='ocrx_word' id='word_1_786' title='bbox 2131 4943 2184 4987; x_wconf 89' lang='lat' dir='ltr'><strong>et</strong></span> <span class='ocrx_word' id='word_1_787' title='bbox 2218 4940 2307 4986; x_wconf 90' lang='lat' dir='ltr'><strong>tua</strong></span> <span class='ocrx_word' id='word_1_788' title='bbox 2345 4944 2558 5000; x_wconf 86' lang='lat' dir='ltr'><strong>quoque</strong></span> <span class='ocrx_word' id='word_1_789' title='bbox 2588 4920 2919 4997; x_wconf 82' lang='lat' dir='ltr'><strong>suorumque</strong></span> <span class='ocrx_word' id='word_1_790' title='bbox 2944 4925 3101 4981; x_wconf 88' lang='lat' dir='ltr'><strong>0dilo</strong></span> <span class='ocrx_word' id='word_1_791' title='bbox 3124 4934 3300 4980; x_wconf 88' lang='lat' dir='ltr'><strong>motus</strong></span> <span class='ocrx_word' id='word_1_792' title='bbox 3329 4925 3467 4993; x_wconf 84' lang='lat' dir='ltr'><strong>inju-</strong></span> 
     </span>
    </p>
   </div>
   <div class='ocr_carea' id='block_1_112' title="bbox 1872 5016 3463 5095">
    <p class='ocr_par' dir='ltr' id='par_1_112' title="bbox 1872 5016 3463 5095">
     <span class='ocr_line' id='line_1_114' title="bbox 1872 5016 3463 5095; baseline -0.005 -15"><span class='ocrx_word' id='word_1_793' title='bbox 1872 5027 1961 5081; x_wconf 83' lang='lat' dir='ltr'><strong>ria</strong></span> <span class='ocrx_word' id='word_1_794' title='bbox 1995 5026 2215 5079; x_wconf 81' lang='lat' dir='ltr'><strong>Romam</strong></span> <span class='ocrx_word' id='word_1_795' title='bbox 2241 5026 2404 5095; x_wconf 87' lang='lat' dir='ltr'><strong>petiit,</strong></span> <span class='ocrx_word' id='word_1_796' title='bbox 2436 5016 2530 5094; x_wconf 82' lang='lat' dir='ltr'><strong>pro</strong></span> <span class='ocrx_word' id='word_1_797' title='bbox 2556 5022 2724 5077; x_wconf 85' lang='lat' dir='ltr'><strong>salute</strong></span> <span class='ocrx_word' id='word_1_798' title='bbox 2739 5020 3113 5075; x_wconf 85' lang='lat' dir='ltr'><strong>monachorum</strong></span> <span class='ocrx_word' id='word_1_799' title='bbox 3137 5028 3463 5088; x_wconf 87' lang='lat' dir='ltr'><strong>precaturus.</strong></span> 
     </span>
    </p>
   </div>
   <div class='ocr_carea' id='block_1_113' title="bbox 1883 5115 3464 5187">
    <p class='ocr_par' dir='ltr' id='par_1_113' title="bbox 1883 5115 3464 5187">
     <span class='ocr_line' id='line_1_115' title="bbox 1883 5115 3464 5187; baseline -0.005 -11"><span class='ocrx_word' id='word_1_800' title='bbox 1883 5121 2007 5176; x_wconf 77' lang='lat' dir='ltr'><strong>llaec</strong></span> <span class='ocrx_word' id='word_1_801' title='bbox 2037 5121 2305 5176; x_wconf 86' lang='lat' dir='ltr'><strong>Adalhero</strong></span> <span class='ocrx_word' id='word_1_802' title='bbox 2332 5120 2521 5175; x_wconf 87' lang='lat' dir='ltr'><strong>scribit</strong></span> <span class='ocrx_word' id='word_1_803' title='bbox 2550 5134 2696 5174; x_wconf 88' lang='lat' dir='ltr'><strong>mera</strong></span> <span class='ocrx_word' id='word_1_804' title='bbox 2724 5117 3035 5187; x_wconf 66' lang='lat' dir='ltr'><strong>aanigmata.</strong></span> <span class='ocrx_word' id='word_1_805' title='bbox 3060 5115 3300 5182; x_wconf 82' lang='lat' dir='ltr'><strong>Quisunt</strong></span> <span class='ocrx_word' id='word_1_806' title='bbox 3320 5116 3464 5169; x_wconf 89' lang='lat' dir='ltr'><strong>enim</strong></span> 
     </span>
    </p>
   </div>
   <div class='ocr_carea' id='block_1_114' title="bbox 1881 5206 3467 5282">
    <p class='ocr_par' dir='ltr' id='par_1_114' title="bbox 1881 5206 3467 5282">
     <span class='ocr_line' id='line_1_116' title="bbox 1881 5206 3467 5282; baseline -0.006 -13"><span class='ocrx_word' id='word_1_807' title='bbox 1881 5212 2161 5269; x_wconf 84' lang='lat' dir='ltr'><strong>Sarraceni</strong></span> <span class='ocrx_word' id='word_1_808' title='bbox 2189 5213 2260 5267; x_wconf 93' lang='lat' dir='ltr'><strong>illi</strong></span> <span class='ocrx_word' id='word_1_809' title='bbox 2291 5213 2379 5282; x_wconf 86' lang='lat' dir='ltr'><strong>qui</strong></span> <span class='ocrx_word' id='word_1_810' title='bbox 2406 5223 2517 5265; x_wconf 87' lang='lat' dir='ltr'><strong>tum</strong></span> <span class='ocrx_word' id='word_1_811' title='bbox 2550 5224 2773 5279; x_wconf 84' lang='lat' dir='ltr'><strong>regnum</strong></span> <span class='ocrx_word' id='word_1_812' title='bbox 2810 5208 3162 5269; x_wconf 71' lang='lat' dir='ltr'><strong>Francorum,</strong></span> <span class='ocrx_word' id='word_1_813' title='bbox 3191 5214 3244 5260; x_wconf 89' lang='lat' dir='ltr'><strong>et</strong></span> <span class='ocrx_word' id='word_1_814' title='bbox 3274 5206 3467 5276; x_wconf 64' lang='lat' dir='ltr'><strong>praeci-</strong></span> 
     </span>
    </p>
   </div>
   <div class='ocr_carea' id='block_1_115' title="bbox 1880 5296 3470 5376">
    <p class='ocr_par' dir='ltr' id='par_1_115' title="bbox 1880 5296 3470 5376">
     <span class='ocr_line' id='line_1_117' title="bbox 1880 5296 3470 5376; baseline -0.006 -15"><span class='ocrx_word' id='word_1_815' title='bbox 1880 5321 1983 5376; x_wconf 85' lang='lat' dir='ltr'><strong>pue</strong></span> <span class='ocrx_word' id='word_1_816' title='bbox 2011 5307 2377 5376; x_wconf 84' lang='lat' dir='ltr'><strong>episcopatum</strong></span> <span class='ocrx_word' id='word_1_817' title='bbox 2418 5303 2749 5358; x_wconf 88' lang='lat' dir='ltr'><strong>Turonicum</strong></span> <span class='ocrx_word' id='word_1_818' title='bbox 2798 5299 2871 5353; x_wconf 88' lang='lat' dir='ltr'><strong>ita</strong></span> <span class='ocrx_word' id='word_1_819' title='bbox 2925 5299 3242 5353; x_wconf 80' lang='lat' dir='ltr'><strong>vastavere?</strong></span> <span class='ocrx_word' id='word_1_820' title='bbox 3274 5296 3470 5352; x_wconf 88' lang='lat' dir='ltr'><strong>Sarra-</strong></span> 
     </span>
    </p>
   </div>
   <div class='ocr_carea' id='block_1_116' title="bbox 1882 5388 3466 5466">
    <p class='ocr_par' dir='ltr' id='par_1_116' title="bbox 1882 5388 3466 5466">
     <span class='ocr_line' id='line_1_118' title="bbox 1882 5388 3466 5466; baseline -0.007 -13"><span class='ocrx_word' id='word_1_821' title='bbox 1882 5399 1998 5453; x_wconf 85' lang='lat' dir='ltr'><strong>ceui</strong></span> <span class='ocrx_word' id='word_1_822' title='bbox 2017 5398 2230 5466; x_wconf 83' lang='lat' dir='ltr'><strong>quidem</strong></span> <span class='ocrx_word' id='word_1_823' title='bbox 2262 5396 2700 5456; x_wconf 75' lang='lat' dir='ltr'><strong>Fraxiuetenscs,</strong></span> <span class='ocrx_word' id='word_1_824' title='bbox 2726 5400 2881 5444; x_wconf 74' lang='lat' dir='ltr'><strong>antra</strong></span> <span class='ocrx_word' id='word_1_825' title='bbox 2903 5389 3227 5444; x_wconf 90' lang='lat' dir='ltr'><strong>culminibus</strong></span> <span class='ocrx_word' id='word_1_826' title='bbox 3253 5388 3466 5458; x_wconf 84' lang='lat' dir='ltr'><strong>Alpium</strong></span> 
     </span>
    </p>
   </div>
   <div class='ocr_carea' id='block_1_117' title="bbox 1879 5477 3479 5554">
    <p class='ocr_par' dir='ltr' id='par_1_117' title="bbox 1879 5477 3479 5554">
     <span class='ocr_line' id='line_1_119' title="bbox 1879 5477 3479 5554; baseline -0.006 -14"><span class='ocrx_word' id='word_1_827' title='bbox 1879 5487 2174 5554; x_wconf 83' lang='lat' dir='ltr'><strong>occupatis.</strong></span> <span class='ocrx_word' id='word_1_828' title='bbox 2229 5484 2479 5537; x_wconf 57' lang='lat' dir='ltr'><strong>llaiolum</strong></span> <span class='ocrx_word' id='word_1_829' title='bbox 2520 5480 2896 5537; x_wconf 88' lang='lat' dir='ltr'><strong>Cluniacensis</strong></span> <span class='ocrx_word' id='word_1_830' title='bbox 2941 5479 3253 5533; x_wconf 84' lang='lat' dir='ltr'><strong>monasterii</strong></span> <span class='ocrx_word' id='word_1_831' title='bbox 3304 5477 3479 5532; x_wconf 53' lang='lat' dir='ltr'><strong>abbaa</strong></span> 
     </span>
    </p>
   </div>
   <div class='ocr_carea' id='block_1_118' title="bbox 1878 5570 3469 5638">
    <p class='ocr_par' dir='ltr' id='par_1_118' title="bbox 1878 5570 3469 5638">
     <span class='ocr_line' id='line_1_120' title="bbox 1878 5570 3469 5638; baseline -0.006 -8"><span class='ocrx_word' id='word_1_832' title='bbox 1878 5586 2010 5638; x_wconf 84' lang='lat' dir='ltr'><strong>tem,</strong></span> <span class='ocrx_word' id='word_1_833' title='bbox 2042 5578 2127 5629; x_wconf 80' lang='lat' dir='ltr'><strong>cui</strong></span> <span class='ocrx_word' id='word_1_834' title='bbox 2155 5574 2307 5630; x_wconf 63' lang='lat' dir='ltr'><strong>Odilo</strong></span> <span class='ocrx_word' id='word_1_835' title='bbox 2338 5572 2623 5638; x_wconf 79' lang='lat' dir='ltr'><strong>Successit,</strong></span> <span class='ocrx_word' id='word_1_836' title='bbox 2644 5587 2764 5626; x_wconf 87' lang='lat' dir='ltr'><strong>eum</strong></span> <span class='ocrx_word' id='word_1_837' title='bbox 2799 5570 2912 5624; x_wconf 89' lang='lat' dir='ltr'><strong>suis</strong></span> <span class='ocrx_word' id='word_1_838' title='bbox 2940 5570 3189 5624; x_wconf 88' lang='lat' dir='ltr'><strong>omnibus</strong></span> <span class='ocrx_word' id='word_1_839' title='bbox 3213 5575 3469 5638; x_wconf 86' lang='lat' dir='ltr'><strong>ceperant</strong></span> 
     </span>
    </p>
   </div>
   <div class='ocr_carea' id='block_1_119' title="bbox 1874 5657 3466 5724">
    <p class='ocr_par' dir='ltr' id='par_1_119' title="bbox 1874 5657 3466 5724">
     <span class='ocr_line' id='line_1_121' title="bbox 1874 5657 3466 5724; baseline -0.006 -3"><span class='ocrx_word' id='word_1_840' title='bbox 1874 5682 1940 5721; x_wconf 69' lang='lat' dir='ltr'><strong>ev</strong></span> <span class='ocrx_word' id='word_1_841' title='bbox 1966 5661 2197 5723; x_wconf 25' lang='lat' dir='ltr'><strong>Italia‘et</strong></span> <span class='ocrx_word' id='word_1_842' title='bbox 2228 5665 2359 5719; x_wconf 87' lang='lat' dir='ltr'><strong>urbe</strong></span> <span class='ocrx_word' id='word_1_843' title='bbox 2391 5664 2559 5718; x_wconf 80' lang='lat' dir='ltr'><strong>Roma</strong></span> <span class='ocrx_word' id='word_1_844' title='bbox 2595 5669 2979 5724; x_wconf 84' lang='lat' dir='ltr'><strong>revertentem,</strong></span> <span class='ocrx_word' id='word_1_845' title='bbox 3015 5659 3101 5713; x_wconf 78' lang='lat' dir='ltr'><strong>vix</strong></span> <span class='ocrx_word' id='word_1_846' title='bbox 3132 5658 3277 5714; x_wconf 91' lang='lat' dir='ltr'><strong>mille</strong></span> <span class='ocrx_word' id='word_1_847' title='bbox 3312 5657 3466 5711; x_wconf 87' lang='lat' dir='ltr'><strong>libris</strong></span> 
     </span>
    </p>
   </div>
   <div class='ocr_carea' id='block_1_120' title="bbox 1873 5750 3469 5826">
    <p class='ocr_par' dir='ltr' id='par_1_120' title="bbox 1873 5750 3469 5826">
     <span class='ocr_line' id='line_1_122' title="bbox 1873 5750 3469 5826; baseline -0.004 -15"><span class='ocrx_word' id='word_1_848' title='bbox 1873 5758 2079 5824; x_wconf 83' lang='lat' dir='ltr'><strong>argenti</strong></span> <span class='ocrx_word' id='word_1_849' title='bbox 2117 5757 2518 5822; x_wconf 81' lang='lat' dir='ltr'><strong>redimendum;</strong></span> <span class='ocrx_word' id='word_1_850' title='bbox 2544 5756 2635 5810; x_wconf 85' lang='lat' dir='ltr'><strong>sed</strong></span> <span class='ocrx_word' id='word_1_851' title='bbox 2674 5753 2829 5823; x_wconf 87' lang='lat' dir='ltr'><strong>paulo</strong></span> <span class='ocrx_word' id='word_1_852' title='bbox 2861 5761 2985 5826; x_wconf 90' lang='lat' dir='ltr'><strong>post</strong></span> <span class='ocrx_word' id='word_1_853' title='bbox 3015 5768 3044 5806; x_wconf 92' lang='lat' dir='ltr'><strong>a</strong></span> <span class='ocrx_word' id='word_1_854' title='bbox 3075 5750 3343 5806; x_wconf 75' lang='lat' dir='ltr'><strong>Willelnzo</strong></span> <span class='ocrx_word' id='word_1_855' title='bbox 3376 5765 3469 5805; x_wconf 83' lang='lat' dir='ltr'><strong>co-</strong></span> 
     </span>
    </p>
   </div>
  </div>
