4058 5406
532 276 638 334 799

1362 281 1431 337 IN
1468 281 1953 341 A’DALBERONIS
1989 278 2295 338 EPISCOPI
2328 275 2810 337 LAUDUNENSIS

3689 273 3812 335 ωο

536 393 671 448 mite
714 391 1015 450 Arelatensi
1046 394 1113 451 ad
1133 392 1320 452 'unum
1368 412 1560 456 omnes
1584 398 1713 465 clusi
1761 398 1979 456 fuerant
2029 397 2118 454 isti
2147 401 2195 461 Α
2223 411 2419 467 pauca;
2459 395 2748 452 Fulbertus
2776 405 2990 465 quoque
3010 390 3065 448 in
3092 391 3318 461 eplstola
3341 390 3412 448 99
3443 348 3633 449 scribit
3668 392 3814 449 Ful-

536 483 831 552 provincite
853 493 907 539 et
932 483 1094 540 Italia:
1131 500 1165 555 p
1202 486 1497 555 pulatores,
1525 489 1601 544 uti
1630 488 1832 545 Glaber
1860 488 2124 545 Rodullus

537 587 594 630 et
626 574 783 631 Odilo
813 576 1044 646 ipsemet
1085 578 1138 632 in
1174 578 1381 635 Libello
1430 580 1499 636 de
1530 581 1642 637 vita
1685 582 1863 638 Maioli
1914 582 2125 638 abbatis

542 668 785 722 tradunt.
814 667 972 724 Anno
993 667 1097 724 994
1120 669 1201 726 vel
1229 670 1333 726 997
1356 671 1622 726 incensum
1645 683 1719 727 est
1742 681 1973 727 castrum
1990 671 2125 727 beati

542 755 767 811 Martini
795 766 845 812 et
868 757 1033 828 ipsius
1054 759 1268 814 basilica
1292 776 1409 815 cum
1439 761 1621 831 uiginti
1648 762 1852 816 duobus
1874 761 2122 824 ecclesiis,

540 854 639 900 vt‘u
663 844 932 917 Kalendas
960 846 1125 917 Aug.,
1148 857 1207 902 ut
1228 847 1533 905 Chronicon
1558 850 1895 915 Thuaneum,
1913 851 1967 905 in
1987 867 2130 906 anno

542 916 984 1004 i137'desinens,
1012 916 1068 995 et
1096 940 1315 1011 Majoris
1344 940 1661 998 Monasterii
1708 943 2009 1003 monachus
2036 944 2132 997 do-

543 1036 688 1084 cent.
727 1027 832 1083 Sed
878 1028 1161 1084 fortuitum
1213 1030 1341 1086 illud
1378 1033 1687 1087 incendium
1737 1032 1841 1087 fuit
1886 1031 2130 1096 omnino,

545 1132 671 1172 cum
708 1116 828 1186 ejus
874 1128 1065 1174 auctor
1093 1134 1251 1175 nemo
1298 1108 1639 1188 nominetur;
1695 1139 1793 1179 nec
1845 1123 1938 1178 ulli
1984 1122 2134 1193 genti

545 1207 873 1263 Christianae
936 1210 1180 1280 religioni
1237 1211 1447 1267 infestat
1507 1215 1882 1277 tribuendum,
1938 1216 2134 1270 nedum

548 1295 864 1354 Sarracenis
884 1301 975 1370 qui
1003 1310 1114 1355 tum
1141 1317 1295 1358 oram
1317 1303 1502 1360 Galllte
1527 1305 1891 1361 Narbonensis
1913 1306 2164 1361 latrociw

548 1392 656 1448 niis
702 1410 766 1450 ac
797 1394 1010 1449 furtivis
1061 1397 1485 1467 prazdationihus
1529 1399 1784 1454 infestare
1818 1408 2134 1471 potuerunt;

549 1482 807 1555 interiora
844 1487 1080 1556 regionis
1120 1487 1337 1543 Celtica:
1374 1489 1519 1544 circa
1563 1489 1812 1546 Turones
1856 1501 2143 1560 penetrare

549 1573 776 1630 minime
803 1586 1117 1644 potuerunt.
1145 1577 1299 1634 Circa
1320 1593 1524 1634 annum
1555 1579 1710 1644 1000,
1729 1580 2031 1651 Nordwegi,
2058 1579 2143 1636 vel

548 1665 804 1739 Norvagi,
828 1679 884 1725 et
905 1668 1123 1733 Suedia,
1157 1669 1236 1743 [ς]
1271 1670 1543 1728 Richardo
1563 1672 1785 1727 Juniore
1815 1673 1953 1728 duce
1982 1671 2141 1726 Nort—

2224 507 2414 547 conem
2438 494 2691 547 comitem
2720 505 2805 546 res
2829 488 3073 544 ecclesiae
3097 487 3359 543 invasisse
3394 497 3452 544 et
3489 487 3821 551 abstulisse.

2224 592 2280 635 et
2305 580 2765 650 archiepiscopum
2795 576 3123 633 Turonicum
3171 576 3521 646 coepiscopos
3567 574 3637 629 ad
3678 591 3822 630 eum

2226 669 2804 726 excommunicandum
2842 668 3116 723 hortatum
3142 680 3285 721 esse.
3318 664 3387 720 Et
3421 665 3548 721 alibi
3578 664 3826 735 legimus

2192 805 2198 809 .
2228 780 2482 837 proceres
2509 763 2750 834 aliquos,
2783 767 3044 831 regnante
3088 759 3372 825 Rotberto,
3409 758 3567 814 bonis
3596 772 3830 827 posses-

2229 856 2576 924 sionibusque
2603 853 2845 909 Cluniaci
2875 867 3067 907 manus
3091 850 3363 922 iniecisse,
3389 849 3535 904 etde
3553 848 3642 902 bis
3674 846 3833 916 apud

2230 947 2578 1003 Benedictum
2608 960 2800 1015 papam
2830 943 2936 999 Vlll
2966 959 3062 1012 per
3095 957 3223 998 suos
3249 950 3498 1012 questum
3543 954 3668 996 esse
3691 939 3835 996 Odi-

2233 1038 2410 1093 lonem
2445 1051 2630 1092 coram
2668 1035 2927 1089 Rotbcrto
2961 1046 3085 1102 rege
3132 1031 3462 1086 Francorum
3514 1039 3569 1084 et
3617 1029 3839 1098 princi-

2234 1130 2335 1185 bus
2354 1127 2809 1198 Optimatibusque
2837 1121 2972 1192 ejus,
2998 1122 3088 1191 qui
3116 1121 3182 1178 ad
3224 1121 3407 1175 limina
3450 1120 3841 1189 apostolorum

2235 1227 2521 1285 venerant,
2561 1219 2630 1272 ita
2663 1228 2719 1271 ut
2776 1215 2932 1271 facile
2985 1213 3140 1268 Odilo
3184 1213 3412 1281 compari
3454 1210 3694 1266 Martino
3731 1224 3837 1279 po-

2239 1312 2425 1377 tuerit,
2455 1326 2571 1364 cum
2607 1302 2783 1363 simili
2797 1306 2910 1375 ipse
2945 1305 3070 1377 jure
3098 1313 3381 1367 teneretur,
3416 1303 3517 1357 hoc
3569 1308 3655 1356 est
3706 1315 3847 1355 cum

2240 1402 2483 1456 eamdem
2512 1399 2625 1470 ipse
2647 1400 2712 1453 ab
2736 1397 2856 1452 aliis
2878 1395 3174 1465 accepisset
3196 1391 3469 1461 iniuriam.

2242 1492 2356 1563 (41)
2397 1490 2499 1544 llic
2533 1490 2750 1543 Romam
2782 1488 2927 1558 petiit
2956 1485 3225 1540 monachis
3255 1500 3409 1537 orare
3434 1481 3691 1536 salutem.

2315 1582 2424 1638 Nec
2450 1580 2743 1644 .lotsaldus,
2790 1594 2891 1635 nec
2919 1576 3114 1633 Petrus
3153 1576 3448 1631 Damianus
3475 1573 3570 1644 qui
3608 1587 3683 1628 ex
3729 1570 3851 1626 Jol-

2246 1676 2397 1732 saldo
2419 1674 2688 1744 epitomen
2717 1669 2867 1735 fecit,
2892 1683 2991 1724 nos
3015 1669 3103 1723 hic
3131 1665 3424 1738 quidquam
3456 1662 3682 1733 juvant.
3717 1660 3855 1717 Haec

550 1771 898 1823 ¹¹¹³ηηοτυηιν
933 1760 1192 1825 adVersus
1238 1761 1504 1829 Odonem,
1557 1764 1810 1821 comitem
1841 1761 2142 1820 Carnutcn-
2173 1750 2220 1811 Β
2248 1776 2374 1823 sunt
2403 1764 2472 1818 de
2506 1760 2734 1818 Odilone
2759 1759 2924 1813 verba
2969 1755 3237 1825 lotsaldi:
3275 1772 3295 1806 ι
3329 1754 3650 1811 Laetabatur
3678 1753 3854 1806 etiam

551 1845 693 1902 sitim
738 1856 792 1902 et
820 1847 1185 1915 Blcscnsium,
1222 1852 1313 1921 qui
1343 1863 1398 1908 et
1434 1854 1622 1909 urbem
1660 1852 1906 1910 Turones
1936 1854 2148 1909 obtine-

550 1939 667 2004 bat,
707 1939 982 2006 accersiti,
1037 1940 1317 1998 Britannis
1363 1944 1596 2015 primum
1647 1944 1831 2014 prtelio
1866 1944 2049 2008 victis,
2097 1948 2154 1999 et

553 2038 737 2083 castro
765 2044 952 2085 eorum
1003 2032 1124 2087 dolo
1154 2042 1459 2104 expugnato
1485 2049 1552 2089 ac
1596 2035 1819 2089 incenso
1852 2035 2153 2102 incolisque

550 2121 828 2193 iugulatis,
867 2124 1225 2196 Rotomagum
1274 2125 1504 2181 navibus
1539 2127 1760 2196 petiere.
1792 2126 1941 2194 Quos
1978 2140 2151 2196 popu-

554 2214 639 2271 los
669 2214 978 2272 idolulatras
1004 2218 1428 2273 Sarracenorum
1460 2218 1680 2273 nomine
1711 2220 1777 2272 ab
1812 2216 2155 2273 Adalberone

557 2305 865 2376 designatos
906 2324 1027 2365 esse
1064 2325 1169 2365 non
1211 2320 1371 2380 puto;
1424 2319 1709 2380 propterea
1749 2312 1918 2379 quod,
1966 2324 2093 2363 mox
2122 2323 2155 2363 a

557 2395 824 2452 llotberto
863 2414 988 2469 rege
1014 2398 1348 2454 Francorum
1378 2400 1518 2454 inter
1550 2398 1882 2453 Richardnm
1917 2406 1972 2453 et
2006 2396 2156 2452 Odo-

559 2502 683 2542 nem
711 2503 843 2558 pace
874 2488 1042 2555 facta,
1073 2490 1302 2544 remissa
1334 2496 1463 2543 sunt
1493 2488 1714 2555 auxilia,
1740 2499 1795 2544 et
1826 2490 1877 2543 in
1907 2487 2157 2557 sequenti

561 2591 706 2633 anno
727 2593 796 2634 ex
819 2578 1179 2635 Nortmannia
1207 2581 1449 2646 domum,
1478 2590 1574 2635 aut
1600 2581 1682 2651 (ut
1716 2579 1838 2635 aliis
1864 2577 2063 2649 placet)
2101 2576 2156 2632 in

561 2667 812 2739 Angliam
860 2670 1089 2726 insulam
1134 2671 1249 2726 sive
1276 2669 1637 2735 Britanniam,
1686 2671 1827 2726 unde
1872 2676 2156 2731 venerant,

564 2768 931 2827 reverterunt,
962 2761 1034 2815 ita
1076 2770 1135 2816 ιιι
1162 2761 1443 2817 vastandze
1481 2761 1669 2817 Gallice
1698 2769 1754 2817 et
1801 2759 2160 2831 depopulandi

566 2851 682 2921 agri
710 2852 963 2907 Turonici
992 2853 1225 2922 spatium
1255 2870 1357 2906 non
1388 2852 1699 2909 habuerint.
1736 2851 1910 2906 Fuere
1940 2861 1996 2907 et
2021 2851 2162 2906 inter

566 2942 810 2999 Odonem
847 2945 992 2999 hunc
1017 2953 1074 2999 et
1100 2944 1416 3007 Fulconem,
1446 2944 1859 3013 Andegavorum
1883 2943 2161 3006 comitem,

572 3035 741 3089 inulta
770 3034 930 3097 bella,
963 3050 1124 3091 causa
1152 3034 1353 3090 excidii
1396 3034 1673 3090 interioris
1707 3033 1896 3089 Galliae
1936 3033 2162 3103 agrique

571 3126 848 3182 'l‘uronici.
882 3126 1046 3182 Fulco
1067 3126 1384 3181 Ambariam
1414 3134 1469 3180 et
1498 3125 1706 3181 Luccas
1735 3125 1790 3180 in
1821 3140 1958 3195 pago
1986 3124 2161 3178 Turo-

574 3218 697 3273 nico
712 3218 957 3284 tenebat;
982 3218 1154 3275 Odoui
1182 3216 1733 3288 parebantTurones;
1752 3217 1837 3270 cui
1853 3215 1972 3270 urbi
1994 3212 2163 3268 Fuleo
2207 3276 2214 3283 _

577 3310 889 3375 inuninens,
919 3310 1153 3365 Montem
1202 3293 1410 3363 Budelli
1460 3307 1741 3364 castellum
1783 3306 1833 3363 ei
1878 3306 2165 3361 adversum

574 3398 843 3468 Opposuit,
881 3407 935 3457 et
980 3412 1123 3452 anno
1173 3396 1306 3452 1016
1354 3396 1492 3467 apud
1527 3395 1887 3451 Pontilevium
1921 3394 2165 3451 Odonem

578 3491 762 3558 praelio
791 3491 1085 3559 superavit.
1114 3487 1220 3544 Sed
1252 3490 1367 3543 haec
1404 3487 1576 3542 multo
1609 3496 1732 3556 post
1761 3486 1992 3542 Carmen
2025 3485 2168 3541 istud

578 3583 645 3637 ab
669 3581 1008 3638 Adalbcrone
1048 3579 1427 3650 compositum,
1457 3587 1513 3634 et
1540 3577 1767 3633 forsitan
1795 3592 2012 3648 quoque
2043 3584 2167 3645 post

580 3674 937 3729 Adalberonis
972 3673 1142 3743 ipsius
1172 3674 1400 3735 obitum,
1449 3671 1816 3743 contigerunt,
1868 3684 1995 3740 rege
2037 3670 2170 3723 Rot-

583 3768 736 3821 herto
759 3782 863 3820 non
891 3750 1003 3837 jam
1031 3765 1162 3820 flore
1186 3765 1491 3837 iuventutis
1522 3764 1874 3833 splendente;
1916 3777 2022 3816 non
2063 3759 2173 3831 jam

583 3855 886 3925 incipientis
908 3856 1166 3927 juventae,
1197 3855 1289 3910 sed
1322 3854 1639 3909 desinentis.

586 3946 698 4015 ('58)
738 3945 872 4000 Sunt
906 3947 1101 4011 avium,
1132 3952 1252 3998 sunt
1263 3943 1380 4013 jam
1405 3942 1667 3996 consortia
1695 3940 1838 4009 facta
1860 3939 2127 4009 luporum.

657 4037 891 4109 Corpora
913 4047 1215 4093 sanctorum
1244 4034 1499 4089 videlicet.
1530 4032 1683 4088 Hunc
1711 4047 1925 4088 versum
1955 4030 2185 4085 mutavit

592 4118 882 4193 Adaihero,
910 4128 1004 4183 sed
1028 4125 1296 4193 infelicius
1328 4141 1342 4178 :

592 4218 836 4273 Concives
864 4218 1037 4271 avium
1057 4216 1174 4285 jam
1195 4222 1315 4268 sunt
1339 4212 1572 4283 sociique
1603 4210 1832 4275 leonum,

596 4310 854 4365 nimirum
883 4310 1078 4371 sancti,
1103 4323 1198 4364 seu
1246 4320 1434 4361 eorum
1471 4304 1683 4359 cineres
1710 4312 1765 4358 et
1793 4300 2056 4371 reliquiae.

598 4403 709 4474 (59)
759 4400 938 4457 Vastat
953 4401 1272 4472 episcopium
1302 4413 1419 4452 cum
1451 4407 1627 4467 strage
1660 4394 2068 4450 Turoniacense.

667 4492 850 4547 Genus
880 4491 1306 4546 Sarracenorum
1331 4486 1560 4542 scilicet.
1736 4552 1739 4557 ι

602 4586 716 4655 (ll)
756 4583 1025 4637 Martinus
1058 4584 1261 4653 plorat,
1292 4588 1515 4647 tutorem
1547 4576 1780 4630 clamitat
1820 4575 1978 4629 idem.

608 4670 810 4744 Uyde'o
838 4666 1176 4742 Eompatitur,
1202 4669 1362 4724 simili
1390 4668 1478 4739 qui
1500 4666 1623 4736 jure
1651 4674 1878 4720 tenetur.

608 4795 616 4802 -
674 4766 866 4820 Annon
919 4765 1094 4835 gentis
1157 4762 1589 4818 Sarracenorum
1640 4756 2004 4830 appellatione
2054 4753 2201 4810 desi-

607 4873 772 4928 gnare
800 4856 968 4912 voluit
993 4855 1262 4911 Adalbero
1302 4853 1577 4924 principes
1619 4850 1886 4913 Francius,
1935 4847 2195 4903 nimirum

610 4951 860 5017 comites,
896 4949 1244 5011 marehiones
1280 4962 1346 5002 ac
1373 4948 1538 5002 duces
1592 4954 1724 4999 tunc
1757 4957 1983 5014 regnum
2032 4939 2201 4994 Frau-

555 5047 559 5052 ’
611 5058 798 5099 eorum
835 5041 1160 5106 lacerantes,
1178 5040 1342 5095 urbes
1363 5048 1418 5094 et
1446 5036 1669 5093 castella
1686 5044 2036 5106 occupantes,
2063 5032 2205 5087 inter

616 5150 677 5189 se
711 5132 879 5188 armis
906 5133 1249 5197 dimicantes,
1275 5120 1433 5186 Sacra
1465 5139 1520 5185 et
1547 5128 1772 5199 profana
1817 5143 1969 5182 more
2013 5124 2206 5180 Sarra-

617 5237 873 5279 cenorum
895 5223 1233 5294 diripientes,
1258 5222 1310 5276 in
1341 5221 1531 5291 primis
1555 5219 1850 5274 Fnleouem
1879 5216 2206 5284 Andegavo-

623 5326 740 5364 rum
763 5310 1040 5375 comitem,
1076 5312 1405 5380 episcopatus
1444 5308 1694 5363 Turonici
1735 5315 1791 5361 et
1832 5319 2015 5366 rerum,
2071 5302 2210 5356 beati

2251 1856 2382 1910 urbs
2411 1852 2605 1911 Roma.
2635 1848 2822 1905 mundi
2867 1846 3107 1910 domina,
3155 1846 3289 1899 tanti
3335 1843 3437 1899 viri
3481 1841 3858 1899 contubernio

2254 1946 2599 2014 frequentata
2642 1939 2855 2009 szepius.
2908 1943 3220 1992 sanctorum
3252 1932 3624 2006 apostolorum
3659 1946 3858 1987 amore

2254 2045 2308 2092 et
2325 2032 2621 2096 desiderio;
2647 2042 2724 2093 et,
2746 2048 2765 2079 ι
2784 2036 2843 2082 ιιι
2863 2027 3005 2081 idem
3028 2026 3126 2091 ait,
3146 2044 3165 2077 ι
3185 2040 3293 2094 quo
3315 2034 3555 2094 tempore
3578 2039 3683 2079 rex
3708 2023 3858 2079 lieno

2253 2127 2401 2183 rieus
2424 2123 2494 2178 ad
2526 2108 2962 2176 arcem'Romani
3002 2116 3214 2186 imperii
3237 2115 3549 2178 festinabat,
3571 2123 3629 2169 ut
3658 2114 3733 2168 ad
3756 2115 3859 2169 im-

2256 2215 2462 2286 perium
2500 2218 2938 2282 promoveretur,
2991 2221 3110 2261 eum
3149 2206 3429 2261 comitatus
3465 2214 3540 2259 est
3589 2203 3780 2259 Odilo.
3833 2221 3853 2255 ι

2257 2304 2355 2359 Rei
2400 2318 2512 2358 suae
2543 2315 2739 2365 causa,
2768 2307 2873 2353 aut
2918 2296 2988 2350 ad
3013 2310 3103 2351 res
3140 2296 3596 2353 monasteriorum
3623 2308 3861 2349 suorum

2255 2395 2719 2462 ecclesiarumque
2765 2387 3107 2460 repetendas,
3142 2387 3425 2443 Odilonem
3475 2385 3716 2440 Romam
3758 2401 3860 2439 uno

2258 2500 2421 2558 quam
2451 2485 2664 2540 venisse
2709 2490 2898 2537 noster
2941 2480 3100 2546 dicit;
3130 2478 3271 2550 quod
3306 2488 3484 2534 tamen
3517 2491 3718 2531 verum
3741 2489 3865 2531 esse

2258 2585 2463 2648 potest.

2262 2693 2375 2763 (42)
2417 2690 2786 2747 Conscenauut
2807 2703 2977 2754 voces,
3002 2687 3270 2757 fremitum
3287 2684 3414 2741 dant
3440 2684 3830 2741 Cluniacenses
3844 2699 3864 2738 :

2263 2784 2508 2838 Clamant
2536 2790 2692 2851 atque
2727 2789 2934 2834 monent
2961 2791 2981 2830 :
3008 2778 3181 2833 subito
3208 2778 3450 2848 dispone,
3482 2776 3765 2847 magister,

2265 2872 2429 2926 Arma
2452 2871 2628 2925 subire
2658 2870 2782 2933 tuis,
2817 2877 2865 2923 et
2892 2884 3011 2939 qua:
3033 2884 3336 2938 praponere
3359 2866 3567 2932 debent,
3606 2875 3722 2921 etc.

2340 2960 2613 3016 Describit
2648 2959 2869 3029 jocosus
2917 2971 3082 3013 senex
3127 2951 3445 3011 comitatum
3475 2954 3736 3011 Odilonis
3765 2956 3869 3009 Rm

2272 3068 2414 3109 mam
2441 3052 2693 3121 petentis,
2738 3062 2900 3118 quem
2930 3049 3022 3103 hic
3048 3046 3432 3103 Cluniacenses
3453 3044 3723 3102 monachi
3753 3061 3868 3098 ma-

2266 3144 2486 3214 gistrum
2513 3139 2809 3211 appellant,
2833 3137 2975 3193 sicut
3007 3151 3170 3207 supra
3197 3153 3211 3189 :

2338 3251 2548 3307 Mittere
2580 3257 2898 3321 praponunt,
2931 3261 3054 3303 mox
3098 3245 3374 3315 explorare
3419 3244 3763 3316 magistrum.

2271 3345 2340 3402 Ut
2364 3353 2491 3399 ante
2513 3343 2568 3398 in
2594 3339 2898 3399 Odiloniani
2921 3353 3114 3393 monac
3140 3337 3303 3392 ltiiter
3324 3336 3593 3403 facientis,
3616 3336 3703 3391 sit:
3732 3351 3870 3391 nunc

2270 3440 2323 3493 in
2348 3438 2638 3492 comitatus
2664 3432 2907 3490 Odilonis
2952 3429 3180 3486 Romam
3232 3429 3637 3501 proﬁciscentis
3669 3428 3870 3484 descri-

2272 3532 2458 3603 ptione
2488 3528 2721 3586 lascivit.
2752 3526 2939 3592 Plane,
2994 3525 3136 3580 sicut
3179 3523 3450 3594 episcopis
3475 3532 3531 3577 et
3584 3522 3869 3577 monachis

2274 3622 2567 3679 convenire
2621 3618 2794 3683 solet,
2840 3625 3065 3687 apparet
3111 3614 3510 3670 Adalberonem
3563 3612 3871 3676 monachis,

2274 3712 2574 3786 praesertim
2616 3709 3061 3766 Cluniacensibus
3089 3715 3204 3761 tum
3251 3704 3490 3761 maxime
3528 3703 3867 3769 ﬂorentibus,

2278 3821 2332 3865 et
2360 3807 2571 3866 Odilnni
2602 3803 2783 3860 abbati
2805 3802 3110 3859 clarissimo
3125 3799 3610 3871 potentissimoque
3635 3798 3870 3852 amicum

2284 3915 2388 3954 non
2420 3897 2608 3951 fuisse.
2640 3893 2851 3949 lnducit
2879 3891 3151 3949 Adalbero
3168 3889 3555 3946 Cluniacenses
3583 3886 3867 3944 Odilonem

2284 3991 2683 4058 interrogantes
2728 3998 2889 4054 quem
2940 3981 3184 4036 habitum
3248 3979 3398 4036 indui
3447 3979 3598 4049 ipsos
3646 3978 3871 4034 Romam

2285 4097 2391 4136 una
2421 4081 2610 4143 ituros,
2641 4091 2747 4147 qua
2778 4075 2984 4130 ratione
3011 4072 3205 4129 instrui
3234 4070 3547 4141 armarique
3568 4069 3725 4132 velit,
3750 4066 3867 4138 quid

2287 4188 2471 4244 supra,
2510 4171 2639 4242 quid
2681 4169 2893 4233 subtus,
2922 4165 3052 4236 quid
3082 4164 3215 4221 foris
3245 4179 3309 4220 ac
3364 4162 3562 4234 palam,
3618 4161 3750 4233 quid
3797 4160 3867 4214 in-

2290 4271 2379 4318 tus
2405 4275 2619 4316 sumere
2646 4266 2898 4329 oporteat
2928 4273 2942 4311 Ξ

2518 4369 2582 4423 Et
2609 4383 2726 4439 qua:
2756 4379 3059 4437 pra’ponere
3089 4364 3298 4429 debent,

2222 4445 2272 4503 ι)
2372 4463 2503 4528 Quae
2540 4460 2643 4515 sint
2679 4457 2929 4523 exterius,
2962 4465 3008 4509 et
3031 4471 3150 4526 qua:
3182 4455 3285 4509 sint
3316 4453 3597 4508 interiora.

2364 4556 2514 4610 Dicet
2536 4551 2732 4622 aliquis
2753 4568 2766 4604 :
2790 4550 2871 4604 An
2888 4564 3036 4603 voces
3056 4556 3110 4602 et
3123 4546 3384 4617 fremitus,
3401 4552 3458 4600 et
3477 4544 3736 4597 clamores
3753 4555 3867 4596 eon-

2299 4647 2525 4703 vcniunt
2550 4642 2831 4699 monachis
2855 4640 3038 4695 abbati
3065 4654 3163 4693 suo
3189 4636 3575 4707 loquentibus?
3605 4633 3722 4691 Non
3747 4647 3865 4688 con-

2300 4737 2523 4793 veniunt
2550 4733 2732 4805 plane,
2756 4729 2858 4785 nisi
2886 4727 3096 4783 abbatis
3117 4728 3201 4781 sui
3222 4723 3480 4796 patientia
3504 4723 3864 4780 abutentibus;

2303 4828 2444 4900 quod
2473 4834 2600 4881 tunc
2627 4823 2821 4878 fecisse
2849 4818 3237 4875 Cluniacenses
3279 4814 3574 4871 monachos
3599 4808 3868 4867 verisimile

2308 4917 2623 4978 estValesio
2665 4913 2757 4985 qui
2794 4927 2901 4967 non
2931 4909 3194 4975 meminit,
3227 4916 3287 4962 ut
3305 4907 3541 4971 videtur,
3569 4912 3765 4974 quanta
3788 4912 3870 4954 eo-

2311 5031 2432 5071 rum
2474 5010 2638 5066 fuerit
2682 5022 2808 5078 erga
2848 5004 3250 5060 sanctissimum
3279 5000 3531 5056 abbatem
3564 4992 3869 5053 reverentia.

2314 5106 2521 5175 Quippe
2549 5098 2704 5155 Udilo
2727 5098 2805 5151 vir
2840 5105 2949 5150 tam
2979 5094 3125 5149 mitis
3151 5101 3288 5157 erat,
3326 5099 3383 5146 et
3409 5104 3516 5144 non
3545 5082 3872 5156 sequentibus

2315 5174 2658 5268 disciplinam
2691 5200 2799 5246 tam
2827 5188 2983 5244 facile
3009 5185 3338 5259 ignoscebat,
3366 5193 3426 5239 ut
3445 5182 3671 5236 nimiam
3692 5177 3801 5247 ejus
3825 5174 3873 5268 in

2318 5260 2693 5359 delia-quentes
2732 5280 3077 5340 clementiam
3104 5294 3114 5308 ο
3143 5292 3209 5334 ac.
3274 5272 3703 5330 misericordiam
3748 5260 3874 5321 haud

2464 5358 2499 5406 Ξῖ
2531 5378 2978 5406 -Λ-ι-Αιιηηιιηιιηηί
3008 5390 3019 5402 ι
3073 5367 3523 5406 .ununmndmnilnln

2322 5383 2476 5406 ..Α-.-2
2531 5378 2978 5406 -Λ-ι-Αιιηηιιηιιηηί
3008 5390 3019 5402 ⁸
