4032 6396
200 338 306 394 80!

1154 330 1438 390 CARMEN
1471 331 1562 385 AD
1597 329 1973 384 ROBERTUM
2013 329 2244 384 REGEM
2288 329 2516 385 NOTAE.

3367 331 3472 384 802

197 449 386 505 efferri
421 455 728 518 potuerunt,
760 444 834 500 ita
871 453 931 500 ut
955 443 1367 511 vociferarentur
1403 452 1457 495 ct
1491 441 1782 495 fremerent
1811 449 1858 504 Α
1885 439 2122 508 subjecta
2147 450 2412 494 memorat
2435 439 2707 497 Jotsaldus
2747 457 2843 511 per
2869 441 3259 513 Burgundiam,
3295 447 3467 518 Aqui-

198 542 402 595 abbate
435 548 723 612 praesente,
755 553 838 604 ac,
864 536 1164 593 monachici
1201 535 1396 589 silentii
1422 535 1785 599 immemores,

196 628 490 682 clamorem
525 628 776 684 tollerent
803 627 966 682 etiam
998 625 1148 678 laicis
1178 625 1510 678 indecorum.

197 719 317 789 (45)
354 717 576 772 Lunaris
602 718 824 787 pendere
843 718 992 786 prius
1019 715 1164 769 debet
1191 724 1282 768 tua
1307 714 1466 784 pelta.

194 810 434 880 Insuper
457 827 690 880 apponas
719 809 813 862 tibi
841 808 1159 877 loricamque
1187 807 1428 860 trilicem.
1451 863 1457 883 ἶ

271 902 586 958 Praescribit
608 901 892 957 monachis
913 902 1045 966 suis,
1061 899 1508 972 peregrinationis
1529 899 1788 956 Romana:

191 996 494 1051 comitibus
538 994 753 1062 futuris,
778 994 933 1050 0dilo
966 994 1171 1050 cultum
1214 1002 1270 1048 et
1299 994 1543 1048 habitum
1593 997 1789 1066 cuique

191 1100 382 1146 suum,
409 1085 636 1140 ridicula
677 1086 859 1140 omnia
888 1094 942 1139 et
965 1100 1083 1155 quae
1126 1085 1240 1140 ﬁeri
1277 1100 1379 1140 nec
1420 1086 1651 1141 debeant
1688 1105 1788 1144 nec

188 1175 411 1244 possint
445 1175 779 1244 praecipiens.
811 1175 866 1230 In
890 1175 1079 1244 primis
1104 1191 1266 1244 super
1293 1175 1538 1246 clypeum
1569 1189 1786 1233 amento

187 1267 342 1320 collo
366 1265 564 1334 injecto
588 1267 996 1336 dependentem,
1036 1267 1261 1323 loricam
1298 1267 1521 1324 induere
1549 1270 1786 1340 singulos

183 1356 376 1425 jubet.
411 1355 674 1409 Lunarem
704 1354 899 1425 peltam
949 1372 1049 1426 pro
1090 1356 1272 1409 lunata
1318 1367 1474 1412 vocat
1514 1359 1785 1415 Adalhero

185 1459 448 1513 parmam
500 1443 924 1508 Amazonicam,
967 1461 1061 1502 seu
1114 1455 1330 1502 scutum
1378 1449 1783 1519 brevissimum,

185 1535 438 1590 dimidiae
461 1535 633 1604 ﬁgura
665 1535 805 1590 lunae
832 1537 936 1592 duo
959 1552 1162 1593 cornua
1197 1539 1470 1594 emittens.

184 1628 314 1698 (44)
354 1626 581 1681 Lubrica
609 1628 904 1682 sustineant
931 1628 1136 1698 galeam
1159 1629 1408 1683 cinctoria
1432 1630 1593 1684 lumbi
1616 1647 1636 1686 :

183 1718 453 1788 Corrigiis
477 1727 634 1787 caput
661 1718 938 1771 astrictum
961 1735 1206 1772 mucrone
1235 1735 1470 1774 corones.

1896 531 2120 596 taniam,
2155 539 2210 585 et
2244 529 2609 599 Provinciam,
2651 549 2716 588 ac
2762 532 3142 592 Nantuadense
3192 550 3467 596 monaste-

1893 620 2058 684 rium,
2087 619 2228 689 quod
2261 621 2358 690 ipsi
2391 620 2726 678 Gislebertus
2746 639 2930 680 comes
2958 627 3332 698 corrigendum
3359 641 3466 686 tra-

1887 711 2120 767 diderat.
2158 711 2264 768 Sed
2298 723 2352 768 et
2376 714 2700 782 Willelmus,
2743 717 2850 772 dux
2883 719 3300 790 Aquitanorum,
3340 725 3465 780 Odi-

1891 799 2066 854 Ionem
2094 801 2276 856 multis
2297 804 2615 874 magnisque
2638 806 2953 862 muneribus
2984 811 3052 863 ad
3081 824 3142 864 se
3187 814 3371 879 traxit,
3415 824 3469 869 et

1891 898 2144 952 nonnulla
2177 899 2422 954 cmnobia
2457 915 2565 955 sua:
2588 901 2806 956 ditionis
2838 901 2956 971 ejus
2983 905 3293 974 magisterio
3291 922 3469 1000 ‘com-

1889 989 2198 1054 mendavit,
2250 991 2302 1044 in
2347 992 2537 1060 primis
2584 993 2952 1062 lngeriacum,
2986 1004 3042 1050 et
3081 989 3468 1052 monasttﬁ'ium

1891 1077 2076 1133 Sancti
2124 1079 2376 1150 Cypriani
2413 1082 2465 1136 in
2495 1083 2804 1139 suburbano
2831 1084 3173 1141 Pictavorum
3209 1090 3467 1159 pos-itum.

1889 1169 2030 1225 Idem
2055 1170 2298 1226 Rotberti
2328 1174 2471 1244 regis
2490 1174 2853 1242 Francorum;
2885 1177 3163 1234 Adelaidis
3191 1181 3327 1248 Aug.
3363 1197 3470 1234 ma-

1891 1259 2008 1325 tris,
2039 1261 2177 1315 avia:
2201 1262 2483 1316 amborum
2507 1262 2766 1318 Ottonum
2793 1282 2807 1330 ;
2843 1265 3081 1322 l‘leiurici
3126 1268 3471 1338 imperatoris

1886 1348 2278 1417 Romanorum,
2311 1355 2402 1423 qui
2439 1365 2711 1424 sceptrum
2747 1365 2802 1410 et
2839 1357 3106 1423 sphzeram
3147 1369 3203 1412 et
3239 1361 3472 1430 impera-

1888 1441 2078 1492 toriam
2107 1455 2364 1495 coronam
2410 1457 2476 1497 ex
2505 1459 2640 1498 auro
2661 1443 2923 1499 Cluniaco
2965 1447 3151 1513 dedit;
3191 1447 3468 1504 Clionradi

1886 1544 2102 1600 quoque
2130 1539 2186 1586 et
2216 1531 2433 1589 lienrici
2466 1535 2580 1603 ejus
2615 1534 2708 1589 ﬁlii
2749 1535 3026 1592 Crsarum
3053 1540 3330 1608 anucitiis,
3355 1541 3467 1595 olli-

1885 1622 2007 1687 ciis,
2032 1631 2085 1675 et
2107 1625 2421 1680 muneribus
2443 1627 2742 1682 honoratus
2761 1639 2873 1694 est;
2901 1644 2932 1683 a
2957 1629 3230 1700 Stephano
3253 1649 3470 1704 quoque

1889 1730 2013 1786 rege
2052 1715 2428 1786 Hungarorum
2475 1728 2530 1774 et
2575 1736 2606 1774 a
2658 1721 2858 1776 Sancio
2907 1738 3034 1794 rege
3071 1724 3468 1781 Cantabrorum

263 1810 450 1880 Pergit
476 1809 648 1874 0dilo,
680 1817 736 1864 et
763 1808 945 1880 galeas
975 1824 1081 1864 non
1107 1809 1219 1878 jam
1255 1809 1523 1881 capitibus
1549 1810 1778 1868 fratrum
1810 1798 1856 1859 Β
1882 1820 1936 1862 et
1959 1808 2321 1864 Navarrorum
2360 1811 2499 1865 idem
2528 1811 2738 1868 litteras
2775 1830 2897 1869 cum
2948 1815 3225 1871 beneﬁciis
3261 1825 3317 1871 et
3353 1834 3472 1871 mu-

182 1901 423 1970 imponi,
454 1901 548 1956 sed
575 1901 641 1954 ad
676 1900 888 1972 cingula
911 1899 1207 1955 lumborum
1244 1902 1474 1970 appendi
1517 1901 1693 1971 jubet,
1725 1914 1780 1960 et

180 1989 362 2059 (quod
396 1987 580 2044 fasciis
621 1989 925 2043 cruralibus
971 1989 1348 2061 conveniebat)
1379 1991 1556 2061 capita
1586 2007 1778 2048 eorum

180 2085 528 2156 longissimis
568 2085 818 2155 corrigiis
867 2086 1093 2154 astringi
1136 2085 1306 2155 ﬁgura
1353 2102 1568 2142 corona:
1614 2105 1782 2146 nova-

180 2176 330 2229 culis
347 2176 554 2229 circum
585 2189 727 2239 rasa,
746 2182 1001 2230 autcerte
1024 2175 1271 2247 corrigiis
1298 2175 1398 2231 sub
1416 2189 1598 2234 mento
1627 2181 1780 2236 nexis

179 2265 333 2335 pilca
363 2266 416 2319 in
448 2265 625 2334 capite
666 2266 967 2331 contineri;
995 2267 1218 2334 spicula,
1259 2282 1352 2322 seu
1386 2267 1485 2322 tela
1516 2279 1639 2339 post
1674 2281 1780 2325 ter—

180 2373 317 2428 gum
352 2355 525 2425 rejici,
573 2355 778 2426 gladios
825 2357 982 2411 nudis
1013 2356 1268 2411 dentibus
1297 2357 1570 2412 mordicus
1609 2361 1779 2414 teneri

180 2446 492 2517 praecipit:
547 2447 689 2501 sicut
738 2446 1052 2501 Ranimirus
1081 2446 1144 2511 ll,
1179 2448 1611 2518 Aragonensium
1661 2466 1779 2515 rex,

183 2538 437 2592 habenas
466 2538 591 2606 equi
622 2539 702 2592 sui
739 2539 974 2593 tenuisse
996 2538 1195 2593 dicitur
1218 2551 1482 2595 armatus.

181 2629 409 2700 Spicula
431 2639 546 2699 post
577 2640 778 2700 tergum
819 2639 1014 2696 teneas,
1046 2639 1156 2683 tum
1191 2630 1430 2686 dentibus
1459 2650 1655 2688 ensem.

262 2721 533 2777 Caeterum
563 2738 817 2776 coronare
858 2730 1018 2791 caput
1064 2722 1285 2792 proprie
1324 2723 1461 2780 dixit
1488 2725 1775 2782 Adalbero.

139 2817 143 2820 ’
181 2812 441 2866 Mouachi
471 2812 613 2867 enim
631 2814 808 2882 ‘atque
833 2813 997 2867 etiam
1022 2813 1208 2868 clerici
1239 2813 1292 2867 in
1317 2829 1572 2872 coronam
1597 2827 1779 2874 atton-

179 2905 480 2960 debantur.
536 2901 835 2960 Tonsuram
877 2904 1018 2959 hanc
1060 2905 1324 2975 hodieque
1349 2907 1418 2962 ob
1465 2907 1517 2962 id
1544 2909 1780 2981 utrique,

179 2995 363 3049 veteri
403 2994 641 3060 nomine,
671 3011 917 3048 coronam
948 2995 1246 3064 appellant.

180 3087 304 3158 (45)
344 3085 412 3141 Et
437 3087 573 3154 cogit
598 3085 816 3155 juvenes
849 3085 1015 3141 lentos
1053 3088 1331 3142 ascendere
1355 3105 1563 3156 currus,

177 3181 360 3248 Atque
390 3192 572 3232 senum
591 3177 836 3246 praecepit
866 3192 1023 3247 equos
1053 3178 1398 3234 conscendere
1421 3182 1650 3237 turbam.

260 3269 344 3322 Ex
385 3266 666 3322 monachis
689 3267 782 3336 qui
828 3269 1002 3338 ipsum
1039 3267 1090 3320 in
1119 3268 1326 3322 Italiam
1356 3272 1591 3326 secuturi
1621 3281 1775 3339 sunt,

177 3362 436 3434 juniores
481 3359 637 3416 0dilo
667 3361 722 3416 in
764 3376 978 3428 currus,
1027 3376 1184 3417 senes
1211 3361 1265 3416 in
1300 3375 1470 3431 equos
1498 3365 1730 3434 imponit
1758 3383 1774 3432 ;

180 3471 312 3512 cum
339 3464 527 3510 contra
546 3452 774 3521 juvenes
799 3454 974 3522 equis,
1000 3469 1156 3510 senes
1182 3455 1455 3520 curribus,
1498 3457 1774 3525 plaustris,

181 3547 446 3601 rhedisve
466 3546 585 3601 vehi
604 3553 896 3616 oporteret.
925 3545 1062 3600 Hinc
1075 3553 1223 3614 patet
1242 3560 1363 3615 quae
1377 3546 1510 3603 ﬁdes
1533 3548 1779 3605 habenda

181 3641 261 3694 sit
284 3637 427 3706 jocis
452 3638 928 3703 Adalberonianis,
951 3647 1011 3692 ut
1030 3639 1279 3693 omittam
1301 3641 1603 3709 sequentia.

182 3728 306 3799 (45)
347 3727 648 3781 Ascendant
684 3729 892 3781 asinum
920 3729 1047 3793 bini,
1079 3729 1302 3798 denique
1328 3731 1584 3784 cantelum
1611 3747 1630 3785 :

181 3822 254 3878 Si
277 3839 381 3876 non
405 3822 694 3892 sufﬁciunt,
724 3821 969 3875 bubalum
990 3823 1324 3877 conscendite
1354 3824 1508 3877 terni.

265 3912 382 3968 Non
436 3911 829 3969 sufﬁcientibus
891 3914 1066 3984 equis,
1127 3913 1283 3970 0dilo
1341 3915 1568 3985 singulis
1611 3916 1780 3972 asinis

182 4007 348 4062 binos
369 4022 400 4060 e
425 4005 711 4060 comitibus
737 4005 849 4059 suis
874 4019 997 4059 cum
1027 4005 1242 4060 famulis
1267 4014 1378 4059 tum
1401 4006 1566 4062 etiam
1595 4022 1780 4061 mona-

185 4095 330 4159 chis,
357 4094 579 4164 singulis
603 4093 812 4149 bubalis
842 4101 1043 4161 ternos,
1085 4094 1310 4166 singulis
1336 4095 1561 4151 camelis
1609 4097 1780 4154 denos

180 4187 340 4257 jubet
363 4186 618 4242 insidere.
647 4185 773 4241 Haec
800 4186 1014 4256 quidem
1040 4186 1263 4241 ridicula
1293 4197 1417 4241 sunt
1445 4196 1498 4242 et
1517 4187 1637 4242 ﬁcta
1662 4203 1679 4254 ;
1711 4204 1780 4243 ex

188 4281 278 4337 his
305 4289 482 4335 tamen
511 4279 831 4352 intelligitur
855 4277 1100 4334 Odilonis
1122 4277 1349 4334 Romam
1381 4278 1780 4348 proﬁciscentis

189 4373 491 4429 maximum
537 4371 703 4426 fuisse
728 4371 1064 4427 comitatum.
1094 4369 1227 4424 Nam
1257 4384 1379 4424 cum
1410 4371 1563 4423 turba
1589 4384 1776 4424 senum

190 4483 316 4519 eum
341 4473 526 4520 secuta
565 4479 684 4520 esse
717 4463 950 4526 dicatur,
993 4461 1116 4531 quis
1144 4475 1252 4516 non
1274 4461 1442 4524 videt,
1484 4476 1589 4514 non
1622 4459 1781 4516 intel-

192 4556 311 4626 ligit
359 4555 528 4610 multo
568 4553 833 4622 majorem
875 4553 924 4607 ei
961 4551 1218 4620 juveuum
1252 4550 1650 4605 multitudinem
1684 4550 1780 4604 ad-

191 4648 395 4702 fuisse?
426 4645 582 4701 Unde
610 4646 829 4716 subjicit
853 4644 1128 4698 Adalhero
1155 4659 1168 4696 :

337 4733 512 4789 Millia
540 4734 681 4788 mille
706 4735 803 4788 viri
823 4732 1108 4804 procedunt
1135 4740 1256 4785 ante
1291 4729 1527 4800 quirites.

265 4825 410 4880 Sane
438 4839 759 4896 quocunque
807 4825 1057 4894 degebat,
1097 4837 1417 4892 quocunque
1453 4822 1781 4890 procedebat

190 4919 418 4990 (0dilo),
451 4929 598 4974 tanta
637 4918 964 4988 sequebatur
999 4932 1123 4972 eum
1171 4915 1476 4985 frequentia
1527 4913 1779 4980 fratrum,

189 5025 254 5069 ut
275 5012 386 5081 jam
415 5028 521 5068 non
548 5012 741 5067 ducem
765 5017 858 5065 aut
880 5009 1197 5079 principem,
1231 5007 1324 5062 sed
1349 5020 1534 5060 revera
1555 5012 1782 5075 putares

189 5122 320 5163 eum
365 5121 487 5163 esse
525 5105 910 5178 archangelum
963 5102 1375 5163 monachorum,
1407 5099 1483 5154 uti
1513 5098 1782 5155 Jotsaldus

191 5198 251 5252 in
284 5197 392 5251 vita
431 5195 547 5266 ejus
577 5195 850 5251 memoria:
891 5191 1055 5248 tradit
1078 5190 1121 5264 [‘
1150 5191 1204 5245 in
1235 5200 1482 5245 sanctum
1509 5190 1686 5243 virum
1722 5199 1782 5244 ut

193 5287 560 5344 reverentiam
598 5287 822 5356 probet,
852 5299 959 5339 non
991 5289 1309 5353 apparatum
1347 5279 1642 5334 describat.
1673 5279 1778 5333 Ar-

193 5380 437 5452 changeli
461 5380 698 5443 nomine,
725 5379 795 5435 ob
824 5377 1080 5434 eximiam
1112 5374 1453 5430 sanctitatem
1484 5389 1607 5428 eum
1640 5373 1782 5429 inter

194 5471 335 5526 alios
346 5468 842 5526 salutatFulbertus
852 5465 1226 5524 Carnutensis.
1243 5461 1438 5537 8000.]
1454 5463 1576 5517 Dux
1595 5473 1778 5518 autem

196 5561 289 5618 ille
309 5568 365 5616 et
385 5560 621 5632 princeps
643 5559 1056 5622 monachorum,
1085 5555 1170 5611 vel
1190 5555 1369 5626 potius
1389 5569 1502 5619 rex,
1527 5561 1586 5608 ut
1615 5568 1778 5622 supra

194 5661 698 5724 nnncnpatur,_non
719 5649 1001 5706 monachis
1025 5647 1221 5712 solum,
1254 5647 1350 5702 sed
1376 5646 1540 5702 etiam
1571 5644 1779 5699 abbati-

196 5746 299 5803 bus
348 5745 670 5815 imperabat.
713 5743 1130 5812 Quatuordecim
1186 5739 1518 5796 monasteria
1562 5736 1779 5795 Odiloni

1884 1899 2104 1955 ncribus
2150 1901 2396 1970 accipere
2444 1913 2820 1959 consueverat.
2862 1905 3188 1962 Monasteria
3214 1908 3469 1964 nonnnlfa

1882 1990 2076 2060 partim
2123 2007 2154 2046 a
2186 1993 2555 2050 fundamentis
2601 1997 2893 2062 exstruxit,
2945 2000 3144 2067 partim
3183 2002 3467 2068 semiruta,

1883 2079 1966 2133 vel
1995 2080 2202 2133 ruinam
2234 2083 2494 2137 minantia
2524 2084 2732 2148 refecit,
2781 2087 2999 2155 praediis
3045 2090 3196 2144 auxit
3243 2100 3296 2146 et
3336 2093 3472 2149 iusi-

1882 2169 2074 2239 gnibus
2116 2173 2474 2237 ornamentis,
2522 2177 2803 2231 monachis
2852 2178 3113 2248 implevit.
3163 2180 3350 2252 Neque
3399 2185 3469 2239 ab

1883 2259 2168 2315 abbatibus
2197 2262 2376 2326 modo,
2408 2278 2596 2319 verum
2623 2268 2787 2321 etiam
2819 2269 2886 2322 ab
2909 2270 3182 2340 episcopis
3211 2273 3470 2330 ofﬁciosis

1881 2348 2156 2420 obsequiis
2187 2367 2572 2424 nonnunquam
2613 2357 2838 2414 honoris
2868 2375 3032 2415 causa
3073 2364 3466 2433 excipiebatur.

1883 2438 2028 2493 luter
2057 2441 2279 2496 abbates
2308 2443 2472 2512 igitur
2495 2445 2826 2514 Gallicanos,
2853 2450 2946 2518 qui
2969 2457 3083 2506 tum
3115 2465 3274 2508 erant
3297 2471 3470 2525 usque

1883 2532 1950 2586 ad
1971 2533 2370 2602 .episcoporum
2414 2535 2672 2592 invidiam
2720 2537 2923 2607 felices,
2952 2542 3144 2598 divites
3172 2554 3228 2600 et
3276 2547 3468 2613 validi,

1883 2623 2119 2677 maxime
2140 2626 2412 2680 eminebat
2437 2642 2502 2682 ac
2531 2627 2693 2682 veluti
2727 2634 2988 2703 regnabat
3016 2635 3192 2703 0dilo,
3220 2637 3468 2694 Cluniaci

1882 2712 2274 2781 epulentissimi
2314 2720 2655 2786 monasterii,
2695 2731 2751 2776 et
2780 2702 2861 2776 tot
2883 2741 2947 2780 ac
2975 2702 3247 2783 tantorum
3282 2745 3470 2786 emno-

1881 2806 2091 2861 biorum
2117 2822 2215 2876 per
2239 2816 2408 2864 totam
2443 2809 2672 2866 Galliam
2698 2823 2755 2868 et
2782 2814 3210 2885 Lougohardéam
3255 2836 3470 2892 quoque

1882 2896 2200 2952 diﬁ‘usorum
2227 2910 2453 2968 potens;
2485 2903 2872 2972 imperatorum
2907 2917 2962 2962 et
2985 2923 3168 2981 regum
3197 2927 3364 2983 prope
3399 2930 3466 2970 ex

1880 2998 2036 3060 atquo
2065 2993 2293 3048 amicus.
2371 3052 2391 3068 ο

1883 3083 2000 3154 (47)
2039 3083 2214 3139 Miltia
2244 3086 2385 3141 mille
2414 3089 2510 3143 viri
2531 3090 2816 3159 procedunt
2843 3104 2964 3146 ante
2992 3093 3240 3159 Quirites.

1952 3173 2111 3229 0dilo
2141 3174 2391 3244 plurimis
2415 3180 2707 3236 comitatus
2737 3184 3018 3240 monachis
3045 3185 3270 3241 Romam
3296 3189 3466 3253 venit.

1882 3276 1935 3320 et
1959 3269 2314 3336 spectandam
2340 3268 2618 3329 Romanus
2650 3275 2926 3345 ingressus
2969 3279 3052 3332 sui
3081 3293 3332 3349 pompam
3375 3296 3471 3336 ex-

1881 3359 2077 3413 bibuit.

1880 3471 1993 3543 (48)
2035 3470 2136 3525 Res
2159 3473 2334 3541 agitur
2365 3474 2506 3543 ferro
2537 3478 2698 3532 ternis
2731 3479 2939 3548 prolata
2970 3481 3176 3539 diebus.

1950 3582 2175 3653 Legitur
2209 3585 2386 3641 alias:
2421 3585 2520 3642 Res
2558 3591 2735 3659 agitur
2771 3592 3014 3662 ferroque
3055 3596 3221 3651 tribus
3260 3600 3470 3668 prolata

1880 3673 2084 3727 diebus.
2115 3673 2257 3741 Quid
2288 3678 2391 3732 hoc
2420 3692 2578 3733 versu
2603 3690 2657 3734 et
2680 3697 2871 3736 novem
2898 3687 3251 3753 sequentibus
3276 3690 3472 3746 descri-

1880 3765 1992 3829 bat,
2029 3776 2122 3819 aut
2164 3767 2292 3835 quid
2321 3768 2422 3823 sibi
2467 3770 2597 3824 velit
2624 3771 2918 3837 Adalbero,
2962 3775 3104 3829 haud
3135 3776 3295 3834 facile
3325 3781 3469 3834 dictu

1879 3865 1985 3912 est.
2015 3855 2140 3910 Rem
2171 3858 2315 3912 enim
2345 3859 2488 3927 ferro
2532 3877 2630 3932 per
2658 3865 2895 3917 triduum
2929 3877 3123 3932 actam,
3157 3878 3214 3923 et
3241 3887 3471 3939 pugnam

1881 3957 2270 4002 commemorat
2313 3949 2571 4007 Kalendis
2618 3953 3004 4011 Decembribus
3057 3970 3373 4031 pugnatam,
3415 3971 3474 4016 et

1879 4037 2222 4110 signiferum,
2245 4042 2360 4111 qui,
2385 4045 2604 4112 cuspide
2632 4061 2773 4117 equo
2801 4047 3064 4116 dejectus,
3097 4052 3354 4108 vexillum
3383 4069 3474 4110 re-

1882 4133 2102 4203 liquerit
2133 4136 2382 4206 turpiter,
2406 4146 2460 4193 et
2489 4153 2610 4193 eum
2656 4140 2882 4211 reliquis
2911 4140 3036 4214 fuga
3068 4145 3287 4201 domum
3317 4162 3473 4217 repe-

1883 4226 2086 4281 tiverit.
2110 4227 2346 4285 Omnino
2377 4232 2627 4302 designat
2657 4248 2771 4289 rem
2805 4234 3039 4304 aliquam
3072 4237 3185 4294 risu
3226 4239 3468 4310 dignam,

1883 4335 2004 4389 qua:
2037 4319 2228 4376 Romae
2254 4320 2466 4378 Odiloni
2498 4325 2895 4396 comitibusque
2933 4327 3051 4397 ejus
3084 4331 3368 4399 acciderit,
3417 4341 3473 4387 et

1886 4413 2086 4467 malum
2111 4414 2565 4484 peregrinationis
2585 4423 2861 4470 eventum.

1807 4499 1858 4558 D
1885 4528 1998 4599 (49)
2023 4527 2257 4598 Signifer
2284 4529 2339 4582 in
2367 4529 2538 4583 medio
2565 4545 2812 4598 properas
2840 4547 2946 4584 non
2972 4543 3183 4587 stertere
3212 4535 3341 4603 ccepi
3365 4548 3385 4584 :

1885 4619 2114 4674 Dissutis
2137 4622 2313 4686 malis,
2342 4621 2529 4689 [latum
2555 4623 2839 4691 pugnando
2862 4625 3038 4691 rejeci.

1957 4733 2196 4803 Signifer
2225 4733 2326 4787 iste
2358 4735 2412 4788 in
2438 4734 2607 4788 medio
2631 4733 2846 4805 agmine
2865 4738 3092 4805 positus,
3121 4753 3279 4806 quem
3311 4739 3475 4792 Adal-

1887 4826 2019 4880 bero
2040 4828 2106 4879 de
2129 4841 2186 4880 se
2210 4826 2516 4894 loquentem
2548 4827 2774 4891 inducit,
2801 4827 2956 4884 0dilo
2989 4832 3100 4898 ipse
3137 4840 3220 4884 est
3264 4832 3355 4900 qui
3395 4830 3476 4884 fa-

1885 4925 2032 4970 tetur
2085 4931 2143 4970 se
2188 4914 2371 4969 flatum
2419 4917 2630 4970 ventris
2684 4918 2975 4988 pugnando
3039 4920 3285 4975 emisisse
3313 4960 3331 4986 ,
3380 4936 3472 4976 seu

1882 5005 2106 5077 βδέσμα,
2138 5020 2201 5059 ac
2220 5021 2342 5060 cum
2367 5006 2480 5060 suis
2506 5005 2628 5077 fuga
2654 5005 2857 5061 Gallias
2883 5008 3104 5077 petiisse
3130 5023 3146 5061 :

1884 5116 2015 5173 Cum
2046 5116 2256 5190 reliquis
2280 5119 2507 5190 fugiens,
2535 5119 2783 5190 genitalia
2806 5136 2962 5189 regna
2987 5122 3161 5190 petivi.

1889 5233 2034 5299 Haec,
2067 5249 2176 5304 quo
2205 5234 2378 5304 magis
2415 5235 2630 5300 mirere,
2667 5235 2866 5305 scripta
2911 5245 3036 5290 sunt
3067 5237 3190 5291 vivo
3226 5235 3468 5302 Odilone,

1882 5325 1975 5395 qui
2016 5339 2160 5380 anno
2204 5324 2362 5389 1048,
2386 5325 2563 5381 aetatis
2605 5325 2698 5392 87,
2725 5325 2894 5380 multo
2919 5335 3041 5395 post
3073 5323 3472 5408 Adalberonem

1888 5417 2066 5488 ipsum
2089 5417 2341 5473 decessit.

1888 5532 2000 5603 (50)
2028 5530 2158 5586 Hrec
2183 5541 2394 5602 patrata
2421 5531 2555 5586 scias
2582 5532 2636 5584 in
2662 5531 2831 5597 prima
2855 5530 2970 5587 luce
2995 5532 3321 5598 Decembris;

1892 5622 2006 5677 Hoc
2032 5623 2211 5676 itidem
2234 5620 2424 5675 Martis
2446 5621 2730 5675 tentabitur
2758 5631 2880 5676 ante
2913 5621 3196 5677 Kalendas.

1960 5736 2072 5792 Hoc
2112 5736 2297 5793 nescio
2345 5736 2470 5806 quid
2514 5735 2698 5791 Romae
2733 5737 3024 5808 contigisse
3063 5735 3268 5795 indicat
3300 5734 3464 5794 Adelo
