4032 6392
198 338 307 396 805

1161 334 1441 392 CARMEN
1492 334 1582 390 AD
1609 328 1987 391 ROBERTUM
2022 329 2258 385 REGEM
2295 326 2526 385 NOTAE.

3373 331 3480 389 806

200 460 442 516 mortuo,
469 446 631 504 etiam
683 446 1013 518 imperator;
1048 447 1446 512 Lcothericum,
1479 458 1601 521 post
1628 447 1796 501 Seno-
1823 437 1871 485 Α
1900 441 2012 512 (58)
2045 439 2263 494 Ordinis
2289 450 2364 495 est
2393 441 2553 510 igitur
2580 440 2688 493 lucc
2711 439 3107 508 transformatio
3142 440 3305 510 regni.

200 545 388 598 nicum
435 536 938 610 archiepiscopum;
974 541 1227 610 lngonem
1259 541 1553 602 abbatem;
1594 547 1647 592 et
1674 538 1795 592 Ful-

199 641 417 687 Dcrtum
447 630 805 685 Carnutinum
831 646 1162 700 episcopum.
1202 649 1220 679 ι
1257 631 1552 685 Botbertus
1573 630 1792 699 quidem

200 738 231 775 a
257 731 439 776 matre
470 719 681 775 Scholae
725 720 979 777 ltemensi
1029 721 1282 785 traditus,
1310 721 1509 775 domno
1536 720 1795 775 Girberto

203 814 274 866 ad
306 812 662 868 erudiendum
694 821 777 867 est
828 812 1009 878 datus,
1046 812 1136 880 qui
1189 827 1311 865 cum
1357 810 1668 865 liberalibus
1716 810 1797 863 in-

200 909 448 954 strueret
497 900 817 971 disciplinis,
844 918 862 951 ι
897 907 955 953 ut
992 900 1281 971 llelgaldus
1334 900 1544 955 scribit.
1591 900 1799 953 Auctor

198 1001 287 1045 est
315 990 642 1056 Willclmus,
672 991 1067 1046 Malmesburite
1096 993 1414 1056 monachus,
1458 991 1511 1045 in
1550 992 1688 1046 libro
1716 1006 1799 1044 se-

198 1083 385 1136 cundo
407 1082 608 1137 Rerum
635 1083 987 1153 Angliearum
1020 1101 1033 1148 ;
1065 1083 1389 1139 Gerhertum
1423 1083 1793 1153 astrologiam,

199 1172 462 1236 abacum,
510 1181 843 1243 eteterasque
878 1183 1025 1229 artes
1079 1174 1494 1229 mathematicas
1531 1189 1562 1227 a
1606 1174 1799 1229 Sarra-

200 1260 364 1314 cenis
394 1259 842 1329 llispanieusibus
879 1261 1152 1325 didicisse,
1180 1271 1235 1315 et
1271 1263 1325 1316 in
1361 1262 1536 1318 Gallia
1586 1262 1800 1317 scholas

199 1352 462 1419 publicas
488 1354 807 1424 aperuisse:
843 1373 861 1405 ι
918 1369 1079 1423 quem
1116 1353 1244 1410 Otto
1289 1354 1461 1424 ipsius
1504 1354 1800 1424 discipulus

197 1442 635 1511 philosophorum
656 1444 1029 1512 peritissimum
1055 1455 1102 1498 et
1121 1445 1286 1498 tribus
1312 1444 1650 1514 philosophia?
1670 1460 1799 1514 par-

200 1532 352 1585 tibus
379 1531 679 1585 laureatum
703 1534 754 1587 in
782 1532 981 1589 litteris
1003 1535 1258 1604 appellat.
1286 1536 1389 1589 Alii
1412 1535 1626 1591 Borcllo
1653 1550 1799 1590 mar-

201 1626 394 1680 chioni
420 1628 854 1681 commendatum
899 1628 968 1683 ab
1011 1625 1388 1682 Aureliacensi
1411 1626 1629 1691 abbate,
1653 1636 1708 1682 et
1732 1628 1801 1682 ab

198 1713 445 1770 Haitone
486 1715 758 1785 Hispaniae
786 1718 1043 1786 episeopo
1076 1717 1364 1770 mathesim
1391 1716 1643 1772 edoctum
1678 1731 1800 1771 esse

1972 550 2101 606 limo
2135 553 2296 622 igitur
2326 554 2466 623 apud
2496 553 2736 607 Francos
2763 552 2963 606 ordinis
2994 553 3259 607 clericalis
3300 567 3480 610 sacer-

1898 644 2181 708 dotalisve,
2206 660 2270 699 ac
2294 646 2565 714 prtecipue
2608 644 2901 698 monastici
2934 645 3355 714 trausformatio,
3388 661 3478 700 re-

1896 735 1988 805 gni
2015 735 2182 803 ipsius
2213 735 2618 790 transformatio
2648 744 2745 788 est.
2769 734 2845 788 Ita
2876 734 3150 791 concludit
3180 736 3477 800 Adalbero;

1899 826 2043 880 hunc
2075 842 2173 881 suo
2202 829 2441 883 sermoni
2479 830 2739 884 adversus
2769 830 3064 885 monachos
3105 831 3289 886 habito
3320 830 3482 888 ﬁnem

1898 914 2151 986 imponit.
2176 917 2322 973 Idem
2354 920 2511 975 initio
2540 920 2752 974 dixerat
2774 921 2942 976 hocce
2970 936 3134 976 versu
3162 939 3177 975 :

1901 1046 1968 1102 Ut
1996 1049 2164 1120 placet
2193 1052 2431 1121 imperio,
2454 1053 2530 1107 sic
2551 1070 2606 1108 se
2634 1053 2971 1122 transformet
2996 1063 3044 1109 et
3068 1054 3217 1119 ordo,

1966 1137 2100 1192 ltem
2130 1157 2144 1192 :

1898 1229 2076 1286 Deviet
2106 1233 2194 1285 ille
2211 1248 2359 1286 sacer
2390 1232 2456 1287 de
2476 1234 2595 1289 sede
2616 1235 2935 1289 monasticus
2960 1237 3111 1291 ordo.

1968 1342 2131 1400 Certe
2156 1347 2453 1402 monachos
2502 1346 2831 1411 Gallicanos,
2880 1348 2965 1403 vel
2994 1349 3307 1418 Francieos,
3335 1352 3482 1407 baud

1900 1449 2093 1504 parum
2122 1436 2290 1492 fuisse
2322 1446 2433 1492 tum
2458 1439 2728 1510 dyscolos,
2748 1450 2803 1496 et
2823 1456 2851 1494 a
2881 1442 3165 1511 disciplina
3190 1445 3488 1501 descivisse

1903 1528 2103 1582 docent
2129 1544 2233 1583 non
2267 1530 2430 1584 modo
2457 1540 2539 1585 tot
2563 1532 2922 1587 Adalberonis
2947 1549 3158 1598 versus,
3192 1536 3288 1590 sed
3315 1535 3480 1590 etiam

1904 1618 2074 1672 multa
2107 1620 2438 1676 monasteria
2479 1620 2534 1675 in
2586 1637 2753 1693 regno
2801 1623 3136 1681 Francorum
3183 1624 3485 1682 clarissima

1902 1716 1957 1761 et
1989 1708 2423 1777 opulentissima,
2468 1711 2523 1765 in
2584 1712 2777 1781 primis
2826 1716 3217 1769 monasterium
3252 1714 3491 1771 Parisia~

199 1808 563 1864 verisimilius
594 1810 883 1880 prodidere
918 1818 1015 1865 :et
1039 1808 1309 1863 Borellum
1343 1809 1488 1863 hunc
1538 1824 1681 1864 nunc
1710 1810 1805 1863 du-
1837 1801 1879 1859 Β
1906 1812 2028 1851 cum
2092 1798 2420 1855 Saﬂcmmm
2466 1800 2738 1857 Vincenlii
2784 1812 2948 1873 ιιιίιιιθ
2979 1804 3256 1872 Germani,
3303 1821 3494 1863 mona‘

200 1914 323 1951 cem
351 1900 608 1955 citerioris
650 1900 950 1971 Ilispauiw,
995 1915 1141 1954 nunc
1164 1899 1401 1953 comitem
1445 1897 1804 1953 Barciuoueu—

198 2005 321 2043 sem
341 1998 557 2044 vocant.

201 2077 328 2147 (56)
370 2076 609 2132 Plurima
636 2094 717 2132 me
740 2078 918 2132 docuit
954 2077 1296 2147 Neptanttbus
1326 2077 1416 2131 ille
1462 2079 1727 2147 magister,

203 2167 436 2223 Labitur
471 2168 598 2222 aula
625 2169 779 2223 tholis
811 2169 992 2223 rutilat
1020 2185 1122 2240 quo
1151 2167 1423 2238 splendida
1452 2168 1631 2236 fulvis.

288 2257 404 2313 Rex
440 2258 538 2314 fuit
562 2259 779 2332 Egypti
821 2258 1165 2319 Nectanabis,
1198 2257 1431 2327 Agesilai
1466 2259 1610 2329 regis
1641 2258 1805 2330 Spar-

206 2359 467 2404 tanorum
493 2351 738 2419 mqualis,
764 2349 920 2418 cujus
940 2349 1269 2406 Nectanabis
1297 2349 1381 2403 vel
1411 2347 1797 2405 Nectanabidis

207 2441 361 2493 haud
404 2441 575 2497 semel
605 2441 853 2496 meminit
878 2441 930 2496 in
960 2440 1210 2511 Agesilao
1238 2440 1562 2494 Plutarchus
1585 2441 1804 2496 (liuere-

209 2532 423 2593 nensis,
446 2533 759 2588 meminitet
780 2533 1047 2589 Diodorus
1072 2532 1308 2597 Siculus,
1331 2531 1417 2587 cui
1445 2547 1587 2588 nunc
1608 2532 1803 2587 Necta-

208 2622 397 2685 uebis,
427 2624 747 2687 Νικτανεϐἰς,
770 2639 913 2679 nunc
939 2623 1301 2687 Nectanebos,
1324 2623 1624 2685 Νεκτανεϐὀς
1662 2623 1800 2679 dici-

212 2721 323 2764 tur.
353 2711 528 2766 Plinio
557 2714 610 2767 in
642 2713 766 2768 libri
798 2729 964 2769 xxxvi
996 2716 1174 2784 capite
1199 2713 1252 2778 9,
1287 2711 1538 2767 Nectubis
1566 2729 1660 2768 rex
1685 2729 1804 2768 cor-

212 2810 376 2872 rupte
404 2818 501 2871 pro
523 2801 870 2859 Nectanabis.
902 2805 1230 2860 Nectanabis
1253 2818 1386 2875 ergo
1442 2803 1534 2859 ille
1568 2804 1653 2859 vel
1694 2803 1801 2860 Ne-

210 2894 502 2958 ctanebos,
533 2895 580 2949 is
606 2902 691 2950 est
716 2897 810 2966 qui
834 2898 903 2952 ab
933 2897 1276 2952 Adalberone
1304 2897 1558 2966 corrupte
1605 2896 1805 2967 Neptu-

210 2988 392 3042 uabus
416 2995 658 3042 vocatur.
691 2986 1059 3059 Neptauabum
1076 2998 1255 3043 autem
1281 2988 1365 3044 vel
1392 2987 1802 3057 potius,Necta-

212 3076 416 3131 nabum
462 3077 703 3143 nomine,
739 3077 943 3133 veteris
993 3077 1217 3149 :Egypti
1264 3079 1407 3149 regis
1446 3078 1800 3146 perironiam

1904 1887 2131 1941 sterium
2175 1888 2359 1944 Sancti
2415 1891 2660 1963 Dionysii
2714 1896 2973 1965 martyris
3023 1896 3229 1952 tumulo
3260 1897 3489 1964 illustre,

1906 1981 2297 2035 monasterium
2327 1982 2653 2040 Fossatense
2682 1993 2736 2040 et
2764 1986 2918 2056 plura
2954 1987 3060 2043 alia
3084 2003 3114 2042 a
3156 1988 3354 2044 Glabro
3384 1990 3492 2045 Ro-

1904 2070 2053 2124 dull‘o
2082 2073 2402 2143 ueterisque
2448 2087 2746 2132 memorata
2776 2093 3048 2148 ;quorum
3079 2082 3331 2136 monachi
3362 2099 3485 2138 eum

1904 2160 2073 2216 vitam
2097 2177 2234 2230 pene
2255 2165 2572 2220 saecularem
2596 2176 2840 2238 agerent,
2873 2169 2940 2223 ad
2961 2172 3283 2226 servandam
3310 2174 3487 2228 sancti

1905 2250 2179 2307 Benedicti
2230 2254 2470 2324 regulam
2531 2258 2856 2312 auctoritate
2905 2258 3052 2329 regia
3101 2268 3157 2314 et
3205 2261 3489 2318 meliorum

1905 2339 2151 2395 immissu
2182 2349 2342 2411 atque
2382 2358 2547 2414 opera
2596 2346 2953 2416 compellendi
3004 2348 3242 2405 fuerunt.
3272 2351 3387 2408 Odo
3434 2355 3491 2408 in

1910 2428 2033 2483 Vita
2086 2430 2385 2487 Burcltardi
2435 2435 2652 2490 comitis
2694 2438 2810 2490 ait:
2851 2436 3239 2510 Magonardum
3292 2443 3491 2499 Fossa-

1918 2528 2124 2575 tensem
2180 2522 2454 2590 abbatem,
2503 2525 2684 2581 virum
2730 2527 2987 2593 nobilem,
3034 2533 3262 2602 aucupio
3299 2545 3355 2590 et
3400 2552 3493 2591 ca-

1905 2609 2061 2665 nibus
2091 2626 2153 2665 ac
2200 2624 2395 2668 venatu
2450 2615 2777 2673 delectatum
2837 2635 2977 2686 esse,
3012 2631 3087 2686 et,
3122 2624 3166 2678 si
3205 2640 3314 2695 quo
3359 2627 3488 2695 iret,

1905 2699 2162 2768 depositis
2186 2705 2428 2760 veStibus
2459 2707 2814 2772 monachicis,
2830 2713 3100 2779 pretiosas
3125 2714 3291 2782 pelles
3313 2717 3485 2783 indui,

1904 2800 1958 2842 et
1983 2789 2357 2847 calamaucum
2411 2794 2493 2849 vel
2534 2797 2957 2864 camelaucium,
2988 2801 3113 2870 pilei
3161 2818 3352 2875 genus,
3390 2822 3494 2878 pro

1904 2879 2106 2948 capitio
2154 2882 2317 2951 capiti
2362 2884 2643 2954 imponere
2690 2891 3040 2947 consuevisse
3071 2908 3087 2958 ;
3121 2902 3253 2949 .tum
3298 2898 3490 2953 addit?

1911 2986 1931 3020 ι
1961 2970 2200 3040 Subjecti
2233 2975 2399 3029 etiam
2428 2977 2628 3047 quique
2669 2993 2767 3048 pro
2794 2996 2952 3049 posse
2975 2993 3031 3036 et
3063 2984 3163 3054 ipsi
3194 2986 3383 3043 eadem
3410 3004 3495 3045 se-

1906 3061 2215 3117 ctabantur.
2242 3063 2342 3120 llic
2368 3081 2488 3122 mos
2532 3084 2563 3123 a
2587 3071 2797 3126 cunctis
2842 3074 3126 3131 monachis
3167 3078 3318 3147 regni
3349 3079 3491 3134 illius

210 3167 449 3238 appellat
474 3141 795 3239 magistrum
820 3183 974 3225 suum
987 3141 1308 3224 Gerbet'tum
1327 3141 1801 3224 liotbertusFran-

1912 3150 2193 3217 agebatur.
2229 3173 2246 3206 ι
2286 3155 2592 3214 Willelmus
2621 3162 2712 3231 qui
2740 3162 2908 3219 abbas
2936 3141 3280 3224 Divionensis
3312 3186 3495 3224 mona-

211 3274 403 3314 eorum
430 3274 546 3324 rex,
574 3269 857 3330 propterea
882 3262 1024 3331 quod
1050 3274 1201 3316 more
1227 3258 1611 3330 Egyptiorum
1634 3271 1808 3316 astro-

212 3349 357 3419 logia
416 3359 471 3403 et
521 3350 908 3404 mathematica
969 3350 1184 3404 enituit.
1238 3350 1601 3421 Astrologiam
1660 3351 1804 3405 enim

213 3437 462 3507 Egyptii
518 3437 775 3493 diuturna
822 3438 1204 3493 observatione
1248 3438 1489 3494 siderum
1536 3440 1809 3495 invenisse

209 3538 267 3581 et
294 3529 573 3583 consecuti
614 3543 737 3583 esse
781 3537 1061 3599 putantur,
1094 3535 1155 3583 ut
1200 3527 1391 3583 Cicero
1420 3529 1474 3583 in
1532 3528 1667 3584 libro
1696 3545 1713 3583 ι
1741 3530 1807 3584 de

210 3618 580 3684 Divinatione,
620 3618 826 3674 Plinius
882 3619 936 3672 in
968 3618 1092 3674 libri
1123 3635 1221 3685 vn,
1279 3616 1459 3688 capite
1509 3618 1600 3685 56,
1648 3629 1807 3675 cane-

209 3709 372 3779 rique
424 3708 645 3765 docent.
701 3708 828 3765 Haec
877 3719 962 3765 est
1018 3711 1324 3767 certissima
1380 3710 1807 3780 lelicissimaque

210 3814 409 3853 versus
452 3798 811 3855 Adalberonis
833 3799 1125 3869 expositio,
1156 3800 1223 3855 ad
1271 3814 1433 3870 quam
1466 3800 1585 3856 sine
1612 3801 1803 3871 adjun~

213 3900 306 3944 cta
334 3890 575 3960 magistri
620 3889 983 3959 appellatione
1014 3891 1239 3946 minime
1279 3890 1567 3961 pervenire
1595 3893 1805 3962 potuis-

213 3997 353 4035 sem.
384 3979 679 4036 Rotbertus
708 3982 875 4052 igitur
903 3982 1135 4051 plurima
1182 3997 1242 4038 se
1272 3998 1301 4037 a
1329 3983 1582 4053 magistro
1603 3999 1700 4040 suo
1725 3984 1806 4040 di-

217 4071 421 4126 dicisse
441 4071 517 4125 ait
541 4084 557 4124 :

215 4163 465 4233 (Labitur
489 4163 614 4217 aula
636 4163 791 4218 tltolis
821 4165 1004 4219 rutilat
1035 4181 1153 4237 qua:
1174 4164 1447 4235 splendida
1465 4166 1670 4239 fulvis.)

295 4253 399 4309 Ubi
451 4256 649 4309 labitur
677 4254 803 4308 aula
851 4271 970 4325 qua:
998 4257 1153 4325 fulvis
1181 4255 1337 4310 tholis
1366 4257 1643 4326 splendida
1674 4258 1806 4312 ruti-

213 4349 293 4402 lat
319 4363 339 4411 ;
366 4346 469 4402 boc
486 4356 570 4403 est
615 4348 797 4402 Remis
822 4348 879 4401 in
921 4347 1103 4402 schola
1131 4348 1387 4404 Remensi
1415 4351 1665 4419 proxima
1692 4351 1807 4408 Ma-
1836 4332 1847 4354 ³

210 4446 320 4515 jori
351 4446 501 4502 urbis
530 4446 811 4512 Ecclesiaz,
863 4460 985 4515 qua:
1014 4446 1159 4503 tholo
1188 4447 1406 4517 quidem
1443 4448 1696 4505 inaurato
1722 4452 1804 4505 ni-

1907 3241 2058 3294 sterii
2084 3241 2268 3298 Sancti
2298 3244 2522 3318 Benigni
2557 3265 2701 3306 anno
2727 3252 2834 3307 990
2864 3252 3038 3309 factus
3058 3267 3145 3312 est
3165 3274 3195 3312 a
3233 3260 3490 3318 Brunone

1905 3330 2214 3403 Lingonicae
2244 3336 2500 3395 Ecclesia:
2542 3328 2821 3415 episcopo,
2874 3348 3141 3418 regularis
3177 3353 3301 3409 vitae
3328 3355 3493 3411 disci-

1905 3426 2277 3497 plinam,qu:n
2325 3430 2439 3500 jam
2483 3447 2623 3504 pene
2655 3438 2932 3495 deciderat
2974 3455 3072 3511 per
3104 3453 3354 3502 veterum
3396 3466 3493 3505 ne-

1907 3517 2245 3587 gligentiam,
2270 3532 2435 3590 prout
2463 3525 2656 3583 beatus
2680 3528 3007 3608 Benedictus
3037 3548 3159 3590 eam
3189 3541 3494 3608 composuit

1906 3607 1960 3661 in
1985 3608 2276 3678 pristinum
2306 3622 2507 3669 statum
2546 3606 2869 3689 corrigendo
2910 3615 3259 3694 restauravit,
3289 3606 3353 3684 ac
3391 3646 3488 3701 per

1906 3698 2153 3756 diversas
2194 3706 2381 3759 mundi
2409 3716 2593 3775 partes
2634 3724 2735 3780 per
2760 3711 2917 3781 plura
2964 3719 3318 3787 monasteria,
3353 3698 3495 3778 areo

1904 3788 2079 3858 galati
2112 3794 2328 3847 tramite
2353 3795 2527 3860 devia,
2557 3807 2666 3875 tam
2695 3814 2793 3869 per
2816 3817 2877 3858 se
2902 3818 3064 3874 quam
3088 3822 3186 3876 per
3210 3824 3337 3866 suos
3356 3828 3492 3881 quos

1907 3881 2134 3937 abbates
2189 3885 2560 3956 ordinaverat,
2592 3894 2895 3950 monastieo
2922 3898 3099 3952 ordini
3128 3901 3389 3970 subdidit,
3433 3914 3495 3961 ut

1906 3971 1959 4024 in
2004 3973 2277 4032 Chronico
2321 3977 2660 4051 Benigniano
2690 3984 2953 4056 scriptum
2989 3991 3279 4060 reperitur.
3326 3994 3496 4050 Addi:

1907 4071 2099 4119 auctor
2119 4065 2377 4122 Cbronici
2424 4070 2583 4141 hujus
2629 4077 2964 4132 monasteria
2992 4077 3351 4149 Gemcticum,
3384 4083 3492 4141 Be-

1905 4169 2119 4222 suense,
2152 4159 2590 4232 Rotliomagense
2640 4164 2829 4223 Sancti
2877 4169 3143 4237 Audoeni,
3178 4168 3361 4231 Sancti
3388 4176 3489 4232 Mi-

1905 4245 2109 4303 chaelis
2138 4250 2452 4321 archangeli
2499 4254 2554 4308 in
2587 4266 2790 4322 monte,
2845 4258 3031 4315 Sancti
3082 4261 3341 4319 Germani
3390 4267 3492 4322 Pa-

1907 4337 2071 4403 risiis,
2100 4339 2285 4397 Sancti
2317 4342 2550 4400 Faronis
2575 4346 2783 4414 Meldis,
2813 4349 3001 4407 Sancti
3031 4354 3238 4410 Arnulli
3285 4356 3489 4425 Mettis,

1907 4430 2159 4485 Gorziam
2217 4448 2454 4505 quoque,
2511 4447 2567 4493 et
2612 4437 2864 4497 Tullense
2914 4442 3100 4499 Sancti
3143 4447 3274 4517 Apri
3309 4464 3493 4506 emno-

217 4509 322 4602 ίει,
363 4545 634 4594 γεωδαιιο
660 4509 842 4593 ιθηιέη
881 4509 1118 4601 Ῑεώίιιη..
1148 4509 1243 4594 ερῇ
1288 4540 1502 4594 ruinam
1540 4542 1798 4597 mimum
1830 4509 1881 4570 D
1908 4520 2081 4585 bium,
2109 4523 2325 4593 aliaque
2348 4527 2397 4580 ei
2447 4529 2767 4597 corrigenda
2792 4538 2847 4585 et
2886 4533 2939 4586 in
2971 4536 3216 4591 ordinem
3249 4542 3490 4611 cogenda

215 4625 423 4683 Tholus
449 4636 533 4683 est
567 4627 898 4683 testitudinis
934 4627 1224 4683 umbilicus
1263 4643 1329 4684 ae
1370 4629 1535 4685 veluti
1588 4640 1800 4687 scutum

215 4715 397 4771 media
430 4717 484 4771 in
532 4717 785 4784 ecclesia,
840 4733 951 4789 quo
978 4717 1160 4772 trabes
1207 4732 1397 4774 omnes
1425 4722 1797 4777 conveniunt:

213 4807 303 4864 vel
336 4808 388 4861 in
415 4808 593 4863 media
639 4808 823 4878 templi
860 4817 957 4864 aut
990 4808 1236 4863 ecclesiae
1292 4824 1507 4865 camera
1541 4810 1690 4866 locus
1716 4813 1801 4868 cui

216 4898 360 4953 dona
388 4896 547 4951 allisa
584 4899 825 4968 pendent
845 4898 932 4953 vel
958 4898 1326 4952 anathemata.

291 4987 407 5059 (57)
439 4987 548 5043 Per
586 4998 763 5057 partes
784 4989 1031 5043 scindunt
1063 4998 1249 5043 vestem
1283 5005 1441 5060 quam
1471 4992 1684 5062 quisque
1730 5004 1805 5048 te-

1527 5084 1722 5156 [nebat

290 5168 419 5225 Hazc
458 5168 715 5225 videntur
742 5169 946 5241 scripta
982 5184 1105 5226 esse
1136 5170 1206 5225 ab
1232 5171 1577 5228 Adalberone
1601 5176 1668 5229 de
1691 5191 1807 5229 mo-

214 5259 410 5314 nachis
453 5258 924 5323 Cluniacensibus,
974 5258 1044 5314 ab
1089 5258 1315 5317 Odilone
1351 5261 1419 5314 ad
1480 5262 1801 5319 Rotbertum

219 5364 402 5419 regem
438 5348 774 5404 Francorum
804 5350 1023 5420 petendi
1058 5351 1269 5405 consilii
1314 5351 1610 5421 auxiliique
1641 5369 1803 5410 causa

216 5441 402 5497 missis
427 5441 542 5512 qui,
587 5450 876 5512 postquam
920 5441 1174 5513 princeps
1218 5443 1499 5512 legationis
1533 5443 1693 5498 tinem
1730 5445 1808 5499 lo-

216 5532 419 5600 quendi
456 5531 606 5597 fecit,
652 5533 720 5587 ad
767 5532 1073 5588 testandum
1122 5532 1361 5589 dolorem
1406 5548 1584 5599 suum,
1636 5543 1689 5589 et
1738 5535 1806 5590 ad

219 5624 673 5679 commovendum
700 5638 906 5695 regem,
949 5633 1153 5680 vestem
1193 5624 1425 5695 quisque
1455 5640 1609 5681 suam
1639 5626 1804 5682 disci-

218 5714 422 5768 derint.

1908 4624 2029 4665 esse
2059 4614 2366 4668 commissa.
2404 4615 2606 4672 Glaber
2657 4618 2923 4675 Rodullus
2963 4624 3029 4695 de
3056 4626 3347 4695 episcopis,
3394 4631 3492 4685 ab-

1903 4698 2139 4763 batibus,
2166 4704 2383 4759 clericis
2411 4715 2468 4760 et
2515 4711 2799 4764 monachis
2825 4710 2943 4778 ejus
2971 4691 3148 4770 uitat—is
3176 4691 3256 4771 sic
3297 4691 3490 4777 scribit

1905 4788 1957 4842 in
1984 4789 2104 4844 libri
2145 4807 2183 4844 ιι
2209 4793 2385 4861 capite
2410 4794 2471 4847 6:
2495 4813 2514 4846 ‹
2544 4796 2983 4869 Quandocunque
3005 4803 3150 4857 enim
3179 4804 3379 4862 defecit
3405 4826 3491 4865 re-

1906 4879 2167 4951 ligiositas
2205 4884 2542 4952 pontiﬁcum,
2578 4902 2643 4943 ac
2678 4892 2969 4945 marcescit
3016 4893 3290 4954 districtio
3333 4913 3491 4973 regu-

1912 4970 2046 5028 laris
2095 4972 2375 5041 abbatum,
2433 4977 2704 5049 simulque
2749 4986 3150 5042 monasterialis
3198 4970 3493 5062 disciplinas

1915 5064 2069 5134 vigor
2096 5066 2348 5135 tepescit,
2379 5082 2443 5123 ac
2467 5082 2567 5138 per
2590 5069 2803 5127 illorum
2834 5076 3082 5145 exempla
3110 5088 3308 5135 caetera
3339 5082 3492 5150 plebs

1855 5206 1871 5216 ,
1915 5157 2294 5211 mandatorum
2322 5157 2418 5214 Dei
2458 5163 2864 5230 prtevaricatrix
2901 5167 3127 5222 exstitit.
3156 5168 3297 5237 Quid
3346 5172 3493 5231 aliud

1914 5264 2076 5318 quam
2104 5258 2278 5305 totum
2304 5253 2467 5308 simul
2497 5255 2792 5311 humanum
2827 5273 2997 5329 genus
3048 5277 3263 5318 rursum
3314 5266 3366 5322 in
3396 5283 3493 5324 an-

1917 5346 2121 5413 tiquum
2155 5348 2441 5417 prtrcipitii
2470 5349 2635 5406 chaos
2656 5349 2896 5406 illabitur
2917 5353 2940 5407 ?
2960 5373 2981 5407 ι
3016 5355 3158 5410 Idem
3183 5358 3233 5412 in
3258 5358 3396 5415 libro
3423 5363 3492 5418 de

1914 5437 2025 5492 vita
2060 5436 2313 5494 Willelmi
2353 5441 2566 5495 abbatis
2591 5449 2647 5497 et
2666 5444 2972 5514 presbyteri
3005 5450 3171 5505 tradit
3215 5463 3493 5511 monaste-

1914 5526 2054 5579 rium
2103 5526 2289 5582 Saucti
2346 5529 2628 5586 Saturnini
2701 5534 3185 5602 ad'Rhodanum,
3244 5545 3495 5601 ctenobia

1914 5618 2283 5684 \‘izziaCense,
2319 5621 2708 5691 Fiscaunense,
2762 5628 3049 5697 Remeuse,
3102 5632 3490 5704 Melundeuse,

1912 5722 1967 5767 et
1988 5713 2159 5768 locum
2188 5714 2370 5769 Sancti
2411 5714 2685 5774 Michaelis
2724 5724 3052 5795 archangeli,
3087 5734 3267 5782 castro
3296 5726 3495 5786 Tertio-
