4032 6392
578 300 683 352 (607

1486 308 1552 362 ιΝ
1590 302 2070 360 ADALBEBONIS
2106 304 2406 360 EPISCOPI
2435 302 2930 367 ,LAUDUNE‘NSIS

3729 309 3824 364 838

575 405 710 456 (lore
739 384 1128 472 propinquum,
1155 402 1399 470 aliasque
1436 401 1656 456 cellulas
1685 398 1902 452 circiter
1927 398 2159 465 quadra-
2185 402 2233 458 Α
2264 412 2490 464 quorum
2527 411 2650 465 pars
2669 395 2779 464 jam
2825 397 2895 450 ibi
2940 406 3150 465 regnat,
3183 413 3309 466 pars
3342 397 3512 454 altera
3534 409 3656 470 post
3685 419 3824 457 mor-

576 502 723 569 ginla
756 504 961 553 rexisse
983 495 1338 556 Willelmum,
1365 501 1420 546 et
1447 493 1500 545 in
1529 491 1810 544 meliorem
1855 498 2054 543 statum
2097 503 2160 541 ac
2264 496 2390 547 tem,
2431 495 2522 539 aut
2551 495 2666 554 post
2702 487 2947 555 expiatas
2979 488 3099 557 igne
3125 487 3312 557 culpas
3340 501 3522 558 sperat
3550 506 3609 544 se
3640 493 3824 550 ibidem

577 593 698 644 vita:
717 590 963 643 ordinem
992 584 1310 660 restituisse.
1807 627 1812 633 .

575 679 690 747 (59)
730 675 858 746 Spes
894 675 1173 746 juvenum,
1215 653 1437 726 uentura
1460 670 1591 732 dies,
1615 671 1702 738 qui
1729 668 1928 720 discere
1951 653 2156 720 nolunt.

575 769 751 822 Causa
780 784 986 831 senum,
1014 767 1126 819 sine
1146 781 1235 832 spe
1257 763 1482 832 pueriles
1513 760 1758 829 plangere
1785 775 1985 813 cursus.

647 858 932 913 Descendit
977 871 1119 910 nunc
1146 856 1212 908 ad
1242 868 1469 925 gnomas
1499 850 1771 904 Adalbero
1819 863 2012 918 parum
2059 863 2156 902 co-

577 950 864 1003 luerenles.
910 947 1167 1012 Juvenes,
1215 945 1410 1013 inquit,
1461 941 1597 1012 pigri
1643 951 1700 994 et
1753 939 1995 1000 desides,
2055 953 2157 993 nec

577 1041 814 1094 discendi
843 1038 1044 1108 cupidi,
1077 1036 1205 1104 quia
1231 1036 1321 1090 diu
1348 1049 1407 1088 se
1435 1035 1676 1087 victuros
1702 1039 1944 1100 sperant,
1973 1029 2154 1083 studia

576 1129 880 1182 litterarum
921 1126 1176 1181 dilferttnt
1209 1126 1260 1178 in
1300 1123 1563 1176 futurum.
1615 1122 1685 1174 At
1731 1134 1910 1181 senes,
1959 1118 2156 1186 quibus

566 1222 826 1290 juventus
851 1219 968 1274 sine
993 1217 1188 1272 studiis
1209 1224 1400 1270 exacta
1421 1222 1526 1277 est,
1557 1228 1677 1267 cum
1699 1212 1812 1280 jam
1837 1209 2152 1264 diuturnam

573 1313 742 1364 vitam
796 1324 1020 1379 sperare
1077 1323 1184 1362 non
1240 1307 1471 1375 possint,
1527 1303 1955 1358 adolescentiam
2013 1301 2154 1356 male

576 1402 1014 1470 negligenterque
1049 1407 1382 1453 transactam
1412 1411 1533 1452 cum
1570 1395 1772 1464 gemitu
1807 1392 2150 1458 desiderant,

572 1500 626 1544 et
649 1491 820 1543 irritis
846 1490 987 1543 votis
1011 1498 1268 1544 revocant
1298 1487 1520 1542 minime
1545 1485 1866 1540 redituram.

573 1580 683 1650 (60)
724 1579 819 1634 Res
860 1578 1006 1634 Mala
1043 1593 1060 1631 :
1093 1578 1232 1648 quod
1271 1579 1380 1632 scio
1427 1575 1744 1645 defendunt;
1773 1572 1912 1644 quod
1956 1573 2150 1637 nescio,

1847 1664 2079 1737 [cedunt.

2271 584 2631 647 regnaturam.
2665 574 2723 630 Si
2744 593 2867 645 pars
2896 593 3119 646 regnans
3163 578 3461 633 referretur
3491 582 3557 633 ad
3592 585 3822 652 angelos,

2258 685 2382 736 pars
2425 685 2639 736 sperans
2687 668 2757 723 ad
2799 683 2990 724 omnes
3029 678 3314 736 mortales;
3355 672 3644 726 dicendum
3690 689 3826 730 es.~et

2260 759 2652 814 Adalberonem
2691 760 2989 816 credidisse
3027 761 3337 816 hominibus
3389 763 3705 817 christianis
3747 778 3821 818 at-

2257 866 2362 920 que
2397 851 2680 906 catholicis
2723 851 2827 905 nisi
2875 861 2998 920 post
3039 853 3180 908 diem
3217 852 3409 922 judicii
3450 854 3572 908 cceli
3623 865 3822 922 portam

2258 960 2362 998 non
2413 956 2601 1014 patere
2649 959 2663 998 :
2717 945 2860 1013 quod
2913 954 2971 1000 et
3023 946 3179 1000 multi
3239 945 3331 1000 alii
3391 946 3696 1009 credidere,
3738 946 3823 1001 sed

2256 1037 2412 1090 falso.

2257 1129 2368 1198 (67)
2409 1129 2524 1183 Rex
2555 1129 2835 1198 Augustini
2865 1127 3046 1191 libros,
3075 1130 3282 1193 dilecte,
3312 1130 3539 1183 reuolue.

2259 1217 2393 1272 Urbs
2424 1219 2630 1272 excelsa
2664 1218 2760 1272 Dei
2783 1235 2899 1289 qua:
2921 1221 2986 1273 sit
3015 1221 3212 1273 dixisse
3240 1219 3514 1289 probatur.

2327 1310 2532 1367 Dilecte
2560 1325 2678 1374 rex,
2722 1309 2892 1367 libros
2913 1299 3200 1382 Au'gustini
3227 1312 3296 1366 de
3327 1311 3561 1366 Civitate
3589 1311 3687 1367 Dei
3715 1327 3820 1382 per-

2254 1399 2398 1470 lege.

2256 1490 2364 1560 (68)
2394 1489 2539 1556 lnco,
2561 1506 2761 1560 precor,
2797 1490 2924 1544 mihi
2949 1490 3052 1554 die,
3078 1489 3296 1562 prtesul,
3319 1491 3409 1560 qui
3430 1489 3535 1543 sint
3563 1490 3641 1542 ibi
3673 1490 3820 1556 latus,

2255 1578 2439 1634 Princi
2463 1597 2635 1649 pares,
2667 1590 2714 1634 et
2737 1581 2783 1634 si
2807 1582 2896 1651 qui
2927 1591 3053 1635 sunt
3069 1591 3117 1635 et
3144 1582 3199 1634 in
3225 1581 3408 1634 ordine
3428 1590 3608 1650 palus.

2318 1672 2431 1727 Rex
2463 1671 2856 1727 Adalbcronem
2881 1673 3182 1744 interrogat
3210 1672 3301 1741 qui
3329 1671 3624 1735 incolatus,
3651 1681 3707 1722 et
3743 1670 3822 1740 qui

637 1759 789 1826 Quod
832 1759 967 1822 scio,
1022 1759 1180 1828 vulgo
1238 1758 1561 1829 prohibetur
1617 1767 1672 1812 et
1719 1765 1972 1820 velatur;
2007 1755 2149 1825 quod

2253 1763 2594 1834 principatus
2622 1777 2781 1832 pares
2807 1763 2856 1816 in
2881 1762 3100 1817 civitate
3130 1759 3225 1816 Dei
3255 1760 3339 1816 sui
3373 1761 3424 1814 in
3459 1759 3671 1815 caelesti
3713 1759 3827 1813 Hie-

572 1853 778 1913 nescio,
801 1851 1156 1920 permittitur,
1178 1864 1276 1918 pro
1297 1849 1562 1920 permisso
1579 1850 1826 1910 habetur,
1850 1849 1904 1901 in
1927 1863 2026 1902 usu
2046 1854 2147 1900 est.

2253 1850 2488 1907 rusalem
2537 1853 2645 1906 sint
2692 1861 2749 1906 et
2789 1861 3072 1907 vocentur.
3098 1851 3313 1908 Gaudet
3341 1860 3523 1905 autem
3556 1850 3716 1904 tmesi
3741 1862 3824 1917 per

577 1943 668 1996 Sic
711 1943 872 2012 vulgo
901 1943 1169 2012 hodieque
1202 1942 1477 2010 defendere
1501 1941 1732 1995 dicimus
1767 1955 1866 2010 pro
1887 1948 2070 1993 vetare
2099 1949 2153 1993 et
2247 1941 2433 2011 jocum
2461 1941 2750 2003 Adalbero,
2782 1949 2842 1994 ut
2868 1955 3032 2010 supra
3060 1958 3073 1994 :

574 2033 823 2087 inhibere
869 2032 1136 2100 defendre.
1188 2031 1632 2102 Superscriptum
1682 2038 1805 2086 erat
1855 2029 1909 2083 in
1961 2028 2151 2083 codice

572 2123 764 2175 eodem
793 2136 953 2175 sensu
980 2139 994 2173 :

573 2233 672 2288 Res
701 2234 844 2288 mala
870 2249 889 2286 :
911 2235 1050 2297 qued
1087 2235 1194 2288 scio
1217 2235 1544 2304 fdespiciunt,
1586 2233 1725 2304 quod
1769 2232 1960 2295 nescio,
2003 2247 2149 2300 qua:-

1915 2320 2081 2392 [runt.

575 2417 688 2487 (6i)
720 2418 822 2471 Aut
859 2419 990 2487 regis
1015 2419 1211 2471 cineres
1235 2427 1324 2470 aut
1357 2426 1559 2470 nostras
1583 2415 1722 2484 ﬂabo
1774 2411 2052 2466 Camenas.

647 2509 1025 2566 Libentissima
1066 2509 1417 2564 eutandarem
1465 2518 1674 2562 nostras
1715 2505 1856 2576 [labe
1887 2521 2153 2572 camenas,

574 2605 678 2658 nisi
715 2615 1036 2672 sequeretur
1069 2617 1084 2655 :
1116 2603 1160 2657 si
1192 2602 1374 2658 Musas
1403 2602 1667 2656 celebres.

575 2694 781 2766 (62),δὶ
813 2694 998 2748 Musas
1025 2693 1268 2757 celebres,
1298 2693 1522 2747 clament
1549 2693 1796 2746 musarde
1816 2691 2081 2746 sacerdos.

645 2785 762 2840 ilex
809 2786 1050 2856 loquitur
1091 2793 1146 2839 et
1172 2785 1248 2838 ait
1275 2784 1675 2838 Adalberonem
1718 2782 2053 2851 episcopum,
2107 2779 2153 2833 si

578 2876 780 2940 Musas,
813 2891 907 2931 seu
932 2876 1164 2938 litteras,
1191 2873 1354 2939 colat,
1380 2873 1618 2928 clamore
1648 2872 1985 2926 indoctorum
2016 2869 2157 2923 litte-

581 2982 669 3022 ras
691 2967 1153 3022 contemnentium
1181 2965 1491 3020 musardum
1516 2965 1840 3019 sacerdotem
1873 2970 2158 3016 contume-

578 3062 664 3117 liae
710 3076 871 3117 causa
913 3060 1239 3131 appellatum
1267 3059 1356 3113 iri.
1390 3057 1672 3127 Hodieque
1701 3055 1933 3110 otiosum
1961 3061 2017 3108 et
2036 3066 2154 3108 ces-

578 3162 818 3208 sutorem
856 3151 1162 3206 musardum
1199 3163 1490 3213 vocamus;
1524 3146 1739 3201 musard
1764 3159 1782 3198 :
1807 3145 1938 3200 item
1961 3160 2154 3210 muser,

580 3255 639 3297 ut
667 3241 923 3298 Germani
951 3257 1155 3304 musen,
1185 3239 1416 3295 dicimus
1436 3237 1598 3294 otiari

581 3334 696 3402 (65)
745 3331 960 3386 Persius
987 3331 1268 3400 indignans
1292 3338 1492 3398 promet
1517 3337 1627 3381 tum
1652 3326 1800 3381 lusca
1822 3325 2086 3380 sacerdos.

655 3423 710 3475 In
745 3421 916 3476 Persii
948 3429 1130 3490 satyra
1162 3417 1215 3482 5,
1246 3432 1434 3472 versus
1463 3418 1550 3472 hic
1577 3425 1700 3472 est:

586 3513 722 3567 llinc
750 3513 974 3584 grandes
999 3510 1159 3575 Galli,
1191 3519 1237 3563 et
1270 3526 1386 3562 cum
1411 3509 1569 3563 sistro
1592 3507 1740 3562 lusca
1760 3507 2024 3571 sacerdos,
2049 3515 2155 3561 etc.

652 3605 898 3659 Persium
928 3603 1196 3658 Adalbero
1234 3601 1525 3672 diligenter
1553 3600 1791 3670 legerat;
1832 3614 1958 3653 nam
1987 3607 2042 3654 et
2069 3613 2161 3654 su-

583 3697 764 3764 perior
792 3709 982 3748 versus
1007 3711 1018 3744 :

583 3786 791 3856 Jupiter
818 3785 905 3838 ille
929 3784 1062 3836 duos
1087 3791 1324 3837 numerat
1355 3780 1570 3836 meliore
1591 3779 1808 3851 lapillo;

650 3879 714 3932 Et
741 3877 828 3931 nic
849 3875 987 3930 alter
1011 3889 1026 3927 :

584 3968 812 4024 Dissutis
836 3965 1012 4028 malis,
1044 3964 1231 4034 ﬂatum
1257 3961 1538 4032 pugnando
1575 3961 1755 4031 rejeci,

658 4057 890 4112 Dimidia
913 4071 981 4111 ex
1002 4064 1159 4124 parte
1184 4064 1311 4110 sunt
1338 4052 1534 4117 Persii,
1562 4053 1712 4122 prior
1737 4065 1806 4107 ex
1826 4061 2012 4123 satyra
2033 4050 2068 4104 2
2091 4050 2160 4106 de

585 4150 724 4204 bona
750 4155 932 4201 mente
959 4147 1026 4200 ad
1052 4145 1300 4200 Pbotium
1328 4143 1628 4198 Macrinum
1654 4161 1666 4195 :

587 4237 766 4302 Hunc,
791 4236 1049 4301 Macrine,
1089 4237 1226 4290 diem
1250 4251 1468 4289 numera
1497 4233 1711 4288 meliore
1741 4229 1946 4302 lapillo.

658 4328 930 4384 Posterior
953 4341 1019 4383 ex
1039 4341 1096 4381 sa
1107 4335 1225 4397 tyra
1254 4327 1311 4392 3,
1336 4340 1457 4394 quae
1476 4323 1777 4395 increpatio
1807 4322 2031 4379 desidiae
2053 4331 2156 4378 est.

586 4421 784 4476 Oscitat
815 4423 1109 4474 hesternum
1138 4417 1353 4472 dissutis
1377 4417 1606 4486 undique
1633 4414 1806 4469 malis.

655 4513 807 4575 item,
832 4509 989 4574 infra,
1017 4524 1070 4562 v.
1093 4507 1197 4563 200
1222 4525 1237 4562 :
1270 4505 1421 4564 Scire
1443 4521 1616 4560 meum
1642 4504 1772 4559 nihil
1793 4512 1890 4570 est,
1912 4500 2158 4559 hemisti-

581 4605 765 4659 chium
798 4601 1115 4656 Persianum
1143 4609 1246 4655 est.

587 4695 698 4765 (64)
740 4683 1076 4762 Ρτοερεναίἰ
1109 4690 1202 4746 tibi
1231 4687 1375 4754 sunt,
1404 4703 1507 4744 non
1538 4688 1725 4743 twdeat
1747 4687 1844 4741 hoc
1873 4686 2153 4741 reminisci.

661 4787 1095 4857 Superscriptum
1147 4790 1264 4838 erat
1315 4781 1384 4835 ab
1429 4779 1790 4843 Adalberone,
1848 4779 2157 4834 contumaci

583 4881 788 4951 syllaba
819 4879 968 4934 brevi
1009 4876 1211 4931 frustra
1257 4882 1614 4946 repugnante,
1657 4873 1829 4944 pigeat
1872 4875 1970 4927 hoc
2009 4872 2160 4927 remi-

587 4972 760 5026 uisci?

586 5061 700 5131 (ϋό)
743 5057 955 5114 Partem
981 5071 1202 5125 namque
1225 5055 1333 5120 sui,
1359 5070 1478 5125 qua:
1501 5069 1626 5122 pars
1648 5051 1908 5121 sapientia
1930 5067 2072 5105 vera.

659 5150 1130 5221 Superscripserat
1149 5146 1418 5201 Adalbero
1444 5163 1456 5198 :

586 5243 735 5297 Dans
755 5238 1094 5304 intellectum,
1123 5253 1242 5309 quia
1267 5237 1334 5290 sit
1359 5233 1616 5306 sapientia
1640 5248 1779 5287 vera.

587 5331 700 5400 (66)
746 5329 958 5387 Civibus
1005 5328 1294 5400 angelicis,
1345 5326 1618 5381 hominum
1676 5323 1900 5376 struitur
1953 5333 2160 5393 quoque

1855 5409 2091 5482 [turmis.

591 5509 728 5564 Pars
755 5507 1000 5580 quadam
1027 5516 1242 5578 regnat;
1265 5506 1510 5578 quadam
1532 5519 1656 5575 pars
1685 5502 1854 5558 altera
1873 5511 2070 5570 sperat.

664 5599 788 5655 Haec
825 5597 1160 5653 Hierusalem
1211 5597 1449 5652 caelestis
1473 5610 1503 5650 a
1530 5596 1642 5650 Deo
1670 5602 1944 5649 exstructa
1975 5601 2079 5656 est,
2105 5602 2165 5646 ut

592 5689 661 5744 ab
709 5687 914 5759 angelis
951 5695 1007 5742 et
1051 5687 1118 5742 ab
1164 5686 1472 5742 hominibus
1527 5700 1744 5757 quoque
1790 5682 2158 5739 incoleretur:

2253 2031 2416 2088 Sarra
2446 2033 2599 2086 nimis
2624 2049 2746 2103 gens
2778 2049 3027 2087 cenarum
3053 2031 3116 2087 de
3143 2048 3287 2086 more
3319 2031 3544 2101 petulea.

2209 2121 2367 2192 ,(69)
2425 2122 2616 2187 Quazre
2670 2121 2984 2192 Dionysium
3047 2123 3138 2192 qui
3206 2123 3402 2176 dicitur
3461 2122 3821 2192 Areopagita:

2252 2211 2354 2265 Ille
2377 2212 2507 2265 duos
2533 2227 2688 2280 super
2713 2212 2794 2265 Itis
2819 2211 3040 2266 desudat
3065 2212 3292 2266 scribere
3319 2211 3514 2266 libros.

2324 2300 2612 2370 Dionysius
2658 2301 2749 2370 qui
2797 2302 3124 2373 Areopagita
3175 2317 3207 2357 a
3256 2301 3533 2372 plerisque
3573 2305 3669 2356 sed
3702 2301 3823 2355 falso

2253 2389 2472 2454 dicitur,
2500 2389 2567 2444 de
2605 2389 2812 2445 ctelesti
2838 2390 3154 2446 Hierarchia
3186 2390 3380 2444 librum
3412 2392 3654 2460 capitum
3679 2391 3825 2461 quin-

2255 2479 2452 2544 decim,
2497 2490 2554 2536 et
2599 2479 2832 2535 alterum
2880 2483 2948 2536 de
2996 2480 3202 2536 Divinis
3243 2481 3567 2537 Nominibus
3597 2484 3824 2553 capitum

2257 2570 2514 2624 tredecim
2556 2571 2878 2640 composuit.
2928 2570 2991 2625 Hi
3040 2581 3167 2626 sunt
3201 2573 3306 2627 duo
3333 2572 3478 2636 libri,
3512 2587 3652 2640 quos
3677 2572 3826 2626 Adal-

2256 2659 2388 2714 bero
2428 2659 2700 2729 designat,
2731 2668 2838 2714 eta
2870 2661 3127 2732 Dionysio
3180 2661 3412 2731 scriptos
3460 2676 3588 2716 esse
3633 2661 3823 2716 tradit:

2256 2764 2419 2819 quem
2451 2764 2574 2804 cum
2614 2750 2765 2804 addit
2804 2749 3173 2821 Areopagitam
3211 2750 3338 2818 dici,
3395 2751 3675 2820 vulgarem
3722 2749 3826 2820 opi-

2256 2840 2476 2894 nionem
2503 2839 2617 2909 jam
2653 2848 2780 2894 ante
2819 2855 2990 2894 annos
3025 2849 3240 2895 centum
3273 2849 3328 2894 et
3359 2841 3644 2908 sexaginta
3691 2839 3826 2894 inva-

2231 2931 2556 2985 'lcscentem
2597 2930 2766 2985 relert
2798 2931 2972 3003 magis
3005 2946 3170 3001 quam
3211 2945 3312 3002 pro
3357 2946 3489 2986 vera
3535 2931 3700 2988 habet
3742 2940 3828 2986 aut

2262 3027 2454 3080 credit.

2183 3106 2228 3167 C
2260 3119 2373 3190 ('70)
2415 3116 2625 3172 Prcsul
2655 3126 2702 3172 et
2730 3117 2820 3172 ille
2844 3133 2995 3172 sacer
3018 3116 3253 3189 loquitur
3281 3113 3565 3186 Gregorius
3589 3117 3733 3183 inde,

2259 3213 2360 3267 Job
2388 3227 2590 3282 magna:
2618 3219 2858 3265 scrutans
2882 3210 3006 3279 ﬁdei
3028 3208 3250 3263 moralia
3280 3209 3431 3279 regis.

2328 3303 2584 3376 Gregorii
2618 3318 2791 3374 papae,
2838 3316 2999 3373 quem
3047 3301 3208 3373 vulgo
3256 3299 3508 3371 Magnum
3556 3304 3831 3371 cognomi-

2261 3404 2414 3462 nant,
2452 3402 2507 3448 et
2547 3393 2639 3462 qui
2682 3393 2889 3463 primus
2923 3407 2988 3446 eo
3021 3392 3238 3446 nomine
3280 3391 3538 3446 Romanae
3583 3392 3834 3448 Ecclesia

2259 3489 2499 3560 praefuit,
2553 3495 2682 3542 sunt
2732 3486 2947 3540 moralis
2985 3484 3348 3555 Expositionis
3392 3485 3449 3538 in
3487 3482 3558 3537 B.
3588 3485 3694 3539 Job
3721 3485 3834 3538 libri

2262 3593 2405 3632 xxxv
2426 3577 2492 3631 ad
2516 3575 2823 3630 Leandrum
2848 3574 3218 3643 Hispalensem
3243 3573 3579 3643 episc0pum.
3609 3573 3834 3636 Horatia

2259 3667 2587 3723 Adalberoni
2640 3675 2695 3721 et
2719 3665 2904 3721 multis
2936 3658 3055 3721 aliis
3089 3665 3195 3720 dici
3227 3665 3382 3720 video
3407 3665 3547 3719 hanc
3574 3666 3834 3719 moralem

2259 3760 2673 3829 expositionem.
2723 3758 2861 3813 Sunt
2911 3759 3152 3828 ejusdem
3197 3757 3254 3812 in
3310 3757 3657 3813 Ezechielem
3707 3773 3834 3828 pro-

2259 3851 2480 3920 phetam
2520 3849 2878 3904 Homiliarum
2906 3849 3098 3919 viginti
3131 3849 3238 3902 duo
3280 3847 3405 3902 libri
3447 3849 3514 3902 ad
3559 3848 3837 3903 Martinia-

2262 3957 2390 3996 num
2414 3941 2726 4010 episcopum
2764 3938 3058 3994 Ravennte.
3091 3937 3412 4008 Utrobique,
3438 3939 3513 3992 ait
3536 3939 3834 4004 Adalbero,

2259 4031 2581 4100 Gregorium
2621 4043 2820 4100 papam
2857 4029 2924 4084 de
2961 4027 3195 4084 Civitate
3234 4028 3353 4094 Dei,
3389 4043 3484 4084 seu
3527 4027 3597 4083 de
3625 4029 3834 4084 caelesti

2262 4117 2618 4182 Hierusalem,
2662 4124 2718 4172 et
2753 4118 2819 4170 de
2845 4114 3168 4170 incolatibus
3194 4113 3702 4185 principatibusque
3726 4116 3835 4182 ejus

2263 4212 2568 4284 scripsisse.
2612 4209 2869 4281 Loquitur
2909 4207 3194 4279 Gregorius
3231 4208 3388 4272 inde,
3432 4210 3538 4264 hoc
3567 4219 3677 4274 est,
3708 4209 3835 4264 Gre-

2261 4302 2448 4372 gorius
2481 4301 2548 4357 de
2569 4315 2636 4357 ea
2670 4316 2730 4357 re
2760 4301 2997 4371 scripsit,
3039 4300 3104 4356 S.
3151 4297 3399 4371 Gregoire
3439 4315 3504 4354 en
3549 4301 3720 4370 parte.
3762 4300 3832 4354 lts

2262 4396 2533 4466 hodieque
2567 4393 2726 4464 vulgo
2756 4393 3050 4465 loquimur.

2265 4507 2376 4580 (7|)
2420 4505 2591 4572 Idem,
2621 4520 2912 4560 sermonem
2935 4505 3219 4574 complens,
3243 4505 3487 4574 explanat
3515 4517 3696 4574 aperte

2265 4598 2368 4652 Hic
2389 4609 2434 4653 et
2461 4595 2751 4651 Ezechielis
2780 4609 2936 4665 super
2957 4595 3037 4649 his
3061 4597 3114 4648 in
3143 4594 3247 4663 ﬁne
3269 4605 3506 4664 patenter
3529 4609 3549 4646 :

2267 4689 2316 4744 Η
2325 4706 2382 4744 oc
2410 4691 2582 4760 apices
2609 4689 2722 4758 ipso
2749 4704 2881 4758 quos
2912 4685 3089 4742 Gallia
3118 4687 3275 4740 dante
3298 4688 3504 4756 recepit.

2337 4780 2446 4837 Hos
2487 4781 2541 4836 in
2585 4779 2926 4836 Ezechielem
2967 4776 3320 4835 Homiliarum
3353 4779 3519 4833 libros
3545 4785 3689 4834 duos
3716 4781 3836 4835 dicit

2264 4873 2535 4928 Adalbero
2579 4871 2648 4926 ab
2693 4873 2812 4942 ipso
2855 4871 3122 4940 Gregorio
3175 4870 3369 4925 missos
3417 4879 3474 4925 et
3517 4871 3682 4926 datos
3727 4887 3834 4927 esse

2263 4963 2562 5020 Galliarum
2587 4961 2891 5032 episcopis;
2925 4961 3070 5030 quod
3101 4958 3229 5014 alibi
3260 4975 3366 5015 non
3392 4959 3518 5030 legi.

2265 5075 2402 5146 (72).
2433 5112 2450 5127 .
2478 5112 2494 5128 .
2527 5110 2544 5128 .
2577 5070 2867 5128 Disttnctus
2898 5073 3198 5142 disponitur
3218 5079 3347 5126 ordo
3369 5087 3622 5141 supernus
3647 5091 3668 5127 :

2266 5164 2432 5234 Cujus
2458 5163 2527 5216 ad
2551 5162 2822 5232 exemplar
2850 5171 3088 5217 terrenus
3112 5161 3286 5232 fertur
3309 5162 3510 5216 haberi.

2335 5277 2774 5348 Suoerscriptum
2803 5287 2926 5336 erat
2945 5319 2958 5333 .

2266 5394 2533 5474 Terrenus‘
2551 5398 2720 5464 tertur
2744 5393 3002 5448 discretus
3025 5391 3177 5463 cujus
3200 5392 3272 5446 ad
3296 5393 3483 5446 instar.

2336 5503 2437 5562 Ubi
2472 5503 2878 5560 observandum
2918 5513 3005 5559 est
3041 5502 3340 5572 saepissime
3364 5503 3419 5558 in
3448 5502 3555 5559 hoc
3594 5506 3827 5560 carmine

2269 5596 2470 5650 ordinis
2495 5593 2611 5648 ﬁeri
2641 5595 2974 5649 mentionem
2997 5593 3052 5647 in
3078 5592 3318 5649 secundo
3340 5607 3542 5647 versu:

2485 5721 2502 5738 .
2537 5723 2550 5737 .
2582 5721 2596 5736 .
2629 5724 2642 5737 .
2675 5722 2690 5739 .
2721 5681 2978 5739 Fratrum
3001 5682 3341 5739 Laudunicus
3367 5683 3518 5739 ordo.
