4032 6428
562 425 656 486 8H

1522 417 1999 477 ADALBERONIS
2035 418 2339 477 EPISCOPI
2383 420 2863 479 LAUDUNENSIS

3712 419 3812 477 δη

561 547 978 612 praeceptorum,
1003 536 1479 605 hortationumque
1529 541 1586 587 ct
1625 532 1973 587 consiliorum
2014 531 2141 599 qui~

2256 542 2297 586 at
2327 534 2455 588 dare
2494 550 2716 605 Operam
2755 533 2952 589 debent
2990 540 3049 587 ut
3089 533 3289 587 mortui
3324 531 3532 619 priinas
3591 528 3645 584 in
3690 533 3810 585 ι·αό

561 631 789 686 busdam
816 629 968 698 quasi
1019 626 1274 681 cauteriis
1307 633 1582 680 curarent.
1612 622 1727 677 Hoc
1747 623 1813 677 de
1835 621 1990 677 laicis
2015 635 2138 690 pec-

562 730 681 777 cata
709 734 806 774 sua
836 717 1242 773 conﬁtentibus.
1277 726 1331 769 et
1358 730 1386 767 a
1416 713 1728 783 presbytero
1764 711 2137 781 paenitentiam

563 810 954 882 accipientibus
991 806 1394 877 intelligendum
1424 813 1530 868 est,
1558 804 1609 856 ni
1644 802 1820 856 fallor.

564 904 677 975 (87)
705 902 950 974 Corporis
979 899 1066 953 ille
1088 900 1170 953 sui
1200 902 1579 951 sacramentum
1601 893 1873 964 sanguinis
1896 903 2051 963 atque

562 996 733 1050 Iussit
752 1010 856 1066 quo
885 991 1028 1047 solus
1055 997 1302 1045 tractaret
1332 990 1431 1042 rite
1459 988 1705 1042 sacerdos

560 1104 561 1107 ‘
632 1087 880 1143 Christus
897 1085 1057 1155 jussit
1104 1100 1205 1154 quo
1237 1081 1360 1153 [pro
1393 1080 1474 1154 ut]
1520 1078 1666 1135 solus
1714 1079 1992 1145 sacerdos,
2041 1093 2135 1134 seu

563 1178 864 1250 presbyter,
925 1177 1155 1244 corporis
1202 1184 1355 1243 atque
1397 1172 1668 1243 sanguinis
1705 1174 1789 1227 sui
1831 1187 2137 1228 sacramen-

563 1281 673 1323 tum
710 1269 807 1322 rite
843 1275 1110 1321 tractaret.

564 1360 676 1431 (88)
703 1358 938 1413 Maxima
971 1355 1226 1413 commisit
1256 1372 1384 1427 quos
1410 1372 1465 1410 se
1487 1364 1715 1409 tractare
1743 1356 1961 1427 rogat-it.

566 1468 575 1473 ‘
634 1452 871 1507 Haxima
919 1451 1175 1505 commisit
1208 1450 1286 1506 eis
1335 1449 1584 1505 Christus
1623 1467 1753 1520 quos
1795 1460 2025 1504 tractare
2080 1465 2139 1505 se

559 1544 763 1614 jussit,
814 1557 907 1597 seu
958 1542 1393 1613 presbyterorum
1454 1540 1575 1595 lidei
1617 1555 1825 1596 summa
1873 1539 2141 1596 commisit

565 1635 844 1706 mysteria,
893 1648 1122 1704 quorum
1185 1632 1433 1688 manibus
1483 1643 1888 1687 sacrosanctum
1944 1647 2140 1702 corpus

564 1740 722 1781 suum
776 1724 924 1796 tangi
983 1722 1417 1792 contrectarique
1466 1722 1665 1788 voluit,
1711 1722 1892 1791 jussit.
1926 1721 2139 1794 Rogare

564 1828 678 1872 tum
707 1832 803 1886 pro
827 1815 1016 1886 jubere
1061 1814 1290 1870 molliori
1333 1813 1500 1868 verbo
1545 1814 1815 1870 dicebant.
1847 1812 2012 1869 Jonas
2045 1814 2134 1884 qui

2239 628 2386 681 sedes
2413 629 2672 697 consequi
2707 636 3049 692 mereantur,
3072 641 3207 696 quas
3234 634 3441 681 certum
3484 631 3567 677 cst
3606 637 3709 676 non
3738 623 3810 676 ei.

2239 716 2427 787 gnitati
2457 717 2660 780 deberi,
2693 718 2786 772 sed
2820 717 3045 771 meritis.

2241 808 2351 879 (9i)
2382 807 2491 863 Hos
2521 810 2662 864 decet
2697 809 2959 881 evigilare,
2992 808 3119 863 cibis
3145 818 3193 863 et
3214 824 3429 878 parcere
3453 804 3660 868 multis,

2240 896 2347 950 Pro
2375 896 2551 966 populi
2581 915 2880 969 semperque
2909 900 3019 954 suis
3044 915 3196 953 orare
3220 900 3407 953 ruinis.

2310 987 2658 1060 Presbyter-os
2700 999 2756 1046 et
2782 991 3062 1061 episcopos
3109 990 3295 1057 decet,
3327 990 3498 1062 plebis
3536 989 3640 1046 sibi
3671 1002 3815 1066 corp-

2241 1080 2419 1134 missas
2458 1096 2644 1136 curam
2692 1096 2906 1152 gerere,
2954 1090 3011 1137 et
3064 1096 3282 1137 suorum
3335 1096 3645 1151 quemque,
3676 1069 3811 1137 velut

2238 1180 2486 1237 pastores
2518 1186 2775 1242 gregum,
2828 1171 3109 1244 inuigilare
3148 1171 3433 1238 eustoliz;
3469 1173 3661 1242 paucis
3684 1172 3812 1228 cibis

2238 1275 2359 1313 esse
2385 1271 2666 1316 contentos
2685 1301 2699 1326 ,
2730 1269 2784 1316 et
2806 1276 2904 1331 pro
2930 1262 3109 1332 populi
3131 1260 3339 1316 delictis
3367 1275 3431 1316 ac
3463 1263 3581 1317 suis
3609 1277 3813 1331 semper

2241 1350 2406 1404 Deum
2429 1366 2590 1407 orare
2622 1367 2687 1406 ac
2709 1352 3008 1421 deprecari.
3039 1350 3224 1406 Custos
3253 1361 3309 1407 et
3346 1351 3549 1406 sobrios
3579 1367 3677 1406 cos
3702 1367 3814 1406 esse

2238 1453 2510 1515 oportere,
2535 1461 2696 1516 supra
2719 1446 2858 1501 dixit
2897 1445 3189 1500 Adalbero.
3220 1444 3310 1500 Sic
3330 1445 3654 1499 Ammianus
3681 1443 3816 1497 Mar-

2238 1536 2463 1591 cellinus
2494 1537 2547 1592 in
2578 1537 2718 1591 libro
2743 1551 2890 1590 xxvn
2917 1535 3140 1598 scribit,
3169 1536 3440 1590 Antistites
3476 1534 3817 1605 provinciales

2237 1630 2487 1681 tenuitate
2507 1628 2692 1682 edendi
2719 1629 3054 1699 potandique,
3083 1629 3278 1682 vilitate
3306 1628 3465 1681 etiam
3495 1627 3821 1681 indumento-

2238 1735 2358 1771 rum
2399 1722 2772 1774 commendari.
2821 1720 2963 1775 Idem
3009 1728 3065 1774 et
3109 1718 3405 1789 Gregorius
3449 1718 3823 1774 Nazianzenus

2236 1808 2525 1878 episeOpus
2556 1810 2607 1864 in
2638 1809 2980 1864 Carminibus
3000 1808 3192 1879 pagina
3218 1809 3278 1863 Η
3314 1809 3499 1863 tradit.

564 1908 858 1965 Chlodovei
909 1907 1150 1983 Junioris
1193 1907 1532 1977 principatu,
1587 1916 1711 1961 ante
1748 1906 2140 1961 Adalbcronem
2174 1890 2215 1950 Β
2245 1897 2357 1970 (9ἓ)
2390 1894 2574 1952 Pauca
2601 1914 2756 1967 super
2790 1898 2990 1953 clericis
3012 1899 3147 1964 dixi,
3173 1899 3264 1952 sed
3290 1898 3445 1968 plura
3472 1896 3687 1967 reliqui.

566 2011 810 2058 nostrum
838 2001 994 2056 annis
1020 2000 1126 2056 550
1158 1998 1372 2066 ﬂoruit,
1409 2000 1462 2054 in
1517 1999 1656 2054 libro
1685 2000 1750 2054 de
1778 2000 1898 2056 Vita
1925 2000 2144 2054 Colum-

564 2091 692 2147 bani
715 2088 951 2155 abbatis,
972 2089 1041 2145 de
1061 2088 1404 2144 Brunicbilde
1428 2089 1480 2142 in
1504 2096 1750 2159 nepotem
1775 2104 1930 2144 suum
1964 2103 2144 2158 regem

566 2179 998 2235 Tlteodebertum
1025 2178 1294 2249 captivum
1323 2178 1577 2235 saaviente
1615 2179 1687 2233 ita
1728 2178 1894 2234 refert
1926 2197 1939 2233 :
1976 2178 2017 2233 Τ
2018 2181 2145 2233 [teo-

566 2269 832 2324 debertum
859 2268 979 2337 ﬁeri
1008 2268 1254 2324 clericum
1293 2269 1510 2338 rogavit,
1557 2284 1618 2321 ac
1651 2285 1754 2322 non
1800 2278 1914 2338 post
1956 2267 2145 2321 multos

567 2359 677 2412 dies
714 2358 869 2426 impie
907 2357 1062 2412 nimis
1088 2368 1201 2427 post
1232 2356 1533 2412 clericatum
1563 2358 1746 2428 perimi
1769 2358 1952 2426 jussit,
1986 2358 2036 2411 id
2065 2365 2148 2411 est

569 2445 825 2501 clericum
855 2462 978 2501 cum
1017 2445 1134 2502 ﬁeri
1178 2446 1354 2517 jussit,
1393 2461 1456 2500 ac.
1501 2445 1659 2517 paulo
1714 2456 1838 2516 post
1892 2446 2142 2499 interﬁci.

569 2537 661 2592 Sic
685 2537 839 2592 multi
865 2538 951 2592 alii
982 2536 1294 2607 loquuntur,
1327 2553 1432 2592 non
1456 2537 1657 2607 inepte,
1689 2538 1811 2606 quia
1836 2552 2026 2607 preces
2047 2551 2147 2605 po-

550 2616 862 2684 tentiorum
888 2644 986 2698 pro
1011 2630 1178 2699 jussis
1203 2630 1483 2695 habendae,
1515 2643 1568 2683 et
1599 2630 1688 2699 qui
1727 2643 1918 2699 cogere
1948 2638 2144 2699 potest,

568 2722 613 2777 si
640 2721 854 2791 quando
883 2730 1056 2788 rogat,
1079 2718 1290 2789 jubere,
1313 2720 1605 2790 praecipere
1642 2735 1705 2774 ac
1733 2721 1991 2775 mandare
2021 2734 2147 2774 cen-

568 2811 767 2866 sendus
814 2818 917 2865 est.
981 2809 1048 2863 Et
1095 2811 1350 2879 quoniam
1420 2808 1560 2862 facta
1617 2818 1701 2862 est
1743 2806 1891 2863 J0me
1921 2808 2144 2872 mentio,

570 2915 731 2969 quem
755 2899 807 2953 in
828 2898 968 2953 libro
996 2913 1126 2952 xvut
1161 2897 1363 2952 Rerum
1417 2896 1801 2951 Francicarum
1836 2895 1992 2950 docui
2042 2911 2146 2950 non

571 2990 814 3054 Scotum,
842 2998 900 3045 ιιι
921 2988 1081 3059 vulgo
1105 2990 1362 3053 creditur,
1391 3003 1488 3043 nec
1515 2987 1784 3052 abbatem,
1807 2987 1901 3041 sed
1931 2986 2149 3040 natione

568 3080 781 3147 italum,
811 3096 874 3136 ac
899 3078 1219 3136 Bobiensem
1249 3080 1569 3134 monachum
1595 3078 1793 3142 fuisse;
1826 3093 1945 3148 qua:
1975 3079 2145 3147 patria

569 3170 685 3240 ejus
716 3170 900 3237 fuerit,
928 3170 1069 3226 scire
1098 3169 1370 3224 convenit.
1414 3166 1607 3238 Reperi
1660 3184 1828 3239 nuper
1875 3168 1926 3221 in
1977 3167 2145 3221 veteri

2316 1987 2490 2049 Pauca
2512 1989 2577 2043 de
2597 1989 2810 2043 clericis
2838 1989 2945 2042 dixi
2971 2028 2987 2053 ,
3018 1991 3111 2043 sed
3131 1988 3284 2059 plura
3313 1989 3473 2043 omisi
3504 2004 3629 2058 quae
3648 1988 3824 2043 dicere

2242 2079 2558 2148 potuissem.
2606 2078 2871 2135 Adalbero
2921 2080 3066 2135 hunc
3112 2094 3327 2135 versum
3366 2080 3641 2143 mutarit,
3668 2079 3825 2149 eique

2244 2169 2475 2224 alterum
2507 2171 2926 2225 emendatiorem
2957 2169 3255 2235 substituit,
3289 2173 3378 2241 qui
3410 2173 3537 2227 talis
3564 2180 3652 2228 est
3679 2188 3696 2227 :

2246 2255 2429 2312 Pauca
2450 2276 2605 2328 super
2618 2259 2755 2312 clero
2783 2259 2914 2321 dixi,
2943 2276 3100 2328 super
3123 2261 3306 2314 ordine
3330 2278 3532 2329 pauco.

2247 2350 2361 2421 (95)
2398 2349 2655 2419 [Εᾳιιηίεε
2688 2350 2848 2416 igitur
2876 2358 2994 2401 sunt
3018 2364 3195 2402 omnes
3216 2350 3517 2405 conditione

2248 2443 2367 2500 Una
2399 2442 2585 2495 domus
2610 2441 2818 2493 Domini
2841 2439 2952 2509 lege
2972 2440 3016 2495 si
3040 2439 3310 2495 clauditur
3330 2458 3457 2496 una.

2315 2532 2473 2588 Prior
2500 2547 2689 2587 versus
2720 2531 2954 2588 refertur
2980 2531 3046 2586 ad
3077 2532 3129 2587 id
3157 2533 3300 2601 quod
3344 2548 3506 2603 supra
3559 2533 3824 2603 scriptum

2246 2634 2330 2681 est
2357 2626 2424 2680 ab
2448 2623 2792 2679 Adalberone
2830 2623 2895 2679 de
2930 2623 3195 2679 ministris
3234 2623 3521 2690 Ecclesite,
3556 2624 3639 2681 vel
3670 2624 3828 2680 cleri-

2247 2719 2371 2775 cis:
2726 2736 2785 2773 ·.

2247 2809 2468 2864 Format
2498 2826 2584 2863 eos
2607 2825 2782 2864 omnes
2805 2808 3345 2886 mqualiconditione;

2320 2900 2643 2957 Posterioris
2674 2902 2728 2956 in
2772 2915 2965 2956 versus
3006 2900 3183 2956 loemn
3224 2899 3438 2957 suilecit
3476 2901 3625 2957 hunc
3664 2898 3828 2956 Atlan

2249 2995 2380 3065 itero

2249 3080 2368 3136 Una
2399 3081 2586 3136 domus
2620 3081 2829 3137 Domini
2856 3083 2932 3137 sic
2962 3081 3073 3154 lege
3098 3082 3383 3137 revolvitur
3403 3100 3540 3139 una.

2251 3172 2364 3244 (94)
2388 3170 2496 3227 Lex
2517 3174 2747 3227 humana
2764 3173 2900 3228 duas
2921 3173 3107 3227 indicit
3125 3173 3451 3229 conditiones
3472 3190 3493 3227 :

570 3268 757 3323 codice
804 3269 970 3322 vitam
1030 3266 1175 3321 beati
1226 3265 1391 3320 Attali
1430 3264 1638 3319 abbatis
1687 3262 1989 3327 Bobiensis,
2029 3261 2144 3332 (ita
2174 3241 2219 3303 (ἶ
2251 3241 2460 3319 Nobilis
2491 3274 2539 3318 et
2570 3280 2746 3320 servus
2771 3264 2932 3318 simili
2955 3280 3061 3319 non
3083 3264 3193 3335 lege
3222 3273 3485 3320 tenentur.

571 3358 716 3413 cnim
747 3357 818 3411 ibi
851 3371 1085 3427 seraper,
1120 3364 1174 3411 et
1205 3356 1425 3410 omnino
1455 3353 1645 3408 melius
1672 3353 1992 3423 appellatur,
2024 3368 2146 3408 cum

569 3447 728 3519 vulgo
752 3447 962 3503 Attalus
991 3447 1075 3501 vel
1118 3445 1301 3500 Attala
1343 3445 1574 3514 dicatur)
1605 3444 1657 3499 in
1688 3459 1793 3513 qua
1834 3443 2001 3498 Jonas
2035 3443 2149 3512 ipse

569 3540 636 3595 de
663 3555 721 3594 se
752 3552 981 3594 matrem
1011 3554 1162 3594 suam
1190 3544 1310 3607 post
1339 3551 1511 3591 annos
1539 3550 1729 3590 novem
1763 3534 1988 3598 visente,
2012 3533 2149 3589 etde

572 3628 779 3684 duobus
805 3627 1013 3684 itineris
1042 3627 1124 3681 sui
1161 3626 1447 3681 comitibus
1476 3624 1555 3680 sic
1574 3623 1959 3678 scribit:Datis
1978 3621 2148 3677 comi-

572 3717 988 3774 tibuS‘Blidull‘o
1017 3718 1331 3789 presbytero
1369 3726 1426 3771 et
1474 3714 1833 3769 Ermcnoaldo
1886 3714 2146 3779 diacono,

570 3824 756 3866 mense
777 3809 1073 3866 Februario
1101 3829 1120 3862 ‹
1140 3810 1205 3865 ad
1228 3809 1552 3864 destinatum
1572 3809 1919 3879 pervenimus
1945 3807 2144 3861 locum.

570 3899 704 3954 Erat
737 3900 879 3955 enim
916 3899 1141 3970 Segusia
1174 3900 1305 3955 urbs
1334 3899 1547 3964 nobilis,
1578 3898 1851 3968 quondam
1885 3896 2148 3952 Taurina-

574 3992 705 4045 tinm
732 3989 941 4044 colonia
966 4005 994 4043 a
1028 3991 1354 4045 monasterio
1382 3989 1596 4061 [Bobio]
1624 3989 1830 4045 distans
1866 4005 1965 4044 cn.
2004 3990 2144 4044 mili-

570 4082 691 4136 bus.
721 4081 794 4136 lbi
822 4092 882 4136 ut
905 4080 1278 4151 pervenimus,
1311 4083 1543 4152 gratuito
1569 4082 1645 4155 [id
1681 4092 1763 4137 est
1794 4081 2091 4154 gratanter]
2118 4097 2145 4135 a

572 4171 836 4240 genitrice
857 4179 977 4240 post
1004 4179 1272 4226 tantorum
1305 4171 1584 4228 intervalla
1616 4187 1880 4227 annorum
1912 4173 2146 4242 suscepti

573 4277 780 4317 smnus.
814 4281 832 4314 ι
869 4262 1077 4329 Quibus
1099 4278 1165 4317 ex
1197 4264 1378 4318 verbis
1420 4262 1735 4335 intelligitur
1758 4262 1951 4317 Jonam
1979 4263 2148 4335 Segn—

573 4351 876 4408 sionensem
923 4354 1095 4423 patria
1143 4353 1330 4420 fuisse,
1362 4370 1483 4409 cum
1520 4353 1590 4408 ibi
1618 4365 1672 4409 et
1707 4364 1882 4409 mater
1905 4363 1960 4409 ct
1982 4354 2150 4410 frater

573 4441 691 4511 ejus
726 4444 1050 4499 habitarent.
1095 4443 1319 4516 Segusio
1346 4454 1522 4500 autem
1542 4485 1556 4510 ,
1588 4444 1669 4500 vel
1713 4444 1995 4516 Segusiutn
2016 4488 2030 4511 ,
2055 4462 2147 4516 op.

2320 3354 2591 3410 Adalbcro
2621 3370 2811 3410 omnes
2840 3354 3106 3421 homines,
3147 3354 3342 3411 saltem
3370 3352 3515 3424 apud
3568 3351 3835 3415 Francos.

2251 3446 2303 3501 in
2334 3446 2468 3500 duos
2497 3445 2715 3503 ordines
2743 3445 2821 3498 ait
2848 3459 2968 3500 esse
2989 3446 3221 3510 divisos;
3254 3445 3486 3501 alterum
3517 3458 3693 3514 genus
3713 3458 3834 3499 esse

2250 3536 2535 3601 nobilium;
2565 3536 2790 3591 alterum
2815 3553 3104 3591 servarunt.
3142 3536 3241 3592 Ubi
3270 3536 3526 3591 nobilium
3573 3536 3834 3611 npmine.

2251 3626 2567 3691 honoratos,
2591 3627 2807 3703 milites,
2836 3636 2888 3682 et
2916 3641 3266 3698 quoscunque
3292 3629 3456 3681 etiam
3484 3610 3749 3698 ingenitus
3770 3628 3837 3680 de

2249 3717 2556 3787 patrimonii
2598 3718 2681 3772 sui
2734 3719 2906 3773 reditu
2960 3719 3202 3774 viventes
3240 3719 3521 3790 designat;
3563 3733 3838 3773 servorum

2251 3818 2429 3863 autem
2471 3809 2829 3879 appellatione
2857 3820 3085 3866 emteros
3123 3825 3335 3871 omnes.
3379 3812 3667 3886 nimirum,
3699 3826 3834 3865 mtr-
3884 3826 3893 3834 “

2252 3907 2496 3964 ratores,
2547 3898 2814 3964 artifices,
2866 3900 3164 3971 agricolas,
3213 3910 3268 3953 et
3316 3901 3453 3956 alios
3486 3882 3845 3979 'quifasjiu‘sg.

2252 3997 2639 4052 sustentantes,
2669 3992 2820 4059 'quos
2861 3989 3038 4045 Latini
3086 3990 3281 4060 plebem
3330 4002 3552 4055 vocant,
3594 3971 3837 4045 Ῑέῗὶἰιῖἷόᾇ

2249 4080 2464 4134 demum
2511 4088 2674 4149 atque
2739 4081 3038 4151 mancipia;
3087 4080 3299 4136 nobiles
3342 4080 3613 4135 Adalbero
3668 4082 3836 4135 etiam

2251 4169 2514 4239 ingenuos
2541 4170 2795 4240 appellat,
2820 4187 2876 4225 v.
2897 4171 3005 4226 Ξθό
3028 4190 3046 4226 :

2254 4256 2396 4311 Nam
2422 4261 2551 4313 valet
2576 4261 2833 4331 ingenuus
2865 4262 2977 4316 sine
3008 4262 3167 4316 sentis
3188 4262 3357 4317 vivere
3389 4260 3568 4317 nullus

2323 4351 2520 4405 Servos
2553 4365 2680 4406 vero
2704 4361 2978 4421 nuncupat
3005 4354 3145 4409 idem
3171 4362 3228 4407 et
3255 4352 3466 4423 vulgus,
3503 4367 3556 4406 ν.
3585 4351 3729 4407 285:

2251 4441 2552 4510 Defendunt
2584 4442 2722 4512 vulgi
2749 4442 2980 4512 majores
3002 4453 3157 4514 atque
3180 4444 3430 4498 minores.

572 4534 755 4604 pidum
783 4550 810 4589 a
838 4535 1011 4589 Plinio
1034 4544 1088 4590 et
1109 4534 1427 4601 Ammiano;
1467 4536 1595 4591 urbs
1642 4552 1672 4589 a
1709 4535 1971 4607 Gregorio
2001 4538 2150 4591 aliis-
2183 4564 2235 4634 η
2326 4532 2419 4586 Sic
2450 4532 2774 4601 Gregorius,
2804 4534 2857 4588 in
2890 4533 3013 4589 libri
3046 4544 3094 4588 ἰ
3144 4535 3322 4605 capite
3351 4534 3408 4600 ι,
3443 4534 3657 4606 legatos
3693 4534 3837 4590 Chil-

572 4639 698 4693 que,
732 4642 760 4676 a
789 4625 1108 4693 quibusdam
1140 4634 1196 4680 et
1225 4627 1406 4681 civitas
1436 4627 1662 4692 dicitur,
1687 4628 1946 4697 abestque
1976 4642 2006 4682 a
2035 4643 2152 4682 mo-

572 4715 815 4769 nasterio
859 4714 1028 4770 Bobio
1077 4714 1240 4770 millia
1272 4730 1488 4786 passum
1524 4730 1650 4782 CXL,
1678 4723 1772 4771 aut
1813 4724 1993 4786 potius
2027 4731 2150 4771 CLX.

573 4804 813 4861 Positum
838 4815 916 4861 est
945 4806 1047 4862 hoc
1072 4806 1325 4876 oppidum
1354 4807 1423 4863 ad
1453 4806 1666 4878 Alpium
1694 4810 1923 4875 radices,
1947 4819 2003 4865 et
2030 4808 2156 4863 Gal-

574 4896 659 4951 lia:
686 4897 809 4952 linis
836 4911 898 4953 ac
920 4898 1133 4952 initium
1160 4897 1325 4952 italiae
1346 4898 1594 4953 habetur.
1625 4897 1785 4955 Certe
1832 4900 1901 4956 ab
1941 4913 2008 4956 eo
2036 4899 2157 4955 loco

576 4987 764 5058 incipit
815 4988 986 5047 Italia.
1012 4989 1097 5043 cui
1121 4997 1176 5042 et
1204 4989 1271 5043 ab
1291 4988 1542 5043 omnibus
1572 4989 1905 5045 attribuitur.

574 5078 686 5149 (8‘3)
725 5074 861 5132 Voce
892 5077 987 5132 Dei
1013 5077 1152 5147 quod
1176 5079 1486 5147 promissum
1510 5094 1615 5132 non
1640 5093 1750 5132 esse
1769 5089 2016 5149 negatum

575 5168 845 5225 Credimus
872 5179 919 5223 et
949 5172 1141 5223 scimus
1168 5170 1221 5223 ni
1240 5185 1367 5241 quos
1398 5186 1493 5223 sua
1522 5169 1743 5224 crimina
1771 5169 1992 5238 pellunt.

646 5263 796 5330 Quod
828 5271 1226 5317 sacramentum
1255 5262 1503 5332 corporis
1544 5261 1627 5318 sui
1673 5276 1704 5315 a
1736 5261 1955 5317 Christo
1995 5261 2156 5317 disci-

573 5354 714 5421 polis
737 5354 852 5408 suis
872 5352 1235 5422 Emlesiteque
1258 5353 1580 5424 promissum
1610 5361 1666 5407 et
1695 5353 1900 5421 datum,
1925 5367 2027 5409 nec
2052 5353 2152 5410 nisi

575 5442 660 5496 bis
690 5442 781 5513 qui
819 5451 1038 5512 propter
1083 5452 1303 5512 peccata
1346 5442 1662 5513 gravissima
1700 5451 1884 5498 essent
1928 5458 1959 5497 a
2000 5457 2153 5497 com-

575 5533 830 5590 munione
856 5535 1080 5602 remoti,
1112 5544 1366 5607 negatum
1417 5549 1567 5603 esse,
1599 5535 1874 5591 credimus
1907 5542 1960 5590 et
2005 5544 2154 5591 certo

575 5638 798 5679 BCIHIUS.

576 5715 688 5795 (90)
716 5713 784 5769 In
817 5714 958 5771 catis
984 5716 1182 5787 primas
1207 5717 1390 5772 debent
1421 5718 1761 5772 conscendere
1790 5717 1957 5773 sedes.

646 5806 1020 5881 Presbyteriet
1044 5810 1341 5881 prmsertim
1371 5809 1609 5880 episcopi
1641 5810 1928 5876 cniti,dum
1948 5809 2150 5875 vivunt,

2261 4624 2494 4690 deberti,
2520 4625 2660 4694 regis
2680 4624 3012 4683 Francorum
3038 4630 3168 4683 bene
3208 4630 3458 4699 ingenuos
3478 4632 3839 4701 generatione.

2258 4725 2311 4771 et
2338 4716 2391 4770 in
2428 4717 2606 4788 capite
2625 4717 2722 4783 29,
2749 4718 2934 4775 Aredii
2966 4726 3221 4791 parentes
3249 4721 3403 4775 valde
3428 4721 3688 4792 ingenuos
3738 4737 3840 4793 pro

2257 4807 2526 4864 nobilibus
2555 4820 2733 4866 vocat.

2258 4902 2372 4973 (95‘)
2403 4900 2545 4956 Nam
2566 4904 2722 4973 primi
2749 4906 2855 4959 duo
2881 4914 3025 4974 sunt,
3054 4905 3197 4961 alter
3225 4908 3377 4978 regit,
3419 4907 3649 4981 imperat
3678 4908 3838 4963 alter.

2330 4995 2407 5049 Ex
2429 5008 2628 5066 genere
2654 4994 2914 5051 nobilium
2941 5004 3093 5063 sunt,
3136 5006 3194 5052 et
3226 4999 3495 5071 inter-eccs
3513 4998 3763 5053 eminent
3778 5013 3842 5052 se

2257 5089 2624 5159 principatum
2650 5098 2839 5145 tenent
2872 5091 3001 5157 duo,
3041 5106 3138 5147 rex
3163 5106 3219 5148 et
3244 5092 3570 5162 imperator;
3600 5108 3839 5162 quorum

2258 5178 2501 5259 consiliis
2529 5187 2584 5234 et
2613 5179 3058 5250 dispositionibus
3106 5183 3406 5253 respublica
3455 5193 3568 5241 stat
3603 5196 3663 5238 et
3708 5185 3838 5238 niti.

2260 5258 2472 5326 tui-1E:
2514 5271 2601 5326 his
2632 5271 2772 5327 llunt
2798 5282 2857 5327 et
2893 5274 3139 5331 comites.
3170 5286 3228 5330 et
3273 5275 3622 5331 marcbiones
3646 5284 3704 5332 et
3743 5276 3843 5332 do-

2257 5378 2366 5417 COS.

2257 5452 2370 5523 (96)
2395 5450 2530 5507 Sunt
2556 5454 2671 5521 alii,
2697 5453 2878 5526 quales
2899 5456 3209 5526 constringit
3242 5456 3389 5511 nulla
3422 5466 3699 5527 potestas;

2256 5541 2494 5597 Crimina
2513 5543 2557 5597 si
2586 5543 2815 5614 fugiunt,
2843 5558 2962 5616 quia
2986 5561 3164 5615 regum
3202 5561 3408 5616 sceptra
3432 5557 3695 5603 coercent.

2258 5635 2333 5689 Ili
2365 5636 2659 5701 bellatores,
2689 5619 2887 5693 tutores
2918 5637 3296 5701 Ecclesiarum,
3325 5650 3432 5696 etc.

2329 5726 2717 5795 Describuntur
2741 5728 2827 5783 his
2864 5730 3102 5799 quinque
3124 5729 3373 5784 versibus
3414 5729 3615 5784 nobiles
3636 5728 3726 5785 vel
3762 5747 3841 5786 rn-

2257 5820 2432 5887 genui,
2464 5820 2554 5890 qui
2594 5820 2852 5887 militant,
2879 5831 2933 5878 et
2961 5839 3069 5877 sese
3098 5838 3161 5879 ac
3192 5838 3297 5876 una
3327 5821 3593 5901 Ecclesias
3618 5832 3679 5879 et
3723 5823 3837 5879 cle-

3253 6417 3290 6422 _
3388 6418 3432 6424 ὴ-
3526 6417 4030 6428 ἡὴ,,ἠ.--..τ.-,ν.ι-ι-ι--ι
