4058 5406
316 253 413 310 813

281 385 451 435 .rum,
497 381 659 443 atque
694 376 920 447 majores
959 391 1011 437 et
1042 386 1266 444 minores
1305 394 1468 462 vulgi,

305 472 443 525 quos
473 477 634 532 supra
663 482 834 522 servos
872 471 1006 528 dixit
1060 475 1350 547 Adalhero,
1379 484 1546 538 armis
1576 483 1644 538 ab
1675 485 1869 555 injuria

304 547 627 610 defundunt.

301 637 410 706 (9T)
439 641 614 697 Altera
641 662 903 702 servorum
933 653 1116 708 divisio
1138 661 1517 718 conditionum.

302 725 416 780 Hoc
439 747 602 800 genus
628 738 895 807 amictum,
924 744 998 796 nil
1017 750 1248 814 possidet
1277 753 1468 824 absque
1491 754 1685 811 labore.

371 817 526 874 Nune
555 823 793 893 loquitur
820 830 1087 890 Adalbero
1115 837 1180 892 de
1210 817 1394 905 servis,
1427 843 1527 897 hoc
1556 855 1638 898 est
1671 861 1772 900 non
1800 846 1867 901 de

300 904 517 965 fautulis
555 917 713 970 modo
753 929 918 990 atque
961 925 1026 978 de
1079 931 1363 1000 mancipiis
1401 933 1734 997 domesticis,
1771 937 1864 992 sed

297 997 459 1050 etiam
489 998 555 1055 de
587 1003 673 1058 his
699 1009 788 1075 qui
843 1023 1171 1081 mercatura,
1203 1031 1293 1073 aut
1327 1023 1556 1076 artiﬁcio
1601 1025 1861 1094 quolibet,

295 1099 385 1140 aut
411 1105 579 1159 opera
610 1111 667 1150 se
695 1114 788 1153 sua
820 1115 1138 1176 quaestuque
1181 1120 1505 1169 sustentant.
1548 1116 1658 1171 l‘loc
1695 1118 1864 1171 Immi-

295 1193 422 1231 nmn
455 1198 628 1253 genus
679 1173 1096 1252 aduzdaliiiiiﬂesi
1127 1201 1476 1268 laboriosum,
1519 1223 1580 1262 ac
1613 1209 1758 1264 velut
1807 1211 1860 1265 in

279 1279 451 1321 ‘usum
488 1282 542 1325 et
573 1275 929 1335 ministerium
954 1293 1273 1344 creterorum
1307 1302 1490 1348 natum
1537 1308 1591 1351 et
1635 1297 1857 1355 factum.

291 1356 445 1413 Unde
472 1361 738 1420 Adalhcro
763 1383 922 1440 negat
968 1375 1045 1429 e's
1073 1379 1361 1449 quidquam
1405 1400 1522 1440 esse
1551 1389 1648 1441 nisi
1678 1390 1860 1448 labore

285 1452 598 1518 quazsitum,
623 1466 672 1510 et
701 1458 836 1513 inira
881 1463 977 1529 ait,
1008 1481 1056 1519 ν.
1090 1467 1196 1523 296
1226 1475 1468 1530 enarrari
1501 1480 1722 1534 omnino
1751 1498 1855 1537 non

289 1555 444 1606 posse

287 1629 566 1689 Serrorum
600 1641 853 1707 studium,
892 1663 1074 1702 cursus
1099 1660 1371 1724 tantosque
1398 1657 1622 1714 labores.

356 1722 496 1782 licet
545 1727 891 1794 Lberautium
941 1755 1031 1800 res
1057 1722 1412 1816 apsz‘lhtiuac
1460 1750 1644 1828 design

279 1812 465 1881 (versu.

286 1910 444 1969 Nunc
471 1921 624 1974 orant
654 1923 770 1989 alii,
792 1941 1044 1998 pugnant,
1072 1933 1265 2004 aliique
1287 1936 1547 1997 laborant.

275 1996 282 2002 ”
361 2011 528 2066 Addit
577 2014 845 2074 Adalbero
885 2037 913 2074 a
959 2027 1119 2079 servis
1185 2031 1392 2086 nobiles
1446 2035 1530 2089 vel
1588 2037 1851 2108 ingenuos

281 2101 497 2168 vestiri,-
523 2118 552 2156 a
605 2108 764 2160 servis
811 2110 894 2163 vel
933 2112 1075 2180 ipsos
1107 2117 1352 2174 dominos
1397 2125 1577 2191 pasci;
1626 2138 1852 2184 cunctos

281 2204 413 2261 apes
444 2208 540 2262 per
567 2208 660 2249 eos
684 2213 955 2266 quterere;
984 2206 1097 2259 sine
1137 2208 1210 2262 eis
1238 2212 1421 2278 vivere,
1457 2224 1550 2268 aut
1593 2217 1657 2270 ad
1683 2219 1848 2274 vitam

281 2284 586 2338 necessaria
637 2285 836 2344 habere
875 2293 1125 2347 neminem
1175 2314 1362 2364 posse:
1399 2318 1580 2374 regem
1633 2306 1847 2363 demum

278 2368 567 2437 ipsummet
593 2385 647 2431 et
670 2379 950 2449 episcopos
981 2399 1046 2437 ac
1071 2386 1380 2453 optimates,
1423 2368 1848 2465 quotiescunque

277 2473 554 2517 servorum
587 2479 750 2534 opera
779 2480 962 2540 egent,
1001 2473 1080 2527 eis
1105 2476 1499 2544 quodammodo
1534 2482 1702 2539 videri
1728 2500 1842 2540 ser-

277 2565 415 2606 vrre.

277 2660 388 2730 (98)
415 2661 695 2722 Serrorum
720 2669 992 2741 lact-gmw,
1019 2676 1238 2744 gemitus
1274 2695 1376 2734 non
1403 2681 1654 2738 terminus
1681 2684 1840 2740 u'lus.

343 2771 647 2842 Singularis
697 2793 954 2836 numerus
987 2799 1084 2852 pro
1111 2785 1322 2855 plurali;
1369 2790 1419 2843 id
1450 2801 1550 2854 est,
1583 2793 1844 2864 lacryma-

275 2878 393 2917 rum
444 2869 850 2941 gemituumque
895 2889 1175 2932 servorum
1228 2881 1406 2938 nullus
1450 2895 1533 2938 est
1596 2886 1717 2943 linis
1748 2900 1842 2944 aut

273 2957 565 3012 terminus.

272 3045 383 3112 (99)
411 3045 632 3117 Triplex.
653 3067 774 3121 ergo
803 3052 902 3108 Dei
930 3057 1116 3112 domus
1146 3071 1242 3127 est,
1288 3079 1405 3132 qua!
1435 3069 1660 3122 creditur
1695 3087 1837 3138 una;

271 3131 431 3189 Nam:
452 3149 602 3192 orant
636 3139 751 3206 alii,
781 3157 1034 3213 pugnant,
1062 3147 1255 3220 aliique
1283 3131 1520 3211 laborant
1547 3176 1566 3214 :

269 3225 404 3290 Quae
431 3229 533 3282 tria
570 3241 691 3284 sunt
723 3234 901 3298 simul,
929 3247 977 3291 et
999 3240 1282 3296 scissuram
1301 3261 1402 3298 non
1433 3249 1725 3316 patiuntur.

341 3317 545 3372 Domus
601 3321 692 3376 Dei
741 3340 861 3394 qute
897 3343 1002 3382 una
1039 3332 1300 3396 creditur,
1348 3345 1403 3390 et
1450 3354 1571 3407 quae
1617 3357 1720 3394 una
1775 3342 1844 3397 ab

266 3406 609 3466 Adalherone
647 3418 950 3483 supradicta
990 3431 1092 3489 est,
1127 3425 1242 3479 sive
1277 3427 1537 3491 Ecclesia,
1570 3434 1840 3503 tripertita

262 3507 372 3572 est,
411 3515 476 3554 ac
504 3504 555 3554 iu
584 3503 682 3556 tria
715 3506 991 3564 hominum
1016 3528 1210 3582 genera
1238 3515 1428 3572 divisa.
1466 3520 1573 3573 Alii
1609 3524 1752 3577 enim
1775 3541 1841 3579 ex

268 3587 428 3645 Chl-is
457 3593 596 3647 inuis
625 3609 799 3662 orant,
839 3601 933 3654 alii
979 3617 1238 3673 pugnant,
1262 3607 1501 3663 laborant
1536 3613 1650 3676 alii;
1687 3625 1840 3670 orant

261 3682 472 3747 clerici,
503 3701 736 3756 pugnant
779 3692 997 3758 milites,
1041 3697 1281 3752 laborant
1316 3701 1527 3771 reliqui,
1582 3701 1843 3764 nimirum

267 3772 419 3840 plebs
443 3792 537 3830 seu
578 3781 780 3850 vulgus.
813 3784 911 3840 llic
949 3797 1120 3845 status
1149 3791 1342 3860 triplex
1365 3805 1467 3860 est,
1491 3812 1648 3865 quem
1676 3799 1838 3853 Adal-

263 3863 399 3919 bero
428 3869 562 3923 dixit
595 3872 698 3928 hoc
723 3891 914 3932 versu:

336 3954 440 4009 Res
471 3958 594 4025 fidei
622 3963 874 4030 simplex;
902 3979 1070 4023 status
1093 3982 1166 4025 est
1189 3974 1280 4026 sed
1307 3975 1362 4028 in
1394 3979 1572 4031 ordine
1593 3981 1832 4048 simplex.

264 4040 364 4097 llic
392 4047 585 4114 triplex
634 4061 806 4108 status
847 4066 902 4110 et
931 4060 1120 4128 triplex
1141 4063 1276 4118 ordo
1296 4075 1349 4118 et
1373 4067 1638 4135 professio
1665 4074 1837 4127 homi-

264 4152 412 4200 num,
442 4141 582 4195 infra
617 4141 870 4200 connexio
894 4151 1111 4220 triplex,
1139 4169 1204 4208 ac
1233 4157 1580 4216 nihilominus
1610 4164 1837 4233 simplex

259 4225 609 4299 nuncupatur
637 4239 706 4290 ah
736 4239 1106 4297 Adalheronc:

262 4313 355 4370 Est
384 4320 545 4388 igitur
567 4325 786 4394 simplex
805 4329 926 4383 talis
953 4337 1208 4395 connexio
1233 4338 1441 4406 triplex.

332 4409 619 4483 Propterea
645 4419 784 4487 quod
817 4421 868 4475 hi
894 4433 1003 4478 tres
1031 4427 1271 4493 ordines,
1305 4434 1422 4487 sive
1445 4434 1560 4489 hac
1590 4438 1694 4492 tria
1727 4440 1826 4494 ho-

259 4499 464 4554 minum
499 4519 697 4574 genera
723 4509 884 4566 unius
906 4518 1432 4583 corporis,videlieet
1457 4523 1710 4582 Ecclesia:
1740 4544 1830 4584 ca-

265 4591 498 4661 tholicm,
524 4599 770 4656 membr-tt
800 4613 930 4662 sum
963 4617 1125 4680 atque
1151 4619 1321 4676 aruis.
1349 4615 1511 4672 alteri
1537 4619 1828 4679 alterni-nm

258 4684 582 4757 indigentes,
607 4695 948 4754 cohaerentes
985 4703 1144 4758 alteri
1176 4705 1384 4774 alteris,
1423 4726 1522 4765 nec
1548 4713 1827 4771 divisionis

259 4785 353 4827 aut
375 4779 578 4834 dissidii
601 4795 832 4852 capaces
858 4795 1020 4857 atque
1041 4793 1324 4860 patientes.

257 4889 277 4944 (
287 4886 404 4958 100)
431 4889 552 4945 Jam
581 4902 742 4962 caput
763 4911 879 4952 ecce
899 4909 1043 4953 tuum
1067 4904 1294 4960 candens
1323 4907 1563 4963 imitatur
1604 4911 1824 4984 olorem,

262 4975 388 5033 Herc
411 4995 604 5038 natura
629 4991 909 5044 senectutis
929 4992 1127 5047 dixisse
1143 4999 1416 5064 probatur.

327 5091 541 5142 Dixerat
565 5097 835 5142 ΑιΙειΙΙιριιη
865 5101 968 5142 inm
1006 5104 1140 5142 Ιοηιο
1164 5108 1422 5142 θρήνυι-η...
1449 5120 1497 5142 Α·
1529 5129 1710 5142 ...μη-η
1759 5124 1772 5142 ι

1210 276 1493 336 (ἶεΩὶΜΕΝ
1530 283 1620 338 AD
1656 284 2032 346 ROBERTUM
2069 290 2301 349 REGE.“
2336 329 2405 340 —
2442 297 2664 360 ΝΟΤΛΕ.

3440 311 3544 368 8H

1527 409 1620 449 seu
1673 396 1867 463 plebis,
1901 402 1944 461 Α
1973 405 2240 470 oportuit,
2289 409 2487 465 imitari
2538 413 2764 478 olorem,
2792 416 2874 470 vel
2911 419 3066 488 cycni
3113 418 3288 476 simile
3309 437 3427 478 esse
3468 425 3546 479 ait

1980 508 2096 554 rex,
2125 497 2284 550 sicuti
2311 497 2579 570 hodieque
2607 506 2706 573 qui
2748 516 2860 562 toto
2879 511 3053 578 capite
3081 522 3134 563 et
3161 512 3324 567 harha
3365 524 3541 579 canet,

1968 597 2155 638 senem
2179 588 2348 641 instar
2375 595 2522 658 cycni
2547 611 2732 649 canum
2757 613 2876 652 esse
2912 599 3070 668 Vulgo
3099 601 3326 656 dicimus
3349 620 3364 655 :
3394 603 3444 657 Il
3464 613 3544 657 es:

1970 669 2123 726 blanc
2146 690 2344 730 eamme
2369 693 2440 730 un
2458 696 2641 749 cygne.
2671 683 3031 742 Posteriorcm
3071 703 3281 743 versum
3314 693 3539 749 mutavit

1971 760 2236 820 Adalbero
2262 769 2328 822 ad
2361 785 2483 824 eum
2530 775 2768 840 modum,
2793 779 2888 833 sed
2929 781 3107 836 minus
3156 781 3408 838 feliciter.

1974 870 2125 927 Talia
2162 885 2211 930 te
2249 888 2438 934 natura
2464 885 2602 938 senis
2629 885 2823 942 dixisse
2848 890 3119 958 probatur,

1967 985 2120 1057 (lOI)
2161 989 2384 1047 Credere
2414 1013 2516 1050 non
2542 1014 2728 1053 sanum
2752 1001 2874 1056 talis
2905 1014 3097 1059 natura
3131 1015 3330 1077 coegit;

2036 1101 2148 1158 lloc
2175 1114 2276 1168 est,
2307 1119 2556 1165 senectus
2585 1129 2703 1182 mue
2731 1126 2921 1169 natura
2972 1118 3138 1174 delira
3171 1129 3273 1186 est,
3314 1123 3538 1180 credere

1965 1197 2050 1246 me
2067 1195 2210 1263 cogit
2238 1205 2286 1250 te
2313 1214 2417 1252 non
2437 1215 2491 1254 sa
2501 1216 2580 1255 na:
2599 1218 2722 1257 esse
2737 1207 2948 1260 mentis.
2971 1206 3405 1282 Snperscriptum
3420 1222 3542 1270 erat

1965 1281 2017 1334 in
2049 1285 2268 1339 codice:

1965 1369 2036 1423 Te
2066 1389 2270 1444 quoque
2303 1395 2402 1431 non
2434 1397 2622 1436 sanum
2649 1385 2769 1438 talis
2799 1396 2988 1442 natura
3015 1392 3197 1462 coegit.

1960 1468 2018 1513 ut
2045 1463 2114 1516 sit
2156 1479 2376 1520 sensus:
2417 1467 2625 1524 Natura
2673 1478 2968 1532 senectutis
3007 1483 3170 1550 coegit
3213 1491 3262 1536 te
3290 1501 3400 1539 esse
3430 1502 3535 1541 non

1957 1565 2176 1617 sanum,
2226 1557 2403 1625 coegit
2434 1569 2483 1612 te
2522 1560 2758 1617 insanire
2793 1574 2846 1618 et
2872 1567 2968 1621 has
2999 1570 3128 1624 mihi
3162 1587 3332 1642 nugas
3362 1575 3532 1645 loqui.

1959 1660 2108 1737 (νυξὶ)
2150 1663 2317 1722 Δίωνι]
2347 1684 2426 1726 me
2452 1671 2689 1728 srimulet
2715 1686 2733 1729 .'
2763 1677 2905 1734 senio
2932 1695 3033 1736 non
3065 1681 3376 1753 deﬁcitvilta.

1617 1768 1706 1813 31M
1756 1761 1859 1815 11οο
1894 1766 1934 1823 Β
2034 1780 2153 1834 Alia
2188 1798 2272 1836 me
2300 1795 2512 1851 natura,
2535 1802 2654 1856 quae
2682 1801 2958 1846 senectute
2981 1809 3086 1848 non
3119 1796 3320 1862 deﬁcit,
3343 1797 3536 1855 stimu-

1961 1870 2090 1927 lavit
2116 1886 2170 1930 (ιι
2199 1879 2458 1947 compulit
2503 1879 2634 1952 [me]
2671 1883 2736 1935 ad
2766 1899 2828 1937 ea
2860 1884 2955 1939 tibi
2984 1886 3211 1942 dicenda
3237 1907 3248 1942 :
3275 1890 3531 1947 nimirum

1954 1963 2132 2017 anima
2173 1969 2397 2022 rationis
2435 1985 2654 2041 compos
2673 1982 2728 2027 et
2756 1984 2981 2040 aeterna,
3015 1978 3066 2031 in
3093 1993 3254 2046 quam
3277 1991 3530 2038 senectus

1956 2066 2064 2105 non
2093 2056 2259 2110 cadit.
2288 2056 2383 2113 Sic
2406 2059 2676 2116 Adalbero
2701 2062 2943 2134 loquitur
2969 2067 3100 2136 regi,
3128 2079 3185 2123 ut
3213 2069 3447 2128 delirare
3469 2089 3530 2129 se

1953 2159 2132 2217 neget.

1955 2262 2103 2332 (105)
2148 2265 2212 2318 Il.
2251 2265 2386 2332 Quot
2427 2270 2623 2325 homini
2651 2273 2846 2328 dantur
2875 2287 3098 2332 natura'.
3127 2278 3242 2334 Dic.
3278 2271 3345 2335 Ρ.
3389 2280 3527 2335 Puto

3368 2373 3522 2427 bina‘.

2021 2446 2242 2504 Scilicet
2264 2450 2476 2509 animus
2504 2455 2586 2508 vel
2617 2457 2821 2520 anima,
2855 2468 2910 2514 et
2934 2476 3154 2532 corpus.

1949 2559 2098 2631 (104)
2133 2562 2213 2617 Ex
2235 2567 2316 2619 his
2345 2584 2461 2636 quer
2491 2567 2741 2640 loquitur,
2765 2573 2916 2642 cujus
2937 2576 3040 2628 sint
3070 2575 3221 2630 verba
3251 2593 3460 2646 repone.

2016 2671 2218 2727 ilarmn
2243 2677 2472 2733 duarum
2495 2680 2732 2738 hominis
2748 2693 3064 2741 naturarum
3089 2695 3209 2742 utra
3241 2689 3520 2758 loquatur,

1943 2763 2118 2816 utrius
2138 2766 2301 2820 verba
2326 2769 2454 2834 sint,
2487 2772 2593 2826 utri
2619 2787 2725 2828 vos
2745 2782 2800 2829 et
2823 2789 3004 2830 sermo
3026 2777 3334 2842 conveniat,
3349 2778 3524 2834 inter-

1946 2857 2158 2924 roganti
2186 2858 2317 2912 mihi
2350 2863 2648 2931 responde:

1943 2964 2090 3035 (105)
2127 2963 2514 3026 Grammaticus
2540 2971 2786 3043 simplex,
2819 2976 3006 3030 nedum
3027 2977 3330 3033 dialecticas
3365 2977 3492 3032 illex

1871 3117 1917 3180 ϐ
1955 3079 2121 3135 Valde
2141 3082 2436 3137 recordaris
2469 3084 2762 3138 studiorum
2793 3101 2963 3154 pauca
2991 3088 3247 3155 priorum.

2019 3170 2118 3235 Tu,
2147 3170 2430 3236 Adalhero,
2463 3173 2554 3240 qui
2595 3175 2985 3242 grammaticus
3037 3185 3241 3228 tantum
3283 3189 3359 3233 es.
3415 3189 3516 3230 nec

1945 3261 2240 3316 dialectica:
2272 3262 2415 3330 leges
2457 3264 2620 3321 nosti.
2651 3278 2715 3317 ex
2756 3263 2841 3317 his
2897 3279 3016 3332 qua:
3042 3264 3170 3318 olim
3207 3266 3262 3318 in
3305 3265 3506 3320 scholis

1944 3351 2203 3414 didicisti,
2239 3352 2393 3406 valde
2442 3367 2612 3421 pauca
2649 3353 2978 3407 recordaris.
3015 3353 3287 3409 Posterior
3319 3370 3512 3412 versus

1944 3441 2014 3494 ab
2042 3442 2380 3497 Adalherone
2409 3445 2732 3498 emendatus
2760 3455 2845 3498 est
2878 3447 2980 3499 ita:

1944 3528 1999 3582 Ν
2003 3548 2102 3584 unc
2137 3531 2244 3584 scio
2272 3533 2411 3602 quod
2436 3532 2630 3586 recolas
2659 3535 2951 3589 studiorum
2971 3553 3137 3606 pauca
3163 3539 3420 3607 priorum.

2008 3619 2415 3676 Grammaticus
2465 3622 2712 3691 simplex,
2779 3639 2850 3678 un
2895 3625 3076 3695 simple
3115 3627 3510 3694 grammairien,

1939 3707 2204 3778 hodieque
2243 3710 2401 3778 vulgo
2441 3710 2641 3764 dicitur
2669 3711 2837 3766 solius
2881 3714 3245 3783 grammaticae
3277 3715 3504 3784 peritus.

1937 3802 2071 3856 nihil
2103 3811 2298 3872 praeter
2326 3805 2737 3873 grammaticam
2770 3807 2966 3860 sciens.
3001 3804 3139 3859 Illex
3180 3807 3508 3872 dialecticus,

1938 3892 2176 3948 hicidem
2201 3894 2341 3962 quod
2367 3894 2544 3961 exlex,
2577 3892 2778 3967 ἄνομος,
2802 3897 2890 3964 qui
2915 3895 3058 3966 leges
3092 3896 3367 3965 regulasve
3394 3895 3510 3948 dia-

1936 3983 2140 4038 lectica:
2169 3999 2274 4039 non
2303 3985 2466 4040 novit.
3105 3989 3108 3991 Α

1935 4096 2082 4166 (106)
2106 4097 2208 4163 Qui
2232 4115 2447 4168 parvum
2475 4101 2728 4164 meminit,
2764 4118 2865 4155 non
2897 4101 3222 4156 obliviscitur
3246 4101 3435 4155 omnis.

2007 4209 2184 4263 V'crha
2238 4220 2362 4265 sunt
2391 4212 2767 4276 Adalheronis,
2814 4213 3111 4266 asserentis
3138 4228 3196 4266 se
3235 4229 3344 4266 non
3387 4227 3509 4265 oin-

1931 4299 2081 4353 nium
2105 4301 2404 4355 studiorum
2427 4302 2654 4356 oblitum
2681 4318 2823 4365 esse,
2847 4305 2934 4371 qui
2961 4315 3097 4359 teste
3120 4305 3349 4372 ipsomet
3380 4319 3504 4373 rege

1933 4389 2110 4459 aliqua
2149 4391 2344 4453 adhuc,
2393 4391 2604 4446 etiamsi
2661 4393 2887 4460 paucula
2929 4393 3285 4448 meminisset.
3340 4393 3504 4447 Parvi

1859 4457 1906 4514 υ
1938 4457 2048 4531 tum
2103 4480 2429 4534 dicebantur
2457 4484 2548 4551 qui
2577 4482 2704 4535 olim
2727 4483 2900 4550 pauci.
2934 4483 3071 4538 llinc
3103 4484 3154 4536 in
3188 4484 3503 4552 prtul'atione

1935 4567 2067 4641 legis
2094 4568 2286 4629 Saliae
2333 4571 2477 4629 Gens
2505 4572 2832 4629 Francicam
2886 4588 3046 4643 parca
3076 4589 3292 4628 numero
3343 4572 3510 4629 fuisse

1935 4661 2166 4729 dicitur;
2199 4675 2298 4718 nec
2333 4664 2494 4718 aliter
2524 4680 2553 4718 a
2586 4663 2810 4732 Virgilio
2838 4665 3179 4733 appellantur
3205 4665 3381 4734 exigui
3410 4682 3510 4717 nu-

1933 4769 2099 4816 mero,
2135 4755 2227 4824 qui
2272 4769 2501 4809 numero
2527 4755 2684 4823 pauci
2735 4763 2911 4807 erant.
2966 4753 3230 4823 Exiguum
3272 4755 3415 4806 enim
3453 4762 3510 4808 ct

1932 4859 2150 4913 parvum
2177 4845 2421 4914 ejusdem
2444 4859 2566 4900 esse
2581 4845 2991 4916 signiﬁcationis
3019 4859 3179 4899 nemo
3213 4846 3403 4900 nescit.
3428 4845 3507 4900 Its.

1933 4943 1987 4987 et
2043 4934 2212 4990 Graeci
2274 4936 2607 4990 recentiores
2664 4941 2860 5010 μικροῖς
2909 4949 3006 5003 pro
3055 4934 3247 5008 ὀλίγοις
3303 4933 3513 4988 dixere.

1937 5023 2182 5096 Pyrrhus
2209 5029 2415 5100 quippe
2465 5027 2556 5098 qui
2600 5029 2805 5083 nostris
2854 5025 3205 5083 Antiochiam
3267 5024 3516 5088 tradidit,

2302 5135 2354 5142 ..ρ
2387 5117 2626 5142 13..--ιάι-
2655 5137 2671 5142 -
2692 5122 2715 5142 νΙ

2743 5134 2854 5142 -Αοδα
2892 5130 3158 5142 ρυρλιοιιιι..
3188 5121 3290 5142 .-.ιυ-
3317 5113 3521 5142 ‘gﬁkA-A

1937 5131 2052 5142 Anu-“
2080 5134 2162 5142 -Α,
