4058 5406
537 357 640 417 815

1472 342 1951 404 ADALBERONIS
1986 335 2290 397 EPISCOPI
2323 326 2807 392 LAUDUNENSIS

539 485 595 537 to
619 473 864 550 Gregorii
886 470 1120 530 Historia
1141 467 1356 540 legitur.
1381 465 1624 524 Julianus
1645 461 2130 518 Toletanorumar—
2158 460 2204 517 Α
2305 449 2370 505 Et
2404 445 2541 504 mala
2586 441 2910 516 prohibeant
2960 440 3279 499 eLvetent,
3324 429 3403 490 sic
3439 442 3604 501 supra
3645 438 3808 483 versu

541 571 922 644 chiepiscopus
963 564 1310 634 Argabadum
1331 555 1701 616 Narbonensis
1738 551 1996 644 Ecclesiae
2023 563 2118 644 an-

465 710 470 714 .
541 636 772 718 tislilem
820 636 1040 714 inducit
1067 651 1336 716 Wambae,
1369 648 1481 720 regi
1537 645 1865 706 Gothorum,
1915 640 1987 694 ita
2040 636 2120 691 lo-

541 759 827 824 quentem:
860 743 1170 801 Paraissimi
1198 741 1412 812 quidem
1442 737 1713 795 evasimus
1741 729 2005 802 gladium;
2026 724 2120 782 sed

541 844 715 916 parvis
744 840 958 900 veniam
981 839 1359 921 deprecamur.

543 957 694 1032 (107)
717 955 852 1027 Ejus
878 954 971 1026 qui
999 949 1260 1016 stimulat,
1287 945 1433 1002 senio
1454 943 1619 1000 nescis
1651 938 1938 996 reminisci.

612 1071 770 1130 Senio
782 1071 965 1131 nescis,
983 1067 1252 1138 episcope,
1271 1059 1532 1118 reminisci
1550 1061 1663 1128 ejus
1682 1057 1772 1128 qui
1793 1065 1842 1110 te
1861 1048 2118 1113 stimulat,

543 1181 640 1224 seu
671 1179 783 1237 pra:
811 1168 1093 1219 senectute
1125 1155 1290 1212 verba
1335 1168 1478 1218 mea,
1502 1151 1700 1222 quibus
1731 1157 1990 1217 tanquam
2021 1143 2120 1198 bos

545 1255 764 1314 stimulo
800 1259 1035 1328 punctus
1080 1260 1160 1311 es,
1199 1243 1478 1302 reminisci
1535 1257 1642 1296 non
1681 1246 1858 1309 potes,
1902 1247 2025 1288 cum
2069 1239 2122 1286 te

545 1362 649 1402 non
681 1320 893 1408 sanum,
928 1349 981 1396 te
1009 1328 1297 1408 simplicem
1353 1326 1758 1404 grammaticum
1786 1341 1848 1380 ac
1883 1320 2120 1378 dialecti-

544 1452 664 1490 cum
696 1433 905 1503 illegem
947 1427 1281 1491 vocaverim,
1309 1432 1366 1481 et
1389 1423 1455 1478 de
1479 1417 1739 1493 prioribus
1766 1413 1959 1472 studiis
1982 1427 2118 1484 pau-

545 1524 758 1581 cissima
789 1519 1058 1576 recordari
1081 1516 1327 1572 dixerim.

548 1637 700 1708 (l08)
747 1632 980 1707 Spiritus
1015 1633 1100 1689 hic
1132 1637 1377 1696 resonat;
1427 1642 1530 1682 non
1573 1639 1656 1682 me
1695 1620 1961 1679 dementia
2006 1628 2120 1674 tor-

1883 1712 2047 1784 [quet.

2219 540 2370 704 3:34.
2395 630 2505 686 scio
2531 624 2854 698 defendunt;
2884 621 3024 694 quod
3051 618 3240 684 nescio,
3269 614 3478 669 cedunt.

2221 744 2446 803 Mutavit
2478 751 2534 797 et
2569 742 2714 797 hunc
2735 751 2952 794 versum
2976 733 3248 790 Adalbcro
3277 744 3346 786 eo
3383 726 3545 783 modo
3573 742 3592 779 :

2223 838 2355 906 Qua:
2384 833 2524 890 mala
2549 830 2856 894 dissoluant,
2878 842 2994 899 qua:
3022 833 3146 881 sunt
3174 823 3494 879 extrinsecus
3519 824 3668 873 acta.

2222 947 2370 1022 (116)
2401 946 2640 1003 Oratoris
2669 945 2800 999 inest
2827 941 2944 1007 tibi,
2977 955 3095 1006 rer,
3121 953 3366 993 concessa
3392 933 3648 1006 facultas.

2227 1040 2383 1096 Nunc
2410 1040 2771 1103 demonstras;
2802 1045 2910 1089 tum
2937 1031 3186 1088 deliberat
3215 1031 3346 1085 ordo
3370 1035 3641 1101 potentum

2221 1132 2518 1189 Discutiens
2544 1130 2848 1202 aﬂirmative
2880 1142 2998 1181 cum
3021 1121 3276 1194 religiosis

2222 1223 2469 1288 Iudiciis,
2506 1239 2539 1276 a
2574 1237 2674 1290 quo
2700 1218 2897 1290 possint
2923 1234 3005 1273 res
3042 1213 3290 1291 inﬁciari.

2298 1313 2429 1369 Tria
2462 1325 2748 1368 causarum
2776 1323 2971 1381 genera
2999 1307 3240 1377 designat
3268 1301 3559 1377 Adalbero,
3593 1300 3816 1356 demon-

2224 1403 2523 1467 strativum,
2554 1416 2660 1471 quo
2689 1401 2810 1455 laus
2835 1407 2890 1455 et
2917 1395 3244 1468 vituperatio
3289 1392 3629 1457 continetur;
3671 1389 3812 1444 deli-

2225 1491 2535 1557 berativum,
2557 1500 2610 1546 et
2627 1487 2918 1561 judiciale;
2943 1487 3126 1558 aitque
3153 1484 3445 1541 Robertum
3469 1481 3812 1536 Francorum

2226 1597 2431 1654 regem,
2469 1581 2561 1652 qui
2613 1589 2784 1635 artem
2815 1578 3108 1634 oratoriam
3145 1575 3318 1638 norit,
3362 1572 3417 1627 in
3449 1570 3816 1626 conventibus

2227 1674 2408 1746 gentis
2434 1674 2814 1737 demonstrare,
2850 1684 2972 1740 qua:
3001 1667 3190 1739 probet
3213 1676 3269 1721 et
3293 1661 3536 1720 facienda
3556 1661 3769 1730 judicet
3794 1674 3818 1712 :

2228 1776 2340 1822 tum
2397 1764 2465 1820 de
2511 1764 2597 1819 bis
2651 1775 2908 1834 proceres
2955 1759 3267 1814 deliberare.
3326 1753 3471 1810 Ordo
3513 1762 3818 1824 potentum,

600 1843 671 1900 .ln
699 1855 926 1913 corpore
954 1847 1061 1896 isto
1082 1851 1204 1894 meo
1232 1844 1316 1892 est
1357 1843 1413 1890 et
1449 1846 1658 1889 mecum
1697 1825 2115 1925 nauitat-anima
2149 1824 2196 1886 Β
2226 1865 2351 1913 sum
2387 1824 2670 1925 episcopi;
2697 1853 2944 1918 διώκω,
2993 1859 3050 1906 ει
3093 1847 3401 1921 principes,
3449 1844 3818 1916 optimates”

546 1935 778 1992 rationis
811 1947 1054 2004 compos,
1081 1929 1238 1999 cujus
1271 1925 1535 1984 beneﬁcio
1555 1933 1610 1979 et
1634 1936 1799 1993 opera
1840 1919 1957 1985 tibi,
1999 1932 2120 1981 rex,

546 2028 760 2096 loquor.
787 2023 1005 2088 Anima,
1038 2021 1276 2090 inquam,
1316 2031 1438 2088 qua:
1463 2014 1547 2082 vel
1575 2014 1692 2082 ipso
1720 2009 1936 2065 nomine
1965 2014 2124 2062 natu-

549 2132 667 2172 ram
690 2130 844 2170 suam
869 2113 1075 2168 indicat
1125 2118 1287 2180 atque
1315 2114 1569 2163 testatur.
1599 2101 1794 2156 Anima
1821 2101 1965 2156 enim
2015 2096 2124 2167 spi-

551 2209 717 2264 ritum
771 2214 1102 2273 ventumque
1141 2199 1435 2270 signiﬁcat.
1470 2194 1658 2264 Neque
1684 2207 1816 2247 vero
1871 2198 2125 2245 senectus

549 2300 778 2356 delirum
829 2311 940 2363 me,
974 2302 1286 2366 autparum
1336 2303 1481 2348 sana:
1511 2286 1730 2351 mentis,
1774 2284 2124 2340 dementemve

549 2390 806 2455 reddidit,
832 2388 908 2443 uti
941 2402 1102 2458 supra
1128 2384 1335 2441 dixisti.

549 2480 758 2552 (109)8i
784 2489 975 2536 natura
1004 2493 1198 2549 senum,
1221 2475 1377 2546 cogit,
1407 2491 1510 2529 non
1541 2471 1724 2542 culpor
1747 2479 1914 2525 acute.

622 2567 681 2624 Si
725 2563 1177 2637 quemadmodum
1208 2560 1417 2627 dixisti,
1455 2574 1573 2625 rex,
1596 2573 1659 2613 ea
1701 2567 1785 2612 est
1811 2563 2004 2612 natura
2037 2569 2125 2635 se-

551 2658 788 2715 nectutis
826 2665 1085 2713 extremae
1117 2663 1179 2710 ut
1230 2652 1482 2708 insanire
1520 2659 1616 2705 aut
1659 2647 1850 2705 saltem
1890 2632 2126 2703 delirare

552 2766 654 2806 nos
682 2756 861 2820 cogat.
891 2747 1033 2802 male
1071 2752 1128 2801 et
1164 2745 1284 2800 sine
1329 2756 1496 2798 causa
1542 2739 1735 2807 obiicis
1759 2738 1890 2794 mihi
1935 2737 2122 2793 vitium

556 2842 702 2914 quod
744 2849 818 2896 sit
858 2853 965 2895 non
1014 2850 1287 2908 personae,
1326 2833 1421 2890 sed
1445 2834 1657 2899 aetatis;
1687 2840 1745 2886 ct
1778 2829 1920 2900 quod
1958 2842 2122 2884 senex

553 2947 676 3004 ego,
712 2930 928 2987 tametsi
954 2927 1114 2984 valde
1139 2925 1302 2982 velim
1326 2935 1382 2983 et
1402 2923 1641 2996 cupiam,
1663 2923 1838 2980 vitare
1868 2934 1975 2977 non
2001 2935 2128 2992 pos-

554 3025 679 3079 sim.

554 3137 704 3210 (110)
735 3133 961 3193 Natum
985 3135 1143 3206 ﬁnem
1174 3149 1277 3190 non
1290 3141 1488 3205 ponunt
1508 3139 1621 3190 arte
1647 3129 1801 3202 periti

563 3229 835 3297 Artiﬁcem
866 3227 1083 3300 quidam
1117 3227 1298 3281 dicunt
1325 3225 1497 3296 ignem
1513 3223 1795 3292 sapientes.

625 3337 884 3393 Naturam
911 3335 1126 3408 quidam
1157 3335 1289 3391 artis
1315 3335 1469 3405 periti
1491 3332 1573 3387 vel
1597 3331 1882 3402 sapientes,
1918 3329 2020 3385 hoc
2046 3334 2130 3383 est

553 3427 880 3500 philosophi,
906 3425 989 3483 vel
1017 3424 1194 3495 sophi,
1225 3423 1492 3480 definiunt
1521 3425 1686 3494 ignem
1716 3421 1968 3490 artiﬁcem
1989 3460 2004 3484 ,
2039 3418 2130 3474 alti

557 3516 658 3574 Dei
686 3519 1021 3573 uoluntatem.
1052 3516 1184 3585 Quae
1223 3523 1528 3587 sequuntur
1573 3512 1867 3569 divisiones
1893 3510 2130 3582 philoso-

556 3609 730 3682 phicas
783 3609 851 3664 de
905 3609 1142 3674 naturis;
1199 3623 1320 3678 quas
1365 3607 1493 3662 item
1540 3604 1608 3662 de
1663 3603 2133 3675 argumentatione

558 3702 704 3758 omni
735 3709 827 3756 aut
873 3701 1178 3758 necessaria
1205 3709 1302 3757 aut
1340 3699 1636 3770 probabili,
1667 3707 1720 3754 et
1759 3712 1878 3770 quae
1915 3697 1980 3753 de
2004 3711 2134 3752 vero

559 3791 807 3862 aliisque,
840 3805 1004 3861 opera
1051 3799 1240 3847 nostra
1267 3799 1322 3845 et
1358 3789 1694 3862 expositione
1739 3805 1844 3844 non
1874 3788 2132 3859 indigent.

557 3903 707 3974 (111)
737 3901 1234 3971 Territa,'naturam
1261 3902 1452 3969 vitans,
1482 3902 1678 3973 ellatur
1703 3899 1886 3956 asella.

629 4019 826 4084 Asina,
865 4017 1040 4090 angeli
1085 4017 1322 4090 gladium
1370 4017 1619 4075 strictum
1662 4017 1981 4074 intentantis
2009 4031 2138 4074 con-

562 4121 753 4180 spectu
807 4110 1018 4177 territa,
1071 4110 1316 4167 inaudito
1362 4108 1608 4180 prodigio
1651 4107 1869 4166 Balaam
1919 4109 2138 4165 domino

561 4201 742 4256 locuta
764 4209 866 4256 est.

561 4315 711 4387 (112)
738 4312 948 4370 Fabula
973 4330 1080 4370 non
1105 4313 1303 4370 stmilat
1337 4329 1534 4382 verum,
1563 4329 1656 4369 nec
1685 4313 1880 4369 dicitur
1903 4330 2030 4370 esse.

633 4429 838 4486 Fabula
865 4429 978 4486 veri
1016 4444 1126 4486 non
1171 4437 1256 4486 est
1285 4427 1476 4484 similis
1499 4469 1516 4495 ,
1542 4443 1643 4484 nec
1683 4444 1872 4484 verum
1916 4436 2140 4484 vocatur

562 4530 658 4576 aut
700 4519 950 4578 habetur.
999 4519 1095 4577 Sic
1120 4520 1261 4581 apud
1289 4519 1562 4574 Ardonem
1604 4521 1660 4574 in
1699 4519 1821 4576 Vita
1861 4518 2136 4576 Benedicti
2167 4541 2216 4600 ι)

559 4613 783 4686 Aniame
807 4612 1058 4679 abbatis;
1098 4626 1240 4683 saepe
1271 4610 1514 4668 similare
1546 4625 1716 4681 equus
1744 4625 1943 4681 equum
1974 4609 2130 4666 solet.

558 4707 714 4776 Apud
760 4705 1036 4760 Paulum:
1075 4703 1244 4773 Eque:
1281 4720 1412 4774 quas
1462 4704 1726 4760 similatis.
1777 4704 1858 4760 Ex
1904 4703 2137 4759 similare

560 4797 786 4853 fecimus
807 4795 1030 4851 sembler
1052 4802 1108 4850 et
1142 4792 1466 4850 ressembler.

560 4908 708 4981 (115)
731 4907 922 4963 Narnia
946 4905 1093 4962 nulla
1114 4920 1307 4971 meum,
1332 4919 1425 4958 nec
1444 4903 1648 4973 fabula,
1669 4915 1859 4958 mulcet
1885 4918 2148 4959 amorem-

630 4999 844 5056 Nmias
879 5000 993 5054 sive
1023 4998 1274 5068 ineptias,
1307 5003 1362 5051 et
1395 4992 1608 5050 fabulas
1634 4994 1744 5050 odi.

561 5092 709 5161 (114)
733 5089 866 5146 Jure
892 5089 1165 5159 salutifero
1194 5087 1452 5155 sapientes
1477 5094 1524 5141 et
1557 5086 1815 5141 moderati

570 5179 796 5235 Praemia
817 5179 895 5235 uel
921 5195 1099 5251 poenas
1131 5187 1406 5249 qurerant;
1434 5175 1635 5231 ratione
1653 5182 1885 5245 potentes

562 5271 857 5328 Accipiunt.
883 5273 1018 5328 α’ααί
1047 5270 1125 5326 uel
1151 5270 1276 5328 quid
1296 5269 1569 5328 patiantur
1594 5266 1778 5328 iniqui.

2226 1946 2546 2011 smculares,
2590 1943 2844 2000 nimirum
2879 1943 3074 2005 duces,
3124 1937 3507 2002 marcbiones,
3556 1931 3815 1989 comites.

2227 2040 2354 2096 Post
2380 2038 2631 2093 ultimum
2652 2050 2869 2092 versum
2895 2043 3006 2091 tres
3031 2046 3222 2088 versus
3248 2028 3392 2086 crasi
3419 2028 3478 2085 in
3505 2025 3700 2084 codice
3721 2023 3821 2078 de-

2227 2129 2445 2187 sidcrau
2455 2137 2562 2182 tur.
2923 2139 2930 2143 λ

2227 2245 2376 2317 (117)
2411 2244 2579 2300 Antea
2606 2258 2684 2298 res
2705 2240 2886 2314 quales
2907 2241 3077 2306 nobis,
3100 2237 3377 2294 translatio
3407 2233 3552 2301 finis,

2227 2332 2296 2389 Et
2324 2333 2636 2405 conjectura:
2659 2349 2764 2404 quo
2787 2333 3154 2386 discernantur
3177 2336 3395 2398 oportet.

2286 2446 2466 2512 Antea
2503 2453 2743 2517 oportet,
2795 2453 2854 2498 ut
2903 2443 3284 2498 discernantur
3329 2454 3359 2493 a
3415 2437 3571 2493 nobis
3625 2449 3823 2491 rerum

2225 2537 2482 2608 qualitas,
2520 2533 2824 2601 translatio,
2862 2533 2988 2590 linis
3016 2541 3072 2587 et
3105 2530 3450 2600 conjecturae.

2226 2651 2376 2721 (118)
2407 2649 2649 2715 Quatuor
2674 2647 2770 2701 Itas
2792 2662 2897 2700 non
2927 2643 3176 2709 invenies,
3206 2658 3337 2713 quas
3361 2640 3504 2694 hicce
3528 2638 3785 2708 requiris.

2296 2739 2640 2806 Qualitatem,
2671 2735 3100 2799 translationem,
3129 2734 3291 2788 linem
3329 2741 3383 2786 et
3408 2728 3782 2798 conjecturas.

2229 2831 2376 2905 (119)
2401 2829 2518 2884 Rite
2546 2828 2700 2901 pedes
2730 2827 2913 2896 posui;
2938 2824 3100 2895 surgit
3130 2824 3257 2878 dum
3281 2823 3466 2893 [igitur
3499 2820 3658 2875 alter.

2301 2921 2487 2993 Surgit
2506 2921 2644 2975 alter
2668 2918 2884 2988 pedum,
2915 2918 3042 2972 dum
3068 2914 3207 2970 alter
3232 2913 3431 2983 ﬁgitur.

2229 3011 2381 3086 (120)
2411 3009 2654 3065 Pandere
2683 3024 2804 3072 non,
2833 3005 3078 3068 moriens,
3122 3018 3215 3057 nos
3257 3002 3369 3055 hcce
3404 3009 3598 3053 natura
3627 2998 3823 3065 coeg't.

2301 3121 2418 3177 Non
2442 3120 2559 3176 haec
2578 3132 2678 3174 nos
2695 3113 2974 3186 capularis
2995 3119 3264 3177 senectus,
3284 3108 3387 3182 [et]
3406 3116 3601 3162 natura
3642 3104 3825 3158 delira

2228 3226 2500 3286 exponere
2534 3216 2732 3280 coegit.
2763 3193 2862 3263 Hic
2902 3217 3093 3261 versus
3122 3200 3481 3260 Adalberonis
3524 3196 3828 3268 respondet

2231 3305 2359 3362 huic
2383 3301 2528 3375 regis
2553 3301 2622 3358 de
2645 3298 2986 3355 Adalberone
3004 3293 3185 3351 versui
3215 3307 3233 3349 :

2234 3417 2364 3472 Haec
2399 3424 2591 3470 natura
2613 3409 2892 3468 senectutis
2913 3408 3111 3464 dixisse
3133 3405 3409 3478 probatur.

2233 3527 2380 3601 (121)
2408 3527 2573 3597 Digne
2593 3523 2840 3590 tristaris,
2860 3521 2951 3593 qui
2988 3534 3079 3574 rex
3103 3519 3295 3572 servire
3319 3515 3544 3584 juberis.

2306 3621 2406 3676 llic
2441 3615 2798 3676 Adalberonis
2846 3626 3040 3670 versus
3088 3610 3322 3667 refertur
3360 3607 3428 3663 ad
3478 3603 3824 3676 superiorem

2234 3711 2463 3768 alterum
2488 3707 2726 3778 ejusdem
2751 3721 2764 3758 :

2239 3803 2354 3859 Rea:
2381 3811 2430 3858 et
2455 3799 2727 3872 pontiﬁces
2751 3796 2912 3852 servis
2935 3795 3124 3851 seruire
3146 3791 3403 3849 videntur.

2239 3915 2388 3988 (122)
2413 3913 2647 3986 Regnum
2671 3909 3028 3976 Francorum,
3060 3923 3225 3979 reges,
3244 3906 3340 3961 sub
3367 3914 3596 3975 tempore
3610 3909 3824 3972 patrum

2239 4006 2526 4078 Subjugat,
2553 4013 2601 4058 et
2628 4018 2829 4073 semper
2860 3998 3073 4056 sublimi
3091 3997 3248 4069 pollet
3278 3996 3494 4050 honore.

2313 4117 2640 4182 Clodoveus,
2661 4128 2759 4170 rex
2779 4112 3138 4176 Francorum,
3156 4122 3377 4180 regnum
3397 4105 3822 4160 Alamannorum

2240 4211 2295 4266 in
2345 4215 2501 4278 parte
2540 4205 2882 4270 Germaniae,
2932 4214 3264 4273 regnumque
3315 4196 3724 4267 Visigothorum
3771 4196 3822 4247 in

2240 4299 2532 4371 Aquitania
2557 4294 2774 4360 evertit,
2805 4309 2870 4348 ac
2897 4307 3009 4348 suae
3035 4289 3225 4347 ditioni
3268 4287 3524 4356 subjecit;
3565 4283 3689 4354 ejus
3728 4283 3824 4337 ﬁlii

2241 4406 2354 4461 prae
2391 4387 2607 4444 caeteris
2646 4399 2812 4454 regna
2862 4382 3303 4453 Burgundionum
3348 4378 3821 4448 et'Turingorum,

2247 4478 2547 4536 interfectis
2592 4475 2849 4547 regibus,
2903 4479 3260 4543 occuparunt.
3315 4468 3546 4524 Carolus
3597 4479 3825 4537 magnus

2245 4585 2466 4642 regnum
2502 4565 2976 4637 Longobardorum
3023 4563 3079 4618 in
3110 4561 3294 4628 Italia,
3337 4568 3494 4629 capto
3539 4556 3823 4613 Desiderio

2245 4674 2402 4729 rege,
2433 4656 2706 4720 obtinuit,
2754 4660 2808 4708 et
2851 4665 3079 4723 regnum
3128 4649 3447 4704 Hunnorum
3490 4646 3733 4702 Avarum
3770 4644 3821 4696 in

2242 4748 2545 4811 Pannonia,
2572 4745 2820 4801 Saxones
2853 4750 3066 4813 gentem
3101 4739 3408 4795 Germania:
3434 4735 3821 4792 validissimam

2243 4850 2301 4898 et
2353 4839 2676 4902 maximam,
2722 4833 2999 4903 Bajoarios
3040 4833 3304 4897 rebelles,
3349 4839 3406 4886 et
3445 4828 3821 4885 Sclavinorum

2244 4947 2339 4989 seu
2379 4931 2718 4987 Venedorum
2749 4927 2998 4984 nationes
3019 4924 3225 4996 aliquot
3248 4921 3480 4994 subegit.

2237 5036 2386 5111 (125)
2434 5035 2630 5107 Regum
2678 5044 2914 5105 sceptra,
2945 5040 3158 5102 patrum
3195 5029 3392 5086 nullius
3434 5037 3646 5100 sceptra
3685 5041 3822 5082 coer-

2312 5216 2486 5290 Beges
2533 5216 2867 5273 Francorum
2917 5213 3051 5271 nulli
3095 5227 3332 5282 unquam
3383 5119 3818 5282 sapuit-erum

2298 5311 2395 5328 ,κγ’
2455 5324 2504 5328 κ.-
2539 5308 2563 5327 νθ
2613 5317 2694 5328 -,--
2749 5309 2759 5328 ε
2783 5307 3061 5328 κνκμΑ-ςε-..ξ
3103 5305 3326 5328 --.ἱερειιέ
3359 5313 3479 5328 -..ιιι
3513 5319 3525 5328 ε
3562 5301 3704 5328 θυι-ιιι.
3740 5315 3818 5328 In‘-
