4058 5406
275 327 379 385 817

1260 336 1541 393 (ΣΛΒΜΕΝ
1583 337 1673 393 AD
1713 331 2096 395 ROBEBTUM
2137 331 2718 394 REGEM.—NOT£.

3427 335 3532 391 διδ

278 445 400 499 sitio
454 447 900 518 prmsumpserint
945 463 1106 520 agere
1151 447 1419 519 (Carolum
1465 465 1631 520 regem
1668 449 1860 522 facere)
1889 453 1941 514 Α
1967 461 2061 503 vas
2082 446 2278 519 populo
2302 462 2407 503 non
2438 443 2726 519 indigeret,
2754 460 2928 518 neque
2975 444 3140 502 ullam
3171 461 3361 504 novam
3387 449 3532 504 ordiA

277 549 488 589 morem
522 535 854 593 Francorum
887 540 1062 611 gemis
1099 540 1295 595 asSerit
1323 550 1538 595 secutos
1577 554 1636 596 se
1671 539 1856 608 fuisse,

271 643 510 696 quorum
559 645 676 685 mos
722 647 936 703 semper
986 632 1146 688 fuerit
1202 642 1293 696 ut,
1350 648 1474 703 rege
1533 633 1856 700 decedente,

271 719 444 773 alium
473 721 538 776 de
573 723 710 794 regis
738 723 902 794 stirpe
947 725 1030 779 vel
1076 726 1437 790 successione,
1467 727 1584 780 sine
1611 736 1855 795 respectu

271 805 358 858 vel
388 807 812 883 interrogatione
839 811 1154 884 cujusquam
1177 811 1396 884 majoris
1420 823 1511 868 aut
1538 815 1857 884 potentioris

277 895 420 964 regis
454 897 733 969 eligerent.
769 919 788 952 ι

273 1028 426 1101 (lit)
461 1031 666 1104 Quique
689 1036 842 1106 regit,
863 1051 1097 1105 gauaens
1123 1036 1401 1090 uirtutibus
1431 1037 1649 1106 imperat
1685 1051 1850 1107 teque.

346 1141 414 1194 Et
446 1141 537 1210 qui
570 1158 798 1213 regnum
821 1144 952 1199 illud
980 1144 1314 1200 Francorum
1347 1145 1502 1217 regit,
1530 1143 1713 1200 multis
1741 1160 1856 1199 ma-

273 1233 499 1301 gnisque
542 1232 834 1289 virtutibus
877 1235 1138 1305 praeditus
1185 1242 1292 1299 est,
1337 1249 1400 1290 ac
1446 1235 1585 1289 bene
1607 1233 1858 1303 justeque

274 1322 527 1391 imperat.
561 1321 686 1378 ":20
732 1323 798 1378 de
828 1322 1070 1380 Roberto
1112 1324 1228 1396 ipso
1261 1339 1386 1394 rege
1423 1322 1759 1380 Francorum
1791 1323 1860 1377 ab

272 1411 618 1468 Adalberone
641 1413 914 1470 dicuntur.

273 1543 424 1616 (l25)
457 1543 712 1600 Nouimus
752 1547 1028 1616 imperium
1049 1547 1168 1617 jam
1199 1547 1407 1618 regibus
1432 1562 1542 1602 esse
1563 1545 1824 1618 fugatum.

343 1656 562 1713 Scimus
618 1659 973 1729 imperatores
1040 1675 1070 1715 a
1123 1659 1342 1731 regibus
1411 1659 1745 1715 Francorum
1803 1661 1857 1716 in

271 1743 456 1816 fugam
494 1745 768 1817 conjectos
788 1757 844 1804 et
876 1749 1076 1805 ﬁnibus
1101 1752 1214 1805 suis
1235 1749 1487 1820 expulsos
1517 1764 1660 1806 esse.
1688 1749 1857 1804 Nimi-

1960 539 2235 594 nationem
2281 554 2402 609 quae
2443 541 2737 610 pertineret
2779 540 2847 595 ad
2888 540 3138 610 spolium.
3173 559 3192 594 ι
3226 539 3532 596 Et‘Leode-

1958 629 2143 698 garius
2165 629 2671 700 Augustodunensis
2698 629 2986 701 episcopus
3025 629 3377 684 Childericum
3410 645 3530 684 mo-

1961 721 2220 775 narcltam
2249 720 2582 776 Francorum
2610 723 2808 792 arguit,
2831 721 2976 792 quod
3006 721 3144 791 leges
3175 731 3224 775 et
3253 729 3533 776 consuetu-

1953 809 2101 864 dines
2120 811 2344 878 patrias,
2369 827 2500 881 quas
2531 827 2834 866 conservare
2860 820 3196 881 praceperat,
3225 819 3332 865 tam
3357 811 3532 865 subito

1951 896 2300 954 immutasset.
2327 899 2550 955 Carolus
2578 913 2796 970 quoque
2819 899 3016 954 Calvus
3050 914 3195 955 anno
3221 898 3346 966 869,
3377 897 3534 954 Metis

1952 990 2295 1047 coronandus
2340 991 2395 1045 in
2449 991 2684 1046 ecclesia
2737 990 2926 1047 Sancti
2971 989 3262 1063 Stephani,
3318 990 3534 1047 cunctis

1951 1080 2394 1138 Lmbariensibus
2440 1085 2533 1154 qui
2583 1084 2811 1139 aderant
2837 1083 3174 1140 denuntiavit
3227 1097 3289 1140 se
3323 1084 3533 1139 unicui-

1953 1188 2060 1243 que
2104 1188 2324 1230 suorum
2375 1175 2611 1230 fidelium
2677 1177 2731 1232 in
2805 1190 2903 1232 suo
2961 1176 3182 1243 ordine,
3237 1177 3530 1233 secundum

1956 1263 2059 1318 sibi
2110 1273 2478 1334 competentes
2533 1265 2706 1337 leges,
2764 1274 2874 1321 tam
2924 1265 3326 1322 ecclesiasticas
3369 1281 3534 1337 quam

1957 1354 2272 1419 mundanas,
2298 1353 2470 1426 legem
2497 1365 2553 1411 et
2571 1356 2836 1427 justitiam
2862 1365 3333 1424 conservaturum,
3357 1357 3533 1412 Ludo-

1959 1446 2062 1502 vici
2098 1446 2216 1518 ejus
2245 1446 2339 1502 tilii
2378 1463 2522 1502 anno
2556 1448 2657 1504 877
2688 1448 2744 1503 in
2784 1447 2987 1519 palatio
3017 1447 3350 1520 Compendio
3379 1463 3536 1505 coro-

1959 1539 2142 1606 nandi,
2175 1541 2461 1610 promissio
2488 1541 2554 1596 ad
2578 1541 2860 1612 episcopos
2890 1541 3012 1598 talis
3051 1550 3137 1598 est
3167 1559 3182 1598 :
3216 1559 3236 1596 ι
3273 1540 3536 1598 Promitto

1957 1639 2011 1686 et
2036 1633 2275 1702 perdono
2303 1631 2457 1689 vobis
2499 1633 2626 1706 quia
2654 1632 2946 1703 unicuique
2974 1634 3039 1688 de
3060 1631 3236 1699 vobis,
3263 1640 3320 1688 et
3351 1631 3534 1687 Eccle-

1957 1721 2054 1776 siis
2087 1721 2240 1778 vobis
2273 1723 2600 1789 commissis,
2623 1723 2944 1778 canonicum
2977 1722 3336 1794 privilegium,
3366 1731 3422 1778 et
3445 1722 3537 1777 de-

275 1803 396 1890 tuin
445 1803 612 1892 anno.
637 1803 757 1894 978V
779 1803 1484 1906 Lotharius,‘Francor°um
1529 1803 1660 1908 ,
1695 1803 1853 1898 Meﬁtis
1888 1803 1928 1862 Β
1956 1814 2124 1908 bim“
2165 1815 2338 1886 legem
2376 1823 2540 1886 atque
2580 1814 3323 1908 ius‘i‘iam-°°"se"?"°ie‘
3350 1812 3536 1908 deri“.

273 1925 529 1996 receptis,
558 1943 681 1982 cum
726 1944 921 1999 magno
948 1930 1194 1985 exercitu
1227 1931 1293 1986 de
1343 1931 1636 2002 improviso
1664 1949 1853 2004 super.

270 2016 515 2081 veniens,
547 2018 927 2088 imperatorem
956 2019 1207 2078 Ottonem
1234 2019 1509 2078 Juniorem
1552 2039 1620 2079 ex
1655 2025 1854 2094 palatio

268 2105 602 2178 Aquisgrani
630 2125 734 2164 una
762 2125 884 2165 cum
909 2109 1137 2182 cOnjuge
1157 2112 1441 2183 profugere
1460 2113 1657 2185 coegit.
1683 2114 1852 2180 Quem

270 2198 464 2253 eodem
493 2213 635 2255 anno
659 2215 784 2256 cum
828 2202 1111 2272 sexaginta
1143 2204 1380 2260 millibus
1420 2205 1654 2260 militum
1684 2204 1853 2260 Fran-

269 2288 412 2344 ciam
461 2289 786 2361 ingressum,
834 2302 890 2347 et
937 2294 1248 2361 Remorum,
1302 2295 1739 2352 Laudunensium
1789 2310 1854 2352 ac

270 2379 627 2436 Suessionum
661 2383 804 2453 agris
829 2385 1080 2452 vastatis,
1108 2385 1339 2443 Lutetia:
1368 2387 1735 2444 suburbanum
1771 2388 1853 2442 in-

269 2473 508 2530 cendere
536 2488 748 2542 ausum,
785 2493 876 2532 rex
897 2519 912 2544 ,
963 2477 1186 2550 llugone
1216 2480 1415 2536 comite
1442 2481 1769 2537 Parisiorum
1799 2491 1854 2536 et

270 2559 513 2618 Henrico
560 2564 696 2621 duce
753 2565 1232 2639 Burgundionum,
1284 2572 1639 2642 maximisque
1683 2574 1854 2644 Copiis

270 2652 481 2720 frctus,
538 2655 725 2726 fugere
777 2659 1068 2731 compulit,
1115 2677 1216 2716 nec
1266 2677 1436 2733 usque
1487 2665 1553 2718 ad
1607 2664 1851 2718 Axonam

269 2749 434 2802 modo
460 2747 892 2818 Suessionicum,
917 2752 1005 2808 ubi
1035 2753 1253 2824 plurimi
1277 2755 1325 2809 vi
1349 2754 1586 2810 ﬂuiiiinis
1611 2755 1848 2826 oppressi

271 2838 572 2906 perierunt,
603 2840 698 2896 sed
722 2842 886 2896 etiam
915 2858 1086 2914 usque
1113 2846 1180 2899 ad
1203 2843 1402 2900 Mosam
1436 2846 1675 2916 ﬁnesque
1703 2847 1851 2915 regni

267 2924 522 2983 Francici
564 2929 744 2984 triduo
787 2939 845 2986 et
890 2932 1144 2987 trinoctio
1171 2934 1552 3005 imperatorem
1583 2943 1670 2991 est
1707 2935 1851 2991 inse-

270 3026 453 3085 cutus,
483 3026 543 3073 ut
575 3017 937 3091 llermannus,
983 3023 1328 3096 Sigebertus,
1355 3024 1672 3084 Guillelmus
1711 3027 1853 3084 Nan-

269 3109 538 3178 giacensis
586 3113 878 3183 czeteriqne
928 3116 1324 3188 clironograpbi
1375 3120 1612 3173 tradunt.
1650 3119 1756 3176 Sed
1799 3131 1851 3175 et

269 3213 415 3254 anno
432 3199 565 3256 1006
579 3201 868 3259 Rotbertus
883 3205 1016 3276 ipse,
1030 3205 1362 3263 Francorum
1387 3223 1506 3275 rex,
1527 3207 1798 3266 Richardo
1811 3210 1850 3264 ll

267 3293 710 3353 Normannorum
779 3301 914 3355 duce
974 3301 1288 3366 comitatus,
1353 3301 1642 3358 llenricnm
1681 3303 1850 3374 impc-

270 3394 511 3440 ratorem
541 3387 610 3442 ab
639 3387 919 3446 obsidione
950 3387 1387 3446 Valentianorum
1423 3393 1678 3456 excussit,
1708 3391 1849 3461 quod

269 3483 534 3540 castrum,
562 3475 617 3531 in
670 3477 905 3535 conﬁnio
958 3479 1291 3536 Francorum
1335 3489 1392 3536 et
1439 3481 1850 3546 Lutharensium

268 3566 458 3629 situm,
499 3566 792 3625 Balduinus
813 3569 1226 3627 Flandrensium
1253 3587 1436 3630 eomes
1465 3574 1757 3630 invaserat.

269 3679 418 3752 (12ϐ)
446 3679 634 3736 Gratia
659 3699 796 3738 nunc
816 3701 1020 3739 summa
1039 3725 1056 3752 ,
1085 3702 1178 3755 per
1203 3703 1354 3757 quem
1383 3703 1597 3758 regnare
1617 3697 1846 3758 peroplo,

271 3767 398 3824 Non
434 3773 633 3827 meritis
659 3779 884 3831 concedo
919 3777 1068 3843 meis,
1094 3786 1200 3834 etc.

337 3878 556 3937 Gratias
581 3897 683 3953 ago
713 3883 844 3950 Deo,
873 3885 966 3956 qui
1013 3899 1102 3941 me
1137 3900 1322 3958 regem
1372 3886 1520 3954 fecit,
1549 3903 1648 3954 per
1688 3903 1849 3959 quem

271 3971 420 4036 vivo,
453 3988 551 4044 per
594 3990 754 4046 quem
797 3993 986 4046 regno.
1031 3977 1216 4051 Neque
1248 3980 1392 4036 enim
1439 3981 1650 4038 meritis
1691 3983 1846 4047 meis,

261 4078 390 4133 qua:
440 4066 588 4120 nulla
632 4077 760 4124 sunt
800 4078 893 4124 aut
923 4071 1138 4142 exigua,
1185 4079 1391 4128 tantum
1425 4075 1634 4141 tribuo,
1670 4079 1844 4132 utre-

268 4171 433 4226 gnum
467 4158 548 4213 eis
596 4157 798 4215 debere
829 4177 916 4217 me
952 4173 1156 4232 putem.
1190 4163 1314 4221 Huic
1342 4165 1503 4220 verba
1551 4178 1679 4222 sunt
1719 4169 1847 4238 piis-

265 4247 389 4303 simi
423 4249 566 4319 regis
595 4266 660 4306 ac
691 4253 1078 4310 demississime
1100 4255 1194 4311 des
1219 4271 1249 4312 e
1276 4259 1559 4314 sentientis
1579 4258 1844 4326 Rotberti,

265 4338 357 4405 qui
381 4339 450 4394 ab
481 4339 735 4411 Helgaldo
772 4354 1054 4414 propterea
1101 4363 1195 4401 rex
1229 4349 1465 4414 humilis,
1498 4350 1769 4406 interdum
1793 4360 1848 4406 et

265 4429 593 4486 humillimus
622 4435 941 4503 appellatur.
966 4436 1120 4493 Unde
1141 4437 1536 4494 Adalberonem
1577 4441 1644 4496 de
1675 4439 1844 4496 forma

263 4528 323 4574 et
344 4519 542 4575 virtute
565 4536 661 4576 sua
692 4522 845 4592 plura
877 4525 1056 4582 dicere
1079 4528 1330 4597 prohibet
1355 4545 1516 4600 supra
1547 4547 1560 4586 :

264 4610 344 4666 De
370 4610 547 4680 forma
574 4616 703 4670 satis
731 4627 875 4673 estet
900 4619 965 4674 de
999 4620 1190 4675 virtute
1213 4620 1462 4678 locutum.

337 4701 490 4770 Quod
521 4704 778 4776 loquendi
804 4725 974 4780 genus
1005 4712 1414 4776 Gallo-Francis
1437 4717 1640 4774 nostris
1662 4717 1850 4775 bodie-

267 4809 372 4862 que
402 4794 454 4850 in
483 4812 583 4851 usu
607 4807 710 4853 est.
742 4798 878 4854 C‘est
909 4818 1056 4856 asses
1079 4803 1230 4874 parlé
1262 4805 1326 4859 de
1351 4804 1483 4860 cela.
1512 4806 1644 4860 ltem
1671 4807 1747 4863 ait
1771 4824 1784 4860 :

268 4882 418 4941 Scire
441 4903 611 4942 meum
650 4890 783 4943 nihil
807 4901 882 4946 est
910 4912 924 4947 :
953 4896 1268 4968 semperssed
1300 4897 1528 4953 numinis
1555 4899 1700 4954 almi.

265 5021 412 5093 (l27)
445 5021 511 5078 Ut
549 5024 700 5079 nobis
733 5025 886 5080 liceat
920 5026 1056 5100 leges
1077 5044 1284 5085 seruare
1313 5041 1579 5103 paternas.

333 5135 514 5184 Flexis
537 5135 769 5184 annilius
816 5139 1033 5184 snnnlox
1085 5139 1252 5184 norim
1293 5156 1508 5184 ερηιηρι·
1542 5157 1642 5184 nm
1708 5143 1842 5184 Ιοιω.

1951 1903 2180 1970 sionem,
2212 1914 2474 1977 quantum
2505 1915 2752 1977 potuero,
2783 1903 3074 1975 adjuvante
3098 1905 3345 1961 Domino.
3375 1903 3534 1961 exhi-

1951 1995 2108 2050 bebo.
2137 2014 2157 2048 ι
2185 1996 2440 2052 Eamdem
2471 1997 2526 2052 in
2550 1996 2724 2054 tribus
2751 1996 3030 2053 codicibus
3051 1997 3322 2053 veteribus
3347 2011 3534 2067 regum

1951 2093 2261 2141 nostrorum
2289 2085 2694 2158 responsionem
2723 2086 2790 2141 ad
2811 2086 3093 2157 episcopos
3119 2085 3314 2158 reperi.
3331 2086 3538 2140 Eadem

1951 2176 2261 2248 eisdemque
2294 2177 2476 2234 verbis
2522 2188 2782 2248 concepta
2827 2185 2913 2234 est
2957 2176 3191 2247 Philippi
3224 2176 3532 2248 septennis,

1951 2281 2076 2322 mox
2106 2266 2270 2322 futuri
2312 2267 2446 2337 regis
2479 2264 2835 2332 Francorum,
2866 2279 3012 2322 anno
3043 2265 3203 2333 1059,
3239 2266 3292 2321 in
3326 2265 3535 2336 majore

1952 2355 2192 2412 Ecclesia
2241 2356 2532 2413 Remorum
2595 2355 2893 2428 professio;
2953 2356 3046 2428 qui
3109 2364 3166 2412 et
3229 2357 3380 2412 addit
3438 2371 3535 2426 po.

1950 2444 2076 2514 pulo
2126 2444 2229 2500 sibi
2266 2446 2475 2503 credito
2520 2461 2580 2502 se
2614 2445 3075 2517 dispensationem
3115 2446 3291 2518 legum
3338 2445 3392 2501 in
3435 2457 3535 2500 suo

1947 2536 2070 2606 jure
2099 2536 2482 2592 consistentem
2511 2552 2608 2594 sua
2635 2537 2959 2594 auctoritate
2982 2552 3368 2594 concessurum
3389 2576 3405 2602 ,
3430 2537 3534 2591 lioc

1953 2635 2073 2691 est,
2122 2635 2180 2682 ut
2229 2627 2370 2685 Boso
2412 2641 2509 2684 rex
2551 2629 2863 2701 designatus
2902 2629 3012 2696 ait,
3065 2630 3305 2684 omnibus
3347 2628 3531 2700 legem,

1949 2720 2207 2790 justitiam
2251 2729 2302 2775 et
2350 2730 2546 2776 rectum
2595 2720 3032 2776 mundiburdium
3096 2730 3430 2777 servaturum
3483 2727 3531 2772 et

1951 2814 2324 2882 impensarum.

1954 2923 2100 2997 (l28)
2132 2924 2241 2982 Lex
2265 2927 2444 2984 divina
2476 2937 2632 2996 vetat,
2657 2944 2774 3000 qua:
2799 2929 3012 3000 corrigit
3040 2931 3172 2983 inter
3195 2937 3461 2998 utrasque.

1951 3037 2100 3093 Alias
2145 3038 2338 3110 legitur
2378 3040 2804 3112 superscriptum
2854 3057 2868 3094 :
2912 3038 3020 3094 Lex
3060 3048 3135 3094 est
3173 3054 3278 3093 una
3320 3046 3532 3100 uetans;

1956 3130 2133 3185 minus
2158 3131 2315 3186 bene.

1959 3242 2105 3313 (129)
2145 3241 2282 3299 Utile
2315 3262 2532 3317 quicque
2566 3245 2917 3301 necessarium
2949 3244 3186 3311 conferre
3214 3244 3418 3299 videtur
3445 3255 3464 3294 :

2027 3336 2156 3403 Qua:
2181 3335 2308 3392 utile
2336 3347 2500 3406 atque
2543 3336 2913 3393 necessarium
2953 3335 3166 3390 videtur
3193 3332 3460 3390 conferre.

1955 3447 2102 3516 (150)
2137 3448 2218 3501 Ad
2245 3464 2325 3503 res
2356 3449 2613 3519 pertineat
2643 3447 2817 3517 plures
2852 3464 2970 3518 quia
3003 3462 3205 3517 semper
3227 3445 3460 3508 honeste,

1953 3535 2172 3592 Fortior
2203 3548 2250 3592 et
2281 3554 2602 3609 qutecunque
2632 3538 2941 3609 gravissima
2969 3537 3058 3602 sit,
3088 3546 3387 3592 teneamus:

2022 3628 2154 3683 Eam
2176 3626 2346 3698 legem
2386 3643 2506 3698 quae
2534 3627 2602 3682 ad
2641 3626 2794 3698 plura
2835 3626 3120 3697 pertineat,
3151 3634 3206 3681 et
3243 3624 3437 3680 fortior
3469 3636 3532 3678 ac

1952 3719 2167 3792 gravior
2189 3719 2282 3784 sit,
2316 3718 2541 3775 honeste
2563 3731 2778 3789 semper
2801 3727 3096 3773 teneamus.

1951 3835 2099 3908 (151)
2129 3834 2370 3906 Undique
2399 3851 2505 3907 paa:
2540 3835 2676 3890 bona
2713 3843 2824 3906 post
2873 3834 3160 3888 certamina
3203 3842 3422 3903 postque
3452 3829 3532 3884 la-

3234 3923 3404 3997 [bores
3443 3936 3460 3974 :

1952 4022 2019 4078 Et
2051 4033 2219 4079 status
2253 4023 2501 4080 Ecclesiae
2535 4040 2628 4095 per
2658 4039 2713 4080 se
2740 4039 2837 4080 sua
2853 4023 2984 4093 jura
3021 4021 3230 4078 tenebit.

2022 4139 2465 4210 OptatAd-albero
2487 4154 2676 4211 pacem
2701 4153 2868 4210 regno
2888 4136 3224 4193 Francorum
3252 4142 3373 4206 post
3396 4133 3532 4188 bella

1949 4231 2125 4287 civilia
2153 4241 2208 4286 et
2238 4231 2443 4302 praelia,
2469 4239 2532 4286 ut
2583 4230 2823 4288 Ecclesia
2855 4229 2928 4284 ibi
2963 4227 3176 4291 floreat,
3219 4235 3272 4283 et
3304 4241 3402 4283 sua
3430 4225 3531 4279 sibi

1942 4317 2070 4390 jura
2095 4336 2317 4378 servare
2341 4320 2531 4392 possit.

1951 4431 2098 4502 (152)
2126 4431 2458 4503 Descriptus,
2501 4442 2548 4486 et
2594 4448 2698 4487 non
2728 4433 2867 4486 alius
2903 4430 3194 4502 respublica
3235 4429 3371 4501 leges

1871 4516 1920 4575 D
1948 4521 2294 4577 Possideat...

2025 4610 2274 4667 Habeant
2299 4625 2426 4668 suas
2452 4611 2555 4667 sibi
2578 4611 2722 4682 leges
2742 4609 3044 4680 descriptas
3065 4608 3285 4675 Franci,
3307 4621 3529 4676 easque,

1950 4711 2006 4757 et
2036 4702 2211 4757 nullas
2243 4702 2377 4758 alias
2417 4710 2655 4758 servent.
2697 4700 2981 4770 Descripta.-
3018 4700 3102 4756 vel
3138 4700 3354 4770 scripta:
3396 4698 3530 4767 leges

1950 4801 2076 4847 sunt
2102 4791 2211 4848 Lex
2236 4792 2480 4846 Romana
2512 4791 2610 4862 (ita
2637 4790 2822 4848 Codex
2856 4790 3266 4848 Tlieodosianus
3301 4789 3529 4844 vocaba-

1950 4885 2085 4956 tur),
2117 4885 2229 4940 Lex
2257 4884 2439 4940 Salica
2469 4897 2591 4940 eum
2641 4882 2904 4956 Capitulis
2943 4883 3124 4939 Caroli
3163 4882 3362 4954 Magni,
3390 4881 3532 4952 ejus-

1949 4991 2053 5046 que
2091 4978 2186 5034 ﬁlii
2228 4986 2284 5034 et
2326 4977 2537 5047 nepotis
2582 4975 2788 5044 Caroli,
2821 4990 2885 5031 ac
2931 4977 3042 5031 Lex
3089 4976 3533 5047 Burgundionum

1947 5068 2002 5124 in
2070 5085 2235 5143 regno
2300 5067 2722 5124 occidentalium
2787 5065 3158 5131 Francorum,
3219 5066 3363 5136 quod
3425 5073 3538 5120 tum

2073 5162 2289 5184 SAL—3-..-
2341 5168 2390 5184 ..ι
2447 5173 2506 5184 Α..
2561 5170 2717 5184 an»-.-
2777 5155 3144 5184 D....~..an:n—.
3215 5155 3512 5184 ΑΛ-ιιῖηΛιιΑΙ

2447 5173 2506 5184 Α..
2561 5170 2717 5184 και-..Α
