4032 6392
577 377 683 436 819

1497 383 1566 438 IN
1603 382 2084 439 suamsuam
2123 382 2423 441 EPISCOPI
2464 375 2946 447 LAUDUNENSIS

3696 374 3777 447 ni

577 489 749 545 Variis
777 489 831 546 in
883 489 1128 547 Franciae
1156 493 1422 562 partibus,
1449 496 1615 551 variis
1651 496 1752 551 sub
1790 494 2077 550 comitibus
2106 504 2159 550 et
2185 501 2230 557 Α
2261 495 2540 568 Linquere,
2567 502 2659 555 sed
2696 502 2816 556 totis
2843 500 3044 573 semper
3064 517 3118 555 se
3138 501 3336 556 nisibus
3362 510 3499 568 aptet
3523 514 3542 558 :

578 578 829 648 ducibus,
874 581 1120 637 diversas
1163 583 1473 649 invaluisse,
1522 596 1577 640 et
1600 594 1786 655 postea
1818 585 2158 655 conscriptas

580 663 779 723 litteris
840 682 908 725 ac
946 684 1046 741 pro
1091 670 1301 742 legibus
1342 672 1553 728 habitas
1604 688 1726 729 esse
1774 682 2004 729 constat.
2050 673 2161 730 Hoc

574 757 666 829 jus
687 762 1205 817 consuetudinarinm
1232 779 1374 819 nunc
1395 764 1715 836 appellatur,
1739 774 1795 822 et
1828 765 1937 836 juri
1965 767 2163 835 scripto

580 847 851 921 bodieqne
871 853 1186 922 opponitur,
1221 855 1272 909 id
1305 864 1389 909 est
1414 853 1527 923 iuri
1560 855 1835 923 Romano,
1861 872 1970 912 non
2018 858 2160 927 quod

579 938 841 1008 scriptum
873 955 980 997 non
1012 943 1118 1007 sit,
1147 944 1243 1000 sed
1284 946 1428 1015 quod
1475 946 1849 1005 recentissimo
1893 958 1947 1005 et
1975 949 2164 1004 multis

582 1031 798 1087 saeculis
825 1044 946 1104 post
968 1034 1113 1105 leges
1135 1036 1425 1102 Romanas,
1465 1048 1517 1094 et
1542 1048 1662 1108 post
1684 1040 1976 1097 Francicas
1995 1042 2162 1097 etiam

578 1120 1062 1195 Burgundieasque
1083 1126 1410 1196 descriptum
1439 1127 1624 1184 ﬁxerit.

582 1233 731 1304 (155)
769 1253 982 1291 .....sua
1014 1253 1172 1308 regna
1196 1239 1429 1295 Basilius
1463 1249 1513 1294 et
1539 1240 1855 1296 Benedictus

583 1323 863 1381 Observent
901 1346 923 1385 :
958 1337 1187 1395 teneant,
1213 1332 1469 1402 quidquid
1490 1340 1600 1386 ‘sua
1635 1348 1792 1402 regna
1812 1333 2094 1403 jubebant.

531 1425 560 1486 ἑ
655 1437 800 1494 Suas
847 1441 1059 1511 regulas
1105 1456 1323 1498 servem
1357 1444 1536 1499 Basilii
1578 1454 1632 1500 et
1663 1444 1939 1501 Benedicti
1980 1459 2165 1499 mona-

581 1528 691 1593 chi,
729 1545 855 1584 suas
897 1532 1059 1586 etiam
1093 1535 1460 1603 possessiones
1492 1545 1730 1601 teneant,
1783 1546 1835 1590 et
1884 1536 2165 1591 obtineant

583 1620 842 1689 quidquid
882 1618 1120 1692 ipsorum
1163 1626 1363 1693 regula:
1404 1627 1616 1694 jubent.
1653 1626 1912 1697 quidquid
1942 1629 2167 1697 permit—

582 1718 722 1764 tunt.
754 1710 989 1784 Regulus
1031 1717 1421 1770 monachorum
1454 1718 1847 1772 Basilianorum
1894 1728 1950 1774 et
1998 1717 2167 1775 Bene-

582 1800 949 1883 dictinorum,
982 1809 1248 1883 εἰρωνικῶς
1305 1821 1466 1879 regna
1529 1819 1687 1864 vocat
1745 1809 2051 1875 Adalbero;
2106 1818 2165 1864 ut

586 1905 747 1961 supra
793 1895 1066 1950 dominum
1114 1895 1399 1954 Odilonem
1447 1899 1861 1954 Cluniacenscm
1915 1900 2166 1955 abbatem

586 1984 886 2041 monachus
909 1988 1130 2056 quidam
1174 1976 1345 2060 regem
1373 2007 1526 2045 suum
1556 1991 1788 2061 appellat
1807 2032 1822 2058 ,
1846 2006 2007 2046 suum
2050 2006 2171 2049 esse

587 2089 771 2147 regem
801 2077 1086 2147 proﬁtetur
1127 2098 1141 2136 :

591 2184 739 2241 Nam
763 2188 1010 2246 dominus
1034 2208 1177 2247 meus
1206 2202 1283 2248 est
1318 2210 1411 2249 rex
1436 2193 1637 2265 Ogdelo
1666 2194 2044 2251 Cluniacensis.

587 2295 719 2353 Jam
761 2300 963 2357 dudum
1022 2315 1199 2359 autem
1244 2304 1431 2361 Basilii
1496 2306 1759 2363 Caesarea:
1819 2307 2176 2378 Cappadocia:

591 2388 826 2460 episcopi
863 2393 1065 2461 regula,
1096 2395 1319 2451 inducta
1351 2397 1403 2452 in
1436 2397 1664 2464 Gallias,
1695 2414 1723 2452 a
1752 2399 2024 2453 nonnullis
2062 2412 2179 2454 mo-

590 2482 788 2539 nachis
833 2485 1246 2542 observabatur.
1291 2488 1523 2544 Aredius
1572 2492 1740 2545 abbas
1782 2490 2075 2546 Atauensis
2120 2493 2177 2547 in

594 2566 991 2639 Lemovicibus,
1015 2577 1106 2645 qui
1129 2593 1269 2632 anno
1295 2578 1393 2635 59l
1421 2590 1725 2635 extremum
1749 2582 1997 2651 spiritum
2019 2581 2179 2649 fudit,

579 2655 887 2714 'ctenobium
912 2661 1175 2731 fundavit,
1201 2665 1253 2718 in
1279 2682 1381 2737 quo
1407 2684 1510 2722 non
1536 2671 1690 2722 modo
1714 2671 1978 2735 Cassiani,
2005 2687 2181 2725 verum

595 2753 759 2807 etiam
799 2752 989 2808 Basilii
1032 2766 1080 2811 et
1118 2757 1437 2828 reliquorum
1496 2761 1743 2815 abbatum
1790 2762 1880 2833 qui
1921 2774 2180 2818 ntonaste-

597 2844 786 2898 rialem
825 2847 983 2899 vitam
1032 2848 1373 2903 instituerunt
1399 2891 1414 2912 .
1455 2853 1787 2907 celebrantur
1844 2855 2079 2925 regular,
2124 2865 2183 2910 ut

582 2932 929 3005 'Gt‘egoricus
978 2935 1281 2993 Turonicus
1356 2940 1642 3010 episcopus
1686 2943 1740 2997 iu
1786 2943 1910 2999 libri
1958 2943 2097 3000 llist.
2146 2961 2181 3000 χ

597 3022 776 3092 capite
795 3023 866 3079 29
896 3026 1076 3081 tradit.
1102 3026 1161 3081 In
1186 3026 1325 3084 Vitis
1349 3038 1662 3085 sanctorum
1689 3033 1911 3105 Eugenii
1934 3034 2184 3091 Jurensis

604 3120 660 3166 et
686 3109 969 3169 Pbiliberti
997 3114 1390 3173 Gemcticensis
1410 3112 1684 3187 abbatum,
1715 3121 1771 3176 lit
1798 3125 1968 3177 sancti
1994 3123 2179 3179 Basilii

2334 609 2663 683 Episcapalis
2686 614 2838 676 ordo,
2872 630 2965 670 seu
3007 615 3290 684 episcopus
3318 614 3541 685 quisque
3564 632 3686 686 mqu.
3709 619 3782 674 bo-

2258 701 2426 772 nique
2457 706 2899 761 servantissimus
2929 707 3018 770 sit,
3061 723 3162 763 nec
3189 724 3216 761 a
3240 708 3361 778 jure
3406 725 3628 778 unquam
3661 725 3782 767 tere-

2261 793 2393 850 dere
2427 797 2626 851 audeat
2652 814 2665 850 :
2693 798 2786 852 sed
2816 812 3030 870 semper
3069 799 3195 853 totis
3220 799 3429 853 viribus
3462 799 3668 869 justitia:
3690 818 3784 857 sese

2262 887 2652 943 accommodet.
2701 885 2936 941 Justitice
2983 890 3211 958 regimen
3265 872 3783 946 dicitnrbdalhemni

2256 975 2484 1045 iustitia:
2511 978 2594 1032 vel
2633 978 2775 1048 juris
2822 979 3029 1049 regula.
3061 979 3213 1034 Tunc
3257 988 3438 1034 autem
3476 981 3688 1050 episcopi
3727 980 3788 1035 lo-

2264 1082 2383 1122 rum
2429 1083 2587 1123 suum
2628 1070 2923 1135 habebant,
2955 1079 3017 1125 ut
3054 1079 3110 1126 et
3150 1069 3280 1126 olim
3321 1072 3616 1126 habuerant
3643 1072 3789 1142 :quod

2264 1159 2406 1214 inl’ra
2436 1160 2678 1228 apertius
2706 1163 2953 1217 ducetur.

2263 1291 2409 1362 (156)
2438 1291 2735 1346 Conslilttttt
2744 1292 2940 1361 justas,
2976 1305 3024 1347 et
3052 1310 3156 1348 non
3181 1310 3278 1363 pro
3298 1294 3409 1364 lege
3429 1313 3635 1365 capaces

2266 1380 2506 1438 Rectores
2535 1385 2765 1453 inopum.
2798 1385 3042 1439 miserum
3066 1403 3261 1440 necnon
3290 1372 3585 1441 viduarum.

2338 1512 2535 1591 Noster
2565 1517 2727 1579 ordo,
2758 1531 2850 1570 seu
2898 1518 3248 1587 episcopalis,
3283 1529 3509 1573 rectores
3546 1520 3731 1590 inopum
3757 1531 3791 1574 et

2266 1606 2547 1661 viduarum
2584 1622 2646 1662 ac
2670 1609 3016 1678 pupillorum
3054 1611 3232 1679 justas
3273 1613 3550 1665 constituat
3587 1622 3635 1665 et
3666 1627 3792 1682 capa-

2265 1709 2378 1759 ces,
2404 1695 2593 1764 quales
2622 1696 2843 1751 tninime
2866 1697 2984 1752 ﬁeri
3008 1710 3426 1754 consueverunt.
3456 1698 3575 1754 Non
3592 1718 3672 1769 pro
3690 1701 3791 1770 lege,

2270 1786 2323 1840 id
2351 1796 2569 1841 estnon
2605 1803 2703 1857 pro
2729 1804 2898 1844 more.
2932 1789 3179 1846 Forsitan
3233 1799 3413 1846 tamen
3460 1791 3736 1860 legendum,
3759 1802 3793 1845 ct

2274 1894 2377 1932 non
2404 1894 2499 1946 pro
2524 1878 2634 1948 lege
2655 1896 2890 1950 rapaces,
2917 1889 2975 1935 ut
2995 1881 3065 1935 sit
3089 1897 3280 1937 sensus
3304 1900 3317 1936 :
3351 1882 3635 1937 Constituet
3661 1883 3795 1951 justas

2273 1979 2497 2022 rectores
2524 1969 2833 2034 viduarum,
2862 1979 2910 2023 et
2956 1986 3059 2024 non
3090 1988 3306 2041 rapaces
3347 1990 3446 2042 pro
3473 1972 3605 2043 lege,
3633 1974 3714 2027 huc
3734 1981 3797 2025 est

2271 2073 2379 2113 non
2409 2076 2605 2115 avaros
2630 2076 2696 2115 ex
2743 2077 2910 2117 more.
2947 2061 3194 2117 (tectores
3224 2074 3409 2118 autem
3452 2065 3527 2119 illi
3553 2066 3732 2132 inopum
3757 2073 3797 2116 et

2272 2152 2588 2206 miserarum
2609 2152 2886 2206 viduarum
2915 2168 2978 2207 ac
3006 2154 3355 2223 pupillorum,
3381 2164 3506 2209 sunt
3526 2154 3653 2207 haud
3674 2155 3801 2208 dubie

2274 2245 2509 2313 diaconi,
2539 2248 2781 2317 pecunia:
2831 2263 3000 2303 sacrae
3031 2248 3314 2319 egentibus
3354 2248 3708 2319 dispertiendze
3730 2263 3799 2301 cu-

2274 2340 2458 2392 stodes
2487 2353 2551 2393 ac
2577 2339 2997 2407 dispensatores.

2279 2446 2426 2518 (157)
2460 2447 2656 2502 Nullus
2684 2448 2752 2501 ad
2775 2448 3045 2503 ecclesiam
3078 2460 3243 2504 noctis
3265 2452 3368 2504 nisi
3394 2461 3614 2519 tempore
3631 2456 3776 2518 pergat

2281 2534 2367 2590 Ire
2395 2536 2553 2590 semel
2583 2553 2601 2592 :
2626 2537 2779 2591 liceat
2809 2543 3008 2593 cunctis
3034 2556 3189 2594 orare
3211 2541 3415 2593 diebus.

2352 2645 2549 2702 Nullus
2580 2658 2808 2717 tempore
2842 2649 3007 2702 noctis
3053 2649 3153 2703 nisi
3181 2650 3339 2702 semel
3367 2666 3435 2702 aa
3490 2648 3724 2702 .cctesiam
3746 2647 3803 2699 ire

2277 2748 2476 2810 pergat.
2507 2739 2633 2794 Haec
2663 2741 2729 2795 de
2755 2739 2971 2795 clericis
3018 2742 3330 2811 accipienda
3380 2751 3527 2806 sunt,
3556 2755 3677 2810 quos
3714 2740 3799 2793 sin-

2279 2830 2419 2900 gulis
2464 2832 2716 2886 noctibns
2747 2848 2851 2885 non
2883 2831 3005 2901 plus
3049 2833 3217 2888 semel
3257 2834 3540 2890 ecclesiam
3582 2834 3710 2888 adire
3730 2844 3803 2885 sea

2281 2920 2558 2977 Matutinis
2606 2921 2817 2978 Laudes
2862 2924 3121 2978 continuo
3175 2940 3276 2979 nec
3332 2925 3621 2995 interrupto
3675 2931 3800 2978 cantu

2281 3010 2607 3082 conjungere
2643 3012 2758 3066 vult
2801 3013 3118 3080 Adalbero;
3149 3016 3350 3084 quibus
3392 3014 3651 3070 Matutinis
3676 3013 3802 3067 laico:

2283 3101 2450 3156 semel
2477 3117 2690 3172 quaque
2713 3102 3068 3167 hebdomade,
3096 3105 3354 3158 nimirum
3384 3114 3535 3160 nocte
3556 3104 3801 3167 Dominics,

599 3203 801 3274 regula:
835 3206 1056 3261 mentio.
1095 3206 1136 3260 Ε
1186 3208 1384 3277 quibus
1421 3208 1747 3267 Pliilibertus
1776 3212 1964 3268 Basilii
2014 3217 2187 3269 sancti
2212 3200 2255 3260 ε
2289 3190 2552 3245 “namss”
2588 3192 2933 3246 cm‘weﬂsse
2955 3193 3111 3249 docet
3138 3209 3237 3248 "os
3257 3210 3371 3265 p'm
3398 3196 3616 3256 εωίθνίδν
3644 3195 3688 3247 ί¹¹
3714 3191 3803 3246 “la

600 3292 926 3350 charismata
951 3337 968 3361 ,
1015 3297 1243 3353 Macarii
1304 3299 1538 3370 regulam
1567 3341 1583 3367 ,
1627 3301 1898 3359 Benedicti
1941 3304 2182 3370 decreta,

601 3382 915 3441 Culumbani
948 3389 1189 3443 instituta
1215 3393 1548 3446 sanctissima
1575 3393 1795 3449 lectione
1822 3396 2185 3466 frequentabat

601 3478 839 3538 assidua.
863 3478 1216 3537 Benedictum
1245 3482 1494 3543 abbatem
1523 3485 1763 3552 Αιιὶειηω,
1799 3487 1892 3558 qui
1914 3487 2107 3543 Carolo
2133 3498 2189 3544 et

600 3569 877 3626 Ludovico
941 3572 1360 3643 imperatoribus
1414 3574 1636 3642 ﬂoruit,
1686 3578 1757 3631 ad
1810 3580 1945 3632 beati
1997 3577 2186 3633 Basilii

600 3661 771 3726 dicta,
808 3679 1005 3718 necnon
1045 3665 1114 3717 ad
1151 3664 1627 3721 sanctiPachmii
1661 3670 1894 3739 regulam
1937 3674 2188 3725 scandere

604 3753 778 3804 nisum
809 3768 941 3817 esse,
969 3753 1115 3809 Ardo
1154 3755 1479 3813 Anianensis
1505 3759 1803 3813 monachus
1831 3759 1996 3828 ipsius
2022 3760 2186 3814 disei-

511 3902 517 3907 ,
601 3838 764 3915 pulus
785 3841 1021 3911 scripsit.
1048 3842 1306 3913 Regulam
1330 3844 1514 3900 Basilii
1543 3862 1663 3901 esse
1684 3855 1882 3902 statuta
1909 3848 2047 3918 eius,
2069 3867 2193 3921 quae

607 3928 839 3985 llulinus
869 3932 1183 3999 transtulit,
1233 3942 1289 3987 et
1334 3951 1453 4005 quae
1501 3937 1551 3990 in
1596 3939 1963 3994 vetustiSsimo
2004 3942 2189 3996 codice

605 4020 868 4075 l’arisiaei
913 4025 1461 4080 mouasteriiSancti
1502 4025 1759 4081 Germani
1810 4030 2187 4097 reperiuntur,

605 4111 665 4165 in
692 4113 942 4168 ducentas
986 4124 1089 4168 tres
1129 4116 1556 4186 interrogationes
1598 4129 1654 4173 et
1692 4121 2068 4189 rcs‘onsiunes
2107 4123 2191 4175 di-

607 4203 743 4269 uisa,
783 4203 1014 4260 allirmat
1050 4206 1202 4278 [iugo
1231 4210 1548 4265 monachus.
1578 4213 1845 4267 Caeterum
1899 4213 2011 4269 haec
2060 4213 2192 4269 dicit

608 4294 904 4360 Adalbero,
935 4308 995 4352 ut
1021 4306 1214 4354 doceat
1276 4302 1419 4370 quod
1447 4317 1607 4373 supra
1630 4302 1743 4371 jam
1769 4305 1900 4359 satis
1931 4307 2192 4371 ostendit,

608 4382 797 4440 Basilii
843 4396 898 4440 et
947 4387 1226 4445 Benedicti
1284 4395 1929 4462 prmsertim‘monacbos
1974 4406 2086 4450 tum
2137 4392 2197 4453 in

611 4473 786 4530 Ga!lia
813 4492 841 4531 a
870 4479 984 4534 suis
1011 4478 1221 4551 legibus
1246 4498 1389 4553 swpe
1425 4485 1734 4541 recessisse.

613 4590 763 4662 (154)
792 4589 1078 4667 Pontiﬁces
1118 4592 1350 4668 unquam
1378 4599 1628 4654 celebrent
1652 4618 1757 4655 non
1784 4618 1909 4657 rura
1930 4603 2191 4676 deinceps,

615 4680 708 4737 Sic
742 4701 838 4739 sua
853 4688 983 4755 jura
1009 4698 1200 4754 tenent,
1242 4690 1289 4743 si
1327 4706 1429 4744 non
1456 4692 1657 4745 ruralia
1688 4707 1887 4749 curent.

686 4794 934 4869 Episcopi
964 4814 1241 4870 nunquam
1268 4800 1521 4873 deinceps
1553 4804 1663 4857 ruri
1691 4804 2007 4877 plerumque
2041 4807 2199 4864 habi-

614 4882 750 4952 tent,
776 4903 878 4943 neu
906 4904 1047 4959 srcpe
1072 4906 1195 4946 rure
1218 4891 1519 4958 desidcant,
1546 4895 1629 4949 vel
1652 4895 1705 4949 in
1735 4912 1864 4967 agro
1887 4908 1941 4953 et
1961 4902 2196 4957 utnoenis

614 4976 760 5030 villis
785 4978 979 5034 crebro
1003 4981 1245 5035 olientur
1273 4990 1589 5052 tempusque
1613 4995 1811 5052 terant,
1833 4990 1975 5057 quod
2002 4989 2053 5043 in
2085 5006 2197 5061 sua;

617 5068 849 5145 quisque
878 5071 1116 5127 civit.:tis
1142 5089 1235 5127 seu
1273 5073 1329 5127 in
1356 5072 1540 5145 pepuli
1570 5076 1673 5130 sibi
1705 5080 1976 5134 commissi
2009 5097 2198 5136 curam

619 5155 828 5230 debent
862 5162 1193 5220 impendere.
1248 5161 1303 5216 In
1353 5179 1448 5219 sua
1495 5165 1723 5237 quisque
1766 5169 1891 5225 sede
1928 5162 2201 5228 antistites

620 5247 865 5317 sedeant,
900 5267 994 5306 sua
1023 5252 1238 5308 demum
1273 5253 1394 5324 jura
1438 5255 1691 5311 inviolata
1719 5261 2114 5328 conservaturi,
2148 5273 2205 5318 et

616 5326 960 5399 venerationi
1008 5344 1261 5399 otttnibus
1310 5344 1503 5411 futuri,
1546 5349 1589 5402 si
1628 5364 1718 5405 rus
1768 5351 2073 5422 negligant,
2104 5370 2203 5410 nec

618 5432 987 5503 voluptatibus
1013 5436 1127 5491 suis
1170 5447 1388 5502 vacent,
1426 5448 1520 5492 aut
1561 5454 1658 5508 pro
1689 5441 1911 5497 urbibus
1956 5459 2204 5501 secessus

622 5524 923 5589 celebrent,
954 5543 1045 5581 seu
1072 5528 1395 5598 praediorum
1425 5545 1645 5586 suorum
1677 5544 1730 5588 et
1765 5534 2199 5593 suburbanorum

626 5620 897 5675 reditnum
930 5621 1027 5693 ipsi
1057 5638 1156 5694 per
1184 5638 1240 5677 se
1269 5639 1455 5677 curam
1486 5635 1668 5695 agant.

623 5732 774 5806 (153)
795 5734 1028 5792 Justitia:
1061 5736 1288 5807 regimen
1323 5746 1497 5797 noster
1529 5753 1632 5795 non
1655 5739 1847 5799 audeat
1873 5741 2001 5797 ordo

2285 3282 2427 3336 beati
2468 3281 2804 3351 Leodegarii,
2835 3281 3056 3336 Ebroiui
3097 3283 3321 3352 majoris
3348 3286 3536 3339 domus
3569 3285 3704 3352 regia:
3722 3297 3803 3336 ca-

2285 3373 2398 3429 dcs.
2423 3372 2520 3428 Vel
2546 3382 2695 3428 certe
2726 3373 2838 3427 vult
2871 3384 2965 3428 aut
3007 3375 3155 3444 cupit.
3182 3375 3455 3431 Adalbero
3488 3376 3679 3446 vigilias
3709 3375 3805 3428 uiis-

2286 3480 2484 3535 sasque
2514 3475 2823 3528 nocturnas,
2851 3481 2971 3534 qua:
3003 3482 3107 3520 nou
3138 3467 3312 3521 solum
3336 3468 3508 3522 Natali
3540 3467 3740 3530 Domini,
3762 3466 3800 3517 in

2285 3556 2492 3611 Pascha
2521 3566 2574 3610 et
2603 3557 2653 3609 in
2679 3553 3026 3619 Pentecoste,
3058 3557 3153 3610 sed
3198 3557 3366 3611 etiam
3399 3558 3451 3611 in
3490 3555 3803 3611 nonnullorum

2290 3655 2588 3717 martyrum
2620 3656 2675 3701 et
2719 3647 3095 3702 conlessorum
3150 3662 3369 3717 quoque
3414 3649 3653 3703 honorem
3693 3643 3804 3698 varie

2289 3754 2322 3793 a
2371 3738 2536 3793 variis
2608 3738 3041 3792 observabuntur
3096 3737 3607 3803 celebrabanturve,
3662 3746 3806 3789 omnes

2289 3840 2486 3900 praeter
2520 3844 2680 3883 uuam
2728 3826 2934 3884 aboleri
2984 3829 3128 3897 quod
3166 3828 3221 3882 in
3263 3829 3510 3884 ecclesiis
3556 3826 3696 3883 multa
3721 3833 3805 3877 tum

2291 3938 2323 3975 a
2366 3921 2527 3977 laicis
2556 3923 2818 3986 obscena,
2853 3919 3162 3975 faventibus
3192 3922 3455 3987 tenebris,
3500 3920 3685 3974 ﬁerent.
3719 3915 3805 3981 Qua

2291 4016 2359 4070 de
2384 4030 2442 4071 re
2467 4016 2631 4069 etiam
2661 4023 2878 4069 veteres
2917 4014 3093 4084 questi
3120 4024 3247 4068 sunt
3278 4014 3490 4069 Patres.
3520 4013 3639 4067 llinc
3664 4017 3802 4065 natum

2291 4108 2635 4180 proverbium
2666 4107 2794 4163 illud
2826 4117 2882 4160 ut
2908 4108 3161 4162 dicantur
3186 4106 3346 4177 vulgo
3366 4108 3602 4178 juvenes,
3623 4101 3695 4172 qui
3714 4111 3804 4167 per-

2290 4200 2488 4269 vigiliis
2517 4208 2573 4252 et
2606 4197 2886 4253 nocturnis
2914 4198 3094 4253 missis
3122 4198 3395 4253 intersunt
3432 4196 3588 4251 Deum
3627 4201 3803 4264 quarm

2291 4289 2554 4360 palpando
2581 4300 2628 4344 et
2655 4289 3043 4343 cantrectando.
3076 4287 3298 4343 Noctem
3330 4297 3507 4344 autem
3528 4283 3703 4340 Namlis
3722 4279 3798 4333 llo-

2295 4381 2427 4437 mini
2463 4382 2641 4451 potius
2686 4398 2848 4451 quam
2888 4392 3101 4438 noctem
3142 4382 3365 4439 Pascha!
3401 4393 3492 4439 attt
3526 4380 3801 4435 Pentecostes

2298 4476 2367 4529 ab
2394 4473 2736 4531 Adalberone
2764 4476 2939 4547 excipi
2987 4485 3139 4546 puto,
3185 4477 3330 4547 quod
3372 4492 3437 4532 ea
3477 4475 3728 4540 hodieque,
3761 4464 3801 4517 iu

2224 4535 2277 4596 θ
2303 4576 2415 4620 toto
2442 4566 2573 4622 urbe
2618 4535 2947 4631 Christiano,
2988 4535 3356 4623 caeterisfere
3395 4563 3629 4622 erunibus
3657 4554 3803 4629 vigiliis

2299 4656 2535 4722 abolitis,
2566 4656 2848 4727 pervigilio
2875 4657 3145 4726 missaque
3166 4657 3493 4713 celebratur.

2298 4771 2448 4844 (158)
2481 4809 2527 4825 ..
2545 4808 2561 4823 .
2590 4770 2744 4824 liceat
2778 4771 2975 4824 cunctis
3004 4786 3156 4825 arare
3184 4770 3368 4826 diebus
3392 4789 3405 4826 :

2372 4878 2522 4934 Totis
2550 4879 2738 4934 diebus
2787 4880 2936 4934 laicis
2975 4889 3194 4951 pateant
3242 4881 3481 4936 ecclesia:
3515 4893 3530 4932 :
3564 4887 3680 4933 totos
3716 4871 3800 4926 diu

2304 4968 2473 5023 Deum
2498 4969 2577 5023 eis
2604 4969 2675 5024 ibi
2711 4983 2869 5024 orare
2897 4968 3059 5024 liceat
3086 4970 3267 5042 palam
3293 4970 3411 5026 sine
3434 4970 3530 5024 ulla
3560 4963 3799 5035 suspicione

2302 5062 2602 5117 dedecoris.

2304 5171 2452 5244 (l39)
2479 5172 2708 5238 Judieet,
2741 5183 2791 5227 et
2823 5181 3015 5242 spectet
3050 5184 3331 5245 prasentes
3365 5184 3513 5245 atque
3534 5178 3718 5240 ,uturos.

2379 5287 2575 5342 Noster
2595 5287 2745 5351 ordo,
2770 5301 2862 5342 seu
2890 5287 3126 5358 episcopi
3157 5289 3226 5341 ita
3252 5286 3484 5356 judicent
3503 5293 3555 5338 ut
3574 5281 3617 5335 in
3638 5271 3798 5349 iudicii!

2307 5378 2421 5434 suis
2453 5393 2558 5432 non
2600 5378 2945 5447 prmsemium
2979 5379 3168 5442 modo,
3195 5380 3287 5433 sed
3332 5380 3487 5432 etiam
3532 5376 3794 5442 posterorum

2308 5481 2364 5527 et
2392 5488 2501 5526 sua:
2527 5471 2755 5541 quisque
2780 5470 2933 5525 fama:
2958 5485 3021 5525 ac
3049 5471 3257 5524 Domini
3288 5485 3465 5525 eorum
3498 5463 3794 5552 mandatorum

2310 5563 2547 5619 habeant
2599 5563 2883 5615 rationem.
2940 5559 3205 5616 Nimirum
3254 5562 3517 5632 episcopi,
3566 5554 3792 5645 ρηυεθτιξω

2311 5666 2595 5727 postquam
2617 5655 3005 5710 Constantinus
3032 5655 3295 5710 Maximus
3321 5655 3483 5710 factus
3507 5657 3579 5704 est
3599 5642 3794 5727 (211τίδῴ-

2294 5723 2633 5813 ,ἶιυεξευυιη
2675 5746 2774 5801 sibi
2823 5756 2876 5802 et
2913 5747 3187 5809 peculiare
3234 5746 3403 5803 forum
3433 5723 3791 5801 babucre,CId‘
