4058 5406
294 171 392 232 821

1170 174 1452 232 CARMEN
1488 178 1585 233 AD‘
1615 176 1999 235 ROBERTUM
2037 176 2300 233 REGEM.
2321 207 2393 219 --
2416 176 2646 236 NO’LE.

3444 186 3551 244 821

204 336 213 349 ,
292 284 546 341 omnibus
595 285 811 343 clericis
858 298 914 345 et
954 292 1233 348 monachis
1263 292 1518 347 Ecclesia:
1543 307 1653 347 sua:
1692 292 1871 360 subje-
1898 300 1945 358 Α
1976 291 2109 356 tina,
2139 289 2222 345 vel
2274 290 2578 357 Matutinus,
2627 290 2806 346 Prima
2841 298 2932 347 aut
2964 290 3289 362 diluculum,
3336 293 3547 371 Tertia,

290 376 415 441 etis,
445 391 513 433 ac
542 378 608 432 de
635 379 1018 437 ecclesiasticis
1046 384 1206 437 rebus
1237 383 1464 453 quisque
1493 398 1706 454 semper
1723 383 1866 454 judi-

289 482 507 523 cavere.
538 468 695 539 Apud
719 470 1041 543 Gregorium
1078 474 1130 529 in
1157 474 1281 530 libri
1316 473 1564 531 Historiae
1593 475 1869 531 Francicte

288 578 324 618 ν
350 563 530 633 capite
580 564 647 634 5,
681 565 874 622 Petrus
910 569 1200 635 diaconus,
1236 568 1406 639 ipsius
1448 570 1640 636 frater,
1671 590 1690 623 ι
1727 570 1871 628 facto

290 654 489 724 placito
536 654 587 710 in
619 658 905 725 praesentia
948 660 1120 715 sancti
1167 658 1357 714 Nicetii
1399 660 1674 732 episcopi,
1699 677 1869 716 avun-

295 744 401 801 culi
440 746 632 800 matris
666 762 801 812 sum,
830 746 1147 819 Lugdunum
1169 748 1353 819 dirigit
1375 791 1391 816 ,
1427 760 1480 804 et
1508 751 1601 814 ibi,
1642 749 1871 822 Syagrio

288 835 546 904 episcopo
567 851 755 890 coram
781 844 993 892 astante
1020 848 1076 893 et
1113 838 1233 893 aliis
1269 839 1661 904 sacerdotibus,
1690 840 1872 895 multis

290 941 409 979 cum
444 926 784 981 saecularium
830 929 1183 999 principibus,
1230 944 1289 984 se
1332 941 1675 985 sacramento
1721 933 1873 987 exuit

290 1031 567 1084 nunquam
598 1030 656 1069 se
683 1020 737 1095 in
783 1028 1014 1073 mortem
1061 1018 1323 1091 Sylvestri
1355 1018 1573 1073 mistnm
1620 1019 1809 1075 fuisse.
1846 1040 1866 1074 ι

288 1104 354 1160 Et
381 1105 435 1159 in
461 1105 639 1176 capite
666 1106 736 1161 59
754 1106 877 1163 libri
907 1125 1026 1174 VIII,
1051 1109 1419 1181 Baudegisilus
1438 1108 1870 1166 Cenomanorum

285 1197 578 1266 episcopus
606 1199 850 1268 quotidie
891 1216 1012 1255 cum
1035 1200 1305 1269 iudicibus
1333 1216 1527 1255 causas
1549 1201 1872 1258 discussisse

285 1289 506 1343 dicitur.
538 1290 596 1344 lu
628 1292 807 1362 capite
839 1293 894 1357 6,
939 1293 1062 1348 libri
1106 1309 1187 1355 ix,
1219 1294 1286 1348 de
1317 1292 1665 1364 Bagnemodo
1694 1296 1873 1365 ponti-

286 1380 390 1434 ﬁce
420 1380 718 1446 Parisiaco,
753 1384 1103 1454 impostorem
1131 1387 1416 1455 quemdam
1447 1387 1727 1455 puniente,
1759 1388 1873 1444 hcce

286 1471 501 1525 refert:
543 1490 562 1524 ι
615 1473 807 1529 Ahlata
851 1477 901 1531 ei
944 1492 1140 1542 cruce,
1177 1478 1339 1547 jussit
1382 1492 1504 1532 eum
1558 1493 1589 1532 a
1640 1481 1873 1535 termino

285 1561 578 1618 Parisiacae
604 1564 754 1620 urbis
781 1566 1012 1621 excludi.
1041 1568 1149 1624 Sed
1190 1568 1279 1623 hic
1309 1570 1504 1624 iterum
1528 1568 1669 1625 facta
1697 1570 1869 1627 altera

1969 380 2156 447 Sexta,
2170 380 2344 447 Nona,
2364 382 2642 453 Vesperaes
2652 397 2719 438 eu
2741 381 3126 452 lucernarium,
3140 385 3353 443 initium
3367 391 3547 447 noctis

1969 473 2054 529 vel
2075 471 2501 544 Completorium

1972 587 2143 657 (142).
2182 624 2200 641 .
2242 628 2258 642 .
2302 627 2317 642 .
2351 585 2540 642 Hostia
2568 604 2685 643 cum
2709 588 2858 645 votis.

2036 699 2171 755 Cum
2198 700 2451 771 precibus
2474 714 2572 755 cor
2595 700 2908 755 immoletur
2931 701 3042 756 Deo
3069 710 3127 756 et
3147 701 3293 759 velut
3320 702 3542 759 victima

1967 790 2248 846 oﬂ'eratur.
2271 789 2602 858 Sacriﬁcium
2633 792 2769 843 enim
2799 790 2909 847 Deo
2931 792 3145 861 spiritus
3170 793 3547 848 contribulatus

1968 892 2134 937 etcor
2175 880 2455 934 contritum
2498 877 2671 950 (Psal.
2697 879 2772 949 ι).
2798 879 2893 934 Vel
2930 889 3077 934 certe
3126 880 3240 935 vult
3277 880 3549 936 Adalbero

1970 970 2141 1025 laicos
2181 983 2405 1023 munera
2442 983 2539 1022 sua
2580 967 2649 1021 ad
2679 966 2853 1022 altare
2883 982 2980 1038 pro
3006 967 3239 1023 victimis
3267 967 3548 1024 oﬂ‘erenda

1968 1072 2026 1120 et
2044 1062 2418 1133 eleemosynas
2449 1059 2701 1129 precibus
2742 1058 2857 1114 suis
2885 1056 3179 1131 adjungere
3208 1077 3222 1114 :
3264 1060 3547 1131 Propterea

1970 1155 2108 1224 quod
2137 1152 2270 1206 bona
2296 1161 2370 1205 est
2393 1149 2561 1203 oratio
2592 1165 2709 1203 cum
2724 1147 2929 1218 jejunio
2955 1158 3003 1202 et
3027 1148 3370 1220 eleemosyna.

1973 1239 2147 1310 (H3).
2192 1277 2209 1295 .
2252 1278 2267 1293 .
2310 1278 2325 1294 .
2356 1236 2488 1293 Hac
2515 1238 2581 1292 sit
2608 1238 2879 1308 permissio
2908 1239 3097 1308 patris,

1972 1326 2104 1383 Cum
2132 1326 2332 1398 Ligeris
2359 1325 2614 1382 Calabros
2649 1327 2863 1382 tentabit
2896 1328 3091 1398 lingere
3114 1345 3324 1400 campos
3349 1346 3370 1386 :

2041 1419 2201 1473 Fient
2247 1418 2361 1473 lucc
2402 1432 2523 1488 quae
2569 1417 2686 1472 ﬁeri
2712 1419 2833 1488 cupi
2878 1418 3098 1486 gubetve
3131 1428 3283 1488 pater
3312 1434 3407 1476 seu
3435 1422 3548 1493 cpi.

1972 1523 2169 1579 scapus
2215 1507 2503 1571 Adalbero,
2565 1508 2744 1579 inquit
2795 1524 2912 1574 rex,
2958 1525 3080 1565 cum
3124 1510 3283 1582 Liger
3323 1512 3549 1585 (Ligeris

1971 1598 2293 1654 Adalberoni
2330 1598 2584 1653 mendose
2619 1600 2832 1671 dictus)
2874 1599 3062 1654 relicta
3107 1602 3399 1671 Aquitania
3457 1617 3553 1672 per

284 1668 448 1707 cruce
480 1655 647 1724 coepit
673 1669 793 1724 qua:
836 1666 1082 1727 gesserat
1108 1672 1368 1715 exercere
1402 1675 1417 1712 :
1455 1667 1753 1731 captusque
1796 1662 1864 1715 ab

1974 1686 2278 1744 Calabriam
2304 1687 2472 1743 ﬂuere
2495 1655 2895 1756 conabitur,’et
2921 1689 3099 1762 Tigris
3126 1655 3356 1760 to‘rrens,
3390 1655 3553 1764 atqtte

282 1745 700 1810 archidiacono,
747 1756 804 1801 et
843 1750 1053 1804 catenis
1085 1751 1323 1816 vinetus,
1349 1751 1532 1819 jussus
1561 1764 1642 1807 est
1685 1764 1868 1808 custo-

280 1836 407 1890 diri.
433 1856 452 1888 ι
498 1836 556 1891 ln
584 1837 703 1893 libri
739 1854 767 1891 v
793 1841 969 1911 capite
995 1842 1085 1906 l8,
1112 1843 1327 1899 invenio
1354 1844 1674 1900 Leudastem
1702 1846 1873 1903 Turo-

284 1927 465 1981 nicum
514 1930 767 1983 comitem
814 1930 979 2002 (quod
1019 1942 1074 1987 et
1123 1944 1351 1989 cancros
1399 1936 1626 1990 comites
1673 1935 1870 1993 fecisse

282 2016 506 2072 dubium
554 2035 659 2075 non
705 2022 854 2092 est),
895 2024 950 2076 in
1005 2025 1204 2092 iudicio
1249 2042 1366 2079 cum
1411 2028 1744 2094 senioribus,
1794 2030 1872 2084 vel

285 2110 440 2163 taicis
494 2110 572 2164 rel
617 2111 821 2169 clericis
857 2116 1126 2179 resedisse,
1158 2116 1211 2170 id
1249 2125 1337 2193 est
1376 2116 1591 2172 clericis
1619 2128 1673 2172 et
1698 2118 1867 2174 laicis.

283 2196 540 2270 Gregorii
589 2202 657 2258 de
698 2202 909 2261 Nicetio
949 2204 1294 2276 Lugdunensi
1342 2206 1619 2276 episcopo,
1666 2209 1871 2279 majore

285 2292 556 2348 avunculo
581 2310 701 2360 suo,
728 2296 780 2350 in
812 2297 950 2353 libro
980 2300 1047 2353 de
1074 2297 1193 2352 Vita
1221 2300 1339 2367 ejus
1360 2301 1523 2355 verba
1555 2311 1681 2356 sunt
1708 2302 1824 2357 huic
1849 2320 1863 2355 :

286 2399 306 2434 ι
339 2382 582 2450 Quodam
616 2393 858 2457 tempore
888 2390 1034 2445 misit
1082 2389 1339 2445 Basilium
1385 2393 1768 2463 presbyterum
1798 2397 1868 2450 ad

279 2475 684 2531 Armentarium
724 2480 1022 2546 comitem,
1073 2483 1164 2551 qui
1213 2481 1626 2552 Lugdunensem
1675 2485 1865 2541 urbem

280 2562 366 2617 his
394 2564 589 2621 diebus
612 2578 883 2637 potestate
905 2569 1194 2638 jndiciaria
1221 2572 1587 2643 gubernabat,
1622 2573 1868 2645 dixitque

279 2654 347 2707 ad
397 2670 521 2710 eum
552 2675 565 2710 :
612 2675 632 2708 ι
674 2659 917 2716 Pontifex
954 2673 1136 2718 noster
1161 2678 1339 2717 causa?
1369 2664 1513 2726 huic,
1543 2680 1663 2734 quae
1691 2666 1867 2721 denuo

279 2744 596 2816 impetitur,
640 2750 766 2806 dato
805 2750 1012 2819 judicio
1062 2757 1353 2808 terminum
1417 2754 1587 2820 fecit;
1638 2756 1865 2825 ideoque

279 2850 592 2895 commonet
634 2856 704 2896 ne
748 2858 870 2899 eam
919 2845 1120 2900 iterare
1170 2860 1488 2915 praesumus.
1535 2846 1639 2913 Qui
1675 2848 1864 2903 furens

280 2932 559 3000 respondit
602 2933 953 3005 presbytero:
983 2934 1163 2997 Vade.
1206 2944 1261 2991 et
1305 2937 1393 2992 die
1438 2938 1489 2991 ei
1521 2953 1649 3006 quia
1682 2940 1863 2994 multae

1972 1795 2005 1835 a
2052 1779 2329 1834 celeritate
2373 1779 2583 1849 sagitta:
2625 1794 2822 1835 nomen
2854 1781 3082 1847 habens,
3113 1797 3212 1852 pro
3241 1782 3549 1856 Mesopota-

1973 1873 2077 1927 mia
2110 1870 2396 1943 perfundet
2436 1870 2777 1941 Hispaniam,
2824 1889 2944 1927 cum
2978 1872 3143 1930 IEtna
3193 1890 3349 1931 mons
3376 1877 3550 1931 mirus

1973 1962 2238 2017 incendiis
2282 1976 2433 2016 rosas
2457 1971 2510 2016 et
2536 1961 2648 2016 lilia
2676 1971 2926 2032 stagnum
2974 1961 3150 2031 feret;
3190 1964 3242 2025 id
3282 1966 3551 2022 est:htnc

1972 2070 2081 2110 non
2111 2054 2305 2125 magis,
2328 2068 2436 2109 non
2463 2054 2624 2109 citius
2646 2063 2701 2110 et
2730 2054 2943 2112 facilius
2989 2071 3155 2128 quam
3180 2057 3272 2114 illa
3297 2058 3366 2114 ab
3389 2060 3551 2116 Adal-

1972 2147 2176 2204 berone
2205 2156 2413 2220 optata,
2449 2147 2763 2220 contingent
2789 2157 2883 2202 aut
2910 2148 3063 2203 fient.
3094 2136 3274 2218 Quare
3301 2165 3398 2207 rex
3423 2152 3551 2208 sub.

1963 2238 2120 2309 jicit:
2758 2260 2761 2263 ·

1973 2350 2124 2405 Talia
2148 2352 2195 2405 si
2223 2351 2432 2405 veniunt
2452 2366 2472 2403 :
2504 2361 2627 2405 tunc
2645 2335 2768 2406 ‘ha'c
2798 2361 3013 2407 ventura
3039 2353 3239 2408 timeto.

2040 2464 2116 2519 Ex
2162 2465 2248 2520 his
2287 2464 2623 2537 intelligitur,
2651 2474 2764 2520 tum
2789 2467 2842 2520 in
2865 2481 3034 2538 regno
3063 2467 3420 2535 Francorum,
3448 2483 3548 2527 nec

1969 2555 2211 2609 CCt'lesize
2236 2572 2348 2609 sua:
2380 2555 2507 2624 jura
2552 2572 2616 2610 ex
2659 2564 2775 2612 toto
2816 2566 3065 2622 servata,
3104 2573 3205 2613 nec
3254 2560 3549 2616 monachos

1968 2644 2145 2716 legum
2176 2644 2231 2699 S.
2267 2645 2544 2701 Benedicti
2574 2661 2964 2716 usquequaque
2999 2658 3282 2704 servantes
3329 2648 3494 2705 fuisse
3525 2667 3540 2704 :

1968 2748 2023 2793 ct
2049 2739 2469 2794 consuetudines
2493 2740 2664 2795 malas
2686 2754 2749 2794 ac
2769 2740 2988 2808 scriptis
3009 2739 3218 2809 legibus
3243 2740 3547 2795 contrarias

1970 2828 2263 2882 iuvalnisse
2294 2828 2346 2882 in
2382 2828 2637 2895 Francia,
2679 2844 2816 2900 quas
2853 2829 3057 2885 aboleri
3087 2841 3360 2900 oporteret
3386 2848 3399 2884 :
3430 2831 3547 2902 epi-

1968 2930 2163 2987 scopos
2192 2932 2408 2988 quoque
2429 2917 2762 2974 Francorum
2809 2919 3054 2974 crebrius
3081 2930 3137 2976 et
3176 2920 3379 2977 diutius
3422 2936 3549 2975 rure

278 3030 407 3073 sunt
433 3035 615 3075 causa:
658 3026 712 3077 in
758 3035 1049 3095 conspectu
1081 3041 1200 3081 meo
1222 3028 1436 3097 positae,
1479 3043 1598 3096 quae
1642 3027 1865 3084 alterius
1894 3014 1939 3075 Ο
1970 3026 2134 3081 quam
2189 3010 2243 3064 ίη
2302 3026 2398 3065 ⁸¹¹³
2455 3026 2725 3082 quemque
2777 3012 3000 3067 είνῖῑθῑθ
3047 3012 3404 3077 habitavisset
3461 3010 3546 3087 "ei
3630 3026 3639 3031 “

275 3113 481 3181 judicio
518 3115 772 3174 ﬁnienda:
809 3132 986 3176 erunt.
1016 3139 1037 3174 ι
1067 3119 1167 3176 Ubi
1193 3122 1346 3176 vides
1383 3121 1524 3175 inter
1551 3122 1862 3191 episcopum

278 3216 335 3261 et
375 3210 633 3263 comitem
663 3209 1079 3283 Lugdunensem
1108 3212 1177 3269 de
1214 3211 1598 3282 jurisdictioue
1637 3224 1864 3269 conten-

279 3300 481 3355 tionem
506 3297 696 3355 fuisse.

278 3433 425 3505 (HO)
456 3433 562 3488 Pro
601 3438 800 3493 meritis
832 3455 1010 3495 omnes
1040 3451 1311 3497 assumant
1337 3440 1743 3496 emolumentum

278 3525 561 3598 (Excipiar
597 3529 740 3584 solus
780 3525 947 3587 uestra
977 3549 1095 3587 cum
1132 3533 1280 3606 pace)
1310 3532 1512 3603 ﬁdeles.

348 3640 553 3697 Omnes
592 3643 682 3713 qui
736 3643 832 3699 tibi
885 3644 1071 3701 ﬁdeles
1127 3655 1282 3711 sunt,
1331 3661 1432 3717 pro
1481 3645 1593 3701 suis
1636 3645 1866 3717 quisque

281 3736 487 3791 meritis
515 3751 545 3788 a
575 3744 648 3801 te,
694 3752 809 3806 rex,
857 3738 1125 3813 beneﬁcia
1164 3740 1455 3810 accipiant,
1489 3754 1575 3794 me
1607 3756 1714 3796 uno
1740 3758 1863 3797 cum

282 3834 368 3879 tua
417 3840 552 3895 pace
589 3837 840 3898 excepto.
885 3827 1105 3887 locatur
1153 3830 1439 3896 Adalbero,
1481 3839 1538 3886 et
1569 3829 1863 3886 Robertum

280 3919 456 3989 arguit
482 3919 569 3974 his
608 3921 783 3975 verbis
810 3920 954 3975 velut
975 3921 1028 3975 in
1065 3935 1277 3989 omnes,
1303 3931 1662 3992 praeterquam
1699 3923 1752 3977 in
1782 3938 1862 3990 se,

278 4009 607 4077 beneﬁcum,
636 4012 724 4067 cui
745 4051 760 4078 ,
792 4012 1031 4083 inquam,
1069 4021 1146 4068 tot
1188 4024 1243 4079 et
1286 4024 1433 4069 tanta
1457 4015 1697 4071 deberet.
1729 4013 1863 4069 Nam

278 4100 549 4157 Adalbero
592 4101 910 4157 Laudunnm
965 4101 1325 4173 Carolumque
1380 4104 1587 4173 llugoni
1640 4103 1866 4160 Rotber-

284 4202 465 4261 teque,
510 4208 731 4264 regnum
759 4209 866 4249 una
908 4194 1172 4250 ambobus
1216 4195 1510 4250 contulisse
1556 4195 1857 4251 videbatur.

279 4283 432 4351 Quod
480 4284 777 4342 Rotbertus
821 4301 1147 4357 agnoscens,
1198 4302 1322 4342 mox
1368 4287 1541 4357 gratia
1588 4303 1711 4341 eum
1763 4303 1857 4342 sua

1966 3102 2201 3156 otiantes
2234 3101 2488 3167 molliter,
2540 3102 2624 3157 vel
2663 3117 2813 3156 more
2838 3101 3143 3158 villicorum
3181 3102 3398 3158 sordide
3445 3117 3538 3155 ru.

1967 3192 2250 3257 sticantes,
2296 3199 2351 3245 et
2390 3205 2645 3262 agrorum
2681 3205 2906 3246 suorum
2950 3192 3126 3260 magis
3163 3207 3325 3262 quam
3363 3188 3544 3262 populi

1966 3282 2071 3338 sibi
2117 3280 2395 3335 commissi
2442 3296 2630 3336 curam
2673 3291 2924 3353 gerentes
2967 3298 2982 3334 :
3027 3280 3246 3337 eosdem
3293 3273 3437 3351 saepe
3486 3278 3544 3335 in

1959 3368 2390 3441 judiciisajure
2442 3385 2707 3441 aequoque
2758 3371 3072 3437 recessisse,
3128 3379 3183 3426 et
3232 3366 3432 3442 iniquis
3476 3388 3543 3428 ac

1965 3462 2256 3533 rapacibus
2322 3460 2568 3517 diaconis
2635 3476 2823 3517 curam
2870 3462 3091 3533 inopum
3154 3461 3545 3535 viduarumque

1967 3554 2345 3626 delegavisse,
2398 3568 2463 3608 ac
2511 3553 2728 3608 demum
2773 3563 2980 3624 septem
3030 3553 3196 3610 horas
3254 3555 3545 3610 canonicos

1968 3656 2080 3701 tum
2136 3645 2339 3715 ubique
2375 3644 2528 3700 etab
2570 3645 2825 3700 omnibus
2872 3636 3086 3701 clericis
3132 3645 3188 3700 in
3225 3646 3544 3701 occidentali

1964 3735 2200 3794 Francia
2238 3744 2432 3791 exacte
2482 3750 2590 3791 non
2633 3750 2756 3791 esse
2806 3744 3047 3791 servatas
3086 3736 3153 3791 ad
3201 3734 3535 3790 laudandum

1966 3830 2157 3895 Deum,
2186 3835 2243 3883 et
2265 3827 2332 3881 ad
2357 3826 2598 3897 psalmos
2628 3827 2966 3899 hymnosque
3005 3826 3389 3882 concinendos.
3427 3825 3545 3880 Cuc-

1967 3931 2140 3977 terum
2165 3920 2561 3991 permissionem
2598 3920 2765 3991 patris
2804 3928 2960 3975 vocat
2993 3917 3289 3976 Rotbertus
3312 3918 3544 3979 Adalbc~

1964 4012 2113 4067 ronis
2141 4021 2290 4077 vota,
2317 4012 2443 4081 quia
2473 4011 2557 4066 bis
2582 4009 2853 4065 Adalbero
2887 4010 3004 4065 hate
3032 4010 3273 4081 permitti
3309 4010 3540 4072 cunctis,

1964 4104 2078 4160 haec
2117 4104 2281 4160 licere
2308 4103 2625 4175 cupiverat:
2657 4100 2835 4158 Liceat
2877 4103 3076 4157 cunctis
3121 4117 3275 4157 orare
3327 4099 3535 4154 diebus.

1960 4195 2091 4251 Item
2120 4214 2133 4250 :
2782 4252 2785 4255 .

1962 4290 2216 4357 Septenos
2248 4286 2403 4339 liceat
2430 4284 2613 4339 laudes
2639 4284 2873 4356 proferre
2898 4300 2991 4354 per
3013 4283 3194 4337 horas.

279 4379 511 4450 gaudere
530 4377 705 4448 jubet,
738 4394 804 4436 ac
840 4380 1007 4450 regiis
1036 4378 1353 4435 muneribus
1391 4381 1468 4435 ait
1502 4394 1623 4435 esse
1656 4362 1855 4451 dignis?

1967 4399 2111 4472 (1M)
2177 4397 2295 4454 Non
2337 4398 2465 4469 quia
2521 4396 2738 4462 deliras,
2790 4396 2880 4451 sed
2924 4395 3073 4450 nobis
3133 4393 3466 4465 allegoriam.

279 4472 474 4526 simum
515 4488 546 4526 :A

278 4580 464 4639 Gratia
494 4583 765 4653 conﬁrmet
793 4594 864 4650 te,
901 4585 1113 4655 praesul,
1140 4582 1426 4648 Adalbero,
1451 4580 1646 4638 Christi
1664 4599 1678 4612 ·

282 4673 476 4731 Nostra
503 4676 699 4732 simul:
726 4676 910 4731 merito
933 4676 1096 4749 regali
1132 4693 1346 4731 munere
1374 4676 1586 4746 dignus.

276 4786 423 4858 (111)
455 4787 706 4860 Septenos
732 4788 885 4844 liceat
912 4788 1096 4844 laudes
1125 4788 1363 4861 proferre
1384 4803 1478 4856 per
1509 4788 1668 4842 lioras
1690 4803 1710 4843 :

345 4882 584 4952 Septena:
642 4883 825 4938 laudes
884 4901 977 4954 per
1023 4884 1180 4938 horas
1233 4889 1466 4938 statutas
1526 4881 1855 4951 proferendi:

278 4972 492 5043 Deoque
520 4973 820 5031 referendas
850 4990 879 5031 a
915 4974 1129 5032 clericis
1153 4975 1204 5029 in
1236 4972 1498 5035 Ecclesia,
1526 4981 1652 5026 sunt
1682 4972 1852 5027 Matu-

1964 4510 2177 4566 Sensus
2219 4517 2307 4565 est
2343 4509 2678 4563 verborum:
2723 4525 2744 4559 ‹
2774 4506 2978 4562 Ρτωευι
3024 4491 3537 4575 Αάδυιθτο,ἐι·ειίε

1960 4602 2164 4659 Christi
2192 4610 2250 4658 et
2278 4594 2437 4656 simul
2467 4609 2653 4654 nostra
2679 4608 2729 4653 te
2752 4597 3058 4654 conﬁrmet.
3087 4595 3274 4668 Regali
3309 4597 3538 4649 munere

1963 4692 2158 4763 dignus
2180 4705 2264 4756 es,
2311 4688 2435 4759 quia
2457 4701 2564 4742 non
2586 4687 2807 4751 deliras,
2839 4687 2932 4742 sed
2965 4685 3280 4755 allegorizas
3306 4682 3485 4748 nobis,
3513 4700 3533 4734 ι

1962 4800 2057 4841 seu
2086 4798 2183 4855 per
2211 4781 2499 4851 allegorias
2531 4777 2781 4837 facienda
2820 4793 2918 4835 nos
2949 4780 3132 4844 doces,
3162 4774 3415 4849 fugienda
3440 4787 3539 4828 uos

1963 4890 2173 4932 mones.
2206 4874 2283 4931 Ita
2319 4887 2379 4928 se
2418 4885 2515 4928 rex
2555 4880 2799 4935 excusat,
2835 4870 2928 4940 qui
2963 4878 3117 4923 antea
3144 4866 3540 4924 Adalberonem

1966 4989 2067 5027 non
2092 4987 2277 5027 sanum
2312 4977 2621 5023 vocaverat.

1163 5311 1460 5326 -————--
1477 5296 2544 5338 -vW——-
