4032 6394
1724 346 2105 405 EPISTOLE.

3442 349 3551 408 830

280 466 467 509 meum
517 457 757 519 esse,‘et‘
785 466 969 509 rerum
1004 466 1255 509 mearum
1294 469 1484 510 curam
1523 455 1861 527 habiturum,
1892 463 1937 520 Α
1965 460 2013 516 si
2040 457 2384 515 consuetudo
2412 457 2578 519 fuerit
2622 458 2756 517 illud
2783 459 2893 516 texi
2939 459 3083 532 apud
3110 468 3402 519 nostrates.
3434 461 3548 520 Nec

277 547 328 603 si
356 560 496 618 opus
517 555 682 603 esset.
710 545 823 602 Hoc
847 547 1038 603 scitote
1056 546 1185 619 quia
1207 547 1255 603 si
1278 548 1482 621 nostris
1511 532 1757 619 partibus
1776 549 1862 607 fa-

274 640 489 705 veritis,
522 653 803 709 nunquam
826 640 1041 696 vidistis
1071 653 1186 696 tam
1213 641 1386 704 bones
1409 640 1526 698 dies
1551 656 1714 712 quam
1740 644 1863 700 illos

274 733 480 803 quibus
514 749 617 789 nos
640 733 694 789 in
722 734 877 790 illum
917 736 1181 791 honorem
1217 734 1463 791 mittetis.
1506 734 1649 794 Nam
1676 738 1862 794 omnia

274 836 472 882 nostra
502 827 689 896 procul
723 827 892 883 dubio
921 837 1102 884 vestra
1140 838 1320 884 erunt.
1364 828 1698 887 Remandaze
1724 827 1861 886 mihi

272 933 446 988 quam
470 920 609 976 bene
638 936 865 991 possum
891 923 1161 979 conﬁdere
1184 923 1241 979 in
1265 939 1454 980 amore
1482 933 1666 981 vestro
1688 932 1745 980 et
1764 925 1862 981 ad-

265 1011 500 1083 iutorio.
533 1013 738 1071 Valete.

830 1107 1167 1165 EPISTOLA
1203 1109 1271 1165 ιιι

268 1210 464 1254 ιεοκιε
498 1214 885 1258 νεηεειιεκειε
921 1217 1154 1257 ενιεεοιιι
1184 1219 1250 1257 ΑΒ
1281 1218 1622 1260 ῦιῑιιιεικωι
1659 1219 1854 1260 υυαειι.

344 1305 581 1363 Domino
614 1308 927 1366 Giuttetbo
955 1311 1102 1379 duci,
1140 1311 1311 1368 frater
1344 1312 1454 1368 Leo
1483 1314 1784 1369 servitium.

343 1399 422 1456 Ne
454 1402 707 1469 tristeris,
741 1404 916 1464 amice
948 1406 1294 1473 charissime,
1323 1404 1371 1463 si
1421 1407 1764 1480 Loegobardi
1807 1417 1859 1464 te

266 1492 622 1563 deceperunt.
654 1495 766 1567 Ego
789 1506 935 1553 certe
958 1499 1223 1568 optimum
1249 1499 1345 1553 tibi
1367 1501 1508 1554 dabo
1537 1502 1854 1568 Consilium,

265 1585 317 1642 si
346 1588 484 1642 mihi
514 1590 735 1646 credere
766 1591 1025 1646 volueris.
1057 1590 1194 1648 Esto
1217 1592 1300 1647 vir
1329 1592 1513 1660 fortis,
1544 1601 1597 1648 et
1623 1595 1689 1649 de
1719 1611 1857 1665 pra:-

267 1681 450 1736 teritis
476 1698 545 1736 ne
588 1698 770 1749 cures,
801 1684 868 1739 de
911 1683 1113 1741 futuris
1148 1701 1363 1768 caveas.
1400 1684 1504 1741 Per
1539 1696 1691 1742 tuum
1724 1690 1858 1743 lide-

261 1772 546 1829 lissimum
576 1776 852 1831 hominem
882 1778 1016 1833 mihi
1039 1780 1236 1835 manda
1261 1781 1391 1849 quid
1420 1781 1555 1837 velis
1581 1781 1779 1848 facere,
1803 1791 1857 1837 et
1889 1806 1932 1861 Β

261 1880 370 1937 ego
396 1868 663 1937 optimum
690 1869 786 1924 tibi
809 1871 951 1926 dabo
977 1872 1287 1929 consilium.
1314 1872 1464 1928 Mitte
1484 1873 1620 1928 mihi
1650 1875 1855 1929 mulam

261 1959 595 2027 mirabilem,
628 1969 685 2015 et
723 1958 940 2017 frenum
973 1965 1296 2033 pretiosum,
1325 1974 1379 2020 et
1413 1974 1658 2036 tapetum
1689 1967 1852 2021 mira-

260 2048 396 2116 bile,
427 2066 529 2121 pro
563 2068 674 2124 quo
711 2063 765 2109 te
793 2056 980 2126 rogavi
1015 2066 1141 2112 ante
1165 2072 1262 2113 sex
1287 2073 1482 2113 annos.
1520 2057 1694 2113 Amen
1731 2059 1855 2115 dico

260 2142 387 2207 tibi,
414 2157 524 2199 non
554 2146 748 2214 perdes
770 2149 1075 2204 mercedem
1097 2154 1269 2217 tuam,
1302 2158 1356 2205 ot
1378 2150 1644 2222 quidquid
1666 2153 1856 2209 volue-

258 2234 344 2291 ris
363 2236 506 2292 dabo
534 2237 652 2293 tibi.
683 2236 830 2295 Vale.

826 2352 1165 2412 EPISTOLA
1198 2356 1267 2412 IV

333 2458 622 2500 ςυιιιεωιι
664 2461 731 2500 ΑΙ)
774 2462 984 2503 LEONEI
1024 2466 1314 2505 ειιιδοορωί
1348 2466 1777 2507 νειιοειιεδεεὶι.

336 2557 571 2615 Domino
618 2559 784 2617 Leos!
812 2561 1239 2619 Verecllensium
1270 2564 1547 2635 episeopo,
1582 2563 1851 2621 GUll.LEL-

262 2666 370 2706 Ius
412 2650 771 2721 Pictavensis,
812 2654 1022 2713 amicus
1057 2658 1178 2728 ejus
1211 2657 1571 2724 clarissimus,
1616 2659 1849 2713 salutem

260 2752 317 2797 et
343 2746 647 2801 servitium.

332 2834 555 2892 Minime
588 2838 797 2905 tristor,
853 2840 1194 2906 charissime,
1242 2857 1406 2912 super
1457 2841 1848 2916 Lorrgobardo-

261 2941 387 2981 rum
413 2928 746 2999 deceptione.
778 2928 898 2985 Non
929 2933 1072 2987 enim
1098 2930 1439 3005 ‘deceperunt
1479 2950 1585 2999 me,
1622 2935 1717 3004 qui
1747 2951 1845 2989 ne-

259 3033 539 3091 quaquam
586 3022 900 3078 habuissem
951 3023 1111 3080 fidem
1174 3026 1463 3097 promissis
1511 3041 1723 3081 eorum.
1770 3026 1845 3081 De

1963 568 2065 625 pro
2088 552 2174 609 his
2200 567 2389 625 quaero
2421 553 2728 609 mercedem
2764 552 2910 609 illam
2938 568 3103 624 quam
3148 554 3444 624 polliceris,
3485 564 3547 611 ut

1961 646 2132 701 dones
2161 646 2295 702 mihi
2321 662 2663 717 quaecunque
2692 647 2948 712 voluero;
2978 646 3124 716 quol
3154 647 3271 701 tieri
3300 662 3410 701 non
3447 662 3546 718 po—

1961 746 2087 794 test.
2142 738 2275 795 Peto
2318 748 2501 795 autem
2534 748 2594 794 ut
2622 738 2837 795 etiamsi
2886 738 3020 793 nihil
3051 737 3248 793 dedero
3280 738 3400 804 tibi,
3429 755 3547 796 me-

1959 842 2081 885 mor
2109 829 2188 885 sis
2215 830 2323 885 mei
2352 828 2407 884 in
2453 828 2792 885 orationibus
2838 825 2969 894 tuis,
3008 835 3062 882 et
3088 842 3212 884 ores
3241 841 3341 898 pro
3369 843 3455 883 me
3484 836 3547 885 ut

1960 921 2258 977 inhabitem
2314 922 2373 977 in
2412 922 2579 977 domo
2628 920 2844 976 Domini
2889 920 3146 976 omnibus
3180 920 3375 975 diebus
3419 921 3545 977 vitae

1960 1030 2115 1081 mea,
2143 1026 2207 1069 ut
2234 1015 2446 1070 videam
2488 1014 2826 1069 voluntatem
2859 1010 3093 1080 Domini,
3144 1020 3199 1068 et
3226 1020 3482 1084 protegar
3510 1027 3544 1068 a

1958 1108 2162 1176 templo
2207 1115 2399 1163 sancto
2433 1107 2574 1175 ejus.
2628 1105 2697 1161 Et
2744 1105 2875 1160 illud
2914 1106 3180 1175 optimum
3227 1105 3541 1172 consilium,

1958 1200 2106 1270 quod
2134 1200 2270 1254 mihi
2308 1200 2565 1270 spondes,
2612 1215 2681 1254 ne
2720 1198 2957 1253 dilferas.
3007 1196 3408 1253 Prom-.ssiones
3439 1205 3545 1251 tua:

1957 1292 2199 1348 excitant
2244 1307 2333 1346 me
2381 1291 2580 1347 habere
2608 1292 2664 1346 in
2711 1299 2764 1346 te
2818 1290 3048 1345 multam
3094 1287 3372 1356 ﬁduciam,
3414 1288 3544 1358 quia

1958 1397 2141 1441 meum
2171 1391 2255 1438 est
2299 1384 2478 1439 amico
2499 1383 2739 1449 credere,
2771 1389 2826 1437 et
2872 1381 2939 1436 de
2966 1379 3256 1451 promissis
3282 1380 3405 1450 ejus
3431 1394 3545 1435 non

1957 1473 2223 1541 (inlidere;
2257 1482 2313 1529 et
2353 1490 2538 1529 meum
2582 1482 2687 1541 est,
2740 1482 2836 1529 aut
2884 1488 3167 1543 nunquam
3201 1471 3542 1543 prominere,

1958 1574 2054 1619 aut
2077 1567 2348 1634 p:omissa
2385 1566 2703 1637 adimplere.
2740 1564 3006 1635 Superius
3053 1578 3306 1620 sermone
3350 1570 3544 1618 nostro

1957 1657 2191 1711 lusimus
2249 1666 2450 1724 tecum,
2512 1659 2711 1713 domne
2766 1656 2895 1724 Leo,
2941 1656 3107 1710 frater
3171 1654 3539 1720 charissime;

1958 1764 2105 1804 nunc
2132 1749 2275 1804 seria
2307 1751 2469 1805 verba
2497 1750 2763 1805 dicemus.
2802 1747 3193 1820 Longobardos
3223 1762 3331 1800 non
3369 1759 3541 1815 arguo

1960 1824 2318 1911 deeeptionis,
2349 1857 2514 1911 quam
2546 1842 2600 1896 in
2644 1858 2729 1896 me
2760 1855 3012 1896 exercere
3044 1839 3242 1893 vellent
3273 1846 3545 1908 quantum

1962 1930 2017 1984 in
2045 1932 2178 2001 ipsis
2221 1933 2342 1987 fuit.
2384 1931 2606 1987 Partum
2637 1942 2756 1987 erat
2810 1933 2943 1987 mihi
2991 1946 3217 2001 regnum
3266 1928 3455 1993 Italiae,
3491 1926 3540 1982 si

1960 2039 2130 2078 unum
2160 2022 2337 2079 facere
2360 2024 2655 2080 voluissem
2676 2024 2823 2094 quod
2864 2021 3018 2079 nefas
3042 2020 3303 2091 judicavi,
3334 2019 3541 2075 scilicet

1957 2125 2017 2171 ut
2042 2132 2109 2171 ex
2138 2117 2416 2171 voluntate
2452 2132 2644 2171 eorum
2674 2117 2962 2185 episcopos
3004 2114 3098 2184 qui
3143 2122 3328 2167 essent
3371 2110 3539 2166 Italite

1955 2206 2305 2278 deponerem,
2332 2217 2386 2263 et
2415 2208 2553 2262 alios
2602 2222 2819 2262 rursum
2851 2206 3067 2260 illorum
3095 2202 3322 2259 arbitrio
3360 2202 3539 2256 clevac

1956 2313 2092 2354 rem.
2127 2296 2233 2354 Sed
2261 2299 2405 2354 absit
2432 2315 2462 2354 a
2489 2315 2575 2355 me
2604 2315 2718 2354 rem
2743 2296 3060 2368 hujusmodi
3086 2295 3284 2360 facere,
3333 2302 3394 2349 ut
3435 2307 3537 2364 pa-

1955 2399 2132 2445 stores
2153 2386 2431 2457 Ecclesiae,
2455 2391 2654 2461 quibus
2684 2389 2791 2445 mei
2819 2397 3002 2460 patres
3027 2402 3241 2459 semper
3269 2387 3538 2440 honorem

1953 2484 2341 2550 exhibuerunt,
2385 2492 2440 2538 et
2481 2499 2621 2554 quos
2667 2482 2780 2552 ipse
2831 2488 3097 2552 quantum
3140 2478 3285 2533 valui
3322 2492 3539 2548 semper

1951 2580 2206 2646 exaltavl,
2234 2580 2352 2634 sine
2380 2580 2606 2635 crimine
2628 2580 2971 2634 inhonorem.
3000 2576 3113 2632 Sub
3141 2578 3244 2632 hac
3263 2574 3535 2633 conditio-

1951 2683 2022 2723 ne
2052 2670 2251 2724 vellent
2275 2669 2499 2739 quidam
2550 2669 2853 2739 primorum
2903 2666 3071 2722 Italia:
3107 2682 3196 2721 me
3234 2682 3330 2723 seu
3363 2664 3534 2720 lilium

1950 2776 2134 2815 meum
2157 2777 2340 2831 regem
2378 2760 2575 2815 facere.
2606 2760 2728 2815 Non
2774 2760 3016 2815 laudavit
3046 2759 3183 2814 mihi
3215 2760 3357 2813 hanc
3385 2758 3534 2813 vitu-

1950 2852 2246 2921 perabilem
2273 2852 2642 2907 conditionem
2692 2852 2931 2923 prudens
2974 2850 3219 2906 marchio
3258 2848 3540 2921 Meginfrié

1948 2944 2072 3012 dus,
2104 2955 2205 3001 aee
2234 2944 2401 3003 frater
2428 2944 2547 3014 ejus
2589 2944 2803 2999 Alricus
2848 2945 3027 3000 bonus
3055 2942 3365 3013 episcopus,
3396 2958 3536 3013 quo—

1948 3052 2071 3091 rum
2102 3054 2191 3091 me
2210 3038 2505 3093 sanissimo
2534 3038 2851 3108 plerumque
2877 3037 2957 3092 uti
2990 3036 3223 3092 consilio
3251 3050 3534 3105 nunquam

258 3113 551 3216 przet-eritis
577 3129 768 3169 eorum
822 3113 1051 3171 fallaciis
1079 3132 1180 3189 ego
1218 3135 1327 3172 non
1365 3133 1522 3184 curo,
1549 3119 1615 3174 de
1646 3119 1845 3175 futuris
1872 3159 1913 3216 Ο
1948 3130 2220 3199 ρωπιῖωίι,
2251 3128 2403 3196 Quos
2438 3145 2604 3200 supra
2630 3144 2823 3185 omnes
2851 3127 3013 3184 [13105
3036 3126 3433 3198 pmsmmioris
3454 3126 3536 3179 in-

259 3220 363 3275 per
387 3204 483 3260 Dei
511 3206 741 3278 gratiam
781 3208 917 3262 mihi
971 3211 1193 3265 cavebo.
1253 3208 1373 3264 Non
1418 3225 1614 3281 parum
1660 3221 1843 3268 autem

258 3297 445 3353 minor
471 3298 539 3353 de
568 3308 619 3353 te
639 3300 731 3371 qui
766 3307 821 3355 et
848 3301 1071 3356 multam
1109 3303 1504 3373 prteteritorum
1535 3300 1702 3358 habes
1732 3319 1846 3358 me-

258 3390 518 3461 moriam,
544 3402 601 3448 et
637 3408 748 3449 non
789 3394 974 3451 minus
1016 3392 1329 3451 futurorum
1372 3394 1599 3465 jactaris
1646 3396 1845 3451 habere

258 3484 679 3556 providentiam,
710 3486 857 3557 quod
890 3487 1040 3543 illius
1066 3486 1312 3543 Cunonis
1337 3488 1584 3557 partibus
1608 3499 1841 3542 consen-

261 3578 405 3646 sisti,
430 3581 526 3651 qui
555 3595 656 3636 nec
684 3581 742 3635 in
782 3597 881 3637 sua
927 3592 1070 3637 terra
1099 3581 1305 3652 aliquid
1344 3582 1439 3636 tibi
1468 3596 1710 3651 unquam
1740 3580 1843 3635 ὁο-

259 3672 433 3738 navit,
470 3688 646 3742 neque
686 3686 846 3742 posse
872 3674 1077 3729 donare
1112 3672 1309 3739 fertur,
1356 3689 1457 3728 nec
1500 3673 1705 3743 aliquid
1745 3688 1845 3727 au-

260 3762 406 3820 ferre
429 3763 481 3817 in
512 3779 680 3834 regno
709 3763 893 3821 Italize.
922 3763 1027 3820 Sed
1050 3766 1303 3836 quamvis
1324 3765 1381 3821 in
1410 3766 1511 3821 hac
1534 3781 1703 3824 causa
1731 3779 1843 3820 non

258 3855 400 3911 bene
433 3855 643 3911 tibimet
689 3857 1033 3912 consuluisse
1061 3858 1318 3924 videaris,
1350 3865 1406 3912 et
1450 3858 1586 3912 mihi
1636 3856 1843 3912 amicos

264 3962 419 4003 meos
468 3948 719 4019 probanti
766 3950 1085 4023 suffragium
1134 3951 1345 4006 nullum
1401 3950 1719 4021 przebueris,
1749 3964 1845 4004 ex-

262 4036 518 4107 spectabo
537 4046 717 4093 tamen
734 4038 861 4093 illud
875 4039 1138 4109 Optimum
1154 4040 1441 4095 consilium
1467 4040 1608 4110 quod
1639 4039 1772 4095 mihi
1793 4047 1844 4095 te

262 4127 516 4184 daturum
533 4130 824 4200 promittis,
838 4132 884 4186 si
907 4130 1003 4186 tibi
1025 4132 1243 4187 credere
1255 4130 1695 4187 volueroJlanda
1715 4145 1844 4201 ergo

262 4220 397 4275 mihi
421 4236 516 4292 per
542 4222 748 4278 litteras
761 4223 1037 4293 quomodo
1067 4225 1148 4279 vis
1179 4232 1236 4278 ut
1267 4223 1363 4279 tibi
1381 4225 1619 4291 credam,
1643 4231 1697 4279 et
1722 4238 1845 4295 qua:

261 4310 528 4369 beneficia
570 4314 704 4370 mihi
753 4314 1073 4386 provenient
1107 4331 1203 4386 per
1230 4324 1384 4371 tuum
1433 4316 1744 4383 consilium,
1776 4330 1842 4371 ex

264 4405 411 4461 dono
442 4405 586 4462 illius
620 4405 885 4474 Cunonis,
918 4408 963 4463 si
1011 4424 1238 4480 regnum
1290 4407 1477 4474 Italiae,
1514 4408 1662 4479 quod
1708 4407 1843 4461 mihi

1946 3221 2109 3292 genii,
2164 3221 2308 3285 ﬁdei,
2354 3221 2615 3277 bonitatis
2656 3236 2779 3276 esse
2807 3235 3025 3275 censeo.
3068 3216 3126 3273 Si
3169 3218 3301 3288 quid
3346 3231 3533 3271 rerum

1945 3320 2193 3367 mearum
2220 3312 2322 3367 tibi
2358 3328 2456 3382 p:o
2482 3325 2630 3368 certo
2660 3312 2945 3382 placuerit,
2982 3311 3130 3381 quod
3160 3309 3375 3363 mittere
3405 3321 3534 3377 pos-

1946 3404 2071 3471 sim,
2127 3414 2224 3460 aut
2268 3405 2518 3471 debeam,
2571 3420 2682 3459 non
2735 3413 2788 3459 te
2833 3400 3189 3459 frustrabitur
3234 3406 3361 3470 spes
3414 3407 3528 3452 tua.

1945 3493 2010 3551 .E
2019 3513 2184 3567 quam
2214 3496 2348 3550 mihi
2374 3512 2561 3566 quaeso
2592 3496 2825 3565 repende
2850 3495 3046 3560 vicem,
3076 3500 3136 3547 ut
3171 3498 3225 3546 et
3249 3492 3363 3561 ipse
3391 3490 3533 3546 votis

1944 3589 2083 3644 meis
2106 3590 2443 3660 imparemte
2485 3604 2596 3642 non
2636 3586 2858 3642 elIieias.
2910 3584 2970 3638 In
3012 3583 3259 3654 proxima
3302 3589 3530 3636 ventura

1944 3681 2236 3739 festivitate
2258 3690 2462 3737 sanctze
2501 3680 2599 3735 Dei
2628 3678 2920 3735 Genitricis
2948 3676 3134 3731 Marias
3170 3676 3379 3731 litteras
3410 3685 3533 3730 tuas

1943 3784 2072 3847 opto
2102 3775 2306 3840 videre,
2335 3772 2537 3844 quibus
2561 3772 2732 3827 animi
2780 3770 2861 3825 tui
2908 3777 3117 3825 secreta
3148 3768 3326 3823 amico
3354 3776 3449 3822 tuo
3474 3766 3534 3821 iis

1943 3867 2172 3923 dissimo
2201 3866 2529 3937 pandantur.
2562 3862 2624 3918 In
2654 3863 2877 3918 Christo
2910 3861 3083 3929 vivas,
3113 3861 3317 3927 valeas,
3346 3860 3538 3914 viven-

1943 3960 2035 4027 do,
2061 3959 2310 4014 valendo.

2507 4046 2844 4104 EPISTOLA
2882 4044 2925 4099 V

1980 4161 2265 4202 ῦυιιιεωει
2301 4160 2368 4198 ΑΒ
2408 4158 2725 4197 ῖιῑιλιειιτιή
2763 4134 3145 4194 (ΣΔΛΒΝΟΪΕΝΕΕΜ
3183 4149 3492 4190 EPISCOPUM.
3536 4196 3541 4202 δ

2016 4236 2249 4291 Domino
2294 4235 2583 4290 Foenenro
2622 4231 2917 4286 venerabili
2960 4225 3380 4283 Carnotensium
3416 4224 3535 4293 cpi-

1945 4344 2132 4399 scopo,
2160 4327 2504 4382 Genu-mnus
2524 4324 2618 4380 Dei
2646 4323 2818 4395 gratia
2841 4322 2950 4376 dux
2973 4319 3276 4390 Aquitania:
3299 4316 3533 4373 salutem

1943 4429 1998 4475 et
2022 4420 2216 4473 ebaras
2244 4417 2533 4472 amicitias.

264 4485 620 4568 promittitur,
652 4507 706 4555 et
732 4500 879 4570 quod
923 4500 1149 4571 adipisci
1193 4515 1435 4572 possem,
1468 4498 1578 4555 Deo
1607 4500 1842 4568 volente,

2016 4511 2153 4565 Cum
2186 4511 2421 4581 primum
2452 4510 2519 4564 ad
2554 4524 2655 4563 nos
2693 4506 3019 4570 Pietavium,
3065 4502 3263 4574 praesul
3302 4501 3533 4571 Optime,
3606 4544 3621 4557 ρ

264 4588 311 4642 si
337 4590 571 4645 multum
601 4606 873 4658 curarem,
904 4606 1149 4662 quaerere
1182 4591 1415 4646 desiero.
1449 4588 1648 4645 Mulam
1676 4606 1841 4660 quam

263 4689 469 4751 rogasti
496 4697 604 4735 non
643 4698 866 4754 possum
910 4683 978 4737 ad
1025 4697 1267 4753 praesens
1310 4681 1407 4735 tibi
1450 4680 1685 4748 mittere,
1713 4681 1843 4750 quia

263 4787 373 4828 non
404 4774 579 4829 habeo
604 4775 763 4830 talem
796 4775 1011 4846 qualem
1043 4775 1111 4829 ad
1141 4790 1281 4844 opus
1310 4782 1464 4828 tuum
1496 4773 1710 4836 vellem,
1741 4787 1842 4827 nec

260 4866 530 4936 reperitur
559 4867 613 4922 in
643 4868 846 4924 nostris
876 4868 1125 4938 partibus
1154 4867 1303 4923 mula
1330 4874 1581 4933 cornuta,
1610 4866 1696 4921 vel
1722 4881 1843 4937 qua:

259 4966 375 5014 tres
402 4959 603 5015 caudas
644 4961 861 5028 habeat,
890 4961 971 5015 vel
1000 4961 1241 5032 quinque
1282 4959 1467 5030 pedes,
1497 4959 1579 5014 vel
1610 4959 1710 5013 alia
1735 4960 1841 5014 hu-

256 5049 525 5120 jusmodi,
560 5059 619 5107 ut
652 5067 892 5123 congrue
922 5053 1099 5123 possis
1127 5053 1308 5107 dicere
1341 5067 1466 5108 eam
1514 5051 1835 5105 mirabilem.

259 5140 472 5198 Mittam
504 5159 632 5199 vero
673 5144 790 5211 tibi,
821 5161 985 5215 quam
1036 5146 1198 5200 citius
1246 5153 1456 5215 potero,
1506 5160 1668 5200 unam
1701 5144 1842 5215 opti-

259 5252 411 5291 mam
440 5253 506 5293 ex
556 5237 872 5293 melioribus
924 5254 1064 5309 quas
1112 5238 1349 5309 reperire
1391 5237 1599 5308 possim
1653 5238 1706 5292 in
1738 5254 1839 5293 no-

260 5337 375 5387 stra
411 5332 609 5402 patria,
645 5348 772 5387 cum
808 5331 963 5386 freno
1006 5332 1268 5402 pretioso.
1309 5329 1575 5386 Creterum
1600 5339 1840 5402 tapetum

261 5422 361 5478 tibi
426 5439 644 5495 possem
693 5425 927 5490 mittere,
966 5425 1069 5479 nisi
1107 5424 1333 5480 fuissem
1385 5424 1585 5480 oblitus
1623 5434 1840 5495 quantae

260 5513 620 5588 longitudinis
642 5526 689 5572 et
733 5516 1033 5574 latitudinis
1074 5525 1318 5588 tapetum
1363 5517 1469 5587 iam
1503 5517 1708 5572 dudum
1753 5533 1841 5573 re-

263 5608 504 5678 quisisti.
563 5606 888 5665 Rememora
934 5625 1084 5681 ergo,
1146 5625 1358 5680 precor,
1410 5625 1573 5680 quam
1615 5609 1839 5681 longum

261 5707 318 5753 et
345 5700 512 5755 latum
537 5696 658 5756 esse
688 5700 840 5766 velis,
889 5710 943 5755 et
979 5702 1222 5756 mittetur
1246 5702 1365 5767 tibi,
1398 5702 1442 5755 si
1473 5702 1716 5757 invenire
1742 5716 1841 5772 po-

263 5802 440 5849 tuero.
476 5792 574 5849 Sin
620 5804 825 5853 autem.
858 5794 1060 5865 jubebo
1089 5795 1183 5851 tibi
1225 5794 1343 5851 ﬁeri
1380 5811 1549 5868 quare
1578 5796 1837 5863 volueris,

1944 4602 2129 4656 venire
2169 4601 2422 4672 dignatus
2469 4614 2549 4664 es,
2592 4606 2647 4652 et
2694 4606 2894 4652 nostra:
2932 4592 3180 4665 petitioni
3224 4597 3285 4645 ut
3337 4603 3528 4645 curam

1943 4694 2050 4749 loci
2103 4692 2289 4748 Sancti
2344 4691 2533 4746 Hilarii
2588 4705 2806 4761 gereres
2855 4687 3221 4757 acquiescere,
3267 4682 3533 4751 gaudium

1944 4802 2201 4858 magnum
2235 4784 2336 4840 fuit
2361 4785 2537 4839 nobis.
2572 4782 2676 4837 Sed
2706 4781 2833 4836 huic
2861 4779 3057 4851 gaudio
3094 4777 3262 4832 multa
3297 4775 3535 4829 interce-

1943 4880 2022 4936 dit
2050 4878 2334 4951 aegritudo,
2368 4875 2516 4946 quod
2546 4875 2613 4930 ad
2641 4889 2743 4928 nos
2779 4873 2957 4928 redire
3003 4870 3338 4926 dissimulas.
3370 4867 3534 4923 Unde

1938 4979 2091 5026 tuam
2115 4983 2404 5041 precamur
2444 4966 2694 5038 gratiam,
2722 4963 2833 5017 noli
2854 4962 3126 5018 dimittere
3151 4959 3283 5030 quin
3314 4959 3531 5023 venias,

1940 5065 1986 5121 si
2010 5062 2127 5120 fieri
2157 5069 2336 5133 potest
2365 5060 2419 5113 in
2449 5057 2658 5114 octavis
2684 5055 3060 5110 Pentecostcn.
3088 5051 3183 5106 Sin
3215 5059 3419 5116 autem,
3443 5050 3529 5103 vel

1938 5167 2067 5214 octo
2096 5154 2291 5211 diebus
2333 5163 2458 5207 ante
2505 5150 2842 5205 nativitatem
2878 5146 3054 5203 sancti
3090 5143 3316 5199 Joannis
3341 5140 3522 5211 Bapti-

1940 5258 2039 5306 stze
2064 5256 2239 5303 tutum
2276 5245 2378 5300 iter
2408 5244 2736 5316 paciscimur
2766 5241 2863 5295 tibi
2891 5236 3191 5294 ambulanti
3211 5251 3335 5290 cum
3360 5233 3524 5289 cleri-

1939 5339 2020 5394 cis
2048 5347 2102 5393 et
2129 5335 2445 5392 domesticis
2470 5335 2597 5389 tuis.
2627 5331 2786 5402 Apud
2829 5345 2931 5385 nos
2969 5329 3105 5385 satis
3154 5326 3391 5383 militum
3424 5325 3523 5379 ha-

1937 5430 2111 5486 bebis.
2148 5428 2204 5484 Si
2231 5445 2340 5483 non
2364 5427 2633 5483 manseris
2658 5426 2945 5481 nobiscum
2969 5423 3093 5494 plus
3122 5437 3288 5491 quam
3319 5418 3520 5482 triduo,

1936 5523 1991 5577 in
2019 5522 2195 5592 ipsius
2218 5519 2475 5591 temporis
2505 5518 2737 5574 articulo
2773 5517 3071 5589 plurimum
3095 5529 3194 5569 nos
3226 5509 3519 5568 recreabis.

1936 5609 1981 5666 Ο
2011 5613 2057 5666 si
2092 5612 2340 5665 venisses
2371 5611 2427 5664 in
2476 5609 2722 5680 proxime
2767 5606 3075 5678 praeteritis
3104 5599 3521 5673 Rogationibus,

1935 5712 2197 5774 quantam
2226 5701 2404 5768 nobis,
2427 5709 2483 5755 et
2529 5700 2798 5772 episcopis
2833 5698 3059 5764 nostris,
3089 5702 3143 5750 et
3171 5689 3519 5764 Optimatibus

1937 5796 2366 5855 consolationem
2418 5801 2471 5851 et
2522 5792 2767 5851 laetitiam
2821 5780 3077 5850 fecisses!
3129 5780 3451 5858 tempestive
3478 5779 3520 5833 si
