4058 6390
577 340 682 399 851
1506 334 1886 396 GUILLELMI
1924 335 2133 393 DUCIS
2172 333 2578 406 AQUITANIE
2624 334 2945 393 DIPLOMA.
3732 347 3815 404 sa

575 455 744 515 velles
772 454 1076 514 Carnotum
1104 454 1175 512 ad
1199 455 1345 511 diem
1373 451 1575 510 festum
1604 449 1967 509 Pentecosten
1988 466 2176 508 rever-
2205 456 2254 514 Α
2278 450 2426 506 illius
2456 449 2758 522 evangelici
2789 447 3042 520 petitoris
3074 448 3313 504 amicum
3337 449 3539 509 obnixe
3568 462 3812 529 mgnus;

575 564 763 617 surus,
793 548 877 604 vel
904 548 952 603 si
975 556 1029 603 te
1057 546 1363 604 subducere
1384 546 1574 615 velles,
1604 565 1675 606 ne
1722 544 1835 602 ires
1860 544 1933 602 ad
1960 544 2174 603 curiam
2278 550 2341 598 ut
2366 543 2414 598 si
2445 556 2558 599 non
2587 549 2810 614 propter
2834 541 3157 610 amicitiam,
3185 542 3376 599 saltem
3409 555 3629 617 propter
3646 549 3809 623 impio

573 640 785 696 domini
839 640 1006 712 regis,
1059 637 1197 694 satis
1244 639 1533 695 honestam
1578 654 1806 697 causam
1858 637 2170 693 habiturus.
2275 635 2502 693 bitatem
2549 651 2730 692 meam
2767 637 3197 694 accommodetis
3230 638 3365 693 mihi
3392 644 3814 711 quotquotbabe.

575 730 749 799 Quem
786 731 844 786 in
872 730 1128 802 praesenti
1189 729 1340 786 adire
1387 731 1626 801 dimitto,
1657 731 1901 786 minores
1931 728 2171 783 iuimici-
2274 728 2637 784 necessarios.
2685 727 2927 786 Obsecro
2981 729 3151 801 igitur
3173 745 3273 786 vos
3298 731 3355 785 in
3396 732 3618 788 nomine
3653 746 3815 794 sancta

573 821 682 877 tias
725 837 815 878 me
860 831 1243 893 suscepturum
1282 829 1481 894 putans
1521 825 1594 881 ob
1640 838 1822 879 meam
1866 823 2171 879 absentiam
2274 820 2581 890 Trinitatis,
2617 837 2742 893 qua:
2763 821 2912 879 Deus
2940 838 3088 880 unus
3113 830 3217 892 est,
3242 831 3304 879 ut
3328 825 3415 880 vel
3448 825 3633 882 decem
3655 826 3820 886 fratres

575 927 744 982 quam
783 913 833 968 si
871 929 1051 970 essem
1088 929 1214 970 cum
1253 914 1478 971 domino
1511 930 1638 987 rege
1682 917 1768 971 vel
1819 915 2027 986 regina,
2058 929 2169 970 non
2272 927 2339 969 ex
2354 915 2585 987 collegio
2609 916 2771 971 vestri
2797 916 3031 987 angelici
3051 917 3266 975 ordinis
3289 916 3424 973 mihi
3444 921 3814 990 transmittatis,

575 1020 950 1063 consensuros
978 1008 1035 1062 in
1080 1007 1384 1063 ordinando
1420 1024 1547 1079 rege
1599 1009 1807 1079 absque
1851 1023 1974 1063 meo
2001 1008 2170 1062 fratre
2271 1021 2544 1063 memores
2573 1007 2790 1063 tandem
2833 1007 2982 1063 illius
3018 1009 3306 1080 apostolici
3347 1010 3502 1079 dicti,
3548 1010 3690 1067 Alter
3710 1014 3819 1069 clte-

576 1096 768 1155 Odone
794 1101 1012 1179 comite.
1039 1099 1213 1166 Quem
1237 1100 1385 1155 enim
1410 1100 1526 1171 ipse
1556 1114 1735 1172 regem
1769 1100 1885 1155 ﬁeri
1913 1099 2164 1166 voluerit,
2269 1099 2384 1153 rius
2411 1115 2575 1154 onera
2603 1106 2831 1170 portate,
2857 1107 2909 1154 et
2938 1100 3019 1155 sic
3052 1100 3414 1172 adimplebitis
3442 1102 3608 1175 legem
3630 1102 3816 1162 Christi.

575 1188 760 1258 ipsum
793 1197 849 1244 et
876 1204 964 1244 me
995 1190 1132 1245 velle
1160 1205 1260 1261 pro
1286 1197 1438 1246 certo
1470 1190 1753 1245 noveritis.
1785 1188 1863 1244 De
1892 1190 2012 1259 ejus
2039 1204 2166 1245 cum
2271 1188 2459 1247 Valete
2479 1206 2606 1248 cum
2631 1191 2891 1247 omnibus
2923 1192 3145 1249 vestris.

575 1279 803 1336 domino
853 1296 980 1353 rege
1026 1282 1320 1338 concordia
1367 1282 1633 1353 quidquid
1686 1280 1947 1344 audieris,
1979 1289 2036 1337 et
2073 1281 2163 1335 ubi
2811 1302 3153 1362 EPISTOLA
3189 1304 3282 1362 vn

576 1371 669 1439 sit,
710 1373 757 1427 si
783 1374 949 1442 nosti,
984 1382 1109 1445 peto
1153 1374 1475 1442 rescribere,
1498 1383 1554 1429 et
1593 1375 1639 1430 si
1689 1373 1814 1429 novi
1870 1374 2016 1445 regis
2060 1373 2166 1429 erit
2646 1413 2934 1457 suum"
2972 1417 3041 1457 η
3079 1416 3464 1460 “unum”.

575 1464 832 1534 sacratio,
856 1482 924 1521 an
956 1480 1090 1535 non,
1119 1474 1174 1523 et
1202 1467 1380 1537 cujus.
1410 1465 1558 1523 Vale.

2337 1485 2668 1545 Humi-zamia
2695 1488 3041 1547 Gurusuus
3070 1490 3208 1547 bene
3250 1467 3439 1562 optata
3476 1494 3741 1564 consequi.

1142 1578 1387 1636 EPISTO
1396 1580 1482 1634 LA
1526 1577 1589 1633 Vl

849 1688 1134 1730 GUII.LELII
1174 1689 1241 1727 Αιι
1272 1687 1583 1728 ARIBEBTUI
1620 1685 1886 1726 ΔΒΒΔΤΕΙ.

2336 1576 2569 1633 Tantam
2596 1579 2739 1650 apud
2766 1594 2855 1636 me
2884 1589 2979 1636 tua
3024 1580 3267 1651 prudens
3292 1580 3616 1652 simplicitas
3644 1583 3816 1640 invenit

2262 1671 2531 1743 gratiam,
2573 1681 2635 1728 ut
2692 1673 2842 1745 quod
2890 1688 2921 1729 a
2967 1689 3059 1729 me
3108 1673 3328 1745 petisti,
3376 1688 3494 1729 non
3536 1674 3700 1745 magis
3723 1674 3814 1746 ipse

644 1762 878 1819 Domino
922 1763 1203 1819 Amsanro
1254 1771 1445 1820 sancto
1495 1778 1563 1819 ac
1594 1760 1888 1863 venerabili
1942 1759 2159 1829 abbati,
2194 1805 2238 1863 Β
2263 1764 2586 1839 [desideres]
2618 1765 2742 1863 ﬁeri
2785 1781 2955 1838 quam
3002 1781 3105 1839 ego
3129 1766 3314 1822 velim.
3354 1764 3466 1822 Sed
3496 1767 3739 1837 quoniam
3769 1766 3814 1823 in

573 1856 920 1914 GUILLELMUS
974 1854 1069 1912 Dei
1129 1856 1302 1928 gratia
1359 1856 1471 1912 dux
1535 1853 1846 1927 Aquitaniae
1897 1853 2211 1943 prospera:

572 1956 793 2004 cuncta.

642 2036 981 2093 Charitatem
1017 2046 1252 2094 vestram
1299 2038 1416 2108 jam
1451 2036 1694 2094 secundo
1733 2035 2071 2108 interpellavi
2102 2045 2166 2094 ut

571 2130 861 2186 mitteretis
892 2131 960 2185 ad
986 2130 1324 2186 Carrolicum
1372 2130 1769 2186 monasterium
1803 2130 2071 2201 quosdam
2093 2145 2161 2185 ex

571 2220 863 2276 monachis
889 2221 1084 2276 vestris
1106 2221 1200 2291 qui
1224 2230 1411 2278 essent
1437 2220 1712 2277 ferventes
1733 2221 1791 2277 in
1816 2222 2160 2277 observanda

570 2325 759 2382 regula
791 2321 965 2367 sancti
993 2312 1290 2374 Benedicti.
1320 2328 1556 2384 quorum
1595 2320 1783 2368 sancta
1815 2313 2160 2369 conversatio

571 2400 832 2458 fratribus
859 2403 1033 2473 ipsius
1069 2404 1175 2459 loci
1204 2405 1409 2459 bonum
1441 2405 1705 2475 praeberet
1741 2404 2080 2474 exemplum,
2105 2411 2160 2458 et

569 2506 761 2547 eorum
811 2495 1064 2551 abbatem
1101 2494 1251 2552 fasce
1296 2496 1579 2568 regimims
1615 2498 1835 2552 levaret.
1885 2495 2157 2564 Quoniam

570 2597 701 2637 vero
736 2585 982 2654 petitioni
1018 2601 1153 2643 meae
1185 2588 1428 2642 nondum
1453 2588 1805 2660 acquievistis
1823 2632 1835 2650 .
1860 2606 2007 2645 nunc
2027 2603 2161 2660 quo-

568 2689 678 2747 que
707 2676 870 2730 tertio
892 2676 960 2732 ad
983 2678 1187 2733 ostium
1217 2690 1419 2736 vestra:
1442 2680 1727 2737 charitalis
1758 2683 1938 2751 pulso,
1984 2680 2161 2736 instar

2267 1856 2685 1927 prasentiarum
2717 1854 2949 1913 facultas
2985 1871 3099 1912 non
3137 1856 3399 1928 suppetit,
3435 1857 3651 1913 animus
3688 1870 3814 1914 meus

2269 1954 2487 2003 veretur
2511 1960 2602 2002 me
2629 1946 2728 2003 tibi
2777 1956 3094 2018 suspectum
3141 1961 3299 2015 esse,
3342 1948 3508 2019 quasi
3533 1948 3688 2005 verba
3708 1946 3816 2005 dare

2269 2037 2583 2093 molientem
2610 2055 2623 2091 :
2652 2037 2799 2108 quod
2821 2053 2934 2093 non
2965 2053 3090 2095 esse
3122 2052 3309 2094 meum
3334 2039 3555 2105 credas,
3576 2052 3667 2109 per
3682 2037 3814 2096 ﬁdem

2268 2144 2392 2200 quae
2419 2128 2563 2184 inter
2593 2124 2697 2185 nos
2722 2137 2811 2186 est
2847 2130 3080 2187 obsecro
3109 2145 3311 2203 rogans
3335 2138 3390 2186 te
3416 2130 3688 2187 modicum
3706 2139 3817 2185 tem-

2267 2233 2371 2290 pus
2392 2218 2573 2274 adhuc
2603 2218 2873 2274 sustinere
2896 2219 3070 2276 donec
3090 2218 3434 2293 gravissimis
3457 2220 3654 2291 quibus
3668 2220 3816 2290 impe-

2259 2311 2384 2368 dior
2430 2311 2623 2368 olliciis
2671 2313 2989 2383 expeditus,
3042 2328 3267 2385 operam
3314 2312 3415 2369 tibi
3464 2313 3596 2369 dare
3630 2327 3811 2385 queam.

2260 2404 2417 2472 Quod
2449 2405 2499 2461 si
2527 2403 2668 2462 forte
2704 2420 2982 2462 morarum
3010 2406 3301 2479 impatiens
3317 2421 3452 2462 mox
3478 2406 3547 2462 ad
3583 2422 3664 2463 me
3685 2404 3818 2461 adve-

2260 2497 2430 2563 neris,
2470 2497 2517 2553 si
2545 2496 2690 2553 votis
2735 2496 2848 2553 tuis
2886 2497 3070 2553 minus
3102 2497 3471 2570 respondero,
3508 2488 3814 2568 nequaquam

2261 2586 2318 2642 id
2344 2587 2501 2653 mihi,
2550 2602 2774 2643 causam
2803 2588 3114 2659 praedoctus
3148 2587 3276 2660 jure
3320 2587 3685 2646 succensebis.
3711 2583 3815 2641 Vale

2264 2695 2412 2737 nunc
2439 2689 2495 2736 et
2523 2695 2762 2752 semper.
2801 2680 2868 2737 Β.
2913 2680 3253 2738 Turonensis

577 2819 3723 2847 ..Μ’-*Μ

1401 2973 2400 3092 απιιιειινιι
2474 2980 2997 3099 »σοις

1979 3204 2478 3300 DIPLOMA,
2582 3234 2587 3237 ‘

755 3372 893 3451 Quo
927 3372 1141 3438 villam
1166 3376 1233 3440 S.
1264 3374 1604 3454 Macharii,
1635 3378 1704 3441 in
1732 3395 1857 3459 qua
1887 3379 2013 3519 ist;
2030 3388 2285 3520 segem;
2310 3384 2679 3472 requiescit,
2710 3383 2994 3448 concedit
3029 3382 3300 3450 ecclesia:
3330 3384 3400 3449 S.
3436 3385 3657 3451 Cruci:

2017 3476 2094 3518 ur
2142 3476 2243 3520 ma
2274 3478 2459 3520 ensis.

2017 3476 2459 3536 urazgatensts.

2011 3627 2193 3701 (Anno
2216 3627 2401 3704 1026.)

1568 3785 1732 3841 ’Gatl.
1769 3785 1991 3855 (διιᾶσι,
2015 3795 2148 3842 tom.
2180 3783 2229 3840 ll
2253 3784 2537 3858 (nstrum,
2563 3803 2685 3863 pag.
2714 3788 2867 3863 268.)

641 4062 755 4135 Ego
771 4063 825 4118 in
839 4063 935 4119 Dei
949 4063 1190 4131 nomine,
1204 4065 1569 4133 Cumanus,
1583 4064 1680 4122 Dei
1691 4065 1837 4123 dono
1853 4067 1961 4123 dux
1978 4067 2148 4140 Aqui—
2163 4134 2207 4153 ω

561 4158 746 4225 ιεωὶω,
766 4165 821 4212 et
843 4172 983 4213 uxor
1000 4174 1119 4213 mea
1140 4157 1490 4228 Ansnnnnus,
1515 4161 1804 4218 considero
1825 4163 2145 4235 gravitatem

562 4243 1010 4320 [gravitudinem]
1045 4257 1394 4318 peccatorum
1437 4266 1685 4306 meorum
1728 4251 1815 4326 [et
1855 4254 2148 4311 reminisco

563 4343 865 4398 bonitatem
889 4341 984 4398 Dei
1011 4344 1277 4400 dicentem
1309 4364 1322 4401 ε
1350 4346 1485 4402 Date
1513 4347 1921 4420 eleemosynam,
1951 4359 2002 4405 et
2035 4367 2150 4406 ecce

563 4436 745 4489 omnia
775 4436 974 4491 munda
1006 4446 1129 4491 sunt
1158 4439 1347 4511 vobis],
1384 4449 1667 4511 propterea
1693 4444 1932 4498 concedo
1958 4443 2026 4499 ad
2046 4445 2146 4500 ba-

562 4527 776 4583 silicam
825 4526 884 4583 S.
917 4528 1112 4586 Crucis
1149 4530 1467 4604 Burdegalae
1513 4534 1816 4590 salvitatem
1852 4535 1996 4592 illius
2041 4536 2148 4593 loci

558 4627 615 4677 et
639 4621 900 4677 allodium
939 4623 1174 4678 liberum
1215 4624 1282 4680 de
1320 4640 1540 4680 omnem
1571 4627 1774 4681 malam
1808 4636 2146 4685 exactionem

559 4720 616 4768 et
650 4715 741 4793 de,
768 4731 990 4771 omnem
1021 4732 1301 4787 rapinam,
1333 4726 1388 4772 et
1418 4717 1604 4773 villam
1646 4717 1703 4773 S.
1747 4717 2009 4774 Macharii
2054 4720 2146 4775 ubi

559 4808 679 4879 ipse
720 4807 782 4861 B.
822 4807 1133 4864 Maeliarius
1184 4810 1513 4864 tumulatum
1556 4809 1678 4880 ejus
1702 4825 1903 4882 corpus
1926 4812 2147 4882 requie-

556 4899 681 4967 scit,
714 4916 841 4955 cum
862 4900 1075 4956 decima
1105 4910 1160 4956 et
1199 4917 1326 4956 cum
1367 4917 1558 4959 omnes
1579 4918 1689 4969 res,
1714 4902 1808 4973 jus
1830 4903 1898 4959 de
1924 4910 2067 4959 terra
2094 4911 2149 4959 et

2281 4074 2419 4130 erris
2441 4073 2508 4129 de
2534 4087 2688 4129 mare
2719 4070 2926 4130 Salissa
2954 4089 3132 4147 usque
3158 4075 3229 4131 ad
3253 4090 3408 4139 mare
3430 4075 3502 4135 de
3526 4075 3742 4135 Girauda
3759 4085 3804 4132 et

2250 4168 2318 4224 de
2343 4166 2487 4223 Ubre
2514 4166 2583 4222 de
2611 4164 2776 4238 Syort
2800 4182 2975 4239 usque
3002 4167 3070 4223 ad
3099 4165 3306 4238 Grava,
3336 4185 3467 4226 cum
3495 4170 3733 4237 marisca,
3757 4174 3802 4225 et

2250 4273 2376 4315 cum
2413 4259 2744 4326 montaneis,
2779 4274 2904 4315 cum
2942 4260 3147 4330 pineta,
3175 4275 3304 4316 cum
3337 4261 3669 4334 piscatione,
3698 4274 3802 4317 cum

2251 4360 2445 4407 cuncta
2473 4360 2631 4422 prata
2664 4350 2935 4407 Salvicina
2958 4352 3241 4423 capiente;
3271 4368 3399 4409 cum
3447 4355 3616 4411 servis
3651 4362 3700 4409 et
3719 4366 3801 4407 an-

2249 4443 2408 4500 cillis.
2424 4442 2564 4499 Ecce
2582 4458 2715 4500 vero
2745 4459 2937 4499 omnes
2961 4445 3100 4500 istas
3122 4445 3282 4502 villas
3306 4462 3434 4502 cum
3455 4447 3682 4519 justiciis
3698 4460 3801 4501 san-

2248 4535 2449 4608 guinis,
2478 4545 2533 4591 et
2558 4535 2627 4592 de
2659 4550 2851 4591 omnes
2876 4551 2965 4591 res
2998 4551 3124 4592 cum
3154 4537 3402 4594 ecclesiis
3429 4553 3615 4595 earum
3634 4547 3799 4592 etcum

2248 4642 2438 4689 omnes
2485 4626 2911 4683 consuetudines
2948 4636 3004 4683 et
3051 4628 3218 4701 jura,
3273 4645 3401 4686 cum
3447 4627 3798 4687 consuetudine

2250 4721 2417 4775 trium
2465 4718 2777 4775 modiorum
2820 4720 2952 4777 salis
2982 4729 3037 4778 et
3066 4737 3192 4779 cum
3219 4721 3270 4776 la
3296 4722 3525 4793 pojadas
3564 4729 3618 4777 et
3638 4721 3683 4775 la
3704 4716 3797 4773 fro-

2248 4811 2525 4879 mentada,
2577 4818 2631 4867 et
2674 4827 2800 4868 cum
2844 4821 2991 4870 totas
3041 4813 3397 4885 pertinentias
3434 4814 3492 4869 in
3527 4813 3712 4886 pratis,
3752 4808 3796 4864 in

2249 4904 2759 4974 consuetudinibus,
2786 4905 2845 4960 in
2874 4906 3226 4974 nemoribus,
3252 4906 3309 4961 in
3332 4905 3511 4963 vineis
3546 4905 3670 4962 etin
3693 4900 3794 4967 viis,

555 5007 622 5048 ex
653 5008 825 5061 mare,
856 5002 911 5050 et
930 5010 1056 5049 cum
1072 4994 1287 5064 justitia
1309 4995 1590 5066 sanguinis
1607 4994 1686 5067 (et
1709 4996 1778 5052 de
1798 5012 1990 5053 omnes
2012 4996 2144 5064 res),

548 5093 604 5140 et
646 5099 771 5139 cum
821 5085 1052 5158 pedagio
1124 5094 1181 5142 et
1218 5086 1381 5141 aliam
1430 5087 1732 5143 salvitatem
1764 5087 1822 5143 S.
1866 5087 2051 5145 Maria.
2078 5090 2147 5145 de

549 5174 745 5231 Macha
783 5175 1059 5250 [Machao]
1103 5193 1230 5232 cum
1260 5178 1492 5247 decima,
1524 5187 1580 5235 et
1612 5195 1776 5235 omne
1808 5180 1902 5252 jus
1928 5188 1986 5235 et
2015 5196 2147 5237 con-

549 5267 902 5335 suetudines,
939 5278 995 5324 et
1026 5285 1150 5325 eam
1188 5285 1358 5341 prope
1389 5271 1728 5342 adjacentem
1768 5273 2037 5341 insulam,
2092 5279 2149 5328 et
2248 5293 2375 5334 rum
2440 5278 2515 5334 ibi
2562 5279 2859 5351 degentiun
2914 5279 3311 5336 monachorum
3355 5278 3427 5334 ad
3478 5272 3720 5348 stipendia
3747 5275 3789 5323 et

547 5373 675 5413 cum
708 5360 988 5428 paduensa
1017 5362 1073 5416 in
1106 5370 1251 5417 terra
1272 5371 1328 5418 et
1357 5364 1410 5418 in
1431 5380 1602 5432 mare,
1624 5373 1680 5420 et
1706 5365 1934 5422 alteram
1954 5365 2145 5422 villam
2176 5435 2209 5442 _
2247 5384 2491 5442 congrua
2523 5371 2767 5442 ipsorum
2807 5373 2989 5440 trado,
3011 5380 3067 5428 et
3093 5372 3164 5428 do
3201 5378 3522 5442 potestatem
3544 5366 3623 5423 vel
3642 5357 3787 5420 domi-

549 5448 608 5505 S.
648 5448 839 5507 Hilarii
869 5453 937 5509 de
981 5453 1260 5512 Ortellano
1294 5455 1608 5531 [Ortillano]
1654 5472 1781 5514 cum
1811 5458 2022 5515 decima
2065 5459 2144 5531 [et
2175 5435 2220 5492 D
2246 5435 2523 5520 nationem
2543 5435 2629 5519 -ad
2657 5435 2986 5520 habendum:
3007 5472 3064 5520 et
3105 5435 3274 5519 libere
3317 5459 3710 5535 possidendum,
3743 5458 3787 5505 et

2248 5006 2303 5054 et
2334 4999 2389 5054 in
2432 4998 2663 5066 semitis,
2699 4997 2769 5054 ad
2816 4998 3291 5083 sacratissimum,
3334 5014 3433 5055 seu
3481 5007 3536 5056 et
3568 4997 3630 5054 ad
3653 4992 3793 5068 ipsius

2248 5094 2727 5166 congregationem
2780 5092 2892 5150 Deo
2944 5094 3296 5163 servientem,
3340 5093 3490 5166 quod
3521 5085 3793 5160 Burdegalae

2248 5186 2415 5242 situm
2443 5193 2548 5250 est,
2574 5184 2742 5254 dono,
2766 5185 3045 5243 transfero
3073 5193 3237 5257 atque
3269 5184 3592 5241 transfundo
3615 5183 3664 5237 in
3692 5179 3790 5234 illo-

546 5558 674 5598 cum
719 5544 997 5615 paduensa
1017 5588 1033 5612 ,
1064 5548 1133 5603 de
1162 5564 1336 5619 aquas
1367 5557 1423 5605 et
1443 5549 1510 5606 de
1548 5549 1714 5622 ligna,
1740 5558 1797 5606 et
1823 5551 1890 5607 de
1918 5550 2138 5625 terras],

538 5634 600 5691 et
622 5638 857 5693 alteram
879 5639 1067 5694 villam
1106 5656 1228 5710 qua:
1254 5651 1480 5698 vocatur
1507 5642 1704 5700 Solaco
1744 5660 1869 5701 cum
1895 5644 2141 5701 oratorio

652 5728 860 5787 Geuitr.
902 5730 1106 5801 Mariae,
1143 5750 1266 5790 cum
1312 5736 1539 5794 decimis
1574 5745 1627 5793 et
1664 5737 1822 5809 aquis
1862 5739 2058 5808 dulczs,
2087 5748 2141 5796 et

2245 5554 2554 5612 faciendum
2571 5556 2937 5613 communiter
2951 5549 3218 5628 quidquid
3238 5554 3523 5620 voluerint,
3549 5546 3783 5606 nemina!

2246 5647 2732 5704 contradicentem.
2762 5647 2823 5704 Si
2843 5663 2972 5705 vero
2993 5647 3193 5720 aliquis
3219 5639 3781 5703 assurexerittleinoel‘s

2246 5739 2386 5798 falso
2440 5745 2661 5798 nomine
2700 5756 2909 5808 comes,
2942 5740 3232 5815 episcopus
3274 5738 3359 5796 vel
3411 5735 3600 5807 aliquis
3642 5728 3778 5801 hujus
