4058 6388
238 319 345 376 853

704 328 764 383 Β.
806 326 1252 391 GUILLELMUS
1286 334 1309 392 I
1344 338 1496 395 ABB.
1538 343 1595 398 S.
1638 343 1848 403 GERM.
1889 351 1934 404 Α
1972 350 2241 411 PRA'I'IS.
2268 356 2616 414 ~NOTITIA
2655 360 3035 423 IIIS'I'ORICA.

3398 332 3506 430 ss;

458 445 746 548 tyrannus,
899 445 1034 548 istas
1064 464 1345 548 res-supra
1380 453 1449 510 ad
1474 471 1636 512 suum
1681 474 1822 530 opus
1849 466 1896 523 Α
1993 467 2120 528 Haec
2148 472 2371 530 donatio
2401 477 2601 548 quippe
2622 477 2765 534 facta
2789 488 2873 536 est
2898 484 3206 545 annoiOS?
3227 485 3498 547 Incarnat.

235 530 459 586 mittere
488 547 598 588 non
630 535 891 604 timuerit,
920 546 975 593 et
1010 554 1108 608 per
1126 541 1437 600 violentiam
1459 548 1663 618 aliquid
1692 552 1822 608 abs-

235 620 463 690 tulerit,
513 622 783 695 imprimis
821 627 958 683 iram
997 629 1093 685 Dei
1136 633 1523 705 omnipotentis
1570 639 1820 710 incurrit,

233 719 294 767 et
324 727 356 768 a
385 715 664 771 consortio
686 716 1124 776 Christianorum
1152 733 1446 784 extraneus
1467 731 1588 797 ﬁat,
1615 740 1670 787 et
1694 749 1820 789 cum

234 800 456 861 Dathan
496 814 551 862 et
575 806 780 863 Abiron
827 818 973 867 terra
1005 813 1159 871 vivos
1187 816 1507 888 absorbeat,
1563 830 1618 878 et
1673 839 1819 879 nun-

233 912 409 967 quam
457 898 524 953 ad
554 909 799 956 sanctam
846 907 1301 964 resurrectionem
1342 926 1466 967 cum
1503 910 1686 983 justos
1725 929 1823 985 ap—

232 998 451 1061 pareat,
482 992 576 1047 sed
611 992 669 1048 in
701 992 925 1051 Cocheti
950 997 1160 1068 laqueis
1198 1016 1360 1071 poena
1406 1014 1669 1076 perpetua
1692 1021 1821 1063 cru—

232 1083 436 1139 cietur.
456 1082 524 1139 Et
556 1085 602 1141 si
635 1085 835 1158 aliquis
873 1088 1310 1148 adversariorum
1353 1097 1735 1161 assurrexerit,
1774 1095 1821 1152 si

234 1178 520 1236 salvitates
561 1180 878 1249 violaverit,
908 1182 1055 1240 mille
1099 1185 1270 1243 libras
1309 1189 1429 1245 auri
1459 1199 1683 1247 coactus
1711 1188 1823 1245 fra-

233 1268 420 1326 tribus
446 1278 752 1341 componat.

307 1401 999 1476 (l)gHoc_instrumentum
1048 1423 1080 1465 a
1123 1426 1183 1468 se
1232 1413 1413 1471 visum
1458 1423 1686 1474 testatus
1738 1427 1825 1476 est

234 1466 514 1549 Henricus
540 1473 636 1549 III,
654 1491 749 1533 rex
773 1466 999 1549 Anglia),
1028 1466 1694 1549 illudque—relgrt'inusu—i's
1729 1466 1822 1545 lit:

234 1499 514 1530 ucurlcus
540 1499 627 1541 ut,
655 1499 749 1533 rex
773 1499 999 1549 uagum,
1028 1499 1157 1538 tuuu
1200 1500 1269 1539 ue
1293 1499 1460 1541 retert
1485 1504 1540 1542 ιη
1578 1499 1694 1543 suis
1730 1499 1816 1545 ιιι-

233 1542 403 1631 teri's,
426 1546 727 1631 ett-quibus
750 1550 953 1631 multas
973 1499 1438 1612 variachtioues
1470 1558 1816 1631 collegimus.

236 1610 300 1666 In
334 1614 447 1668 ﬁne
475 1610 778 1673 litterarum
804 1619 953 1675 addit
974 1637 1069 1676 rex
1098 1640 1112 1676 :

312 1700 335 1736 ε
383 1682 652 1775 Noslergo
692 1695 756 1775 μὶ
797 1691 976 1775 omnis
1025 1691 1267 1775 suspicio
1307 1692 1459 1751 falsa:
1512 1696 1824 1775 Latinitatis

275 1769 353 1835 ua
374 1756 636 1835 pradieta
660 1758 847 1814 charta
867 1759 1063 1817 vitiosa
1090 1756 1323 1829 videtur,
1354 1756 1714 1835 praesentibus
1766 1778 1823 1824 et

259 1825 444 1908 uturis
470 1827 731 1908 radici-tus
761 1840 1096 1908 amoveatur,
1137 1848 1204 1908 n_e
1237 1825 1583 1908 aliquatenus
1643 1841 1821 1908 possit

230 1894 308 1950 ob
337 1895 446 1950 hoc
483 1898 740 1966 praedicto
798 1894 1132 1957 monasterio
1159 1894 1372 1961 Sanctae
1405 1906 1597 1964 Crucis
1622 1894 1821 1965 ﬁurdi-é

232 1965 496 2035 galensis’
508 1975 562 2021 et
591 1968 772 2024 abbati
794 1978 848 2025 et
871 1973 1156 2028 monachis
1180 1974 1379 2031 ibidem
1416 1975 1528 2031 Deo
1574 1980 1820 2034 servien-

231 2036 412 2102 tibus,
431 2052 570 2111 quos
586 2039 801 2111 sincera
835 2042 1244 2111 complectimur
1280 2045 1334 2100 in
1356 2045 1591 2103 Domino
1640 2050 1822 2105 chari-

231 2115 375 2172 tate,
399 2107 770 2192 praeiudicium
811 2117 906 2165 aut
933 2107 1239 2192 gravamen
1278 2116 1498 2185 aliquod
1549 2120 1819 2192 generari,

233 2192 350 2230 non
380 2177 630 2250 obstante
655 2177 968 2250 huiusmodi
1005 2181 1159 2250 vitio,
1193 2177 1436 2240 chartam
1486 2177 1820 2245 ratificantes

228 2245 509 2312 eamdem,
532 2245 814 2316 praedictas
839 2245 1224 2309 concessiones
1250 2264 1306 2310 et
1331 2257 1654 2314 donationes
1673 2270 1821 2316 ratas

229 2324 290 2397 et
322 2318 811 2397 gratasltabentes,
838 2324 1245 2397 easgpronohis
1275 2334 1329 2381 et
1360 2327 1667 2384 haeredibus
1719 2344 1820 2384 no-

230 2387 372 2442 stris
390 2387 646 2456 praedicto
667 2387 998 2446 monasterio
1021 2392 1189 2449 libere
1214 2396 1564 2454 concedimus
1598 2407 1656 2454 et‘
1686 2414 1819 2454 con-

1929 558 2111 628 Dom.,
2142 575 2407 634 prasente
2429 567 2958 640 Fulconi-Gaufridi,
2982 583 3037 629 et
3062 575 3380 635 Truncardo
3400 582 3501 637 ha-

1928 651 2101 719 ronis,
2123 651 2440 714 Combaudo
2471 655 2718 726 Ostendi,
2750 670 2805 717 et
2840 661 3129 720 Guillelmo
3182 671 3501 739 praeposito.
3540 684 3547 691 ‘

1928 739 2183 799 Eduardo
2201 755 2255 800 et
2275 747 2555 805 Guilberto
2576 753 2776 808 milites
2796 762 2851 809 et
2873 755 3044 824 alius;
3069 759 3360 815 assistente
3381 776 3502 816 mo-

1926 835 2185 892 nasteriis
2236 837 2565 910 imprimitus
2598 843 2811 901 Sancta:
2863 844 3078 917 Crucis,
3109 856 3163 906 et
3223 850 3279 907 S.
3317 851 3503 909 Maria
3534 918 3539 927 τ

1926 922 1994 977 de
2022 921 2216 980 Solaco
2256 936 2311 983 et
2334 928 2390 983 S.
2428 929 2708 999 Machat‘ii,
2741 945 2796 991 ct
2838 939 3084 996 ecclesiis
3135 941 3257 998 aliis
3306 942 3504 998 abbate

1926 1012 2264 1105 (:iombaudo,
2289 1025 2345 1073 et
2384 1017 2639 1079 Ecclesia:
2684 1024 3057 1099 Burdigalensi
3091 1033 3501 1105 archiepiscopo

1928 1102 2231 1165 Godefredo
2253 1109 2352 1183 (1).

1921 1414 2228 1496 ﬁrmamus,
2261 1419 2403 1475 sicut
2424 1422 2679 1496 praedicta
2733 1422 2917 1480 charta
2963 1423 3173 1496 praefati
3227 1426 3401 1495 ducis,
3439 1428 3496 1484 in

1922 1489 2753 1579 quaﬂprzedictteconcessionles
2802 1504 2877 1577 et.
2909 1489 3228 1579 donationes
3282 1489 3499 1579 plenius

1921 1558 2469 1638 continentur,_sic_ut
2503 1572 2556 1638 et
2576 1558 3301 1638 conﬁrmationesGuillelmi
3330 1585 3501 1638 quon~

1921 1626 2047 1681 dam
2080 1629 2254 1706 _ducis
2278 1626 2587 1706 Aquitaniae
2640 1636 2881 1706 etregis
2934 1634 3190 1692 Richardi
3241 1626 3496 1693 avunculi

1920 1698 2115 1778 nostri,
2140 1707 2273 1755 tunc
2302 1698 2561 1778 temporis
2577 1698 3199 1778 comitis"Pietaviensis,
3225 1718 3278 1763 et
3299 1708 3499 1778 reginae

1920 1766 2361 1847 alienormatris
2381 1766 2574 1842 ipsius,
2593 1776 2883 1847 quondam
2906 1778 3107 1847 regina:
3144 1766 3389 1847 A'nglite:
3408 1794 3500 1832 raw

1919 1836 2248 1895 tionabiliter
2270 1836 2570 1898 testantur.
2592 1836 2687 1900 His
2718 1846 2946 1903 testibus
2969 1836 3373 1902 venerabilibus
3395 1847 3501 1902 Pan

1918 1907 2096 1984 tribus
2115 1910 2215 1984 A_y.
2259 1913 2667 1984 archiepiscOpo
2696 1914 3088 1981 Ebredunensi,
3128 1926 3183 1971 et
3217 1917 3277 1971 P.
3329 1916 3498 1972 Herse

1919 1976 2505 2056 fmdensﬁcpiscopo,
2534 1976 2743 2056 Joanne
2795 1986 2907 2056 ﬁlio
2967 1976 3195 2053 Gofridi,
3245 1986 3497 2056 Philippo

1920 2047 2135 2138 Iiasset,
2151 2047 2547 2138 ιξῖειὶιιιθιξοίίὶιίίρ
2572 2052 2808 2138 Ιξέξιοιιιιιι
2842 2055 3134 2138 Joannede
3154 2047 3497 2138 Leaenth'on,

1918 2117 2131 2241 lganne
2150 2119 2462 2190 Mannifest,
2501 2123 2750 2181 Guidone
2777 2117 2845 2181 de
2894 2125 3186 2183 Rossilbon
3219 2136 3276 2183 et
3308 2117 3510 2183 multis

1918 2204 2060 2241 aus.

1918 2204 2060 2244 alllS.

1996 2278 2015 2310 ι
2065 2257 2296 2347 Fatum"
2329 2277 2426 2332 per
2467 2278 2692 2347 manum
2741 2272 2985 2347 nostram
3032 2265 3185 2347 apud.
3218 2264 3495 2347 Burdega-

1918 2325 2027 2411 lam
2065 2345 2203 2384 χχιιι
2245 2325 2560 2413 (ιίθίιιειιείδ
2580 2333 2834 2406 Augusti,
2864 2350 3011 2391 anno
3037 2325 3189 2406 regni
3215 2325 3497 2392 nostri'vi-

1919 2410 2125 2454 θεειωο
2151 2410 2403 2471 septimo.
2442 2420 2463 2454 ι

233 2514 3495 2581 W

1593 2672 1731 2713 ANNO
1770 2673 1958 2714 DOIINI
1993 2675 2186 2715 “XII.

763 2833 1500 2998 BEATUS
1611 2836 2822 3013 GUILLELMUS
2931 2850 3001 3000 Ι

874 3118 1288 3230 ABBAS
1348 3123 1458 3229 S.
1535 3121 2136 3235 GERMANI
2193 3124 2287 3236 Α
2355 3126 2865 3241 PBATIS.

1673 3330 2015 3347 ῃ

1041 3447 1718 3545 ΝΟΤΙΤΙΑ
1784 3451 2688 3551 HISTORICA.

1244 3639 1450 3710 (Gallia
1483 3641 1813 3715 Christiana,
1848 3654 1986 3704 tom.
2025 3645 2138 3717 VII,
2176 3662 2300 3722 pag.
2330 3648 2484 3720 435.)

1633 3801 2013 3819 ῃ.

309 3893 370 3952 Β.
395 3894 713 3953 Guillelmus
734 3895 776 3966 l,
802 3912 1000 3971 genere
1049 3898 1270 3971 nobilis,
1297 3901 1395 3959 sed
1457 3903 1618 3976 longe
1654 3903 1813 3960 nobi-
1842 3913 1887 3971 Β
1912 3919 2009 3963 seu
2020 3908 2318 3967 advocatus
2338 3911 2427 3967 cui
2461 3920 2661 3968 numen
2688 3910 2989 3984 Pipinellus
3011 3911 3199 3969 Garini
3219 3911 3492 3984 exigebat.

227 3990 343 4046 lior
362 3989 640 4061 religione,
694 3991 932 4062 primum
975 3991 1078 4049 fuit
1112 3992 1463 4053 Luciacensis
1502 3996 1810 4055 seu‘Luce--

225 4080 444 4137 diensis
501 4080 558 4137 in
626 4080 780 4138 Italia
837 4085 1141 4142 monachus
1165 4126 1181 4153 ,
1236 4095 1354 4142 tum
1413 4086 1813 4157 Cluniacensis,

227 4170 433 4227 deinde
481 4172 633 4243 prior
677 4173 861 4229 Sancti
909 4172 1189 4231 Saturnini
1229 4177 1297 4233 de
1341 4186 1503 4249 portu
1556 4180 1625 4235 ad
1657 4179 1811 4236 Rbo-

120 4321 129 4331 ,
228 4261 439 4318 dauum
502 4262 755 4321 dimcesis
795 4262 1153 4334 Uceticensis,
1201 4268 1365 4340 vulgo
1388 4269 1437 4324 le
1466 4269 1816 4327 Pam-Saint-

230 4353 442 4425 Espn‘t,
474 4366 662 4426 postea
711 4356 1057 4414 Divionensis
1105 4359 1274 4415 abbas
1316 4358 1502 4417 Sancti
1548 4363 1812 4435 Benigni;

229 4444 363 4502 inde
390 4446 459 4502 ad
491 4449 864 4505 renovandum
884 4450 1134 4520 pluribus
1155 4452 1211 4506 in
1232 4451 1371 4509 locis
1395 4454 1696 4524 disciplinae
1721 4470 1813 4510 re-

220 4528 440 4607 gularis
483 4539 724 4611 vigorem
763 4539 1079 4612 frequenter
1123 4551 1400 4612 evocatus,
1449 4547 1620 4600 multa
1672 4546 1816 4602 rexit

240 4630 599 4686 monasteria.
631 4629 692 4687 ln
723 4632 812 4688 bis
858 4632 959 4689 fuit
982 4632 1352 4691 Germanense
1382 4651 1413 4690 a
1434 4635 1631 4703 Pratis,
1663 4637 1811 4708 quod

213 4719 391 4789 ‘jussu
428 4719 649 4777 Roberti
670 4722 814 4794 regis
850 4730 907 4779 et
942 4721 1278 4780 Constantiae
1303 4724 1505 4796 regina;
1545 4742 1702 4781 suam
1755 4727 1811 4781 in

227 4825 422 4867 curam
452 4819 765 4883 susceptum
795 4813 1163 4870 sanctioribus
1190 4813 1505 4871 informavit
1523 4815 1807 4874 institutis.

227 4903 351 4970 Qua
371 4903 442 4960 de
461 4919 524 4960 re
544 4904 625 4960 sic
647 4904 887 4960 Aimoinl
911 4905 1283 4975 continuator,
1302 4908 1399 4964 lib.
1422 4924 1477 4975 v,
1500 4909 1676 4980 capite
1698 4910 1767 4966 47
1793 4926 1806 4964 :

235 5013 255 5046 ι
300 4992 443 5049 Dum
488 4995 743 5052 monachi
787 4996 1029 5068 satpefati
1062 4999 1295 5056 cmnobii
1331 5000 1456 5071 (sub
1488 4999 1687 5073 Ingone
1724 5003 1814 5056 ab-

227 5085 372 5157 bate)
409 5089 656 5145 saaculari
680 5090 847 5147 modo
894 5092 1063 5148 vitam
1092 5094 1372 5161 ducerent,
1396 5095 1678 5166 piissimus
1700 5095 1812 5152 Ro-

226 5177 420 5234 bertus
447 5195 542 5236 rex
579 5196 691 5237 una
719 5197 845 5239 cum
866 5199 968 5240 sua
992 5200 1165 5242 uxore
1215 5186 1467 5243 videlicet
1487 5187 1808 5246 Constantia

1909 3998 2120 4069 judicio
2150 4000 2373 4058 Roberti
2401 4004 2545 4074 regis
2574 4004 2811 4060 obtinuit
2832 4005 3075 4059 amoveri
3117 4004 3278 4075 (anno
3308 4004 3489 4072 l027).

1913 4088 2059 4147 Idem
2074 4108 2293 4164 quoque
2312 4092 2695 4151 defunctorum
2710 4094 2941 4150 fratrum
2955 4094 3221 4151 sollicitus
3233 4101 3392 4150 vetus
3403 4108 3497 4147 an-

1912 4191 2247 4242 tecessorum
2272 4194 2534 4243 statutum
2556 4188 2839 4244 renovavit
2858 4189 2926 4244 de
2961 4187 3113 4243 omni
3133 4187 3221 4243 die
3246 4186 3499 4243 anniver-

1911 4277 2058 4332 saria
2080 4279 2394 4335 nominibus
2425 4295 2617 4336 eorum
2646 4280 2715 4337 'in
2755 4282 2994 4352 capitulo
3048 4278 3492 4355 pronuntiandis,

1911 4374 1969 4422 et
2000 4368 2242 4437 quotidie
2273 4370 2498 4439 psalmis
2522 4371 2763 4441 quinque
2783 4373 2850 4427 ad
2866 4372 3163 4442 capitulum
3193 4371 3494 4427 ﬁniendum

1913 4458 2299 4528 decantandis;
2333 4463 2600 4533 alterique
2643 4472 2866 4530 statuto,
2890 4473 2953 4519 ut
2993 4465 3199 4520 scilicet
3251 4462 3495 4536 quotidie

1913 4565 2022 4605 una
2047 4551 2334 4621 praebenda
2359 4554 2428 4609 de
2459 4569 2600 4624 pane
2619 4563 2675 4609 et
2701 4556 2830 4609 vino
2861 4570 2962 4626 pro
3005 4555 3282 4611 defunctis
3333 4556 3495 4609 dare-

1915 4651 2031 4710 tur;
2070 4643 2267 4713 adjecit
2296 4653 2407 4700 uta
2428 4647 2621 4702 diebus
2655 4648 2772 4702 suis
2794 4663 2969 4718 usque
2989 4647 3044 4701 in
3092 4647 3257 4702 finem
3303 4646 3491 4700 saeculi

1913 4749 2014 4805 pro
2044 4733 2307 4791 fratribus
2356 4738 2716 4793 morientibus
2737 4737 3064 4793 tricenarius
3121 4737 3403 4807 plenarius
3439 4736 3495 4790 in

1910 4826 2139 4883 ecclesia
2174 4836 2445 4898 ageretur,
2473 4836 2529 4883 et
2556 4827 2807 4885 similiter
2843 4828 3036 4884 diebus
3083 4842 3276 4883 eorum
3332 4826 3494 4880 anni-

1911 4917 2171 4974 versariis
2224 4918 2278 4973 in
2300 4917 2589 4974 refectorio
2613 4918 2785 4984 ﬁeret,
2811 4924 2866 4973 et
2894 4917 2949 4972 in
2978 4916 3216 4988 capitulo
3249 4930 3497 4986 pronun—

1911 5007 2197 5064 tiarentur.
2226 5008 2285 5065 ld
2314 5018 2494 5066 actum
2517 5018 2603 5066 est
2624 5011 2786 5083 (anno
2814 5009 2973 5081 1028)
3002 5009 3235 5066 consilio
3264 5015 3319 5062 et
3341 5007 3497 5067 testi,-

1913 5099 2101 5155 monio
2145 5098 2380 5156 Baldrici
2433 5099 2809 5173 Burguliensis
2865 5101 3097 5157 abbatis.
3154 5098 3326 5155 Paulo
3371 5104 3497 5167 post

1912 5187 2237 5248 Guillelmus
2273 5188 2535 5258 Adraldo,
2558 5200 2836 5248 annuente
2868 5206 3012 5262 rege,
3034 5189 3309 5245 abbatiam
3356 5187 3495 5259 res-i-

225 5270 438 5340 regiua,
462 5269 665 5342 Ingone
695 5272 974 5343 defuncto,
999 5291 1286 5333 accersens
1331 5276 1671 5334 Guliermum
1706 5280 1805 5335 ab-
1831 5276 1874 5333 C
1906 5293 2102 5350 gnasse
2137 5280 2373 5337 videtur.
2409 5281 2498 5347 At,
2529 5298 2630 5352 pro
2657 5290 2827 5348 certo,
2866 5280 3130 5351 regimine
3159 5278 3326 5335 cessit
3366 5285 3499 5333 ante

162 5410 175 5433 ,
224 5359 409 5415 batem
468 5359 814 5421 Divionensis
877 5367 1135 5434 cmnobii,
1182 5366 1234 5423 ei
1307 5367 1579 5424 abbatiam
1658 5369 1810 5426 dedit

164 5442 171 5455 ’
228 5447 291 5505 Β.
316 5449 595 5519 Germani,
623 5453 719 5525 qui
740 5469 862 5510 eam
889 5457 1212 5529 regulariter
1231 5457 1525 5515 instituens
1546 5457 1809 5514 annoDo—

228 5539 366 5595 mini
395 5540 535 5597 1050
559 5543 670 5598 vita
691 5543 942 5601 decessit.
967 5565 987 5598 ι
1015 5544 1123 5603 Sed
1144 5561 1326 5618 neque
1354 5547 1808 5619 minusprovidus

230 5629 300 5684 in
317 5633 731 5704 temporalibus,
752 5650 952 5706 pravas
977 5636 1103 5693 inde
1117 5639 1565 5708 consuetudines,
1589 5655 1728 5712 quas
1750 5639 1808 5696 in

232 5721 535 5780 Antoniaco
553 5725 682 5782 villa
701 5734 757 5783 et
775 5728 1166 5798 appendicibus
1178 5730 1403 5802 quidam
1425 5732 1546 5805 ejus
1567 5732 1807 5789 vicarius

1912 5369 2146 5435 obitum,
2177 5372 2273 5440 qui
2295 5372 2526 5442 contigit
2554 5386 2701 5427 anno
2730 5371 2864 5427 1031
2894 5370 3150 5425 Kalendis
3168 5368 3415 5426 Januarii
3437 5369 3496 5424 in

1912 5459 2247 5516 monasterio
2290 5458 2688 5528 Fiscamnensi,
2722 5460 2815 5515 ubi
2859 5467 2914 5516 et
2970 5459 3215 5528 sepultus
3251 5466 3354 5514 est.
3382 5457 3497 5514 Hac

1911 5546 2001 5603 die
2030 5548 2229 5619 legitur
2286 5548 2341 5604 in
2376 5547 2698 5622 Necrologio
2744 5548 3038 5605 Pratensi:
3080 5547 3341 5604 Kalendis
3391 5549 3495 5602 Ja-

1914 5638 2091 5693 nuarii
2127 5638 2257 5693 obiit
2291 5639 2516 5696 domnus
2546 5640 2708 5695 abbas
2745 5638 3062 5697 Guillelmtu
3087 5640 3254 5695 nimia
3284 5639 3492 5699 religio-

1911 5732 2072 5787 δίκαιε
2095 5730 2379 5790 sollicitus.
