4058 6390
271 372 385 430 837

1556 364 1833 422 NOTITIA
1870 360 2254 421 HISTORICA.

3445 340 3549 429 ess

270 484 562 540 n‘tualium
615 483 885 553 artificum
912 483 969 535 in
1025 480 1207 535 eadem
1261 479 1466 550 fabrica
1510 479 1873 534 laborantium
1902 488 1948 542 Α
2044 480 2096 533 4.
2126 478 2298 534 Porro
2331 478 2434 533 etsi
2466 478 2618 534 nullo
2665 481 2885 551 publico
2933 483 3104 552 cultu,
3140 486 3287 556 quod
3330 486 3550 558 quidem

271 578 476 644 dicam,
502 593 638 630 unus
665 575 926 647 prmcipue
960 571 1194 642 refulsit,
1224 571 1316 643 qui
1367 587 1529 641 nuper
1588 571 1738 625 rebus
1767 571 1867 624 Itu-

272 670 454 723 manis
493 668 733 732 excessit,
777 675 827 721 et
853 667 944 736 qui
972 664 1090 735 plus
1122 663 1269 717 nobis
1298 662 1538 717 omnibus
1581 661 1864 731 laboravit,

268 762 502 815 domnus
531 760 770 815 videlicet
798 757 958 811 abbas
990 755 1312 821 Willelmus,
1344 755 1408 809 de
1438 754 1588 824 cujus
1625 754 1866 808 clarissi-

270 854 380 906 mis
413 852 618 906 actibus
646 861 698 905 et
721 851 829 904 vita
851 846 1112 903 laudabili
1130 855 1181 900 et
1210 846 1445 900 mirabili
1476 847 1868 900 conversatione

272 946 520 999 varvitas
560 951 739 997 nostra
792 957 896 994 non
941 940 1131 1008 sufficit
1177 939 1315 1009 quod
1371 940 1529 992 sentit
1562 937 1630 992 ad
1657 937 1868 1008 plenum

273 1037 496 1106 referre.
520 1034 799 1090 Jotsaldus
829 1034 883 1088 in
915 1032 1141 1087 Planctu
1176 1032 1243 1087 de
1270 1032 1515 1101 ejusdem
1555 1032 1700 1086 beati
1738 1029 1870 1086 0di-

268 1127 423 1184 lonis
454 1128 606 1183 obitu
630 1126 965 1181 Willelmum
991 1124 1155 1179 simul
1176 1133 1230 1178 et
1258 1125 1435 1195 ipsum
1462 1122 1745 1179 Odiloztem
1775 1123 1869 1179 iis-

267 1221 404 1276 dem
443 1220 692 1275 versibus
736 1218 993 1282 celebrat,
1018 1233 1158 1287 quos
1182 1215 1323 1270 infra
1339 1216 1392 1271 in
1416 1213 1660 1271 Odilonis
1682 1214 1868 1286 Elogio

268 1313 639 1385 proferemus.
670 1310 936 1365 Eumdcm
966 1318 1124 1364 vetus
1158 1318 1352 1363 auctor
1398 1306 1656 1363 Cbronici
1691 1306 1873 1362 Fisea-

271 1406 525 1461 mnensis
549 1401 856 1458 liberalibus
888 1402 1094 1456 artibus
1126 1402 1362 1471 apprime
1388 1400 1677 1464 eruditum,
1712 1409 1870 1470 atque

266 1497 577 1567 disciplinis
604 1486 978 1550 ecclesiasticis
996 1536 1010 1560 ,
1064 1493 1367 1562 cunctisque
1392 1490 1765 1562 spiritualibus
1794 1490 1873 1561 of-

266 1590 511 1660 ﬁciis....
578 1589 835 1640 virtutum
877 1586 1053 1656 gratia
1102 1582 1365 1636 imbutum
1421 1592 1469 1636 et
1506 1581 1871 1636 illuminatum

267 1678 450 1735 fuisse
476 1677 684 1734 scribit.
732 1676 867 1732 ilinc
899 1675 1109 1729 nullum
1141 1674 1312 1730 ferme
1358 1673 1464 1729 fuit
1512 1674 1566 1727 in
1620 1673 1871 1728 Romano

266 1767 511 1840 imperio
533 1767 951 1832 monasterium,
973 1767 1117 1837 quod
1134 1765 1407 1820 Guillclmi
1428 1781 1575 1820 cura:
1598 1780 1704 1818 non
1719 1781 1870 1819 com-

266 1863 515 1917 missum
544 1859 728 1927 fuerit,
766 1874 1001 1929 quorum
1051 1856 1331 1912 nonnullis
1358 1857 1473 1926 ipse
1506 1855 1742 1926 pnetuit,
1772 1865 1866 1909 aut

265 1953 579 2023 discipulos
605 1968 736 2008 suos
761 1949 1001 2021 prtet‘ecit
1028 1969 1043 2005 :
1070 1959 1394 2005 cwtcrorum
1434 1964 1564 2004 vero
1605 1948 1851 2014 abbates,

265 2046 373 2117 qui
397 2046 514 2114 jam
557 2044 665 2100 illis
693 2052 980 2114 praterant,
1011 2043 1126 2097 suis
1173 2041 1437 2111 exemplis
1466 2056 1532 2095 ac
1554 2039 1776 2095 monitis
1799 2038 1867 2093 ad

266 2147 593 2194 accuratam
668 2136 935 2207 regularis
1013 2134 1315 2205 disciplima
1361 2131 1572 2202 praxim
1620 2131 1863 2186 adduxit.

264 2232 463 2289 Beata:
514 2230 796 2295 memoria,
848 2228 1028 2298 inquit
1090 2227 1232 2280 idem
1290 2232 1503 2291 auctor,
1563 2221 1867 2279 Willelmus

267 2325 444 2381 abbas
496 2340 609 2379 sum
642 2321 914 2393 religionis
946 2320 1213 2390 affluentia
1244 2319 1407 2371 totius
1436 2326 1613 2387 partes
1642 2315 1870 2370 Romani

265 2418 490 2489 imperii
544 2413 874 2480 illustrabat,
939 2398 1289 2482 ubbatuntqde
1344 2408 1633 2463 multorum
1666 2407 1867 2478 tepidos

266 2510 485 2563 animos
516 2508 601 2562 sui
628 2505 849 2577 fervoris
884 2503 1115 2574 imagine
1146 2500 1470 2571 reformabat
1527 2508 1578 2553 et
1619 2497 1870 2551 accende-

268 2593 392 2648 bat.
418 2592 555 2647 Eum
580 2590 918 2662 Sigebertus,
942 2588 1008 2642 ad
1039 2602 1245 2641 annum
1275 2584 1436 2651 1097,
1456 2591 1705 2638 recenset
1728 2582 1868 2637 inter

269 2686 506 2741 abbates
527 2679 892 2745 nominabiles,
924 2692 1159 2749 quorum
1189 2691 1354 2746 opera
1386 2674 1573 2744 religio
1619 2674 1870 2727 ecclesia-

270 2778 418 2833 stica
448 2775 650 2831 saeculo
695 2789 751 2827 xx
807 2771 1009 2825 ﬂoruit.
1044 2768 1110 2822 In
1145 2766 1380 2820 Francia
1411 2766 1622 2837 quidem
1647 2774 1697 2819 et
1726 2764 1862 2820 Bur-

272 2865 573 2939 gundia....
609 2880 699 2933 per
712 2860 1052 2916 (inillelmum
1081 2857 1449 2912 Divionensem
1477 2855 1755 2909 severitate
1783 2870 1868 2907 re-

273 2954 583 3010 verendam.
619 2952 880 3022 Denique,
915 2957 976 3004 ut
1031 2948 1196 3003 habet
1232 2946 1427 3001 Glaber
1478 2945 1600 2999 loco
1628 2943 1863 3009 laudato,

273 3046 624 3119 quodcunque
654 3041 1031 3095 monasterium
1084 3039 1298 3108 proprio
1326 3035 1645 3090 viduabatur
1693 3043 1871 3104 pasto-

275 3154 359 3205 re,
388 3136 576 3190 statim
631 3130 1041 3203 compellebatur
1090 3139 1199 3183 tam
1231 3146 1265 3183 a
1314 3128 1518 3199 regibus
1550 3126 1627 3180 vel
1657 3126 1867 3179 comiti-

1968 568 2229 635 sciamus,
2266 570 2411 639 apud
2432 579 2642 626 veteres
2678 582 2901 630 sanctus
2940 574 3263 633 Guillelmus
3310 578 3552 634 honora-

1967 666 2058 714 tus
2080 659 2299 719 fuci-itu
2319 662 2469 715 illum
2500 670 2679 718 tamen
2728 666 2782 719 in
2810 666 2964 722 fastis
2995 669 3167 725 sacris
3196 668 3262 723 ad
3297 670 3437 725 diem
3462 670 3554 726 Ja-

1968 754 2168 819 nuarii,
2197 756 2290 824 qui
2327 755 2446 825 ejus
2494 757 2691 813 natalis
2726 767 2829 826 est,
2863 760 3003 815 inter
3048 771 3266 818 sanctos
3300 762 3552 820 inserue-

1969 853 2099 898 runt
2122 844 2396 901 Arnoldus
2426 846 2657 905 Wiouct
2686 848 2802 921 Ugo
2833 850 3125 909 Mcnardus
3158 854 3213 907 in
3249 852 3555 926 Menelogio

1970 952 2035 990 ac
2058 935 2446 1010 Martyrologio
2503 939 2868 998 Benedictinis
2937 960 3079 1014 quos
3125 946 3322 1001 imitati
3360 963 3554 1003 recen-

1968 1027 2137 1082 tiores
2168 1044 2379 1097 omnes,
2418 1033 2591 1085 sancti
2640 1033 2861 1089 nomine
2895 1036 3210 1091 donarunt:
3243 1054 3343 1094 nec.
3364 1039 3556 1095 imme-

1969 1121 2098 1185 rito,
2123 1135 2247 1174 eum
2271 1131 2421 1177 tanta
2451 1135 2649 1194 prtesto
2677 1126 2787 1181 sint
2813 1127 2879 1182 ad
2907 1127 3054 1185 illius
3101 1130 3445 1185 sanctitatem
3467 1133 3558 1186 dc-

1970 1214 2381 1269 monstrandam
2431 1226 2773 1286 argumenta,
2815 1220 2906 1275 vix
2961 1230 3021 1275 ut
3073 1221 3182 1276 ulla
3235 1238 3334 1293 pro
3360 1223 3555 1294 quovis

1971 1301 2137 1373 hujus
2177 1306 2361 1360 saeculi
2414 1318 2604 1362 sancto
2664 1312 2895 1365 certiora
2946 1313 3308 1384 reperiantur,
3361 1330 3557 1385 lienipe

1971 1395 2165 1448 mortis
2195 1398 2564 1467 pitecognitio,
2617 1401 3006 1481 miraculorum
3051 1406 3304 1475 patratio,
3352 1422 3417 1461 ac
3446 1422 3559 1477 p'a:

1972 1485 2185 1540 emteris
2215 1485 2564 1558 integerrima
2606 1491 2735 1557 vita,
2761 1509 2824 1548 ac
2862 1495 3059 1564 regulae
3091 1496 3407 1551 monasticae
3452 1498 3561 1552 ob-

1972 1575 2210 1629 servalio
2235 1576 2547 1647 singularis.
2600 1578 2737 1635 lliuc
2766 1582 2963 1638 Glaher
2992 1583 3126 1639 Vita:
3152 1586 3272 1655 ejus
3296 1586 3557 1656 scriptor,

1972 1664 2056 1717 vir
2076 1666 2257 1736 gravis
2291 1676 2345 1721 et
2368 1685 2577 1740 magna:
2600 1672 2962 1744 auctoritatis,
2988 1675 3163 1744 capite
3187 1674 3401 1744 ultimo,
3426 1692 3555 1731 san-

1973 1754 2045 1809 cti
2073 1753 2343 1810 Guillelmi
2380 1767 2609 1813 mortem
2660 1761 2728 1813 ad
2781 1743 3023 1816 sanciunt
3060 1743 3331 1834 deificum
3378 1764 3556 1819 lumen

1898 1835 1941 1887 Β
1969 1848 2253 1901 transitum
2280 1849 2533 1919 appellat,
2565 1852 2944 1923 observatquc,
2976 1855 3121 1924 quod
3152 1856 3558 1928 notatudignis-

1967 1936 2168 1992 simum
2195 1948 2298 2005 est,
2338 1956 2461 2010 qua:
2496 1942 2550 1994 in
2573 1942 2714 1997 vivis
2738 1943 2918 1998 adhuc
2941 1960 3109 2015 agens
3156 1956 3411 2015 Operatus
3438 1957 3559 2004 erat

1968 2028 2252 2096 miracula,
2281 2031 2445 2085 etiam
2470 2040 2522 2086 et
2552 2041 2673 2102 post
2709 2043 2942 2088 mortem
2973 2036 3039 2089 ad
3068 2036 3189 2104 ejus
3239 2038 3556 2107 sepulcrum

1966 2122 2310 2189 perdurasse.
2326 2122 2643 2178 Audiendus
2657 2126 2804 2179 estin
2823 2126 2916 2178 lib.
2940 2142 2991 2180 iv
3005 2125 3389 2194 Historiarum,
3421 2144 3467 2183 c.
3496 2130 3553 2183 4.

1974 2208 2147 2264 Unum
2174 2220 2356 2277 restat,
2374 2212 2571 2282 inquit,
2601 2214 2738 2282 quod
2762 2215 2879 2267 novi
2904 2215 3098 2267 ibidem
3119 2216 3193 2279 ,in
3217 2221 3389 2271 sancti
3409 2217 3557 2273 Guil-

1970 2302 2116 2356 lelmi
2142 2301 2288 2374 Vita)
2315 2305 2527 2357 minime
2550 2306 2826 2359 contineri.
2875 2305 3127 2377 Migravit
3171 2309 3309 2362 enim
3357 2324 3559 2380 pra'as»

1970 2403 2084 2447 ctus
2115 2393 2285 2448 Pater
2322 2412 2354 2448 a
2390 2395 2584 2449 saeculo
2606 2397 2675 2448 ad
2705 2395 2975 2450 beatorum
3034 2398 3353 2469 requiemin
3404 2401 3556 2457 Neu-

1968 2484 2115 2537 striae
2141 2484 2404 2554 partibus,
2430 2485 2485 2537 in
2510 2483 2884 2539 Fiscamnense
2909 2485 3143 2541 videlicet
3169 2491 3551 2548 monasterio...

1967 2573 2304 2644 sepultusque
2331 2583 2428 2641 est,
2454 2575 2532 2627 uti
2564 2584 2773 2629 tantum
2810 2578 3124 2632 condeccbat
3142 2580 3405 2648 virum,in
3434 2582 3552 2637 loco

1967 2665 2413 2735 optimoejusdem
2439 2665 2693 2721 ecclesiae.
2712 2666 2844 2721 Post
2864 2668 3069 2739 aliquot
3090 2670 3197 2739 fere
3220 2670 3331 2724 dies
3385 2675 3557 2727 conti-

1966 2757 2065 2829 git,
2093 2766 2149 2810 ut
2177 2757 2429 2827 puerulus
2460 2758 2622 2828 ferme
2643 2759 2886 2813 decennis
2915 2759 3091 2813 valida
3113 2761 3378 2830 confectus
3395 2765 3557 2834 (egri-

1969 2850 2149 2905 tudine
2178 2851 2249 2904 ad
2269 2850 2568 2921 sepulcrum
2598 2850 2746 2906 illius
2770 2853 2948 2923 gratia
2973 2855 3342 2923 recuperandae
3364 2856 3556 2910 salutis

1967 2942 2267 3011 duceretur,
2295 2944 2472 3017 ibique
2492 2962 2525 2997 a
2547 2944 2854 3014 parentibus
2876 2944 3452 3011 dimissus,decubabat
3473 2963 3560 3001 so-

1967 3032 2069 3107 lus.
2100 3032 2205 3099 Qui
2228 3036 2401 3090 subito
2430 3036 2738 3106 respiciens,
2764 3036 2894 3089 vidit
2916 3052 3072 3107 super
3100 3036 3237 3091 idem
3259 3036 3558 3106 sepulcrum

1967 3122 2283 3178 insidentem
2320 3125 2604 3193 aniculam,
2630 3127 2859 3196 formam
2887 3126 3142 3181 columba:
3167 3128 3552 3197 prwferentem,

277 3227 402 3294 bus,
426 3242 584 3297 quam
613 3242 645 3278 ιι
672 3221 1032 3293 pontiﬁcibus,
1082 3228 1139 3272 ut
1170 3217 1485 3271 meliorandi
1515 3217 1693 3287 gratia
1730 3213 1868 3268 illud
1897 3207 1939 3265 C
1969 3231 2129 3286 quant
2167 3217 2259 3269 diu
2284 3218 2491 3270 intuens
2534 3218 2882 3281 obdormivit;
2932 3217 3118 3271 dehinc
3161 3217 3266 3271 leni
3318 3217 3557 3287 expletus

278 3318 355 3370 ad
413 3313 693 3386 regendum
743 3311 1052 3381 susciperet.
1104 3306 1241 3362 Hinc
1280 3308 1461 3376 ipsum
1504 3305 1869 3377 quadraginta

281 3408 401 3464 fere
419 3402 768 3460 monasteriis
798 3399 1113 3471 praefectum
1134 3397 1306 3452 fuisse
1327 3396 1467 3449 idem
1506 3404 1695 3449 auctor
1717 3409 1870 3448 asse-

281 3503 382 3569 rit,
412 3515 648 3571 quorum
695 3499 953 3568 pleraque
1001 3491 1450 3563 chronographus
1500 3489 1873 3560 Benigniauus

285 3600 557 3659 recenset,
587 3591 834 3646 videlicet
878 3595 1073 3658 prmter
1100 3584 1495 3655 Bcnignianum
1515 3581 1581 3635 de
1606 3597 1713 3651 quo
1739 3580 1870 3652 agit,

294 3681 992 3750 Verziacense,'Besucnse,
1026 3677 1382 3741 Rcomaense,
1437 3672 1871 3739 Tornodoreuse,

288 3777 656 3841 Melundense,
691 3772 876 3829 Sancti
930 3770 1140 3824 Amulli
1181 3768 1463 3834 Mettense,
1508 3766 1696 3821 Sancti
1741 3767 1872 3837 Apri

289 3871 572 3935 Tullense,
628 3867 959 3933 Gorzieuse,
1010 3863 1428 3928 Fiscamnense,
1474 3859 1871 3929 Gemctiecnse,

291 3965 467 4023 sancti
504 3962 750 4018 Audoeni
804 3961 1225 4029 Rotomagense,
1276 3954 1451 4010 sancti
1476 3953 1756 4008 Michaelis
1819 3954 1874 4009 in

290 4065 481 4114 monte
529 4054 763 4119 Tnmba,
817 4050 1004 4107 Sancti
1057 4049 1290 4104 Fatonis
1341 4047 1636 4114 Meldense,
1690 4047 1875 4103 Sancti

290 4148 551 4207 Germani
580 4145 912 4211 Parisiense,
946 4142 1386 4205 Fructuariense,
1418 4139 1603 4195 Sancti
1647 4138 1875 4194 Amato-

292 4243 429 4298 toris
458 4255 627 4311 prope
663 4237 962 4309 Lingonas,
991 4233 1207 4289 Sanctae
1228 4231 1413 4287 Maria:
1444 4247 1614 4302 prope
1638 4230 1875 4286 Saxoni-

292 4332 680 4397 eum-l‘ontem,
701 4330 902 4401 quibus
923 4327 1073 4383 addit
1102 4325 1298 4381 Glaber
1320 4323 1715 4379 monasterium
1740 4321 1878 4377 Sau-

292 4429 365 4485 cti
398 4424 681 4480 Saturnini
709 4423 778 4478 ad
829 4420 1156 4476 Rhodanum
1186 4418 1432 4483 ﬂuvium,
1465 4415 1609 4485 quod
1636 4415 1800 4469 modo
1822 4414 1877 4470 ia

1972 3324 2157 3361 somno
2187 3309 2465 3377 eviqilans,
2495 3311 2572 3363 ita
2606 3326 2659 3363 se
2689 3309 2881 3380 reperit
2908 3308 3245 3377 incolumem,
3277 3326 3339 3362 ac
3395 3311 3442 3364 si
3471 3310 3527 3365 ni
3547 3341 3561 3352 -

1973 3416 2048 3453 an
2078 3403 2408 3471 tegritudiais
2430 3402 2789 3471 persensisset.
2823 3400 3131 3473 Suscipiunt
3154 3403 3329 3473 itaque
3350 3402 3563 3475 ltetipa-

1974 3501 2146 3546 rentes
2181 3508 2354 3559 suum,
2388 3495 2449 3563 ﬁt
2485 3494 2725 3547 omnibus
2749 3509 3020 3547 commune
3045 3495 3321 3564 gaudium.

2046 3584 2098 3638 5.
2134 3582 2320 3639 Sancti
2348 3584 2619 3640 Gulllehni
2647 3599 2848 3653 corpus
2879 3586 2933 3638 in
2958 3585 3150 3656 majori
3200 3586 3565 3642 Fiscamnen-A

1976 3676 2020 3732 si
2049 3677 2273 3731 basilica
2302 3677 2635 3730 tutnulatum
2658 3685 2763 3741 est,
2797 3677 2852 3730 in
2880 3686 3157 3747 conspectu
3213 3679 3451 3732 euntium
3501 3695 3567 3734 av:

1978 3769 2307 3822 redeuntium
2337 3768 2586 3838 fratrum,
2619 3768 2795 3841 inquit
2821 3767 2957 3823 \'.t;c
2981 3776 3191 3833 auctor,
3225 3768 3331 3823 hoc
3350 3778 3433 3823 est
3461 3786 3567 3823 an-

1978 3869 2028 3914 te
2050 3863 2223 3915 sancti
2250 3859 2476 3916 Taurini
2522 3860 2867 3915 Ebroicensis
2899 3860 3139 3930 episcopi
3170 3860 3359 3926 altare,
3416 3862 3564 3930 quod

1978 3952 2137 4008 hodie
2165 3954 2334 4008 sancti
2361 3952 2419 4007 P.
2449 3952 2725 4007 Benedicti
2752 3952 3072 4022 appellatur.
3109 3951 3189 4006 Ex
3226 3953 3331 4007 hoc
3377 3962 3565 4007 autem

1978 4045 2099 4101 loco
2124 4046 2472 4115 postmodum
2499 4046 2550 4098 in
2576 4045 2836 4100 sacellum
2867 4044 3039 4099 beata:
3080 4042 3263 4098 Marize
3291 4042 3566 4114 Magdale-

1979 4152 2062 4193 nte
2101 4153 2320 4192 sacrum
2353 4142 2484 4208 (quo
2527 4147 2769 4207 tempore
2803 4152 2978 4207 quave
3014 4137 3080 4190 de
3124 4152 3292 4191 causa
3341 4136 3565 4208 ignora-

1978 4231 2089 4302 tur)
2124 4231 2193 4286 ad
2219 4231 2362 4286 latus
2387 4229 2663 4300 Evangelii
2694 4230 3020 4283 translatum
3044 4237 3148 4294 est,
3182 4228 3271 4282 ubi
3296 4228 3570 4300 hodieque

1981 4325 2036 4380 in
2076 4324 2413 4395 sarc0phago
2440 4322 2673 4392 lapideo,
2704 4332 2817 4377 tres
2858 4322 3021 4391 pedes
3059 4320 3223 4391 longo
3259 4335 3324 4375 ac
3365 4336 3566 4375 novem

1980 4417 2207 4486 pollices
2241 4417 2372 4481 lato,
2404 4415 2547 4471 intra
2573 4414 2796 4485 parietis
2837 4429 3114 4468 cameram
3144 4413 3209 4467 ad
3242 4412 3569 4483 septentrio-

289 4520 595 4592 prioratum
626 4516 904 4571 redactum
939 4520 1044 4579 est,
1087 4509 1418 4565 monasterio
1446 4506 1877 4561 Ambroniaeen-
1911 4545 1956 4599 Β
1983 4524 2105 4562 nem
2130 4508 2405 4563 inclusum
2426 4514 2761 4571 asset-vatur,
2794 4520 2918 4559 cum
2944 4503 3124 4558 hacin
3151 4503 3365 4573 plumbi
3404 4502 3569 4557 lanii-

289 4614 338 4668 si
367 4610 692 4680 subjectum.
746 4605 822 4662 De
865 4605 951 4660 his
997 4603 1255 4658 omnibus
1288 4598 1519 4655 seorsim
1559 4612 1719 4669 agere
1766 4612 1879 4651 non

291 4713 471 4768 vacat,
496 4711 550 4756 at
574 4700 642 4756 de
664 4695 1097 4761 Fructuariensi,
1116 4693 1262 4766 quod
1295 4692 1436 4746 idem
1473 4691 1557 4744 vir
1580 4696 1802 4744 sanctus
1824 4689 1879 4744 in

290 4794 464 4850 fuinlo
492 4801 720 4861 paterno
749 4788 1009 4854 condidit,
1039 4802 1103 4842 ac
1130 4787 1197 4841 de
1227 4781 1605 4839 Fiscamnensi
1669 4782 1725 4835 in
1770 4796 1882 4850 quo

289 4886 588 4943 defunctus
645 4892 749 4950 est,
790 4880 1051 4937 nonnulla
1090 4877 1414 4950 subjicimus
1445 4892 1507 4931 ex
1562 4873 1882 4929 eorumdem

292 4981 545 5036 locorum
592 4972 986 5031 monumentis.
1037 4970 1114 5026 De
1151 4968 1489 5041 Benigniano
1518 4980 1649 5020 vero
1698 4973 1752 5019 et
1782 4961 1883 5019 Be-

293 5071 480 5129 sucnsi
517 5068 868 5140 potissimum
891 5064 1160 5135 scripsere
1196 5057 1602 5132 chronographi
1652 5057 1885 5111 istorum

296 5163 778 5229 monasteriorum,
824 5172 1063 5234 quorum
1118 5162 1374 5226 excerpta
1419 5150 1650 5207 inferius
1697 5145 1883 5220 profe-

298 5271 504 5313 remus.

309 5348 2222 5389 ________________________________________

1982 4616 2050 4655 na
2084 4599 2459 4670 inscriptione,
2491 4613 2615 4669 quae
2635 4612 2780 4651 anno
2805 4596 2942 4649 1658
2968 4596 3178 4650 detecta
3200 4604 3301 4651 est.

2090 4778 2349 4833 Abbtttem
2375 4774 2587 4845 plenum
2612 4774 2777 4828 lector
2799 4788 3044 4843 cognosce
3072 4771 3282 4825 dierum

2166 4868 2393 4922 Nomine
2422 4864 2775 4932 Willelmum,
2811 4863 2896 4917 hic
2914 4862 3161 4917 recubare
3190 4876 3388 4919 senem.

2095 4956 2203 5012 Iste
2228 4956 2329 5010 loci
2354 4956 2559 5026 primus
2586 4962 2771 5025 pastor
2794 4951 3132 5023 prtefulserat
3161 4951 3344 5021 hujus,

2164 5048 2281 5114 Quo
2312 5047 2502 5100 statuit
2532 5044 2727 5099 multos
2754 5044 2917 5097 dante
2950 5042 3054 5096 Deo
3085 5042 3392 5095 monachos.

2088 5140 2217 5197 Iuni
2246 5141 2421 5212 prima
2450 5138 2561 5194 dies
2585 5138 2778 5192 animo:
2814 5152 2945 5189 nova
2979 5133 3176 5188 claruit
3196 5124 3313 5205 ejus

2161 5234 2261 5294 Cui
2292 5250 2423 5288 nova
2460 5231 2763 5287 Jerusalem
2786 5229 2937 5284 obvia
2963 5237 3074 5282 tota
3103 5227 3227 5299 fuit.

2968 5333 3561 5356 c—M

1052 5430 1189 5529 DE
1243 5418 1917 5509 MONASTEBIO
1968 5411 2791 5493 FBUC'I‘UARtENSl

1306 5565 1354 5627 Α
1390 5559 1660 5624 BEATO
1692 5551 2139 5618 WILLELMO
2169 5547 2553 5612 CONDlTO.

376 5745 425 5802 l.
450 5745 603 5811 ,ϐαιὴ
635 5742 729 5798 vix
762 5738 969 5812 aliquid
998 5737 1065 5793 de
1104 5731 1517 5791 Fructuariensi
1546 5726 1883 5784 monasterio

301 5841 569 5896 habeatur
599 5846 710 5893 tum
736 5836 792 5891 in
817 5832 935 5889 Vita
965 5827 1238 5886 Guillelmi
1265 5841 1296 5881 a
1322 5824 1524 5879 Glabro
1554 5820 1882 5889 conscripta,

1986 5731 2103 5777 tum
2128 5718 2272 5791 apud
2302 5715 2781 5787 chronographum
2823 5710 3239 5784 Benigniannm,
3272 5711 3450 5767 visum
3499 5718 3575 5762 es‘

1986 5814 2076 5870 hic
2111 5812 2273 5883 paulo
2302 5810 2483 5866 fusius
2518 5809 2584 5864 de
2624 5794 2691 5863 eo
2710 5812 2902 5878 agere,
2931 5822 3054 5861 cum
3089 5803 3457 5859 hancbabeat
3490 5816 3555 5855 su
