4058 5406
521 201 630 259 833
1408 207 1464 263 S.
1499 209 1945 269 GUlLLELMUS
1981 213 2204 272 ABBAS
2241 214 2298 270 S.
2336 216 2608 276 BENIGNI
2646 219 2894 279 DIVION.
3683 235 3794 290 διο

518 331 619 389 per
641 323 834 373 cetera
865 319 1218 386 monasteria,
1255 336 1377 390 quae
1401 320 1708 382 Willelmus
1731 335 1916 383 noster
1942 327 2104 395 rexit,
2134 338 2182 395 Α
2208 330 2464 386 mentiam
2495 333 2627 388 adiit
2655 345 2844 404 petens
2866 335 3140 408 quoddam
3178 344 3572 401 monasterium
3604 356 3794 404 nostra

518 406 954 479 praarogativam,
993 408 1139 480 quod
1182 410 1252 465 ab
1294 426 1360 467 eo
1404 412 1459 466 in
1502 429 1616 469 suae
1654 415 1827 484 ipsius
1866 424 2109 487 paterna:
2210 429 2534 478 auctoritate
2586 406 2953 497 corroborari,
2998 430 3165 487 situm
3210 434 3265 487 in
3304 434 3427 491 loco
3455 437 3559 508 qui
3594 438 3800 496 dicitur

516 498 851 579 haereditatis
867 498 1038 555 fundo
1056 502 1332 557 conditum
1356 501 1541 572 fuerit,
1557 505 1789 576 indeque
1809 506 2106 577 plurimum
2208 509 2548 589 Fructuaria,
2583 531 2649 571 ex
2685 520 2904 589 propria
2933 521 3244 580 haereditate
3269 498 3499 582 fratrum
3524 529 3647 599 ejus
3669 529 3801 585 Got-

515 592 637 663 ejus
676 590 819 645 initii
845 591 1037 647 notitia
1073 592 1358 664 profutura
1400 596 1471 651 sit
1504 596 1574 652 ad
1604 598 1921 654 illustranda
1959 600 2107 671 ejus—
2207 598 2364 669 fredi,
2395 602 2604 660 Nitardi
2639 614 2802 678 atque
2833 607 3076 680 Roberti,
3118 612 3174 667 in
3214 614 3423 672 honore
3470 590 3672 675 sanctae
3696 619 3796 676 Dei

514 682 639 737 dem
681 682 827 738 beati
860 683 1181 757 virigesta.
1222 684 1399 741 Situm
1441 696 1527 743 est
1562 688 1707 744 inter
1733 689 1844 745 duo
1877 690 2103 748 flumina
2204 694 2483 764 genitricis
2528 696 2712 754 Mariae
2758 702 3044 772 sanctique
3076 704 3302 777 Benigni
3355 712 3612 783 martyris
3657 728 3796 768 con-

514 770 716 828 Orcum
741 782 793 829 et
816 772 1135 829 Amalonem
1160 775 1215 830 in
1238 775 1410 830 Gallia
1440 775 1757 848 Subalpina,
1790 780 1934 836 intra
1960 779 2103 852 Epo—
2204 792 2491 854 structum,
2534 790 2683 845 velut
2730 791 2787 845 in
2835 770 3026 850 charta
3057 770 3337 865 judicatus
3387 816 3416 857 a
3470 770 3795 861 dontbardo

513 863 782 919 rediensis
805 864 1071 920 dimcesis'
1093 865 1248 920 ﬁnes.
1276 864 1569 922 Conditum
1594 869 1774 938 primo
1797 869 1899 925 fuit
1931 881 1985 927 et
2004 873 2101 927 do-
2201 875 2431 932 diacono
2457 879 2599 935 edita
2636 882 2967 939 continetur.
3009 863 3178 957 cujus
3220 891 3475 959 precibus
3516 896 3794 965 susceptis

515 963 687 1010 talum
714 956 1039 1011 liberalitate
1073 956 1305 1012 fratrum
1340 956 1484 1014 beati
1522 958 1798 1029 Willelmi,
1835 962 2098 1018 aliorum-

512 1064 620 1118 que
661 1047 831 1118 ipsius
881 1050 1438 1120 consanguineorum,
1477 1059 1593 1106 tum
1649 1052 1816 1109 variis
1864 1054 2096 1110 aliorum

512 1139 897 1195 donationibus
921 1147 1164 1208 auctum,
1187 1157 1252 1197 ac
1272 1142 1491 1197 demum
1517 1143 1825 1214 principum
1858 1153 1913 1199 et
1940 1161 2094 1200 sum-

511 1243 726 1283 morum
757 1228 1075 1299 pontiﬁcum
1098 1231 1487 1300 diplomatibus
1521 1242 1575 1287 et
1594 1233 1890 1304 privilegiis
1911 1234 2095 1290 tinua-

510 1326 625 1373 tum
656 1326 709 1374 et
738 1320 1028 1389 munitum,
1054 1322 1187 1376 nulli
1230 1320 1343 1378 fere
1372 1324 1540 1379 totius
1574 1324 1737 1380 Italia:
1760 1326 2093 1382 monasterio

508 1421 622 1464 tum
646 1412 943 1481 nobilitate,
968 1423 1081 1469 tum
1107 1414 1421 1469 divitiarum
1443 1416 1932 1484 afﬂuentia,ccssit.
1958 1416 2091 1487 Ejus

507 1504 705 1559 natalia
732 1506 921 1575 paucis
970 1506 1227 1577 exprimit
1269 1518 1426 1564 vetus
1462 1517 1655 1564 auctor
1691 1510 1777 1564 his
1821 1511 2085 1578 versibus,

2199 965 2352 1035 prius
2394 970 2561 1040 regali
2610 983 2878 1043 prmcepto
2930 970 3396 1049 confirmavimus,
3438 1001 3457 1035 ι
3491 993 3597 1039 etc.
3639 984 3791 1041 Inter

2198 1057 2336 1113 alios
2393 1063 2712 1116 monasterii
2754 1063 3130 1122 benefactores
3182 1080 3431 1126 recenset
3488 1071 3788 1130 Otthonem

2197 1144 2551 1219 Willelmum,
2582 1155 2757 1209 nostri
2798 1152 3059 1211 Willelmi
3088 1161 3579 1233 consanguineum,
3607 1176 3669 1221 ut
3699 1183 3791 1221 su-

2178 1249 2288 1309 ‘pra
2315 1241 2574 1308 diximus,
2606 1246 2768 1316 cujus
2795 1250 3105 1318 complures
3129 1260 3347 1308 exstant
3369 1257 3573 1313 cbartze
3600 1258 3655 1312 in
3683 1258 3790 1315 Bc-

2192 1331 2437 1402 nigniani
2472 1335 2615 1390 sicut
2645 1346 2699 1391 et
2728 1337 2782 1392 in
2819 1338 3261 1400 Fructuariensis
3282 1349 3602 1403 monasterii
3632 1349 3789 1405 favo-

2191 1438 2305 1477 rem
2330 1425 2487 1480 dataz.
2532 1446 2550 1478 ι
2585 1427 2790 1484 Habeat
2823 1440 2878 1486 et
2903 1440 3084 1488 teneat
3111 1435 3297 1505 quieto
3324 1438 3452 1508 jure
3490 1442 3784 1497 castellum

2190 1512 2675 1588 Longobardorum
2725 1538 2849 1577 cum
2893 1526 3151 1582 omnibus
3182 1528 3298 1584 suis
3322 1531 3701 1600 pertinentiis,
3730 1542 3787 1589 et

504 1612 644 1666 quos
666 1596 990 1654 Franciscus
1016 1599 1357 1670 Augustinus
1387 1601 1457 1655 ab
1482 1601 1735 1669 ecclesia,
1760 1618 1824 1657 ex
1857 1603 2085 1674 antiquo
2121 1682 2161 1694 h
2188 1609 2370 1664 omnia
2410 1612 2610 1680 przedia
2639 1613 2730 1667 illa
2774 1623 2829 1670 et
2856 1624 3055 1685 cortes,
3099 1634 3238 1689 quas
3271 1596 3419 1675 dedit
3453 1620 3640 1691 Ottho,
3684 1596 3787 1694 qui

503 1688 820 1743 monasterii
845 1687 1121 1746 Chronico
1147 1690 1479 1761 descriptos,
1503 1689 1755 1747 Historia:
1784 1708 1896 1748 suae
1917 1692 2088 1748 Pedeu
2120 1682 2164 1738 Β
2189 1706 2244 1753 et
2269 1698 2599 1771 Willelmus,
2631 1719 2839 1775 comes,
2874 1706 3019 1764 ﬁlius
3042 1682 3346 1779 ﬁAd-alberti,
3375 1728 3545 1783 nepos
3575 1682 3786 1770 Beren-

503 1786 777 1833 montanze
798 1778 1032 1834 inseruit

501 1864 562 1920 Si
593 1868 717 1938 quis
742 1867 1080 1925 Fructuaria:
1100 1870 1307 1925 mavult
1328 1886 1668 1942 praenoscere
1692 1873 1911 1944 quando

570 1957 820 2015 Caenobii
846 1971 1084 2032 emptum
1110 1962 1213 2018 rite
1238 1962 1429 2019 fuisset
1454 1980 1622 2034 opus:

497 2044 816 2109 Millesimus
841 2054 1090 2109 sublimis
1111 2064 1227 2109 erat
1248 2063 1380 2111 tunc
1414 2056 1608 2111 tertius
1637 2072 1816 2112 annus

569 2143 765 2199 Partus
794 2144 1025 2216 virginei
1053 2144 1322 2217 Principis
1343 2147 1583 2203 aetherei.

493 2233 674 2291 Martii
710 2245 964 2306 septemc,
989 2253 1082 2293 seu
1117 2237 1345 2294 indictio
1370 2239 1545 2309 prima
1574 2238 1850 2306 Kalendae,

566 2325 803 2399 Tempus
840 2331 925 2385 vel
956 2345 1178 2386 cursum
1205 2332 1366 2387 ambo
1394 2347 1552 2386 suum
1576 2340 1862 2403 peragunt.

495 2408 611 2473 Rex
633 2420 908 2477 Ardoinus
933 2422 1131 2492 sceptri
1158 2422 1528 2477 moderamine
1552 2422 1713 2477 fissus

565 2510 777 2582 Regnat
802 2512 856 2566 in
891 2511 1177 2583 Hesperia,
1201 2513 1372 2568 tendit
1393 2513 1449 2566 in
1478 2512 1801 2568 Ausoniam.

488 2604 726 2673 Adjuvat
769 2605 885 2676 ipse
917 2605 1097 2660 locum
1130 2604 1418 2673 Dominus,
1451 2620 1613 2675 quem
1652 2620 1877 2660 munere
1901 2604 2074 2673 dotat,

563 2696 746 2753 Rebus
783 2698 1058 2752 consuluit
1089 2695 1353 2751 fratribus
1374 2697 1632 2752 assiduis.

488 2786 695 2842 Praesul
725 2785 1050 2843 Ottobianus
1077 2787 1224 2858 quod
1242 2787 1366 2857 jure
1386 2787 1619 2842 dicando
1641 2786 1895 2855 sacravit,

561 2877 748 2933 Abbas
776 2875 1083 2932 Willelmus
1110 2877 1383 2933 construit
1402 2878 1508 2932 hoc
1529 2876 1779 2932 Domino.

557 2969 613 3024 2.
649 2967 755 3024 Sed
779 2984 941 3024 nemo
962 2968 1157 3024 melius
1180 2968 1498 3023 monasterii
1522 2968 1606 3022 sui
1629 2968 1828 3023 natalia
1853 2966 2075 3038 exponit

2188 1790 2326 1860 garii
2365 1794 2528 1864 regis,
2576 1795 2698 1866 ipso
2749 1797 2871 1854 loco
2914 1799 3056 1855 infra
3097 1801 3236 1858 fines
3274 1801 3672 1877 Longobardia:
3713 1823 3783 1863 ex

2187 1882 2503 1941 hmreditate
2525 1898 2812 1957 parentum
2835 1900 2890 1946 et
2911 1893 3346 1965 propinquorum
3375 1912 3623 1952 suorum.
3656 1897 3783 1954 Sta-

2185 1973 2392 2030 tuimus
2416 1976 2580 2031 etiam
2603 1994 2701 2048 per
2727 1980 2869 2036 hanc
2891 1982 3067 2037 nostri
3093 1985 3345 2055 pmcepti
3374 1985 3692 2043 ﬁrmitatem
3723 1989 3778 2044 in

2184 2076 2502 2138 perpetuum
2529 2071 2807 2130 habendas
2830 2091 3021 2133 omnes
3044 2086 3220 2136 terras
3241 2081 3382 2149 illas,
3410 2098 3550 2153 quas
3572 2084 3784 2142 habere

2182 2158 2343 2215 debet
2365 2161 2481 2231 jam
2511 2179 2652 2235 szepe
2695 2168 3037 2225 nominatum
3068 2174 3464 2229 monasterium
3495 2191 3563 2231 ex
3599 2176 3782 2233 hatre-

2180 2250 2348 2307 ditate
2398 2250 2643 2323 Boberti,
2688 2258 2964 2327 quondam
3003 2260 3107 2314 viri
3144 2262 3492 2333 nobilissimi,
3523 2265 3620 2336 qui
3668 2265 3783 2321 fuit

2180 2343 2393 2413 genitor
2416 2344 2532 2415 jam
2576 2347 2707 2402 dicti
2752 2349 2966 2406 abbatis
2997 2348 3325 2409 Willelmi...
3361 2353 3779 2414 Conﬁrmamus

2180 2448 2396 2490 omnem
2443 2437 2590 2493 illam
2621 2439 2988 2497 hzereditatem
3018 2451 3073 2497 et
3111 2446 3509 2515 possessiones,
3541 2465 3668 2521 qua:
3702 2467 3778 2507 ex

2180 2537 2406 2597 paterno
2449 2540 2503 2586 et
2544 2542 2795 2589 materno
2829 2535 2954 2605 jure
2999 2537 3336 2595 debebantur
3372 2539 3626 2613 Otberto‘,
3672 2545 3775 2616 qui

2177 2618 2281 2675 fuit
2301 2620 2444 2677 ﬁlius
2469 2623 2716 2692 Gerardi,
2744 2634 2797 2681 et
2818 2642 2987 2697 nepos
3012 2626 3224 2685 Otberti
3252 2633 3490 2701 comitis,
3515 2636 3613 2706 qui
3638 2634 3778 2692 fecit

2178 2708 2447 2765 haeredem
2476 2727 2631 2768 suam
2658 2714 2900 2773 sanctam
2933 2718 3218 2774 ecclesiam
3261 2721 3771 2795 Fructuarienscm,

2176 2800 2396 2868 quando
2439 2811 2593 2873 pater
2637 2804 2757 2874 ejus
2810 2816 2864 2860 et
2918 2808 3033 2878 ipse
3081 2810 3423 2881 reliquerunt
3472 2816 3772 2884 mundun,

2175 2887 2369 2944 dantes
2406 2905 2466 2945 se
2512 2899 2568 2946 et
2595 2895 2780 2948 omnia
2832 2911 2931 2950 sua
2980 2896 3113 2965 Deo,
3158 2898 3316 2955 factis
3354 2904 3709 2960 monachis...
3743 2924 3763 2959 ι

2178 2974 2292 3033 Sub
2319 2979 2482 3035 ﬁnem
2524 2993 2810 3039 enumerat
2842 2987 3028 3053 cellas,
3074 3003 3167 3043 seu
3195 2990 3490 3059 prioratus,
3523 2994 3619 3064 qui
3644 2994 3767 3065 jam

486 3076 654 3133 quam
680 3061 794 3132 ipse
816 3060 1160 3129 Guillelmus,
1186 3062 1346 3132 cujus
1367 3061 1490 3129 ideo
1519 3062 1766 3118 chartam
1795 3078 1827 3120 a
1853 3063 2072 3117 laudato
2100 3054 2141 3112 (ἶ
2175 3075 2307 3123 tunc
2351 3085 2381 3124 a
2415 3074 2749 3128 monasterio
2806 3075 2899 3130 illo
2938 3054 3268 3147 pendebant;
3311 3054 3517 3138 scilicet
3539 3054 3767 3141 'cellam

485 3162 707 3208 auctore
737 3168 805 3208 ex
829 3152 1239 3211 Fructuariensi
1269 3154 1513 3210 archivio
1553 3155 1779 3209 relatam
1815 3156 2073 3211 describi-

482 3261 609 3302 mus
639 3245 802 3302 infra.

553 3340 607 3394 5.
649 3339 767 3407 Quo
789 3356 935 3397 anno
957 3345 1381 3398 instrumentum
1405 3336 1551 3399 istud
1575 3339 1882 3396 confectum
1907 3340 2070 3396 fuerit

480 3431 749 3487 incertum
783 3433 917 3487 mihi
946 3442 1050 3500 est,
1079 3451 1205 3489 cum
1243 3435 1299 3489 id
1329 3443 1423 3489 aut
1453 3450 1562 3488 non
1589 3434 1919 3502 expresserit
1953 3434 2068 3503 ipse

480 3521 810 3592 Willelmus,
843 3541 913 3580 au
977 3535 1124 3582 certe
1162 3527 1346 3582 datam
1379 3528 1627 3584 omiserit
1661 3527 1756 3597 qui
1791 3528 1967 3596 ipsum
1998 3542 2065 3581 ex

477 3615 818 3687 autograpbo
840 3617 1150 3689 descripsit,
1183 3620 1276 3690 qui
1302 3620 1468 3675 etiam
1502 3627 1598 3675 aut
1624 3620 1695 3674 ob
1721 3620 1929 3690 legendi
1961 3620 2064 3674 im-

476 3707 752 3777 peritiam,
788 3718 885 3765 aut
923 3712 1111 3767 nescio
1145 3727 1252 3782 qua
1289 3712 1393 3766 alia
1420 3713 1488 3767 de
1519 3728 1704 3779 causa,
1733 3728 2061 3768 monumen-

476 3806 596 3855 tum
640 3801 786 3857 istud
829 3802 966 3857 adeo
1009 3803 1312 3873 pretiosum
1358 3805 1545 3861 multis
1600 3805 1811 3860 mendis
1848 3805 2062 3859 videtur

474 3893 823 3962 respersisse.
850 3894 1120 3949 Caeterum
1169 3911 1237 3949 ex
1272 3896 1439 3950 variis
1470 3896 1677 3951 chartis
1707 3912 1829 3967 quae
1862 3912 1893 3950 a
1929 3896 2062 3951 Gui-

473 3983 721 4039 cheuone
762 3984 818 4038 in
862 3983 1197 4041 Bibliotheca
1234 3985 1557 4053 Sebusiana,
1607 3996 1663 4042 et
1703 3988 1773 4042 ab
1807 3985 2055 4057 Ugbello,

474 4080 625 4128 tomo
656 4072 725 4128 IV
766 4073 932 4130 Italia:
971 4074 1154 4132 Sacrae
1187 4077 1243 4131 in
1286 4078 1555 4148 episcopis
1600 4078 2056 4148 Eporediensibus

473 4164 804 4232 referuntur,
844 4175 993 4237 patet
1026 4168 1161 4223 nihil
1202 4184 1233 4223 a
1259 4167 1534 4224 Willelmo
1567 4171 1760 4225 abbate
1787 4171 2054 4226 omissum

471 4255 644 4312 fuisse
676 4265 737 4312 ut
774 4257 1215 4316 Fructuariensis
1235 4260 1551 4316 monasterii
1587 4262 1913 4328 libertatem,
1937 4272 2050 4318 tum

2179 3176 2199 3210 ι
2215 3158 2525 3229 Astensem,
2545 3163 2736 3218 cellam
2758 3165 3136 3239 Navigenscm,
3162 3171 3352 3225 cellam
3376 3172 3429 3226 in
3455 3172 3771 3243 Quaranta,

2172 3250 2362 3305 cellam
2391 3253 2447 3307 in
2477 3252 2804 3323 Cavalliaca,
2837 3259 3026 3314 cellam
3053 3260 3108 3314 in
3139 3259 3406 3330 Padcrno,
3438 3282 3457 3316 ι
3488 3273 3592 3321 etc.

2239 3341 2294 3395 4.
2334 3341 2494 3397 Anno
2519 3343 2723 3400 Christi
2755 3345 2915 3413 1025,
2959 3348 3106 3404 aliud
3151 3351 3278 3405 item
3315 3352 3657 3425 privilegium
3686 3357 3764 3412 ab

2168 3434 2358 3489 eodem
2381 3435 2709 3505 imperatore
2728 3440 2965 3495 obtinuit
2988 3441 3319 3506 Willelmus.
3339 3461 3449 3515 quo
3479 3457 3763 3503 monaste-

2168 3526 2311 3579 rium
2350 3525 2790 3597 Fructuariense,
2841 3551 2859 3583 ‹
2886 3542 3048 3602 prout
3085 3534 3139 3588 in
3187 3536 3375 3591 charta
3404 3537 3686 3607 judicatus
3725 3554 3757 3593 a

2167 3614 2487 3672 Guntbardo
2499 3619 2730 3675 diacono
2744 3622 2885 3677 edita
2904 3625 3233 3692 continetur,
3256 3646 3274 3678 ι
3299 3629 3401 3682 sub
3418 3629 3636 3698 speciali
3652 3646 3756 3686 sua

2163 3705 2481 3764 defensione
2504 3712 2752 3783 suscipit,
2770 3730 2832 3769 ac
2845 3715 3184 3787 privilegium
3199 3716 3471 3774 Benedicti
3486 3719 3600 3773 Vill
3616 3736 3755 3776 con-

2162 3792 2361 3855 ﬁrmat.
2395 3820 2412 3853 ‹
2439 3800 2663 3871 Dehinc,
2688 3805 2883 3876 inquit,
2906 3808 3227 3864 utstabilius
3248 3812 3752 3883 permaneatimpe-

2160 3895 2283 3951 riali
2300 3899 2622 3954 auctoritate
2638 3902 3079 3969 corroboramus,
3101 3904 3204 3959 sub
3226 3914 3411 3961 nostra
3427 3905 3750 3963 defensione

2159 4002 2221 4041 ea
2267 3989 2479 4043 ratione
2508 3991 2823 4060 recipimus,
2864 4002 2924 4048 ut
2964 3995 3148 4049 nullus
3177 3996 3306 4062 dux,
3332 3997 3600 4065 marchio,
3636 4008 3743 4055 etc.

2161 4078 2464 4136 Statuimus
2478 4097 2715 4158 quoque,
2727 4092 2781 4139 et
2798 4084 2892 4139 Dei
2905 4095 3198 4158 nostraque
3213 4087 3535 4144 auctoritate
3545 4092 3687 4144 conﬁ
3696 4106 3747 4142 r-

2157 4186 2393 4238 mamus,
2421 4180 2482 4225 ut
2510 4152 2650 4228 idem
2673 4175 2826 4231 locus
2848 4192 3012 4246 supra
3049 4187 3405 4233 memoratam
3436 4179 3742 4234 libertatem

2156 4263 2210 4317 in
2236 4264 2447 4319 cunctis
2482 4265 2743 4333 obtineat,
2788 4274 2842 4320 et
2875 4283 3216 4339 quascunque
3242 4270 3309 4324 de
3349 4270 3468 4341 ejus
3494 4271 3740 4326 libertate

469 4347 525 4403 in
553 4351 959 4419 temporalibus,
984 4360 1099 4408 tum
1142 4353 1197 4408 in
1240 4353 1633 4424 Spiritualibus,
1667 4355 1801 4410 adeo
1827 4356 2053 4411 ﬁrmiter
2083 4392 2128 4448 Β
2153 4365 2207 4410 et
2232 4356 2543 4424 stabilitate,
2566 4358 2631 4413 de
2658 4359 2869 4415 abbatis
2900 4359 3164 4415 electione
3186 4368 3241 4416 et
3270 4363 3685 4417 consecratione
3706 4378 3737 4417 a

468 4440 735 4496 stabiliret
776 4450 837 4497 ut
862 4444 1097 4514 posteris
1122 4445 1478 4515 temporibus,
1510 4443 1667 4500 facile
1695 4461 1806 4500 non
1828 4448 2047 4501 convel-

466 4531 686 4588 lerctur.
726 4533 971 4591 Primum
1006 4537 1076 4592 ab
1103 4535 1339 4593 Henrico
1368 4537 1695 4608 imperatore
1735 4537 2048 4593 conﬁrmari

465 4624 570 4682 sibi
614 4627 830 4682 curavit
869 4644 1209 4701 quaecunque
1235 4638 1330 4684 aut
1365 4645 1396 4684 a
1432 4630 1549 4685 suis
1585 4630 1909 4701 propinquis
1953 4639 2051 4685 aut

465 4717 536 4773 ab
570 4718 692 4775 aliis
716 4720 821 4789 piis
848 4720 984 4775 viris
1015 4723 1350 4777 monasterio
1375 4722 1570 4777 tradita
1598 4722 1832 4778 fuerant.
1859 4721 2050 4777 Exstat

463 4824 529 4865 ea
549 4810 616 4865 de
636 4827 693 4866 re
714 4812 960 4882 ejusdem
983 4813 1200 4871 Henrici
1226 4815 1487 4885 diploma,
1507 4815 1693 4870 datum
1717 4828 1862 4869 anno
1884 4813 2043 4880 10M,

464 4916 531 4957 ex
557 4917 667 4972 quo
701 4919 813 4959 non
855 4905 1034 4960 solum
1077 4906 1248 4961 multa
1287 4907 1353 4961 de
1393 4906 1558 4960 variis
1598 4904 2044 4974 possessionibus

462 5007 603 5064 quas
625 4994 740 5062 jam
780 5004 914 5051 tunc
939 4998 1253 5066 possidebat
1270 4996 1582 5054 coenobium
1622 4995 2043 5051 Fructuariense

463 5093 740 5152 comperta
776 5068 934 5153 ﬁunt,
980 5103 1168 5147 verum
1219 5090 1386 5144 etiam
1434 5086 1629 5142 exinde
1669 5082 2039 5153 innotescunt,

463 5181 580 5228 tum
624 5177 1025 5234 nobilissimum
1060 5179 1321 5236 Willelmi
1356 5178 1532 5234 nostri
1567 5193 1760 5249 genus,
1788 5187 1904 5232 tum
1947 5177 2040 5233 alii

461 5266 711 5321 nonnulli
744 5269 845 5324 viri
871 5271 1129 5339 illustres,
1161 5273 1258 5343 qui
1286 5270 1608 5343 postpositis
1634 5270 1825 5326 mundi
1858 5270 2040 5325 inem-

459 5356 574 5406 bris
602 5364 731 5406 tunc
759 5363 1017 5406 tamtam-ie
1041 5379 1107 5406 nn
1129 5365 1183 5406 in
1206 5365 1328 5406 lnr-n
1357 5362 1715 5406 mnnneﬁram
1743 5362 1908 5406 vitam
1940 5362 2042 5406 dn—

2151 4447 2355 4502 domno
2396 4448 2695 4518 apostolico
2722 4449 3013 4505 Benedicto
3042 4451 3340 4523 multisque
3373 4453 3647 4523 episc0pis
3681 4454 3737 4509 in

2148 4538 2446 4610 privilegiis
2474 4548 2530 4594 et
2553 4542 2906 4611 synodalibus
2936 4543 3168 4597 decretis
3203 4551 3405 4599 statuta
3432 4554 3582 4611 sunt,
3618 4555 3732 4600 rata

2150 4631 2299 4685 omni
2322 4640 2565 4703 tempore
2594 4642 2649 4687 et
2680 4634 3008 4689 inconcussa
3041 4635 3298 4691 ﬁrmitate
3330 4637 3562 4692 subnixa
3599 4654 3732 4693 con-

2149 4730 2453 4776 serventur.
2491 4741 2508 4773 ι
2540 4720 2804 4779 Observat
2839 4722 2993 4794 Hugo
3020 4725 3188 4780 abbas
3218 4725 3649 4781 Flaviniacensis
3677 4726 3730 4779 in

2148 4806 2422 4866 Chronico
2474 4810 2803 4868 V'irdunensi
2855 4812 3187 4871 Willelmum
3241 4826 3520 4887 nostrum,
3567 4833 3727 4888 quem

2155 4919 2174 4953 ‹
2209 4910 2476 4959 rectorem
2499 4910 2785 4959 strenuum
2807 4914 2861 4959 et
2880 4906 3145 4977 religione
3166 4908 3680 4977 przestantissimum
3702 4927 3722 4961 ι

2146 4995 2409 5064 appellat,
2454 4995 2615 5050 beato
2657 4995 2892 5051 Henrico
2940 4999 3380 5068 acceptissimum
3424 4998 3613 5055 fuisse.
3664 4999 3724 5052 Et

2145 5087 2309 5155 paulo
2347 5085 2577 5142 inferius
2611 5089 2860 5143 eumdem
2916 5086 3251 5145 Willelmum
3304 5107 3322 5140 α
3351 5099 3516 5160 supra
3564 5102 3722 5161 regu-

2144 5178 2252 5232 lam
2287 5178 2494 5233 dictum
2539 5177 2711 5234 fuisse
2746 5179 2823 5233 ait
2865 5195 2895 5233 a
2939 5180 3120 5252 rigore
3147 5179 3490 5236 ferventioris
3521 5190 3715 5251 propo-

2142 5271 2253 5325 siti.
2289 5289 2308 5322 ι

2211 5362 2263 5406 ες-
2310 5361 2443 5406 Pnet
2484 5359 2701 5406 Hem-ini
2752 5361 2976 5406 Anmmti
3009 5363 3218 5406 nhitnm
3265 5360 3550 5406 Cnnrarlng
3603 5360 3719 5406 nim
