4058 6414
246 365 348 425 εει

1524 362 1803 420 ΝΟΤΙΤΙΛ
1841 356 2229 416 ΗίδΤΟΒῙΕΑ.

3417 356 3524 414 812

231 486 427 540 charta
454 490 619 552 patet,
657 495 779 552 qua
824 479 894 535 ab
939 478 1131 533 eodem
1166 476 1519 533 Guichenone
1572 477 1828 544 refertur,
1859 484 1906 541 Α
1931 470 2220 528 deces'soris
2262 478 2431 526 nostri
2469 469 2735 526 Brunanis
2776 467 3068 541 adimplere
3108 470 3337 543 nequivit
3376 470 3515 526 bem-

231 566 305 629 ὶιιΓ
350 588 460 644 qua
520 570 760 626 Joannes
806 569 1052 639 ejusdem
1088 568 1193 623 loci
1245 568 1414 623 abbas
1467 576 1825 634 memoratur,

228 667 329 738 qui
389 681 443 719 in
501 663 774 718 Chronico
834 661 1189 731 Benigniano,
1260 676 1464 730 supra,
1530 659 1832 730 appellatur

228 758 583 813 Joannetinus
634 764 686 809 et
734 754 1019 819 Henricus,
1067 753 1295 822 ejusque
1340 766 1685 807 successores
1718 750 1831 804 Au-

231 852 385 922 gusti
444 869 464 901 ι
507 849 563 902 in
610 847 842 902 fratrum
888 846 1204 901 sodalitium
1238 863 1256 895 ι
1312 844 1569 899 dicuntur
1610 842 1825 897 adsciti.

236 960 257 992 ι
291 941 529 1013 Dignum
555 940 812 995 duximus
840 937 1260 991 Fructuariense
1296 935 1604 991 coenobium
1629 935 1829 988 littera-

226 1032 380 1085 libus
405 1029 691 1101 praceptis
704 1026 1051 1092 conﬁrmare,
1067 1035 1325 1081 exorantc
1340 1026 1541 1081 domno
1553 1024 1827 1079 Willelmo

226 1120 551 1174 Divionensi
592 1120 804 1184 abbate,
838 1117 954 1187 qui,
992 1117 1307 1187 prazdictum
1333 1117 1725 1172 monasterium
1760 1131 1827 1170 ex

224 1212 477 1283 praediis,
519 1210 988 1280 eleemosynisque
1035 1209 1467 1279 propinquorum
1510 1221 1735 1262 suorum
1764 1221 1828 1261 ac

222 1312 558 1358 cancrorum
574 1300 813 1354 ﬁdelium
830 1298 1034 1354 Christi
1056 1315 1085 1353 a
1099 1298 1825 1363 fundamenthconstruens,

220 1393 499 1464 plurimos
542 1393 843 1448 secundum
890 1390 1136 1461 regulam
1173 1389 1350 1445 sancti
1400 1388 1676 1444 Benedicti
1714 1388 1827 1443 Deo

220 1486 533 1543 servientes
560 1485 692 1539 inibi
729 1484 1097 1554 congregavit.
1135 1480 1245 1536 Nos
1271 1492 1598 1552 nostrosque
1624 1481 1677 1536 in
1705 1498 1829 1552 per-

217 1587 456 1650 petuum
489 1593 861 1644 successores,
908 1584 1072 1646 prout
1116 1574 1254 1630 diva:
1301 1576 1577 1630 memoriae
1622 1575 1828 1644 prde-

217 1684 505 1725 cessorem
530 1677 783 1722 nostrum
809 1665 1104 1722 Henricum
1132 1682 1235 1722 suo
1263 1682 1329 1720 ac
1375 1665 1606 1721 fratrum
1628 1677 1825 1722 contu-

217 1760 424 1815 bernio
470 1759 783 1824 sociaverit,
847 1758 1094 1812 omnium
1139 1756 1548 1813 benefactorum
1599 1773 1823 1812 suorum

1933 567 2135 637 gnitas,
2165 571 2361 619 nostra
2390 563 2758 618 benevolentia
2800 562 3141 633 perﬁceretur
3178 565 3520 620 auctoritate.

1934 659 2087 726 Quod
2112 658 2324 732 quidem
2352 674 2455 712 non
2495 658 2760 711 immerito
2789 664 2937 710 tanto
2975 657 3193 726 facilius
3231 657 3379 711 debet
3415 657 3521 710 ἰηι-

1930 759 2138 821 patrare
2156 749 2365 820 quando
2390 748 2490 803 Dei
2514 749 2847 819 cognoscitur
2879 747 2990 801 zelo
3015 748 3071 801 id
3094 749 3305 801 omnino
3328 757 3516 819 postu-

1928 840 2063 894 lare.
2092 839 2325 905 Quidam
2352 841 2491 893 enim
2517 856 2645 892 suus
2666 838 2873 892 carnali
2898 838 3186 909 propagine
3211 854 3513 909 germanus,

1931 930 2140 984 nomine
2194 928 2539 999 Codefredus,
2578 929 2649 982 ad
2692 938 2938 982 sanctam
2973 930 3180 983 veniens
3229 930 3525 984 conversio-

1931 1042 2047 1081 nem
2075 1035 2243 1080 totum
2269 1026 2610 1097 quodcunque
2642 1025 2825 1079 habuit
2848 1041 3024 1078 secum
3053 1024 3162 1078 Deo
3187 1024 3367 1079 devote
3391 1041 3521 1078 con-

1932 1116 2077 1183 tulit,
2126 1132 2190 1170 ea
2240 1117 2468 1170 maxime
2515 1116 2804 1169 intentione
2845 1124 2903 1169 ut
2934 1116 2998 1170 de
3026 1116 3241 1186 proprio
3270 1132 3365 1170 suo
3390 1131 3517 1169 con-

1928 1219 2224 1264 strueretur
2268 1211 2669 1275 monasterium,
2697 1210 2836 1281 quod
2880 1226 2941 1263 ne
2985 1209 3213 1280 alicujus
3257 1210 3522 1281 episcopio

1928 1301 2007 1356 vel
2030 1301 2261 1355 canobio
2282 1302 2430 1372 fieret
2457 1301 2639 1372 aliqua
2662 1301 2983 1371 sabjectione
3004 1302 3309 1370 obnoxium,
3337 1302 3522 1358 solerti

1927 1401 2312 1463 pertractatum
2358 1403 2433 1448 est
2469 1393 2690 1447 consilio
2727 1403 2783 1447 ut
2828 1394 2886 1447 in
2927 1394 3156 1464 quodam
3194 1394 3329 1462 loco,
3370 1396 3519 1450 anti-

1927 1483 2104 1552 quitas
2132 1480 2460 1536 Fructuaria
2494 1483 2660 1548 dicto,
2701 1483 3078 1552 adiﬁcaretur,
3123 1485 3263 1554 quod
3296 1484 3522 1555 legalem

1927 1567 2020 1641 per
2041 1573 2343 1627 chartulam
2366 1591 2398 1627 a
2439 1573 2674 1629 Nitardo
2708 1584 2760 1629 et
2785 1574 3034 1628 Rotberto
3054 1576 3318 1646 germanis
3349 1576 3516 1645 ipsius

1930 1663 2198 1735 Gotefredi
2246 1668 2460 1720 cuidam
2493 1665 2770 1723 Guntardo
2815 1668 2988 1723 levita
3038 1669 3271 1722 traditus
3322 1677 3420 1734 est,
3459 1675 3522 1722 ut

1927 1758 2039 1828 ipse
2060 1759 2184 1812 inde
2213 1760 2408 1829 faceret
2424 1760 2704 1830 judicatus
2736 1770 3107 1816 testamentum
3128 1762 3222 1816 sub
3246 1762 3521 1817 liberrima

215 1850 580 1921 participium
607 1849 809 1904 habere
840 1849 1087 1919 cupiens,
1108 1849 1343 1919 primum
1366 1849 1611 1919 ejusdem
1637 1864 1824 1905 emno-
1858 1839 1899 1894 Β
1924 1850 2136 1903 omnino
2158 1851 2476 1906 conditione.
2519 1851 2672 1918 Quod
2701 1862 2749 1907 et
2778 1854 2981 1923 factum
3006 1864 3104 1921 est,
3142 1855 3232 1909 sed
3273 1871 3378 1909 non
3407 1856 3524 1912 siue

218 1943 302 1996 bii
339 1942 612 2007 abbatem,
660 1940 880 1995 nomine
921 1938 1210 2007 Joannem,
1255 1940 1375 2009 ejus
1427 1941 1482 1994 in
1538 1941 1825 2010 praesentia

216 2034 542 2089 consecrari
565 2033 712 2099 fecit,
738 2042 792 2088 et
814 2044 924 2088 tam
960 2034 1141 2103 ipsum
1176 2050 1341 2104 quam
1373 2044 1545 2090 totum
1573 2037 1823 2090 eumdem

216 2126 411 2182 locum
444 2142 557 2181 sua:
611 2125 878 2195 imperiali
930 2126 1111 2180 tutelae
1153 2127 1451 2193 commisit,
1488 2143 1552 2181 ea
1590 2128 1826 2182 maxime

215 2234 327 2290 pro
372 2234 539 2274 causa
586 2227 644 2272 ut
683 2218 930 2273 eamdem
980 2218 1058 2272 illi
1107 2218 1162 2271 in
1209 2220 1466 2274 omnibus
1510 2220 1823 2274 libertatem

215 2320 512 2369 conservet
556 2328 723 2382 quam
765 2310 1129 2367 Cluniacense
1179 2313 1824 2379 monasteriumjiabere

215 2404 586 2475 dignoscitur.
623 2402 732 2459 Nos
776 2419 906 2475 ergo
951 2404 1113 2459 saluti
1166 2414 1368 2459 nostrae
1395 2407 1761 2472 consulentes,
1799 2425 1817 2458 ι

209 2505 336 2558 etc.
370 2494 663 2570 Privilegia
688 2512 911 2568 quoque
950 2505 1003 2551 et
1046 2497 1324 2568 synodalia
1351 2497 1566 2553 decreta
1592 2497 1823 2552 Benedi-

212 2593 296 2649 cti
358 2608 512 2664 papre
581 2600 1019 2658 ceterorumque
1088 2589 1469 2659 episcoporum
1537 2589 1826 2646 confirmat

213 2682 419 2740 iisdem
447 2684 623 2740 verbis
647 2702 710 2740 ac
734 2686 789 2739 in
820 2680 1042 2739 llenrici
1073 2682 1364 2751 diplomate
1389 2699 1551 2752 supra
1573 2683 1820 2751 laudato;

216 2778 375 2848 quod
405 2786 459 2831 et
485 2778 554 2832 ab
588 2779 709 2833 aliis
741 2775 1188 2848 imperatoribus,
1218 2776 1328 2830 imo
1348 2783 1402 2829 et
1423 2791 1452 2830 a
1476 2776 1825 2846 pontificibus

218 2867 494 2923 Romanis
521 2867 721 2923 factum
741 2870 909 2924 fuisse
931 2870 1190 2924 observat
1213 2866 1542 2926 Franciseus
1564 2872 1826 2941 Augusti-

220 2974 335 3014 nus
366 2959 436 3012 ab
470 2958 713 3014 Ecclesia
748 2959 801 3013 in
828 2959 1087 3028 Catalogo
1127 2955 1635 3015 ii’ructuariensium
1658 2962 1826 3015 abba-

220 3061 371 3117 tum,
410 3050 665 3106 Historia:
698 3052 1102 3122 cln'onologica
1131 3050 1552 3106 Pcdcmontanze
1572 3069 1693 3123 cap.
1731 3054 1821 3122 27,

221 3141 321 3195 ubi
355 3140 623 3196 Joannem
649 3143 900 3197 abbatem
919 3144 1008 3197 hic
1044 3150 1409 3197 memoratum
1444 3142 1712 3199 Guidonis
1729 3162 1823 3200 co-

220 3232 381 3287 mitis
406 3232 582 3287 sancti
613 3232 830 3287 Martini
857 3232 1049 3301 tilium,
1094 3230 1437 3305 Arduinique
1469 3233 1636 3291 Italia:
1681 3238 1826 3310 regis

222 3332 485 3394 nepotem
517 3323 690 3382 fuisse
723 3326 875 3381 dicit.

298 3416 352 3469 6.
396 3414 515 3470 Non
565 3417 762 3473 minori
813 3418 1103 3474 devotione
1155 3419 1433 3480 Robertus
1487 3421 1826 3481 Francorum

221 3522 327 3562 rex
342 3522 470 3578 erga
495 3511 888 3565 monasterium
916 3510 1339 3567 Fructuarielise
1357 3515 1641 3570 tenebatur
1660 3532 1826 3586 quam

222 3598 613 3668 imperatores,
662 3602 915 3670 quamvis
954 3612 1099 3657 esset
1130 3613 1289 3658 extra
1333 3605 1418 3658 sui
1464 3605 1634 3675 ipsius
1664 3608 1828 3665 ditio-

223 3706 359 3744 nem
386 3691 572 3746 situm.
614 3690 766 3749 Unde
799 3710 923 3749 eum
948 3695 1018 3750 ab
1057 3710 1123 3750 eo
1155 3696 1479 3770 requisisset
1507 3698 1828 3758 Guillelmus

221 3779 502 3834 bonorum
542 3782 751 3852 aliquot
780 3784 1279 3850 confirmationem,
1320 3800 1443 3856 qua
1492 3787 1548 3842 in
1598 3788 1827 3845 Francia

225 3874 569 3927 monasterio
590 3888 692 3927 suo
716 3889 980 3930 concessa
1026 3875 1269 3946 fuerant;
1305 3879 1446 3933 ultro
1471 3879 1521 3933 ei
1544 3881 1829 3949 piissimus

224 3979 330 4018 rex
356 3964 586 4033 praebuit
601 3982 911 4031 assensum,
933 3979 1095 4039 atque
1117 3972 1358 4040 generali
1383 3983 1649 4043 praecepto
1674 3980 1829 4031 ass’e-

227 4055 347 4108 ruit
386 4053 794 4112 Fruetuariensi
842 4061 1178 4115 monasterio
1212 4078 1559 4134 quaecunque
1600 4067 1685 4121 vel
1714 4067 1828 4137 jam

224 4145 362 4201 data
398 4147 499 4216 ipsi
522 4157 726 4214 essent,
750 4158 845 4204 aut
867 4166 989 4219 quae
1022 4163 1210 4221 postea
1270 4154 1408 4209 forte
1458 4158 1826 4226 traderentur,

228 4238 380 4294 intra
408 4240 562 4310 regni
589 4242 674 4297 sui
702 4242 836 4298 lines
861 4243 1023 4313 (Vide
1054 4262 1214 4314 supra
1246 4246 1308 4300 iu
1331 4245 1588 4305 Rossuro
1612 4267 1724 4321 rege
1745 4252 1831 4304 in-

229 4339 316 4385 ter
340 4342 606 4401 pracepta
636 4332 751 4402 ejus
765 4334 1149 4391 ecclesiastica.

306 4423 358 4481 7.
384 4422 710 4485 l’rolerenda
736 4442 884 4486 nunc
914 4425 1190 4490 Lamberti
1214 4428 1582 4502 Lingonensis
1615 4434 1828 4504 episco-

1929 1939 2239 2007 multorum,
2267 1941 2497 1995 maxime
2517 1941 2745 1996 Arduini
2772 1944 2904 2014 regis
2925 1951 2974 1997 et
3003 1944 3179 1999 Berta
3199 1946 3383 1998 uxoris
3404 1945 3522 2014 ejus

1926 2032 2236 2100 adjutorio;
2272 2049 2496 2103 quorum
2540 2034 2725 2103 sagaci
2774 2034 3043 2088 industria
3078 2035 3237 2106 legali
3279 2034 3523 2106 legaliter

1925 2124 2244 2194 conﬁrmata
2270 2133 2392 2178 sunt
2421 2133 2756 2191 testamenta,
2798 2135 2849 2179 et
2884 2136 3068 2180 sancto
3092 2127 3398 2180 Divioncusi
3421 2142 3524 2179 ca-

1925 2216 2080 2271 nobio
2106 2233 2211 2270 non
2245 2219 2395 2287 parvi
2436 2218 2614 2288 pretii,
2660 2228 2716 2271 ut
2750 2228 2916 2288 patet,
2960 2218 3162 2273 collata
3203 2228 3325 2272 sunt
3356 2235 3523 2273 orna-

1926 2316 2125 2372 menta,
2158 2307 2363 2361 scilicet
2395 2316 2599 2362 textum
2620 2324 2783 2361 unum
2814 2325 2965 2375 auro,
2996 2310 3212 2380 gemmis
3232 2319 3282 2363 et
3324 2309 3525 2380 lapidi-

1929 2399 2023 2453 bus
2055 2401 2185 2454 mire
2206 2409 2477 2467 ornatum,
2518 2400 2705 2454 casula
2740 2417 2871 2454 auro
2918 2402 3191 2469 decorata,
3215 2402 3336 2456 dua
3369 2400 3524 2457 stola

1928 2490 2206 2545 deaurata
2239 2509 2358 2546 cum
2402 2508 2586 2545 earum
2612 2492 2920 2562 manipulis,
2948 2501 3000 2546 et
3034 2509 3196 2547 unum
3226 2493 3520 2565 cingulum,

1926 2592 2084 2654 atque
2114 2593 2343 2654 quatuor
2366 2585 2550 2638 amicti
2573 2584 2824 2638 similiter
2850 2585 3117 2640 deaurati.
3150 2586 3303 2652 Quod
3328 2595 3377 2640 et
3402 2587 3520 2642 ideo

1926 2674 2100 2744 facere
2136 2676 2452 2730 studuerunt
2495 2685 2552 2729 ut
2598 2687 2647 2730 et
2695 2676 2861 2743 locus,
2907 2678 3046 2731 unde
3084 2677 3521 2732 Fructuariensis

1926 2768 2168 2821 videlicet
2196 2770 2421 2839 sumpsit
2450 2769 2748 2835 exordium,
2802 2768 2883 2823 Itis
2929 2769 3293 2825 lionestaretur
3314 2770 3520 2825 emolu-

1928 2861 2137 2925 mentis,
2166 2869 2217 2914 et
2246 2861 2342 2914 hoc
2365 2877 2615 2915 memores
2639 2862 2693 2913 in
2720 2870 2986 2932 posterum
3011 2879 3113 2916 non
3134 2862 3358 2917 habeant
3382 2863 3522 2918 unde

1926 2952 2242 3007 scandalum
2292 2963 2491 3007 struere
2527 2955 2711 3024 iniqua
2750 2962 2959 3023 possent
3000 2954 3286 3010 voluntate.
3323 2954 3394 3010 Et
3424 2973 3519 3011 nos

1927 3046 2094 3117 igitur
2115 3045 2383 3115 aquitatis
2398 3044 2529 3114 jura
2564 3046 2911 3115 appendcntes
2937 3056 2987 3100 et
3028 3030 3333 3101 animarum
3352 3047 3519 3105 lucris

1929 3137 2097 3208 magis
2146 3153 2304 3207 quam
2353 3137 2737 3206 cupiditatibus
2775 3156 3134 3209 perversoram
3169 3140 3520 3212 consulentes,

1926 3230 2016 3283 sed
2050 3238 2102 3283 et
2139 3228 2313 3282 sancti
2342 3229 2742 3299 pradecessoris
2778 3235 2945 3285 nostri
2973 3234 3233 3302 promissa
3262 3233 3523 3305 complen-

1928 3329 2025 3386 tes,
2062 3338 2106 3373 α
2151 3320 2440 3391 privilegiis
2491 3339 2694 3392 quoque
2747 3324 3053 3393 apostolicis
3099 3334 3259 3396 atque
3297 3327 3520 3382 decretis

1925 3412 2330 3482 episcopalibus,
2360 3431 2392 3466 a
2413 3416 2690 3484 praceptis
2712 3416 2935 3486 denique
2964 3417 3329 3487 imperialibus
3352 3435 3415 3473 ac
3437 3434 3521 3473 re-

1926 3504 2132 3575 galibus
2175 3521 2278 3557 non
2317 3505 2694 3576 discrepantes,
2746 3506 3159 3564 Fructuariense
3228 3511 3521 3566 canobium

1926 3613 2044 3651 cum
2070 3597 2309 3651 omnibus
2346 3613 2477 3668 quas
2507 3600 2773 3669 possidere
2807 3601 3015 3656 videtur
3048 3602 3220 3670 rebus,
3266 3612 3377 3658 tam
3401 3621 3520 3659 ina-

1927 3687 2120 3744 bilibus
2154 3705 2314 3760 quam
2364 3690 2748 3759 immobilibus,
2787 3694 2845 3746 in
2882 3694 3033 3749 nulla
3069 3696 3414 3766 subjectione,
3461 3697 3521 3751 in

1927 3780 2071 3835 nullo
2088 3781 2212 3852 jure
2241 3783 2492 3854 cuiquam
2522 3786 2691 3839 nostri
2716 3784 2969 3857 episcopii
2995 3789 3330 3855 pertinentia
3357 3789 3521 3844 obno—

1924 3872 2076 3925 xium
2114 3873 2527 3942 proclamantes,
2570 3875 2807 3946 quinimo
2850 3876 2949 3931 sub
3005 3881 3220 3951 proprio
3283 3890 3519 3952 pastore,

1926 3974 1986 4017 ut
2011 3980 2103 4034 per
2128 3967 2308 4020 omnia
2354 3966 2600 4021 absoluta
2645 3968 2890 4024 libertate
2924 3988 2957 4024 a
2990 3970 3227 4027 Romana
3262 3974 3380 4028 sede
3416 3973 3521 4028 sibi

1927 4071 2172 4110 concessa
2192 4059 2431 4127 potiatur
2453 4068 2502 4114 et
2548 4076 2580 4113 a
2604 4059 2812 4114 sublato
2841 4062 3144 4132 Itujusmodi
3179 4064 3519 4137 subjectionis

1928 4148 2135 4201 vinculo
2159 4158 2357 4204 constet
2386 4150 2639 4219 alienam,
2665 4151 2902 4206 volumus
2942 4164 2991 4209 et
3013 4171 3106 4210 nos
3131 4166 3181 4210 et
3208 4159 3518 4227 statuimus,

1927 4240 2022 4294 sub
2049 4241 2294 4311 synodali
2316 4243 2543 4311 decreto,
2594 4253 2652 4297 ut
2698 4244 2878 4300 nullus
2916 4249 3223 4317 monachus,
3249 4261 3341 4305 aut
3377 4268 3520 4321 pra-

1927 4334 2113 4404 scripti
2157 4334 2396 4389 videlicet
2434 4336 2614 4390 domui
2644 4336 2730 4393 W.
2758 4338 2964 4393 abbatis
3004 4358 3291 4411 successor,
3336 4354 3521 4399 contra

1927 4426 2213 4496 piafatum
2241 4426 2414 4480 locum
2443 4428 2647 4500 aliquid
2693 4432 2917 4502 querela
2948 4433 3026 4488 vel
3073 4435 3358 4491 calumnia
3385 4436 3523 4510 infe-

228 4516 524 4588 picharta,
555 4522 651 4591 qui
704 4522 1143 4582 Fructuariensis
1172 4525 1496 4585 monasterii
1533 4526 1828 4595 subjectio-
1859 4557 1904 4611 Β
1930 4526 2037 4584 rat,
2077 4519 2153 4573 vel
2196 4518 2483 4590 quidquam
2529 4523 2872 4591 proprietatis
2908 4543 2999 4579 seu
3050 4527 3391 4597 subjectionis
3435 4546 3521 4583 re-

230 4610 321 4664 nis
368 4625 400 4665 a
450 4610 759 4672 Divionensi
817 4616 1240 4686 immunitatem,
1287 4630 1456 4693 quam
1494 4631 1525 4671 a
1577 4615 1829 4674 Brunone

231 4698 557 4759 Guillclmus
593 4706 1001 4776 impetraverat,
1027 4710 1385 4769 conﬁrmavit.
1429 4708 1610 4778 Unius
1646 4717 1826 4765 tamen

230 4790 446 4845 nullum
490 4793 790 4852 habebatur
846 4800 1124 4870 publicum
1181 4802 1633 4864 instrumentum,
1682 4800 1828 4869 quod

233 4877 424 4935 Bruno
463 4893 634 4939 morte
671 4900 979 4956 praeventus
1024 4907 1137 4947 rem
1178 4907 1285 4948 non
1323 4895 1672 4950 alisolvissu-
1704 4885 1828 4944 "330

234 4979 418 5026 autem
441 4974 630 5030 charta
651 4987 736 5032 est
761 4980 923 5035 veluti
939 4992 1258 5040 ceterarum
1281 4987 1526 5041 omnium
1553 5002 1673 5057 quae
1697 4980 1825 5055 (sic)

234 5065 532 5120 asserenda
555 5073 871 5126 monasterii
902 5074 1145 5143 ejusdem
1178 5078 1426 5147 libertate
1456 5095 1623 5150 supra
1640 5086 1833 5151 protlt-

234 5155 403 5211 limus
437 5164 839 5231 compendium.
874 5164 1115 5223 Habetur
1149 5172 1397 5226 centuria
1435 5188 1494 5239 ιι,
1542 5189 1695 5229 num.
1732 5173 1818 5239 79,

232 5260 304 5300 cx
334 5248 578 5305 archivio
603 5253 751 5324 regio
774 5253 1099 5314 Taurinensi
1129 5259 1423 5330 descripta.

308 5334 423 5406 Ego
458 5337 771 5397 Lambertas
808 5356 1007 5402 sancta
1040 5347 1387 5421 Lingonensis
1419 5350 1678 5407 Ecclesia
1711 5356 1824 5425 epi-

1932 4611 2131 4680 quirat.
2171 4608 2240 4663 Ut
2276 4610 2347 4663 sit
2372 4611 2539 4681 igitur
2591 4613 2701 4682 ipse
2740 4614 2907 4685 locus,
2959 4616 3287 4672 Fructuaria
3322 4620 3521 4684 dictus,

1934 4710 2116 4756 nostra
2135 4718 2334 4773 quoque
2355 4704 2675 4757 auctoritate
2700 4706 3004 4762 inconvulsa
3021 4709 3362 4779 stipulatione
3390 4710 3523 4766 liber

1931 4803 1981 4847 et
2008 4792 2300 4861 absolutus,
2338 4804 2387 4848 et
2426 4794 2489 4848 ab
2521 4796 2663 4849 omni
2698 4799 2909 4868 querela
2944 4801 3215 4870 immunis,
3243 4812 3292 4856 et
3322 4804 3377 4856 in
3405 4803 3521 4873 [ru-

1932 4886 2234 4957 cti/icandis
2253 4885 2530 4942 animabus
2556 4905 2758 4960 semper
2786 4889 2998 4946 Christo
3020 4893 3153 4947 duce
3176 4895 3343 4947 sacris
3364 4904 3521 4964 aptus

1931 4979 2286 5047 incrementis,
2326 4981 2543 5036 testibus
2574 4999 2638 5037 ea:
2669 4994 2846 5038 nostra
2887 4985 3026 5040 clero
3062 4985 3309 5041 admissis
3339 4996 3521 5042 nostra

1929 5070 2314 5142 subscriptione
2331 5073 2622 5144 signemus.
2660 5074 2887 5147 Signum
2920 5077 3193 5134 Lamberti
3223 5074 3525 5150 Lingonen-

1931 5162 2008 5218 sis
2035 5164 2179 5218 sedis
2208 5164 2468 5236 episcopi.
2498 5164 2725 5238 Signum
2760 5168 2974 5226 Bcraldi
3007 5172 3399 5229 archidiaconi.
3434 5170 3521 5227 Si-

1922 5270 2096 5331 gnum
2130 5253 2342 5311 Betaldi
2374 5258 2589 5314 abbatis
2639 5263 2816 5317 sancti
2864 5262 3126 5333 Stephani
3172 5263 3521 5324 Divionensis

1922 5361 2027 5407 εισι,
2072 5348 2266 5401 Actum
2296 5350 2438 5420 apud
2466 5350 2743 5406 Divionem
2762 5355 2969 5425 publice
2994 5374 3054 5411 ιιι
3091 5356 3225 5414 Idas
3264 5358 3519 5414 Januarii

235 5442 446 5497 scapus,
498 5440 677 5487 notam
708 5436 828 5504 ﬁeri
872 5438 1076 5493 decrevi
1123 5449 1235 5494 tam
1276 5444 1622 5512 praesentibus
1668 5462 1826 5516 quam

1927 5460 2058 5498 anno
2086 5438 2156 5495 ab
2185 5440 2550 5498 incarnatione
2586 5444 2801 5501 Domini
2825 5447 2983 5517 1017,
3010 5449 3302 5506 indictione
3330 5468 3399 5506 xv
3431 5469 3516 5506 re-

238 5515 635 5614 l'uturiquuod
679 5526 897 5595 quidam
932 5528 1155 5583 dilectus
1191 5546 1257 5585 ea:
1290 5532 1521 5600 dilectis,
1566 5515 1727 5589 abbas
1752 5538 1829 5591 vi-
1918 5545 2116 5605 gnaute
2138 5530 2368 5590 Roberto
2395 5533 2731 5592 Francorum
2765 5557 2898 5611 rege.
2935 5515 3047 5614 Ego
3078 5542 3230 5599 0ddo
3252 5545 3519 5600 cancella-

236 5606 427 5703 delicet
456 5606 772 5681 Willelmus,
813 5616 951 5670 adiit
990 5621 1365 5689 paternitatcm
1394 5632 1632 5679 nostram
1659 5626 1826 5696 justis
1921 5629 2034 5683 rius
2066 5630 2125 5687 in.
2157 5625 2362 5700 synodo
2418 5637 2620 5684 sancta
2657 5606 3005 5703 Lingonensis
3038 5634 3293 5693 Ecclesia
3313 5638 3410 5692 hoc
3434 5648 3512 5692 te-

239 5697 500 5799 precibus,
528 5710 584 5755 at
606 5703 853 5773 synodali
877 5706 1085 5762 decreto
1120 5709 1386 5779 quoddam
1435 5721 1826 5784 testamentum,
1921 5697 2240 5777 stamentuin
2279 5719 2597 5794 perfectum,
2625 5732 2677 5778 et
2705 5697 2782 5778 ab.
2799 5729 2942 5782 omni
2986 5730 3186 5799 synodo
3233 5730 3513 5785 laudatum

240 5786 381 5859 quod
405 5791 477 5849 ad
498 5803 676 5849 votum
704 5808 970 5866 praventu
1004 5802 1189 5856 mortis
1226 5802 1391 5858 beata:
1415 5808 1679 5861 amatoria
1695 5824 1828 5878 pra-
1920 5822 1971 5867 et
2000 5786 2668 5887 conﬁrmatumvrecogn‘ovi
2686 5826 2735 5871 et
2761 5786 3068 5891 subscripsi.

594 5889 871 5955 Ρληοι..
910 5892 1124 5956 CXLI.

2970 5889 3154 5975 ’γι
