4058 5406
507 255 614 312 845

1392 250 1450 308 S.
1491 250 1934 309 GUILLELMUS
1969 252 2192 308 ABBAS
2231 252 2289 309 S.
2327 253 2599 319 BENIGNI
2636 254 2887 313 DIVION.

3666 258 3773 313 ειι

576 370 639 426 8.Δ
658 363 1096 437 Ετιιάωπίθιιειε
1116 366 1433 421 monasterii
1446 365 1757 422 celebritate
1781 365 1938 421 multi
1959 365 2091 421 alle-

2191 369 2348 423 mina:
2372 386 2482 424 sua:
2502 379 2646 437 sunt,
2685 372 3008 427 conscientia
3039 388 3155 427 mea
3184 380 3346 428 terret
3388 390 3467 428 me
3494 372 3646 444 pejus
3667 390 3779 429 om-

505 464 602 530 cti,
633 477 744 518 non
773 459 951 516 solum
978 474 1079 515 sua
1107 456 1179 525 ei,
1205 457 1302 513 sed
1328 466 1383 513 et
1406 473 1466 513 se
1502 457 1651 527 ipsos
1680 456 1951 513 tradidere
1976 476 1990 525 ;
2021 472 2089 513 ex

504 555 574 612 iis
598 552 829 610 celebris
878 551 983 607 fuit
1028 549 1329 617 Arduinus,
1369 548 1535 604 Italia
1582 564 1681 603 rex
1705 588 1721 615 ,
1775 548 1892 619 qui,
1925 549 2089 605 rebus

502 646 645 701 male
693 645 955 701 adversus
1004 641 1299 698 Henricum
1342 641 1726 711 imperatorem
1766 639 1956 711 gestis,
1985 656 2088 695 sa-

502 740 625 795 culo
668 737 980 794 valedicens
1033 736 1090 791 in
1114 735 1511 799 monasterium
1564 733 1884 803 pradictum
1916 748 1975 788 se
1999 746 2088 786 re-

499 831 661 901 cepit,
689 830 783 885 ubi
809 827 1097 885 defunctus
1126 836 1179 882 et
1199 827 1442 898 sepultus
1462 842 1492 882 a
1515 825 1791 882 nonnullis
1813 823 1963 879 Beati
1979 838 2082 878 no-

499 922 647 977 mine
679 923 912 987 donatus
936 929 1041 976 est.
1088 917 1201 975 Hoc
1232 919 1391 975 titulo
1438 918 1733 991 insignitur
1761 917 1818 972 in
1850 915 2083 991 Benedis

497 1017 647 1071 ctino
677 1014 978 1086 Menologio
988 1013 1252 1081 Bucelini,
1274 1012 1368 1067 ubi
1388 1012 1476 1068 die
1504 1012 1539 1066 2
1560 1010 1760 1078 Martii,
1786 1025 1930 1066 anno
1946 1007 2083 1064 1018

496 1106 700 1163 abiisse
725 1115 1077 1175 memoratur.
1106 1102 1234 1159 Hac
1266 1103 1572 1159 sanctitatis
1599 1102 1785 1173 opinio
1810 1118 1918 1172 qua
1938 1100 2081 1157 Fru-

496 1197 706 1253 ctuaria
750 1203 882 1250 tunc
904 1195 1165 1264 temporis
1201 1195 1710 1262 commendabatur,
1742 1195 1808 1252 ad
1832 1202 2081 1264 posteros
2124 1213 2140 1226 ·

494 1290 658 1344 etiam
700 1284 1024 1344 transmissa
1080 1287 1204 1354 fuit,
1248 1296 1309 1343 ut
1363 1302 1431 1342 ex
1472 1288 1641 1344 variis
1687 1286 1895 1342 chartis
1924 1285 2082 1341 facile

493 1381 673 1453 colligi
694 1390 892 1452 potest,
916 1396 1038 1451 qua
1072 1396 1102 1435 a
1129 1379 1482 1436 Guichenone
1511 1378 1840 1434 referuntur.
1873 1378 2078 1434 Locum

493 1471 640 1527 hunc
662 1487 774 1541 pra
811 1472 1022 1527 cateris
1054 1471 1223 1526 coluit
1265 1470 1446 1542 Agnes
1480 1470 1816 1540 imperatrix,
1861 1467 2079 1525 Henriei

489 1565 721 1636 Augusti
755 1573 948 1631 mater,
988 1564 1167 1635 cujus,
1196 1572 1250 1618 et
1291 1562 1434 1618 beati
1462 1562 1710 1617 Annonis
1735 1560 2079 1617 Coloniensis

489 1657 881 1727 archiepiscopi
911 1657 1215 1711 interventu
1244 1653 1549 1710 Alexander
1578 1652 1624 1708 il
1660 1668 1911 1709 summus
1939 1668 2079 1722 pon-

488 1747 618 1802 tifex
655 1748 935 1819 privilegia
977 1747 1225 1816 ejusdem
1268 1746 1586 1802 monasterii
1636 1762 1738 1801 suo
1782 1746 2078 1817 diplomate

486 1841 829 1896 conﬁrmavit
870 1856 1016 1897 anno
1047 1840 1205 1895 1070.
1238 1840 1397 1897 Certe
1433 1856 1558 1896 cum
1591 1842 1784 1898 beatus
1812 1841 1991 1910 Anno,
2017 1852 2078 1898 ut

487 1930 654 1987 refert
677 1931 1003 1989 Lambertus
1034 1931 1581 2004 Schafnaburgensis,
1618 1941 1809 1989 auctor
1830 1933 2074 2004 aqualis,

486 2023 540 2076 in
574 2022 724 2078 Italia
748 2039 913 2094 agens
944 2023 1012 2078 ad
1049 2022 1471 2079 Fructuariense
1518 2024 1917 2079 monasterium
1948 2038 2076 2079 ora-

484 2115 653 2171 tionis
676 2131 843 2171 causa
877 2116 1206 2184 divertissct,
1255 2134 1274 2168 ι
1319 2116 1395 2171 ibi
1430 2116 1735 2172 admiratus
1770 2116 2076 2172 monacho—

476 2220 608 2257 rum
643 2204 1008 2261 arctissimam
1055 2214 1109 2261 et
1132 2205 1433 2261 secundum
1454 2205 1654 2278 regula
1674 2205 1923 2262 instituta
1946 2220 2080 2260 con—

484 2297 875 2365 versationem,
909 2297 1202 2353 nonnullos
1235 2312 1425 2352 eorum
1455 2297 1512 2351 in
1543 2311 1707 2367 opere
1734 2295 1831 2352 Dei
1873 2296 2076 2367 proba-

486 2387 730 2444 tissimos
764 2404 952 2445 secum
979 2388 1196 2443 rediens
1216 2387 1440 2442 abduxit
1480 2405 1499 2438 ι
1534 2402 1676 2457 quos
1705 2388 1763 2442 in
1799 2394 2076 2442 monaste-

482 2482 566 2536 rio
591 2480 969 2553 Sigebergensi
1014 2496 1047 2535 a
1082 2495 1140 2537 se
1171 2480 1290 2550 ipso
1326 2478 1547 2535 condito
1575 2478 1879 2535 constituit.
1920 2478 2074 2546 Qua,

480 2572 664 2643 inquit
686 2572 829 2627 idem
863 2583 1075 2637 auctor,
1111 2570 1328 2626 occasio
1363 2568 1469 2624 fuit
1498 2577 1558 2624 ut
1587 2569 1644 2624 in
1699 2568 1912 2625 eateris
1940 2583 2078 2638 quo-

481 2679 589 2733 que
628 2662 978 2718 monasteriis
1018 2661 1287 2732 regularis
1322 2660 1670 2715 observantia
1706 2668 2072 2730 repararetur.

554 2757 607 2811 9.
655 2755 760 2811 Sed
807 2764 864 2811 et
908 2756 1028 2826 ipsa
1061 2754 1242 2825 Agnes
1289 2753 1556 2824 Augusta,
1607 2752 1792 2808 saeculi
1835 2751 2076 2807 vanitate

481 2849 769 2919 abnegata,
813 2848 967 2918 prius
1014 2861 1179 2917 quam
1215 2844 1403 2900 Roma
1433 2844 1619 2900 sedem
1661 2842 1892 2910 ﬁxisset,
1933 2841 2077 2912 apud

481 2937 861 2994 Fructuariam
884 2938 1219 2992 morabatur.
1239 2935 1517 3017 Quantum
1547 2950 1678 2990 vero
1699 2934 1945 3005 ejusdem
1969 2933 2075 2987 loci

480 3031 782 3086 monachos
801 3038 1175 3095 veneraretur,
1212 3043 1279 3082 ex
1301 3014 1422 3097 ejus
1450 3026 1700 3096 epistola,
1725 3014 2075 3096 quamlpaulo
2103 3070 2143 3128 C

481 3131 606 3177 ante
639 3137 805 3192 quam
841 3121 985 3192 apud
1014 3135 1109 3176 eos
1142 3120 1421 3175 secederet
1468 3118 1708 3188 scripsit,
1741 3116 1940 3187 conjici
1982 3132 2079 3187 po-

482 3225 610 3283 test,
634 3217 714 3271 sic
749 3228 931 3271 autem
981 3230 1040 3271 se
1076 3215 1240 3269 habet
1285 3213 1430 3283 apud
1472 3212 1905 3279 Guicbenonem,
1945 3209 2082 3266 Cen-

481 3308 625 3363 turia
660 3324 720 3375 n,
757 3324 909 3363 num.
956 3306 1045 3374 77,
1071 3321 1139 3362 ex
1161 3304 1453 3361 Chartario
1495 3303 1940 3360 Fructuariensis
1982 3304 2078 3359 de-

481 3400 687 3470 scripta
718 3418 730 3454 :

547 3490 614 3545 A.
649 3491 961 3561 imperatria:
982 3498 1032 3545 et
1054 3488 1334 3559 peccatrix
1355 3488 1421 3541 A.
1461 3485 1734 3558 [Andreae]
1760 3484 1920 3540 Patri
1943 3484 2076 3538 bono

477 3592 526 3637 et
551 3583 807 3652 fratribus
834 3584 892 3636 in
919 3580 1249 3636 Fructuaria
1273 3579 1625 3651 congregatis,
1654 3580 1711 3632 in
1734 3578 1942 3632 nomine
1970 3576 2074 3630 Do-

480 3676 629 3732 mini.
661 3672 977 3730 Servitutem
1001 3671 1237 3739 ancilla,
1261 3671 1411 3741 cujus
1443 3670 1584 3725 oculi
1609 3670 1665 3723 in
1697 3668 1938 3723 manibus
1969 3653 2069 3720 do-

2191 461 2245 512 ni
2268 460 2417 515 larva
2439 463 2681 532 omnique
2701 464 2949 534 imagine.
2997 461 3125 519 Ideo
3157 464 3302 535 fugio
3329 482 3422 535 per
3463 475 3776 521 sanctorum

2190 550 2305 604 loca
2325 568 2560 622 quarens
2596 552 2876 608 latibulum
2896 571 2929 608 a
2954 554 3093 625 facie
3127 555 3335 608 timoris
3356 554 3534 625 hujus,
3560 572 3654 609 nec
3672 556 3778 609 mi-

2190 645 2391 697 nimum
2424 644 2744 698 desiderium
2772 654 2851 699 est
2895 646 3025 700 mihi
3048 645 3283 701 veniendi
3308 646 3378 700 ad
3419 663 3528 714 vos,
3559 647 3625 701 de
3647 648 3773 718 qui-

2188 731 2281 785 bus
2308 733 2536 812 comperi
2579 734 2704 805 quia
2739 743 2912 788 vestra
2963 735 3270 789 intercessio
3306 745 3450 790 certa
3477 735 3627 790 salus
3660 746 3772 801 est;

2185 823 2276 877 sed
2305 832 2500 878 nostra:
2539 825 2889 895 profectiones
2920 825 2978 881 in
3011 843 3173 881 manu
3207 826 3307 882 Dei
3337 835 3479 895 sunt,
3502 836 3553 881 et
3583 844 3687 881 non
3713 828 3773 881 in

2184 924 2368 971 nostra
2394 917 2679 973 voluntate.
2710 917 2937 974 Interim
2981 936 3099 975 vero
3140 930 3308 975 mente
3331 920 3494 974 adoro
3517 920 3586 973 ad
3614 920 3772 990 pedes

2180 1017 2402 1077 uestros,
2428 1027 2618 1082 rogans
2640 1020 2699 1065 ut
2726 1010 3051 1082 Gregoriana
3074 1014 3270 1084 pietate
3290 1014 3347 1067 in
3374 1012 3666 1082 Trajanum
3688 1030 3774 1083 pe-

2185 1101 2313 1154 tatis
2342 1100 2472 1154 milti
2501 1101 2701 1157 ueniam
2728 1118 2763 1156 a
2792 1101 3054 1170 Domino;
3095 1103 3223 1175 quia
3260 1120 3481 1174 namque
3502 1103 3594 1158 ille
3632 1120 3770 1158 unus

2182 1192 2334 1247 homo
2361 1192 2425 1247 ab
2470 1193 2663 1264 inferni
2705 1193 2955 1250 claustris
2997 1196 3235 1250 exoravit
3276 1210 3562 1267 paganum,
3610 1195 3770 1250 ntulti

2181 1305 2270 1343 vos
2292 1288 2452 1359 facile
2473 1290 2752 1345 salvabitis
2790 1291 3156 1348 Christianam
3198 1310 3379 1348 unam.
3421 1292 3576 1359 Quod
3607 1295 3655 1348 si
3676 1294 3769 1348 de-

2181 1382 2469 1449 creveritis,
2516 1391 2634 1452 peto
2671 1391 2730 1437 ut
2774 1384 2831 1436 in
2870 1383 3080 1454 signum
3125 1385 3338 1456 pietatis
3366 1385 3671 1440 societatem
3716 1391 3770 1438 et

2181 1470 2575 1541 fraternitatem
2628 1480 2853 1527 vestram
2903 1472 3186 1540 mandetis,
3235 1481 3285 1528 et
3351 1475 3578 1528 mittatis
3636 1472 3769 1527 mihi

2179 1576 2339 1631 quam
2358 1563 2609 1632 primum.
2634 1562 2779 1634 Rogo
2800 1564 2963 1618 etiam
2985 1572 3043 1618 ut
3066 1580 3287 1635 parvum
3308 1564 3447 1635 quod
3470 1565 3622 1617 mitto
3645 1581 3767 1617 mu-

2181 1654 2461 1707 nusculum
2506 1654 2883 1709 admonitionis
2925 1656 3135 1727 signum
3165 1655 3427 1725 suscipere
3451 1656 3765 1726 dignemini,

2178 1752 2435 1814 quatenus
2454 1746 2666 1800 credam
2698 1747 2825 1817 quia
2859 1746 2924 1800 de
2946 1764 3026 1801 me
3064 1764 3251 1801 curare
3276 1748 3616 1817 incaperitis.
3664 1745 3768 1800 Va—

2179 1833 2298 1902 lete,
2324 1843 2374 1889 et
2399 1844 2476 1903 tu,
2507 1834 2672 1890 Pater
2691 1835 2840 1903 bone,
2865 1836 3144 1907 diligenter
3167 1836 3473 1891 commenda
3497 1854 3577 1890 me
3600 1837 3767 1906 spiri-

2181 1925 2460 1979 talioribus
2503 1925 2761 1995 fratribus
2805 1926 2867 1980 de
2912 1926 3156 1981 canobiis
3201 1936 3356 1998 atque
3377 1925 3545 1993 cellis,
3576 1936 3634 1979 ut
3678 1928 3765 1996 fa‘

2179 2015 2323 2068 ciant
2353 2032 2431 2070 me
2455 2016 2770 2086 participem
2808 2017 2865 2069 in
2898 2015 3229 2071 orationibus
3274 2025 3323 2070 et
3355 2016 3578 2086 jejuniis
3609 2025 3768 2086 atque

2179 2106 2418 2160 omnibus
2443 2105 2726 2177 benefactis
2746 2107 2877 2161 suis.

2250 2199 2336 2252 10.
2376 2198 2578 2254 Eadem
2600 2200 2848 2271 Augusta
2878 2198 3274 2255 interveniente
3302 2197 3569 2254 Henricus
3592 2197 3768 2268 impe-

2176 2298 2350 2357 rator,
2393 2290 2538 2346 ﬁlius
2562 2291 2702 2362 ejus,
2726 2292 3070 2356 monasterio
3108 2290 3522 2347 Fructuariensi
3564 2289 3765 2343 Risum

2179 2391 2353 2437 totum
2396 2399 2520 2439 cum
2550 2383 2806 2439 omnibus
2852 2366 3341 2455 appendiciis’suis
3395 2384 3450 2436 in
3496 2382 3767 2437 comitatu

2177 2473 2421 2545 Aquensi
2468 2475 2636 2543 dedit,
2689 2484 2750 2529 ut
2793 2491 2860 2530 ex
2909 2477 3030 2546 ejus
3055 2476 3241 2532 charta
3268 2483 3476 2531 certum
3501 2482 3604 2537 est,
3643 2488 3770 2544 qua

2178 2568 2425 2622 centuria
2460 2582 2537 2634 χι,
2595 2582 2748 2622 num.
2790 2567 2857 2623 76
2880 2609 2895 2635 ,
2940 2567 3197 2624 refertur.
3235 2567 3397 2623 Initio
3432 2566 3621 2622 saeculi
3674 2581 3766 2621 se-

2178 2660 2397 2729 quentis
2440 2660 2752 2730 patriarcha
2785 2658 3276 2733 Jerosolymitanus
3320 2675 3445 2715 cum
3493 2658 3766 2714 Fructua-

2178 2750 2376 2806 rieusis
2420 2751 2738 2806 monasterii
2766 2750 3030 2807 fratribus
3071 2751 3385 2806 societatem
3429 2751 3567 2818 iniit,
3603 2749 3766 2820 cujus

2177 2855 2242 2893 ea
2272 2840 2337 2894 de
2369 2857 2428 2895 re
2457 2842 2687 2911 epistola
2728 2842 2960 2898 habetur
3014 2843 3237 2909 ibidem,
3282 2859 3434 2896 num.
3471 2842 3558 2896 73.
3590 2841 3767 2896 Totus

2177 2940 2261 2986 est
2297 2932 2352 2986 in
2398 2932 2843 2990 Fructuariensis
2898 2936 3218 2990 monasterii
3253 2935 3507 2990 laudibus
3555 2934 3768 2989 descri-

2177 3023 2370 3079 bendis
2420 3023 2614 3081 Petrus
2666 3026 2917 3081 Damiani
2968 3027 3234 3096 npusculo
3291 3025 3378 3091 18,
3413 3041 3532 3096 cap.
3581 3026 3646 3092 5,
3695 3026 3767 3079 ad

2181 3116 2495 3173 Adelaidem
2540 3119 2911 3187 comitissam,
2970 3120 3061 3174 ubi
3110 3135 3171 3175 se
3210 3119 3283 3173 ibi
3326 3119 3514 3173 decem
3569 3117 3765 3172 diebus

2181 3209 2418 3281 hospitio
2439 3220 2753 3280 susceptum
2778 3211 2949 3267 fuisse
2970 3211 3231 3282 perhibet.
3262 3210 3578 3265 Perseverat
3595 3208 3765 3263 etiam

2180 3314 2326 3355 nunc
2383 3301 2595 3357 celebre
2636 3302 2782 3358 istud
2832 3302 3142 3358 coenobium
3174 3302 3443 3373 spirituali
3495 3301 3663 3357 simul
3707 3307 3768 3356 et

2178 3394 2466 3463 temporali
2485 3393 2870 3464 jurisdictione
2897 3394 3232 3465 amplissima
3270 3394 3533 3465 gaudens,
3563 3392 3618 3449 in
3650 3407 3764 3463 quo

2180 3483 2475 3540 Mauricius
2512 3485 2802 3542 Sabaudiae
2853 3487 3011 3543 ducis
3054 3487 3231 3553 filius,
3270 3487 3365 3557 qui
3413 3486 3591 3541 eidem
3638 3485 3762 3541 loco

2180 3577 2337 3632 initio
2372 3578 2556 3633 saculi
2585 3580 2858 3635 currentis
2899 3589 3159 3650 praerat,
3203 3579 3490 3651 collegium
3525 3577 3761 3635 canoni-

2178 3684 2369 3723 corum
2398 3670 2742 3725 saecularium
2770 3670 3022 3726 instituit.

3607 3823 3749 3844 —

1292 3979 1425 4057 DE
1480 3977 2146 4059 MONASTEBIO
2207 3979 2930 4061 FlSCAMNENSi.

449 4271 453 4275 “
550 4281 601 4335 1.
642 4279 756 4337 Etsi
787 4281 999 4339 abbatis
1051 4281 1274 4339 nomine
1319 4282 1682 4356 quadraginta
1721 4284 1835 4341 fere
1863 4299 2060 4341 mona-
2093 4292 2138 4348 Ι)
2163 4287 2346 4359 gensis
2394 4285 2552 4352 ﬁnes,
2603 4284 2857 4355 quamvis
2903 4285 3129 4343 omnino
3159 4286 3421 4356 liberum,
3472 4290 3645 4347 situm
3696 4294 3752 4350 in

481 4373 682 4442 steriis,
706 4384 768 4430 ut
796 4375 961 4431 habet
997 4374 1219 4443 Glaber,
1248 4375 1444 4432 beatus
1471 4363 1797 4434 Guillelmus
1835 4376 2065 4448 praefue-

477 4463 571 4533 rit,
588 4481 842 4538 eumque,
866 4483 966 4541 pro
992 4478 1244 4540 reparata
1264 4468 1551 4541 disciplina
1571 4470 1812 4542 regulari
1832 4471 2066 4541 aliisque

477 4554 777 4626 beneﬁciis,
813 4575 980 4631 quam
1010 4561 1250 4631 plurima
1284 4559 1583 4618 Galliarum
1607 4568 1663 4618 et
1686 4560 1855 4619 Italia
1871 4577 2063 4618 cano-

479 4648 569 4704 bia
600 4652 849 4706 certatim
885 4652 990 4707 sibi
1016 4653 1313 4722 vindicent,
1338 4669 1451 4726 pra
1473 4654 1687 4711 cateris
1716 4662 1900 4711 tamen
1921 4655 2065 4711 hanc

479 4739 646 4797 habet
683 4745 1101 4815 prarogativam
1142 4746 1453 4816 percelebre
1495 4747 1857 4803 sanctissima
1883 4746 2064 4801 Trini-

476 4832 607 4889 tatis
637 4833 1029 4893 Fiscamnense
1060 4838 1478 4906 monasterium,
1509 4839 1686 4910 quod,
1729 4847 1855 4910 post
1888 4852 2062 4895 annos

476 4921 649 4978 ferme
678 4924 899 4996 triginta
934 4925 1236 4996 regiminis,
1265 4926 1440 4996 ipsius
1465 4928 1717 4998 sepulcro
1737 4928 2062 5000 insignitum

477 5012 663 5070 fuerit.
692 5015 851 5072 Certe
884 5032 1009 5072 eum
1055 5032 1200 5073 anno
1229 5016 1361 5073 1001
1405 5017 1815 5077 Fiscamnensis
1863 5036 2060 5077 mona-

479 5106 632 5160 sterii
662 5108 907 5177 regimen
929 5110 1260 5179 suscepisse,
1282 5110 1484 5167 diserte
1507 5111 1740 5168 habetur
1759 5113 1817 5168 in
1856 5111 2060 5184 duplici

478 5191 774 5264 Chronico,
802 5199 946 5268 apud
971 5198 1272 5266 Labheum,
1292 5198 1485 5256 tomol
1509 5200 1858 5259 Bibliotheca
1882 5218 2056 5271 nova,

480 5301 718 5350 quorum
775 5305 945 5344 unum
1008 5289 1476 5350 Rotbomaaense.
1534 5294 1767 5349 alterum
1809 5293 2058 5350 Fiscam-

2167 4377 2373 4436 Caletis
2388 4379 2456 4434 ad
2475 4385 2828 4449 prospectum
2851 4379 3042 4446 maris,
3066 4396 3176 4452 quo
3197 4380 3252 4436 in
3280 4382 3401 4438 loco
3420 4382 3751 4457 Waningus,

2164 4470 2252 4525 vir
2284 4469 2515 4537 nobilis,
2545 4470 2748 4526 saculo
2774 4470 3009 4540 septimo
3042 4473 3436 4529 monasterium
3472 4476 3752 4548 virginum

2166 4568 2572 4629 construxerat;
2629 4562 2723 4618 sed
2766 4577 2833 4618 eo
2887 4576 2987 4633 per
3032 4562 3401 4622 Nortmannos
3444 4567 3750 4635 destructo,

2164 4652 2312 4710 aliud
2335 4668 2434 4725 pro
2473 4652 2610 4707 viris
2632 4651 3006 4710 Nortmannia
3040 4655 3241 4712 ducum
3285 4658 3614 4715 liberalitate
3644 4676 3750 4717 sa-

2164 4744 2274 4801 culi
2319 4743 2485 4815 hujus
2531 4744 2690 4800 initio
2739 4746 3119 4815 consurrexit,
3160 4748 3401 4821 illudque
3430 4751 3751 4807 etiamnunc

2164 4835 2360 4908 Opibus
2417 4844 2473 4891 et
2523 4836 2808 4892 nobilitate
2860 4839 3071 4905 cateris
3126 4842 3421 4910 provincia
3477 4845 3750 4901 coenobiis

2160 4928 2497 4999 praeminet,
2523 4928 2626 4985 sub
2651 4937 2843 4987 nostra
2875 4930 3052 4986 sancti
3094 4930 3271 4988 Mauri
3296 4936 3743 5007 congregatione.

2166 5020 2419 5094 Waningi
2453 5022 2619 5092 primi
2669 5022 2790 5093 ejus
2834 5021 3139 5081 fundatoris
3191 5024 3388 5094 Vitam,
3424 5042 3523 5083 seu
3559 5028 3746 5098 potius

2161 5114 2356 5170 mutila
2381 5112 2556 5184 ipsius
2575 5112 2716 5170 Vita
2741 5113 3043 5186 fragmenta
3064 5131 3133 5172 ex
3156 5117 3383 5173 incertis
3399 5120 3740 5187 auctoribus,

2161 5207 2363 5262 saeculo
2415 5206 2656 5263 secundo
2711 5209 3061 5277 protulimus.
3117 5209 3321 5268 Prater
3368 5206 3514 5267 hanc
3556 5211 3742 5267 Vitam

2159 5296 2426 5350 habemus
2450 5313 2562 5350 ora
2591 5299 2847 5350 manibus
2877 5316 2941 5350 ex
2976 5302 3163 5350 codim
3201 5318 3306 5350 ms-
3330 5302 3578 5350 ρὶιιςᾶρπι
3619 5317 3743 5350 mn-
