4058 6390
298 334 404 392 845
1570 355 1851 420 NOTITIA
1889 364 2278 429 HISTORICA.

294 462 665 523 exponuntur.
698 448 777 512 Ex
808 456 915 516 hoc
951 459 1091 518 libro
1119 462 1387 525 discimus
1408 479 1659 530 sanctum
1706 468 1879 535 Maio-
1905 489 1952 545 Α
1977 493 2102 554 post
2127 486 2480 548 Guillclmum
2503 491 2911 571 Divionensem,
2935 503 3114 563 virum
3164 520 3465 583 sapientem
3512 527 3567 574 οι

294 544 406 583 lum
447 544 863 583 Ωιιιηίειηωιοοη.
898 553 1145 583 ..ιιιιηιηη
1182 574 1207 583 -
1235 558 1504 583 [32-].--1-
1537 563 1558 583 ι
1589 565 1635 583 ιγ
1704 571 1718 583 .
1984 577 1997 583 -
2147 579 2181 583 __
2228 581 2235 583 .

293 544 409 599 lum
447 544 864 607 Cluniaeensem
896 553 1146 612 abbatem
1180 574 1212 614 a
1235 558 1512 619 Richardo
1537 563 1558 618 Ι
1589 565 1882 627 Νοτίωαηά
1907 544 1951 545 π

291 648 491 690 norum
527 638 668 694 duce
699 638 869 697 fuisse
898 643 1186 703 invitatum
1218 658 1281 704 ut
1321 656 1625 713 monachos
1652 658 1879 717 Clunia-

289 739 485 785 censes
546 728 902 789 Fiscamnum
958 741 1386 812 transmitteret,
1448 751 1729 808 canonicis
1782 756 1877 825 qui

285 825 423 873 tunc
476 820 621 877 hanc
680 824 968 881 ecclesiam
1041 833 1387 902 occupabant
1444 820 1872 901 substituendos.

284 906 446 976 Quod
489 927 615 967 cum
668 913 756 969 vir
810 927 1035 977 sanctus
1092 921 1275 980 facere
1325 928 1629 999 tenuisset,
1686 944 1875 1004 postea

283 999 548 1059 Richardi
580 1004 819 1065 lunioris
847 1018 1113 1082 tempore,
1157 1014 1479 1076 Guillclmus
1524 999 1730 1095 noster,
1758 1028 1873 1099 jam

279 1094 455 1152 abbas
481 1096 874 1170 Benignianus,
902 1103 1076 1160 eidem
1103 1107 1223 1163 loco
1261 1113 1587 1182 praepositus
1629 1094 1731 1185 est,
1759 1094 1872 1178 'ubi

277 1190 645 1248 monasticam
683 1193 852 1250 vitam
885 1199 1146 1255 restituit.
1180 1201 1530 1262 Guillclmum
1568 1225 1679 1280 pra:
1709 1223 1870 1271 cazte-

274 1279 361 1335 ris
408 1281 545 1337 viris
592 1284 717 1354 piis,
772 1287 865 1357 qui
917 1296 1048 1346 tunc
1089 1296 1353 1365 temporis
1402 1298 1457 1353 in
1513 1298 1870 1362 Nor'tmannia

273 1369 576 1443 ﬂorebant,
602 1391 632 1430 a
664 1376 940 1438 Richardo
962 1384 1225 1443 dilectum
1262 1389 1434 1448 fuisse
1455 1400 1689 1452 testatur
1711 1397 1870 1472 Hugo

274 1466 708 1531 Flaviniacensis
757 1476 813 1531 in
859 1477 1138 1538 Chronico
1181 1484 1536 1557 Virdunensi,
1582 1492 1696 1560 ubi,
1724 1510 1866 1565 prae-

271 1559 466 1617 missis
530 1561 792 1623 Richardi
849 1569 1143 1643 laudibus,
1197 1576 1293 1647 qui
1355 1580 1532 1648 pulsis
1586 1586 1868 1644 canonicis

271 1651 580 1707 monachos
605 1655 708 1710 sub
739 1655 1013 1716 Guillclmi
1052 1664 1428 1723 moderamine
1461 1668 1740 1728 Fiscamni
1776 1675 1864 1731 in-

272 1741 473 1809 stituit,
507 1743 588 1800 sic
633 1747 950 1805 concludit:
991 1772 1010 1805 ‹
1055 1752 1232 1825 Hujus
1274 1766 1521 1829 tempore
1560 1763 1694 1818 viris
1736 1766 1864 1820 reli-

1976 858 2183 914 mensis
2210 866 2537 935 monachus,
2581 869 2695 927 fere
2744 884 2895 932 xxvii
2928 881 3088 937 annis
3138 886 3332 942 tenuit.
3375 886 3474 945 Hic
3502 899 3566 948 ut

1974 949 2206 1019 mystica
2231 955 2458 1023 nardus,
2478 957 2532 1013 in
2559 959 2724 1018 domo
2751 962 2968 1022 Domini
2994 969 3243 1043 ﬂagravit
3274 976 3559 1048 charitate,

1973 1035 2223 1109 largitate
2253 1045 2685 1122 multimodaque
2722 1055 3011 1125 probitate.
3067 1035 3243 1133 Dpcra
3290 1083 3413 1138 quae
3465 1035 3563 1140 pa:

1971 1125 2080 1181 iam
2118 1130 2309 1188 sedulo
2340 1133 2489 1206 fecit,
2512 1141 2595 1195 vel
2620 1142 2676 1198 in
2704 1146 2919 1202 occulto
2963 1165 3146 1206 coram
3194 1157 3385 1224 paucis
3414 1160 3562 1214 arbi-

1972 1218 2073 1274 tris
2146 1225 2509 1296 omnipotenti
2581 1231 2694 1290 Deo
2758 1237 2986 1307 libavit,
3044 1218 3373 1302 attestantur
3436 1252 3560 1321 quis

1970 1309 2196 1379 spiritus
2247 1315 2304 1370 in
2356 1318 2452 1373 illo
2498 1314 2783 1406 habitavit,
2836 1329 3128 1403 ipsumque
3156 1342 3331 1392 totum
3381 1309 3561 1409 possi-

1968 1401 2103 1457 dens
2128 1405 2195 1460 ad
2238 1408 2438 1466 solium
2481 1402 2699 1472 Domini
2748 1420 2977 1477 sabaoth
3008 1401 3399 1485 coronandum-
3432 1448 3560 1503 per-

1967 1492 2142 1550 duxit.
2191 1516 2211 1550 ι
2250 1497 2417 1558 Plura
2467 1504 2534 1561 de
2567 1505 2857 1568 Guillelmo
2906 1513 2949 1567 ιι
2988 1515 3153 1574 habet
3185 1520 3328 1577 idem
3358 1492 3553 1581 auctor

1966 1583 2109 1640 libro
2130 1603 2184 1641 χι
2213 1589 2305 1644 ubi
2328 1591 2468 1648 inter
2488 1605 2683 1654 caetera
2716 1599 2925 1671 profert
2947 1605 3190 1676 ejusdem
3212 1612 3550 1684 epitaphium

1964 1676 2034 1732 ab
2056 1675 2372 1739 Hildeberto
2401 1685 2805 1749 Cenomanensi
2827 1675 3051 1754 editum.
3091 1719 3110 1752 ι
3146 1675 3552 1764 δρᾶ-ὴίεόωίε-

1965 1769 2062 1837 sis,
2095 1779 2285 1843 utpote
2317 1792 2441 1847 qum
2462 1779 2577 1850 jam
2609 1783 2756 1839 edita
2788 1796 2936 1857 sunt,
2978 1789 3319 1861 proferemus
3350 1813 3418 1854 ex
3443 1816 3549 1857 ms.

2049 1833 2058 1837 ’
2158 1833 2174 1843 ⁵
2334 1833 2352 1847 Ι
2462 1833 2577 1850 σ“““““
2615 1833 2756 1839 ⁷“““”“
2788 1833 2936 1857 “’“”¹⁹⁶’
2980 1833 3319 1861 Γιυινιυιιιυδ
3350 1833 3418 1854 CL
3443 1833 3549 1857 ιιιδ.

269 1833 445 1904 giosis
496 1835 681 1895 ﬂoruit
731 1839 1089 1915 Normannia,
1126 1849 1220 1920 qui
1269 1851 1333 1906 ad
1361 1868 1485 1921 eum
1517 1856 1863 1916 confluebant
1894 1847 1937 1910 Β
1963 1862 2150 1919 codice
2176 1864 2556 1929 Fiscamnensi
2577 1873 2949 1948 fragmentum
2979 1900 2997 1933 ι
3016 1885 3261 1953 epistola:
3282 1887 3549 1948 Baldcrici

269 1928 419 1953 ιιι-1.-.
444 1943 568 1953 Α---
601 1932 663 1953 -j
696 1934 833 1953 -l--__
878 1936 892 1950 ο
981 1938 993 1950 ι
1045 1948 1053 1953 .
1330 1944 1344 1953 .
1560 1946 1571 1953 .
1731 1951 1745 1953 μ

265 1928 423 1983 velut
442 1943 571 2000 apes
598 1932 664 1987 ad
690 1934 951 2003 alvearia,
978 1938 1123 1995 inter
1144 1957 1287 2012 quos
1330 1944 1479 2002 hunc
1520 1946 1701 2003 virum
1730 1951 1861 2007 bea-

267 2026 410 2087 tum,
439 2020 787 2079 Guillclmum
832 2028 1105 2098 abbatem,
1128 2034 1474 2103 propensiori
1510 2038 1677 2094 coluit
1702 2056 1859 2098 reve-

268 2112 482 2179 rentia,
518 2115 656 2170 adeo
702 2123 764 2171 ut
812 2119 1035 2189 speciali
1088 2138 1216 2177 eum
1267 2140 1455 2181 amore
1492 2127 1767 2201 diligeret,
1803 2141 1860 2188 et

266 2207 557 2275 praeceptis
578 2208 698 2278 ejus
725 2210 1103 2283 obtemperare
1126 2217 1485 2290 consiliisque
1512 2223 1860 2293 acquiescere

266 2295 551 2365 gauderet.
600 2317 618 2350 ι
661 2298 815 2357 Hanc
859 2304 963 2359 sibi
1007 2308 1393 2365 auctoritatem
1445 2325 1859 2385 comparaverat

265 2384 595 2446 Guillclmus
624 2392 751 2449 vitae
779 2411 892 2451 suae
923 2414 988 2454 ac
1018 2416 1247 2457 suorum
1301 2405 1686 2463 sanctimonia.
1737 2408 1857 2476 Qua

265 2491 399 2532 vero
442 2480 655 2538 ratione
704 2498 771 2540 eo
808 2487 1234 2547 in.monasteri'o
1276 2494 1528 2551 instituta
1556 2496 1720 2556 fuerit
1754 2502 1857 2558 sub

264 2564 390 2635 ejus
422 2570 687 2639 regimine
708 2579 1014 2635 menastica
1041 2590 1173 2649 Vita,
1193 2583 1308 2653 jam
1332 2600 1399 2640 ex
1425 2585 1856 2662 Chronographo

267 2655 613 2732 Benigniano
633 2666 952 2738 didicimus,
983 2674 1076 2729 sed
1103 2690 1167 2729 ex
1193 2677 1415 2739 laudato
1437 2680 1619 2737 libello
1641 2655 1856 2753 genus

258 2754 492 2823 patebit,
516 2766 681 2827 quem
712 2761 935 2830 quidem
966 2765 1169 2822 librum
1214 2769 1490 2841 integrum
1533 2775 1694 2831 edere
1742 2778 1856 2848 pri-

262 2858 417 2897 mum
472 2854 876 2918 statueramus,
905 2855 1052 2923 quod
1109 2857 1282 2912 multa
1332 2862 1726 2933 complectatur
1786 2867 1855 2923 de

261 2930 638 2992 Fiscamnensi
686 2933 1018 2997 monasterio
1068 2945 1209 3000 scitu
1258 2947 1420 3019 digna
1445 2930 1476 3017 ,β
1507 2965 1561 3006 et
1579 2952 1855 3013 Willeimo

260 3024 447 3080 abbati
480 3027 883 3099 Fiscamncnsi,
932 3038 1173 3093 secundo
1201 3051 1272 3095 an
1314 3044 1493 3111 tertio,
1522 3046 1593 3101 sit
1637 3065 1853 3105 nuneu-

258 3128 440 3190 patus.
499 3121 702 3180 Verum
730 3143 855 3183 cum
895 3128 1009 3198 jam
1044 3130 1158 3188 fere
1208 3134 1418 3208 integer
1446 3139 1516 3194 ab
1544 3140 1749 3199 Arturo
1776 3144 1847 3199 du

257 3208 523 3269 Monsticr
556 3216 610 3270 in
642 3214 897 3275 Neustria
927 3222 1017 3291 pia
1049 3223 1229 3281 editus
1259 3227 1351 3294 sit,
1379 3228 1625 3287 suﬂicere
1662 3228 1843 3291 visum
1875 3208 1915 3266 C

255 3315 342 3361 est
364 3322 427 3362 ca
454 3307 704 3377 proferre
727 3328 852 3383 qua:
873 3316 1169 3385 specialius
1200 3319 1267 3374 ad
1307 3328 1557 3377 nostrum
1599 3336 1848 3396 spectant

255 3397 590 3456 institutum.
653 3402 760 3460 Sed
810 3407 967 3477 prius
1005 3409 1298 3465 dicendum
1351 3414 1544 3482 paucis
1600 3417 1669 3472 de
1710 3419 1847 3475 viris

254 3489 562 3549 illustribus
616 3496 712 3566 qui
786 3498 841 3553 in
897 3502 1232 3558 monasterio
1284 3502 1660 3564 Fiscamnensi
1714 3517 1846 3568 tunc

253 3586 520 3654 temporis
562 3585 883 3646 ﬂoruerunt.

321 3675 378 3730 2.
419 3676 535 3732 Viri
560 3679 802 3736 illustres
822 3682 918 3752 qui
950 3684 1055 3739 sub
1088 3683 1365 3743 Willelmo
1394 3689 1589 3747 abbate
1620 3692 1681 3750 in
1720 3710 1841 3751 mo—

248 3768 495 3825 nasterio
529 3770 906 3830 Fiscamnensi
929 3774 1251 3847 ﬂoruerunt,
1285 3779 1342 3834 in
1375 3780 1651 3840 Chronico
1679 3786 1842 3842 lieni-

251 3860 456 3928 gniano
490 3875 869 3921 recensentur.
923 3866 1132 3924 Locum
1163 3870 1435 3943 integrum
1484 3889 1647 3946 supra
1688 3877 1841 3933 dedi-

250 3970 396 4010 mus.
434 3955 682 4013 Fuerunt
719 3966 775 4013 et
811 3963 1064 4016 nonnulli
1092 3963 1368 4035 principes
1392 3982 1456 4021 ex
1490 3969 1838 4025 nobilissimo

246 4044 624 4105 Nortmanniae
663 4051 863 4107 ducum
915 4056 1182 4127 sanguine
1235 4059 1441 4126 exorti,
1493 4062 1588 4131 qui
1642 4063 1835 4119 iisdem

247 4142 590 4211 temporibus
614 4144 814 4199 ibidem
857 4147 1133 4203 cucullum
1177 4147 1502 4219 induerunt,
1536 4170 1603 4209 ex
1635 4154 1837 4225 quibus

246 4231 570 4291 Guillclmus
629 4234 1083 4296 Gemmeticensis
1157 4238 1496 4301 Willelmum
1567 4257 1837 4304 memorat

244 4323 389 4380 libro
417 4342 480 4394 v,
515 4342 635 4398 cap.
683 4328 770 4396 l3,
817 4324 1078 4387 Richardi
1109 4331 1155 4386 Il
1189 4333 1384 4404 filium,
1417 4336 1561 4406 apud
1589 4336 1835 4395 Fiscam—

243 4433 378 4474 num
435 4420 732 4477 monachili
790 4421 989 4478 vellere
1041 4424 1097 4479 in
1156 4425 1524 4484 adolescentia
1558 4427 1830 4488 functum.

240 4508 414 4567 Paulo
458 4521 581 4583 post
609 4511 865 4570 Nicolaus
914 4513 1176 4573 Richardi
1226 4519 1374 4574 tertii
1419 4519 1564 4577 ﬁlius
1625 4522 1829 4579 ibidem

1961 1953 2200 2026 episc0pi
2226 1959 2294 2014 ad
2321 1958 2764 2037 Fiscamnenses,
2793 1969 3063 2030 referente
3095 1976 3344 2047 Adelino,
3369 1984 3464 2052 qui
3498 1983 3552 2038 ei

1960 2053 2147 2102 custos
2172 2055 2228 2102 et
2275 2050 2527 2109 minister
2567 2056 2625 2111 in
2666 2059 2926 2131 hospitali
2967 2063 3147 2124 fuerat
3170 2050 3479 2143 deputatus.
3527 2096 3547 2128 ›

1957 2134 2097 2193 Illud
2122 2149 2305 2196 autem
2336 2142 2706 2218 fragmentum
2738 2154 2848 2209 tale
2871 2164 2984 2212 est:

2027 2228 2082 2283 4.
2123 2228 2446 2292 Guillclmus
2464 2241 2965 2308 praedecessoribus
3000 2251 3117 2308 suis
3151 2255 3380 2329 suisque
3418 2276 3549 2331 pro-

1955 2318 2282 2380 vincialibus
2325 2334 2540 2385 tantum
2590 2334 2787 2391 enituit
2830 2353 2942 2409 quo
2986 2352 3144 2412 pacto
3183 2356 3237 2403 et
3281 2318 3549 2421 quantum

1957 2413 2169 2471 caeteris
2220 2416 2588 2499 luminaribus
2653 2428 2735 2483 sol
2797 2431 2988 2488 rutilat
3035 2413 3384 2498 eminentior.
3445 2445 3550 2503 Iste

1956 2503 2226 2574 siquidem
2252 2525 2451 2583 magna
2486 2514 2796 2576 litterarum
2833 2522 3034 2594 peritia
3066 2531 3349 2599 praeditus,
3367 2537 3549 2606 primo

1956 2593 2278 2679 Bajocensis
2309 2605 2767 2681 archidiaconus,
2799 2626 2988 2686 postea
3031 2619 3394 2683 Cadomensis
3431 2646 3538 2685 mo-

1956 2688 2188 2759 nachus,
2213 2693 2435 2753 demum
2461 2698 2873 2765 Fiscamnensis
2906 2710 3097 2781 abbas,
3147 2721 3446 2776 reverenda
3493 2734 3549 2780 et

1956 2792 2093 2833 cana
2121 2795 2375 2854 persona,
2407 2792 2657 2859 quaedam
2684 2796 2968 2870 religionis
3004 2803 3294 2877 majestas,
3320 2811 3547 2870 domum

1955 2868 2119 2925 istam
2162 2889 2378 2933 morum
2422 2896 2650 2940 suorum
2694 2890 2893 2946 extulit
2931 2908 3187 2966 censura,
3241 2904 3546 2972 parietibus

1953 2961 2231 3035 dilatavit,
2271 2979 2345 3039 et,
2399 2976 2547 3043 quod
2590 2978 2641 3033 ei
2687 2983 2999 3051 specialiter
3030 2961 3367 3062 praecipuum
3417 2961 3543 3064 fuit,

1954 3053 2186 3115 fratrum
2217 3075 2548 3124 conventum
2575 3070 2787 3130 ditavit.
2826 3075 2980 3133 Multi
3006 3053 3280 3153 siquidem
3333 3089 3547 3147 nobiles

1955 3147 2079 3205 laici
2122 3159 2178 3207 et
2218 3154 2426 3227 clerici,
2462 3161 2746 3235 religionis
2790 3168 2910 3239 ejus
2946 3173 3116 3230 odore
3140 3181 3450 3249 provocati,
3477 3185 3547 3238 ad

1947 3244 2364 3304 conversionem
2419 3254 2584 3309 exciti
2636 3269 2785 3327 sunt,
2831 3271 2885 3318 et
2926 3265 3163 3323 ultronei
3212 3275 3544 3331 monachum

1948 3332 2265 3406 induerunt,
2285 3350 2338 3396 et
2366 3346 2575 3402 sanctis
2598 3348 2774 3419 ipsius
2794 3353 3062 3414 institutis
3082 3360 3364 3420 informati
3392 3378 3541 3423 sunt.

1944 3422 2062 3496 Ego
2087 3427 2223 3497 ipse,
2255 3433 2351 3501 qui
2395 3437 2684 3496 vobiscum
2729 3444 2948 3516 loquor,
2976 3450 3031 3505 in
3059 3451 3361 3526 longinquo
3390 3461 3543 3530 posi-

1946 3524 2054 3585 tus,
2092 3519 2294 3578 bonam
2325 3527 2490 3585 etiam
2531 3535 2709 3590 nostri
2747 3536 2810 3592 G.
2841 3541 3158 3612 opinionem
3188 3550 3402 3619 audivi;
3433 3568 3544 3624 qua

1942 3608 2177 3681 illectus,
2199 3630 2296 3685 per
2324 3618 2604 3681 licentiam
2629 3628 2844 3687 abbatis
2871 3608 3046 3692 nostri
3064 3639 3339 3710 (abbatem
3364 3608 3508 3717 siqui
3527 3679 3542 3689 -

1942 3701 2064 3757 dem
2090 3704 2262 3760 alium
2287 3707 2556 3771 habebam
2599 3726 2653 3771 et
2683 3719 2907 3792 habeo),
2953 3701 3129 3798 gratia
3155 3732 3204 3787 ei
3226 3701 3541 3796 adhairendi

1930 3792 2297 3859 ,Fiscamnum
2355 3802 2498 3870 adii,
2550 3818 2831 3878 gratanter
2864 3829 3156 3891 susceptus
3207 3842 3361 3895 sum,
3415 3829 3544 3886 licet

1942 3887 2240 3947 homuncio
2267 3895 2472 3953 nullius
2492 3906 2776 3960 momenti.
2805 3904 3008 3967 Omnes
3050 3929 3156 3970 nos
3199 3932 3340 3987 quos
3380 3920 3538 3978 vides

1939 3995 2078 4050 pene
2101 3982 2217 4053 ipse
2242 3991 2584 4060 aggregavit;
2610 3995 2703 4051 sed
2725 3998 2912 4067 plures
2936 4018 3103 4074 quam
3124 3982 3290 4064 modo
3312 4027 3533 4081 sumus,

1938 4070 2166 4144 fuimus,
2198 4080 2465 4148 quoniam
2495 4083 2691 4142 ducem
2739 4105 2902 4148 suum
2945 4106 3070 4170 post
3114 4099 3289 4170 ipsius
3331 4105 3540 4162 transi-

1937 4172 2055 4221 tum
2112 4168 2335 4238 quidam
2388 4183 2719 4235 nostrorum
2764 4168 3095 4253 pedetentim
3133 4168 3323 4251 secuti
3382 4208 3531 4257 sunt.

1922 4254 2162 4316 Ordinis
2188 4262 2306 4332 ipse
2332 4264 2490 4338 vigor
2513 4272 2805 4342 praastitit,
2832 4279 3016 4337 verbis
3046 4293 3102 4340 et
3139 4291 3405 4361 exemplis
3434 4309 3536 4349 nos

1935 4347 2215 4420 instruxit,
2253 4366 2484 4426 paterno
2509 4362 2708 4420 affectu
2726 4368 2840 4425 sibi
2867 4388 2972 4428 nos
2994 4391 3189 4435 omnes
3224 4380 3533 4442 inviscera-

1934 4440 2038 4497 vit.
2083 4442 2241 4521 Nam,
2294 4465 2365 4505 ne
2407 4454 2693 4514 veritatem
2750 4467 3053 4536 tacuerim,
3084 4482 3310 4544 propter
3359 4475 3532 4534 Deum

1861 4534 2193 4618 Domnibus
2246 4541 2434 4597 omnia
2486 4543 2607 4602 fuit.
2649 4548 2873 4608 'ld‘circo
2923 4558 3339 4631 subsequuntur
3396 4581 3528 4624 eum

1861 4604 1904 4618 ν
2698 4604 2719 4605 7'
2734 4604 2793 4607 "'
2814 4604 2867 4608 "'
2923 4604 3328 4631 ---'vv‘lu‘luwul
3396 4604 3528 4624 υυυι

239 4604 427 4670 etiam,
456 4606 816 4677 compcllente
849 4606 1092 4664 Roberto
1138 4625 1242 4666 suo
1271 4610 1447 4682 ipsius
1485 4622 1703 4684 patruo,
1732 4617 1826 4687 qui
1929 4621 2185 4697 lacrymaa
2212 4640 2434 4703 nostrae,
2456 4644 2742 4710 promere.a
2765 4648 3101 4707 comitamur
3127 4670 3254 4711 eum
3287 4661 3528 4731 suspiria

241 4694 296 4731 ἶη
327 4697 445 4731 ah":
472 4698 651 4731 Innnm
683 4697 1059 4731 Nnnimnnnim
1107 4701 1368 4731 ιΙ-ιηιιιη-ρνι
1416 4704 1649 4731 ,κιαι-...ει
1714 4724 1802 4731 ...Α
2044 4726 2053 4731 .
2193 4721 2233 4731 .-
2312 4726 2346 4731 --

241 4694 299 4750 in
327 4697 449 4767 ejus
472 4698 653 4755 locum
683 4697 1061 4757 Nortmannia:
1105 4701 1371 4759 ducatum
1413 4704 1672 4773 obtinuit,
1714 4724 1832 4764 mo-

238 4790 510 4845 nasticam
540 4791 708 4846 vitam
744 4793 848 4849 sub
868 4790 1079 4851 Joanne
1098 4794 1294 4851 abbate
1328 4796 1613 4868 amplexus
1640 4806 1743 4855 est.
1777 4799 1829 4857 Is

237 4888 428 4949 postea
475 4883 650 4938 sancti
701 4882 955 4941 Audoeni
1002 4888 1144 4959 apud
1199 4887 1604 4962 Rothomagum
1656 4892 1829 4949 abbas

239 4968 418 5027 factus
444 4973 633 5028 multis
665 4976 962 5032 virtutibus
989 4978 1208 5047 claruit,
1246 4989 1308 5036 ut
1349 4980 1515 5037 refert
1534 4981 1828 5043 Ordericus

218 5060 455 5131 ,Vitalis,
485 5064 627 5120 libro
661 5083 792 5135 vin,
823 5068 918 5123 ubi
964 5068 1085 5125 fuse
1131 5071 1322 5128 laudes
1374 5074 1496 5145 ejus
1540 5077 1819 5134 describit.

233 5154 335 5212 liis
369 5169 663 5215 accensent
689 5162 942 5217 nonnulli
978 5161 1319 5237 Malgerium,
1351 5168 1447 5238 qui
1482 5169 1703 5227 demum
1753 5173 1822 5229 ad

234 5249 422 5305 sedem
481 5249 979 5326 Rothomagensem
1040 5265 1262 5314 evectus
1323 5257 1455 5327 fuit;
1506 5263 1600 5317 sed
1657 5264 1823 5335 hujus

231 5356 400 5412 opera
432 5345 700 5399 natalium
731 5362 961 5402 suorum
994 5348 1224 5420 gloriam
1257 5351 1644 5408 obscurarunt.

300 5433 358 5490 3.
398 5433 600 5493 Paucis
627 5438 810 5495 verbis
850 5447 962 5496 tres
1014 5442 1227 5511 priores
1258 5442 1549 5513 Fiscamni.
1580 5454 1706 5517 post
1737 5462 1824 5516 re-

229 5528 626 5585 staurationem
656 5531 881 5588 abbates
911 5533 1100 5590 laudat
1122 5533 1442 5605 Ordericus,
1470 5538 1612 5595 libro
1656 5557 1731 5608 1v,
1756 5557 1825 5599 ex

227 5620 434 5691 quibus
464 5622 721 5695 colligere
765 5625 890 5682 licet
928 5636 1135 5698 quanta
1180 5637 1313 5686 tunc
1357 5630 1527 5687 fuerit
1573 5649 1637 5689 ea
1684 5643 1825 5691 tem-

223 5717 441 5780 pestate
495 5712 643 5769 illius
706 5717 1027 5774 monasterii
1098 5718 1266 5775 fama.
1324 5741 1342 5775 ε
1398 5722 1820 5795 Fiscamnense,

226 5803 408 5876 inquit,
437 5806 752 5863 cinnobium
787 5808 840 5865 in
866 5822 1162 5883 prospectu
1191 5816 1364 5873 maris
1394 5818 1659 5889 oositum,
1682 5830 1813 5893 etc.,

1931 4726 2143 4776 nostra.
2191 4721 2273 4780 Eo
2295 4726 2384 4784 die
2412 4740 2601 4788 noster
2626 4735 2734 4791 dux
2766 4748 2915 4808 erat,
2945 4743 3003 4798 in
3052 4745 3314 4821 lacrymis
3342 4721 3529 4812 nullus

1930 4809 2037 4867 fuit
2065 4815 2311 4887 uberior,
2342 4820 2398 4876 in
2447 4824 2656 4883 lectulo
2680 4846 2783 4887 suo
2834 4809 3382 4907 suspirando'secum
3417 4849 3529 4905 liti-

1906 4902 2114 4972 gabat,
2146 4906 2203 4961 in
2244 4911 2402 4966 turba
2454 4916 2743 4976 nobiscum
2786 4902 3023 4994 quiet—us.
3051 4940 3191 5001 erat,
3238 4935 3292 4990 in
3326 4942 3527 5012 angulo

1928 4996 2196 5067 ecclesiae,
2234 5003 2323 5057 vel
2365 5004 2422 5059 in
2459 5009 2671 5077 grabati
2701 5015 2786 5069 sui
2829 5018 3125 5080 solitudine
3167 4996 3317 5085 totus
3340 4996 3527 5088 turba-

1932 5094 2020 5144 tus
2066 5101 2204 5148 erat.
2237 5093 2588 5169 Disceptabat
2635 5104 2904 5176 siquidem
2948 5128 3137 5170 secum
3184 5134 3286 5189 pro
3319 5125 3525 5179 nostris

1928 5184 2262 5255 excessibus,
2275 5199 2331 5245 et
2346 5191 2698 5266 cruciﬁgebat
2727 5199 3234 5265 immisericorditer
3255 5212 3520 5283 seipsum.

1931 5276 1991 5332 Si
2044 5281 2195 5352 quid,
2222 5283 2545 5356 contigisset
2580 5287 2811 5347 fratrum
2863 5297 3126 5368 reatibus,
3165 5276 3523 5373 cujus-hunc

1927 5384 2215 5429 excessum
2274 5378 2656 5446 eompatiendo
2717 5397 2829 5439 non
2887 5385 3018 5443 fecit
3066 5396 3273 5452 suum?
3333 5395 3519 5453 Toties

1927 5462 2175 5534 seipsum
2223 5469 2502 5536 mactavit,
2541 5474 2762 5543 quoties
2807 5478 3030 5551 aliquis,
3067 5486 3151 5541 vel
3196 5502 3299 5560 ego
3349 5491 3519 5547 miser

1925 5556 2176 5624 peccavi;
2233 5556 2287 5612 in
2354 5560 2703 5622 orationibus
2753 5567 3067 5642 frequenter
3124 5556 3515 5650 pernoctabat,

1926 5644 2208 5720 Deumque
2229 5650 2575 5721 quietissime
2602 5660 2978 5729 gemebundus
3007 5644 3367 5739 inquietabat,
3396 5644 3516 5730 sine

1925 5736 2131 5794 offensa
2175 5756 2300 5798 cum
2331 5759 2396 5800 eo
2428 5746 2697 5819 litigabat,
2724 5760 2778 5808 et
2808 5768 2905 5826 per
2951 5736 3191 5814 amicum
3252 5736 3508 5833 litigium,

1925 5826 2106 5900 ipsum
2132 5831 2232 5888 sibi
2270 5833 2561 5907 nobisque,
2596 5841 2741 5896 velut
2772 5843 2906 5901 alter
2934 5844 3215 5915 Salomon,
3248 5826 3522 5920 pacifica;
