4058 6444
557 375 661 433 847

1437 371 1495 427 s.
1537 369 1982 428 cunuwus
2015 338 2238 426 senss
2274 372 2330 426 s.
2369 370 2643 429 samem
2678 369 2927 425 DlV’lON.

3671 380 3752 439 888

512 550 517 558 ,
554 493 679 560 bat;
717 488 1016 545 redimebat
1062 487 1222 543 nobis
1250 502 1376 543 cum
1414 487 1796 558 eleemosynis,
1826 485 1955 556 quia
1992 486 2140 556 quod
2168 491 2212 545 A
2241 502 2317 541 vn
2354 485 2629 542 Kalendas
2655 486 2881 556 Aprilis,
2909 485 3170 555 depositio
3198 485 3377 540 damni
3422 486 3652 545 Wiltelmi
3683 494 3759 549 ab-

555 585 607 640 ei
633 581 1007 639 committebat
1037 581 1267 636 ﬁdeliter
1299 581 1580 653 erogabat.
1613 578 1786 649 Cujus
1820 579 1968 633 enim
1997 595 2137 649 pau-

556 673 704 743 per‘a
756 671 1105 727 necessitudo
1152 686 1377 726 manum
1435 685 1591 725 suam
1648 669 1822 724 sensit
1866 669 2140 723 sterilem?

556 763 690 829 Quae
736 762 982 818 ecclesia:
1032 777 1191 817 suam
1248 776 1359 815 non
1421 760 1626 814 habent
1674 759 2141 814 muniﬁcentiam?

556 852 839 910 Circuibat
891 855 1121 925 angulos
1163 860 1217 908 ct
1253 851 1490 922 compita
1533 852 1905 921 leprosorum,
1934 860 2140 906 etcum

556 953 693 1023 ipsis
718 950 1061 1006 familiariter
1098 951 1415 1014 locuturus,
1444 962 1643 1002 manus
1681 947 1850 1002 etiam
1883 947 2143 1017 elephan-

556 1044 730 1098 tiosas
785 1043 1110 1114 plerumque
1156 1041 1580 1097 deosculaturus
1629 1039 1901 1111 tuguriola
1955 1039 2145 1095 subin-

555 1135 757 1200 trabat,
790 1143 849 1189 ut
877 1134 1122 1189 omnium
1165 1134 1587 1189 necessitatibus
1633 1135 1866 1198 adesset,
1904 1140 1966 1187 ut
2015 1147 2143 1188 eum

558 1226 757 1282 miselli
811 1226 1103 1297 cujuslibet
1127 1226 1380 1297 angustia
1412 1226 1775 1296 cognovisset.
1820 1223 1938 1280 Non
1965 1233 2147 1295 potest

556 1318 833 1374 enucleari
883 1319 1064 1373 verbis
1101 1320 1363 1375 sanctitas
1404 1319 1525 1389 ejus
1556 1318 1715 1374 bonaa
1765 1318 2145 1374 conversatio-

559 1409 668 1464 nis.
718 1427 737 1461 ι
797 1407 1065 1465 Eumdem
1129 1411 1379 1465 abbatem
1442 1410 1513 1466 ob
1570 1408 1761 1465 formae
1819 1409 2146 1480 elegantiam

557 1499 835 1567 Puellam,
888 1502 1052 1571 vulgo
1091 1501 1144 1555 la
1176 1501 1426 1569 Pucelle,
1466 1501 1919 1572 cognominatum
1975 1498 2147 1556 fuisse

557 1582 799 1648 tradunt.
817 1592 1146 1664 Complures
1173 1594 1435 1649 ecclesias
1466 1593 1521 1648 in
1543 1592 1744 1663 oppido
1764 1590 2147 1647 Fiscamnensi

558 1683 902 1752 construxit;
937 1685 1305 1740 universalem
1359 1685 1762 1756 eleemosynam
1811 1683 2148 1754 pauperibus

560 1772 790 1844 singulis
819 1776 1012 1831 diebus
1033 1774 1362 1845 erogandam
1394 1774 1633 1829 instituit
1660 1791 1674 1840 ;
1704 1774 1845 1829 rexit
1868 1781 2147 1829 monaste-

559 1864 703 1920 rium
742 1869 902 1925 annis
943 1868 1133 1940 viginti
1175 1884 1403 1935 novem;
1452 1868 1699 1939 sepultus
1740 1868 1895 1923 estin
1942 1868 2146 1938 capella

558 1950 736 2011 Beata:
770 1955 955 2013 Maria:
1009 1960 1237 2026 veteris,
1280 1975 1348 2015 ex
1397 1959 1645 2030 opposito
1692 1959 1901 2014 altaris.
1953 1957 2144 2014 Obitus

560 2043 680 2113 ejus
745 2047 802 2102 in
858 2046 1178 2121 Necrologio
1234 2051 1454 2106 laudato
1510 2050 1742 2106 habetur
1787 2049 1875 2104 bis
1929 2050 2139 2105 verbis:

2242 577 2381 632 ba‘tis
2414 578 2556 631 tertii
2602 574 3019 630 Fiscamnensis.
3057 573 3459 631 Fiscamnensis
3493 585 3756 639 monasterii

2241 671 2430 727 laudes
2462 669 2665 726 videsis
2690 669 2833 740 apud
2870 668 3150 725 Dudonem
3177 667 3361 725 Sancti
3391 668 3761 736 Quintinideca-

2241 778 2405 829 num,
2458 762 2552 833 qui
2603 762 2804 817 librum
2853 762 3107 819 ultimum
3165 760 3243 817 De
3292 763 3528 818 moribus
3566 772 3615 818 et
3656 768 3764 823 actis

2240 852 2684 910 Normannorum
2736 853 3144 911 Fiscamnensis
3201 854 3515 909 monasterii
3562 859 3765 915 encomio

2242 947 2475 1013 claudit;
2500 962 2706 1017 paucos
2728 946 2925 1002 exinde
2957 961 3152 1003 versus
3172 947 3457 1017 decerpere
3485 948 3712 1005 sufﬁciat:

2315 1037 2360 1094 0
2386 1037 2671 1104 Fiscanne,
2700 1040 2870 1094 sacris
2899 1053 3102 1110 semper
3131 1037 3350 1110 fecunda
3380 1040 3598 1109 favillis,

2316 1129 2637 1185 Sanctorum
2665 1132 2863 1185 cineres
2895 1131 3203 1185 meritorum
3231 1131 3361 1200 [lore
3382 1133 3619 1186 micantes

2318 1222 2385 1278 In
2412 1224 2608 1294 gremio
2632 1231 2788 1277 terra:
2816 1239 3127 1278 conservans
3148 1224 3368 1294 jamque
3390 1233 3619 1291 sacratae,

2323 1312 2483 1366 Trino
2523 1312 2855 1382 resplendens
2903 1313 3120 1384 profuso
3156 1313 3278 1368 dote
3320 1312 3541 1382 salutis,

2320 1404 2463 1460 Olim
2493 1405 2725 1474 virgineo
2761 1405 2999 1459 micuisti
3030 1414 3307 1460 stemmate
3339 1423 3512 1473 sacro,

2319 1497 2454 1553 Cum
2478 1496 2860 1567 Leadegarium
2885 1498 3107 1552 servasti
3135 1496 3252 1552 luce
3274 1499 3577 1567 privatum.
3650 1496 3657 1501 ’

2326 1588 2504 1656 Vivas,
2539 1586 2847 1658 Fiscaum’s,
2871 1604 3074 1660 semper
3094 1590 3340 1661 felicibus
3369 1592 3546 1658 annis,

2319 1681 2626 1749 Fiscannis,
2649 1682 2840 1753 gaude,
2867 1683 2994 1754 quia
3017 1691 3074 1737 tu
3094 1683 3411 1754 dignissima
3432 1682 3610 1749 laude;

2332 1774 2432 1829 Vos
2459 1774 2844 1829 Fiscamtenses
2869 1776 3126 1830 virtutum
3148 1776 3363 1846 cingitis
3390 1792 3533 1830 enses

2319 1864 2576 1921 Ecclesia:
2602 1875 2797 1933 postes,
2821 1866 3096 1921 nebulosos
3123 1868 3363 1921 sternitis
3392 1868 3579 1922 hostes.

2324 1957 2429 2014 Sed
2445 1958 2560 2028 jam
2584 1966 2799 2027 tempus
2821 1966 2906 2013 est
2930 1958 3056 2014 libri
3095 1956 3406 2030 fragmenta
3435 1959 3671 2015 exhibere
3689 1972 3784 2029 qua

2249 2066 2416 2122 supra
2442 2049 2671 2121 polliciti
2694 2065 2907 2108 sumus.

2180 1837 2223 1892 B

570 2192 3783 2224 mm

1695 2347 2219 2427 EXCERPTA
2250 2345 2378 2424 EX
2405 2345 2711 2422 LIBRO

764 2525 854 2580 DE
892 2523 1404 2591 REVELATIONE,
1446 2522 1956 2581 IEDlFlCATlONE
1992 2523 2078 2578 ET
2118 2519 2614 2595 AUCT’ORITATE
2649 2519 3072 2577 MONASTERII
3111 2519 3622 2579 FISCAMNENSIS.

1210 2827 1500 2869 PROLOGUS.

633 2906 900 2962 Libellum
930 2906 998 2961 de
1027 2905 1382 2971 revelatione,
1413 2905 1771 2960 aediﬁcatione
1811 2911 1864 2959 ct
1905 2904 2148 2959 auctori-

565 3008 678 3056 tate
705 2997 1097 3053 Fiscannensis
1140 2997 1483 3061 monasterii,
1511 2994 1673 3050 Pater
1714 2994 1912 3066 inclyte
1941 2994 2149 3051 Wilch-

569 3106 678 3156 me,
719 3087 1024 3158 composui,
1052 3095 1105 3141 et
1128 3086 1494 3155 compositum
1543 3094 1649 3139 tute
1678 3085 1984 3139 dilectionis
2033 3085 2152 3140 sin—

558 3195 699 3235 cero
739 3178 949 3250 judicio
1004 3178 1389 3248 corrigendum
1421 3184 1475 3230 et
1509 3175 1943 3231 conﬁrmandum
1988 3176 2156 3231 desti-

573 3272 719 3338 navi,
748 3279 1020 3341 quatenus
1051 3278 1159 3324 tuaa
1189 3268 1532 3324 celsitudinis
1560 3283 1821 3323 assensus
1837 3276 1890 3322 et
1912 3268 2155 3323 libellum

570 3365 731 3420 edere
760 3364 1059 3435 praecipiat,
1087 3372 1143 3418 et
1170 3363 1317 3418 edito
1344 3362 1528 3416 libello
1550 3361 1765 3432 pondus
1785 3370 1838 3415 et
1869 3363 2159 3417 auctorita-

569 3468 681 3512 tem
704 3456 985 3512 concedat.
1023 3455 1136 3527 Ego
1169 3455 1412 3526 quidem,
1443 3452 1604 3508 Pater
1641 3453 1861 3524 inclyte,
1898 3453 2157 3524 ignoran-

571 3549 705 3603 tiam
732 3565 912 3603 meam
941 3548 1256 3603 maluissem
1295 3555 1458 3602 cauto
1490 3546 1708 3601 silentio
1741 3555 1945 3616 tegere,
1989 3562 2155 3616 quam

576 3642 813 3712 alicujus
854 3641 1139 3711 scripturae
1190 3640 1543 3710 praesumenti
1590 3639 1792 3694 indicio
1842 3638 2155 3709 publicare;

573 3733 669 3793 sed
700 3732 931 3788 fratrum
962 3742 1278 3788 nostrorum
1304 3732 1552 3802 jussione
1572 3730 1799 3787 instanti
1818 3739 1871 3786 et
1901 3732 2160 3787 instantia

566 3824 786 3894 jubenti
836 3824 1181 3893 compellitur
1212 3833 1419 3879 «noster
1468 3823 1686 3878 animus
1743 3823 2158 3893 possibilitatem

572 3916 857 3982 excedere,
893 3932 1161 3986 suamque
1203 3916 1479 3972 inscitiam
1519 3916 1817 3979 multorum
1848 3917 2162 3987 aspectibus

576 4006 863 4061 nominum
899 4006 1229 4076 improvisus
1260 4008 1489 4078 aperire.
1511 4005 1889 4076 Compellitur,
1910 4007 2158 4078 inquam,

570 4106 760 4154 noster
781 4098 1001 4154 animus
1037 4115 1197 4155 suam
1236 4100 1492 4170 ignorare
1536 4100 1929 4170 ignorantiam,
1979 4109 2034 4156 ct
2059 4117 2159 4156 no-

572 4196 816 4243 strorum
851 4188 1083 4243 fratrum
1121 4188 1333 4260 roganti
1356 4189 1585 4260 imperio
1619 4189 1877 4245 exhibere
1904 4190 2161 4246 obedien-

568 4278 725 4345 tiam,
757 4279 846 4334 cui
877 4280 1197 4335 exhibenda:
1232 4288 1288 4335 et
1320 4282 1521 4336 mentis
1549 4282 1821 4351 judicium
1847 4283 2161 4341 nullatenus

573 4370 903 4440 acquiescit,
931 4380 984 4426 et
1023 4372 1291 4442 propositi
1341 4373 1517 4428 nostri
1565 4374 1895 4430 verecundia
1931 4375 2160 4430 omnino

569 4462 916 4518 contradicit.
951 4462 1180 4532 Verum,
1214 4480 1340 4520 cum
1388 4466 1693 4521 obedientia
1731 4475 1921 4522 sancta
1949 4469 2161 4524 nullum

569 4567 709 4624 opus
737 4555 953 4611 difﬁcile
996 4558 1081 4613 vel
1127 4557 1465 4628 impossibile
1491 4567 1736 4627 excuset,
1761 4567 1856 4614 aut
1896 4576 2161 4617 excusare

567 4646 782 4714 debeat,
813 4648 906 4704 diu
948 4658 1216 4705 cunctans
1259 4651 1669 4721 multarumque
1717 4653 2163 4722 procrastinatio-

567 4752 705 4793 num
731 4740 982 4821 inducias
1025 4742 1256 4813 ﬁngens,
1294 4752 1522 4815 urgente
1564 4742 1825 4799 fraternae
1855 4745 2161 4802 dilectionis

546 4831 829 4887 continua
848 4833 1118 4902 jussione,
1142 4849 1285 4890 onus
1316 4835 1537 4891 tandem
1568 4835 1895 4906 imperatum
1921 4837 2159 4909 suscepi,

569 4930 625 4977 et
645 4921 1035 4982 Fiseannensis
1076 4926 1398 4982 monasterii
1434 4927 1661 4983 exordia
1683 4928 2071 4998 subsequentis
2096 4928 2163 4982 li-

570 5013 698 5071 belli
728 5018 928 5089 agresti
961 5026 1016 5073 et
1044 5018 1273 5090 ignobili
1317 5019 1460 5092 ston
1496 5020 1686 5089 aperui
1729 5027 1786 5075 et
1816 5020 2066 5091 exposui.
2102 5019 2160 5075 ln

570 5122 683 5178 quo
723 5108 904 5165 libello
930 5109 1082 5164 nulla
1121 5108 1262 5166 falsa
1304 5108 1571 5165 fallaciter
1608 5110 1933 5181 interposui,
1970 5095 2163 5166 verum

572 5212 759 5255 sacras
793 5198 1054 5256 historias
1097 5201 1455 5272 antiquorum
1504 5200 1751 5256 virorum
1796 5200 1939 5255 ﬁdeli
1969 5214 2163 5255 narra-

572 5289 722 5344 tione
743 5291 1014 5363 cognitas,
1058 5308 1399 5364 suorumque
1425 5302 1774 5363 posterorum
1807 5292 2017 5348 tenacis
2048 5307 2164 5346 me-

574 5381 763 5437 moria:
803 5383 930 5440 sinu
953 5386 1256 5443 custoditas
1285 5394 1341 5443 et
1380 5385 1586 5442 nostris
1614 5384 1952 5455 temporibus
1981 5399 2166 5440 succe-

572 5472 820 5529 dentium
844 5475 1096 5537 virornm
1134 5478 1383 5553 diligenti
1413 5476 1684 5535 relatione
1713 5477 1909 5541 illatas,
1944 5476 2161 5549 scripsi,

648 5720 724 5791 (l)
759 5720 1113 5796 Pasnagium,
1146 5723 1269 5795 aliis
1293 5723 1723 5783 Pastionaticum
1750 5737 1848 5796 seu
1873 5718 2167 5777 Pastinati-

576 5804 701 5845 cum
733 5793 893 5865 vulgo
941 5792 1164 5867 panage,
1218 5811 1419 5855 census
1471 5806 1557 5856 est
1599 5811 1699 5854 seu
1746 5792 2014 5849 tributum
2061 5807 2163 5865 pro

2257 2817 2312 2865 et
2341 2810 2574 2880 scriptas
2610 2810 2678 2865 ad
2708 2811 3087 2865 auctoritatem
3123 2809 3514 2866 Fiscannensis
3555 2807 3788 2877 Ecclesia,

2257 2912 2312 2957 et
2340 2903 2408 2957 ad
2438 2901 2729 2957 utilitatem
2755 2902 3051 2973 legentium
3074 2896 3308 2956 fratrum
3338 2902 3510 2972 edidi,
3538 2910 3636 2959 etc.

2853 3036 2939 3092 Ex
2970 3055 3086 3109 cap.
3127 3037 3246 3093 XV.

2331 3171 2539 3228 Interea
2579 3173 2809 3243 contigit
2839 3173 3241 3229 Fiscannenses
3280 3173 3579 3229 canonicos
3603 3174 3790 3229 aliorum

2259 3266 2651 3321 canonicorum
2699 3282 2880 3321 mores
2921 3266 3146 3332 imitari,
3197 3266 3334 3322 latas
3362 3267 3671 3338 perditionis
3702 3264 3794 3318 vias

2258 3359 2491 3429 ingredi,
2515 3367 2570 3413 et
2593 3374 2777 3412 rerum
2804 3360 3185 3428 temporalium
3217 3360 3382 3414 luxus
3404 3368 3459 3415 et
3485 3359 3697 3415 desidias
3719 3369 3793 3409 vo-

2258 3448 2517 3521 luptuose
2555 3450 2792 3517 sectari;
2835 3467 3001 3521 quam
3039 3452 3438 3507 canonicorum
3478 3452 3710 3506 miseram
3727 3447 3792 3502 vi-

2259 3551 2372 3597 tam
2410 3550 2465 3598 et
2509 3543 2884 3597 imminentem
2921 3544 3199 3599 miseriam
3230 3546 3339 3599 dux
3388 3543 3795 3616 prudentissimus

2262 3635 2572 3691 Ricbardus
2612 3636 2865 3703 audiens,
2896 3646 2950 3691 et
2979 3638 3252 3693 audiendo
3294 3653 3646 3710 cognoscens,
3672 3632 3794 3689 valde

2260 3728 2473 3795 doluit,
2515 3728 2912 3799 hominumque
2935 3745 3228 3799 pravorum
3259 3747 3443 3787 mores
3467 3740 3519 3785 et
3553 3741 3795 3786 conversa-

2259 3823 2466 3877 tionem
2493 3823 2815 3890 cxhorrens,
2844 3824 3050 3893 legatos
3073 3823 3399 3879 festinanter
3422 3824 3717 3879 Cluniacum
3732 3818 3795 3873 di-

2261 3915 2422 3979 rexit,
2448 3922 2502 3969 et
2525 3922 2773 3970 sanctum
2820 3915 3081 3971 Maiolum
3129 3933 3339 3989 magna:
3374 3917 3679 3972 humilitatis
3701 3927 3795 3982 pre

2263 4009 2420 4065 cibus
2452 4008 2782 4063 Fiscannum
2811 4011 3115 4077 accersivit,
3142 4019 3305 4081 atque
3344 4010 3637 4066 secundum
3657 4001 3793 4062 sancti

2264 4099 2544 4156 Benedicti
2573 4101 2817 4172 regulam
2852 4110 2905 4156 et
2935 4102 3385 4157 constitutionem
3425 4100 3629 4171 disponi
3655 4105 3701 4152 et
3727 4110 3795 4148 or—

2263 4195 2439 4249 dinari
2464 4210 2661 4249 novam
2694 4194 2983 4250 ecclesiam
3018 4194 3283 4249 exoravit.
3312 4192 3418 4248 Cui
3440 4200 3650 4249 sanctus
3669 4186 3796 4242 Maio-

2264 4287 2351 4342 lus
2378 4303 2390 4339 :
2420 4285 2615 4357 Hujus,
2649 4287 2847 4358 inquit,
2881 4288 3089 4343 laboris
3119 4289 3549 4358 magnitudinem
3577 4285 3688 4341 talis
3725 4296 3794 4335 ra-

2266 4379 2433 4435 tionis
2463 4380 2796 4446 conditione,
2849 4381 3175 4437 cbarissimc
3216 4381 3291 4435 ﬁli
3345 4379 3625 4443 Richarde,
3658 4373 3794 4432 susci—

2194 4508 2239 4563 Ι)
2265 4471 2435 4541 piam,
2467 4470 2514 4526 si
2552 4487 2646 4540 per
2679 4478 2855 4526 totum
2886 4472 3145 4527 ducatum
3192 4482 3346 4527 tuum
3374 4469 3793 4527 consuetudinem.

2264 4579 2388 4634 quae
2414 4564 2712 4634 vulgariter
2740 4566 3064 4637 pasnagium
3098 4566 3176 4638 (l)
3218 4566 3440 4631 dicitur,
3472 4564 3578 4620 Deo
3604 4564 3796 4618 donare-

2264 4657 2362 4723 ris,
2405 4656 2730 4727 nullumque
2755 4666 2864 4712 tua:
2894 4658 3180 4728 potestatis
3223 4658 3525 4728 principem
3552 4649 3796 4724 aliquando

2264 4750 2501 4821 amplius
2544 4750 2760 4821 exigere
2819 4750 3146 4806 decreveris.
3203 4748 3307 4805 Ubi
3367 4748 3659 4805 Ricbardus
3693 4744 3794 4802 dux.

2263 4858 2375 4898 non
2410 4843 2603 4899 morbo
2633 4843 2898 4911 avaritize,
2920 4856 3109 4899 verum
3140 4844 3353 4899 occulta
3389 4841 3484 4896 Dei
3507 4832 3796 4913 providentia

2264 4935 2586 5006 disponente
2619 4943 2674 4990 et
2714 4944 2906 4991 sancto
2937 4935 3214 4991 Willelmo
3237 4935 3422 4990 abbati
3449 4932 3662 5005 gloriam
3683 4923 3798 4979 ordi-

2265 5029 2431 5083 nandi
2470 5036 2718 5084 sanctam
2761 5026 3052 5084 ecclesiam
3078 5026 3462 5091 transferente,
3497 5035 3699 5081 suorum
3720 5017 3796 5071 bo-

2265 5120 2477 5175 minum
2512 5121 2742 5177 consilio
2776 5121 3072 5191 acquievit.
3096 5129 3152 5175 et
3177 5121 3353 5176 sancti
3386 5117 3563 5174 Maioli
3590 5106 3797 5180 interpel-

2263 5212 2527 5267 lationem
2561 5228 2674 5268 non
2708 5213 3004 5271 exaudivit.
3051 5210 3207 5268 Unde
3257 5213 3487 5283 contigit
3518 5218 3578 5265 ut
3616 5212 3796 5263 sanctus

2266 5301 2497 5360 Maiolus
2536 5303 2860 5362 Cluniacum
2917 5314 3300 5372 reverteretur,
3342 5315 3395 5361 et
3454 5300 3791 5359 canonicorum

2268 5396 2535 5451 correctio
2570 5398 2652 5452 vel
2674 5397 2921 5468 expulsio
2949 5414 3048 5469 per
3086 5398 3298 5469 aliquot
3339 5408 3578 5468 tempora
3602 5384 3794 5464 protei?

2268 5495 2439 5554 retur,
2464 5494 2569 5541 etc.

2270 5727 2618 5812 glandatione
2641 5737 2715 5812 et
2720 5727 2846 5800 jure
2873 5728 3132 5804 pascendi
3154 5744 3354 5803 porcos
3384 5726 3559 5785 aliave
3581 5711 3793 5779 animalis

2271 5797 2327 5854 in
2352 5799 2488 5856 silva
2510 5797 2739 5857 domini;
