4058 6386
1594 338 1873 399 norma
1908 338 2293 409 lilSTORlCA.
3478 378 3584 437 850

320 697 565 766 regulam
612 711 667 758 et
709 704 1131 781 institutionem,
1170 698 1559 789 disponendam
1594 736 1649 782 et
1702 744 1900 803 regen-

317 783 447 841 dam
472 790 686 848 Sancta:
707 804 760 851 et
786 797 1077 859 individuae
1101 783 1383 867 Trinitatis
1408 815 1654 873 crederet
1678 828 1732 874 et
1754 783 1898 878 gom-

318 876 557 935 mitteret
596 880 916 944 Ecclesiam.
964 890 1058 947 Illo
1109 905 1352 967 tempore
1405 902 1578 961 beatae
1618 912 1895 968 memoria:

316 962 622 1029 Willelmus
648 977 816 1034 abbas
840 995 953 1036 suae
975 962 1254 1057 religionis
1276 990 1551 1049 afﬂuentia
1580 999 1748 1055 totius
1773 1016 1897 1072 par-

312 1066 398 1116 tes
432 1059 667 1120 Romani
692 1067 904 1140 imperii
944 1074 1271 1147 illustrabat,
1292 1083 1662 1161 abbatumque
1692 1059 1893 1150 multo-

309 1165 435 1207 rum
478 1157 689 1227 tepidos
721 1163 938 1221 animos
968 1169 1053 1223 sui
1082 1170 1314 1232 fervoris
1365 1178 1603 1253 imagine
1628 1184 1892 1244 informa-

306 1241 405 1298 bat
428 1253 483 1300 et
509 1253 856 1310 accendebat.
882 1256 1142 1330 Apprime
1162 1268 1307 1322 enim
1340 1241 1659 1333 liberalibus
1679 1279 1891 1338 artibus

301 1338 604 1407 eruditum,
660 1353 824 1417 atque
877 1351 1180 1427 disciplinis
1218 1362 1602 1426 ecclesiasticis
1649 1374 1890 1430 cunctis-

196 1420 206 1430 ’
301 1442 414 1498 que
438 1431 813 1501 spiritualibus
834 1443 1045 1514 ofliciis,
1070 1449 1425 1513 nihilominus
1450 1460 1616 1516 etiam
1644 1462 1758 1520 fere
1776 1466 1889 1521 vir-

298 1527 483 1576 tutum
514 1529 759 1586 omnium
802 1537 976 1604 gratia
1022 1539 1291 1600 imbutum
1315 1558 1369 1603 et
1395 1550 1764 1612 illuminatum
1795 1557 1888 1613 Di-

297 1613 647 1700 vionensium
678 1620 936 1683 Ecclesice
965 1631 1158 1701 beatus
1185 1636 1416 1698 Maiolus
1439 1659 1811 1716 pratposuerat
1831 1662 1887 1709 et

296 1708 665 1767 constituerat
690 1716 938 1774 abbatem
965 1732 1019 1778 et
1049 1729 1391 1800 magistrum.
1429 1708 1605 1794 Tanto
1633 1740 1799 1812 igitur
1820 1761 1884 1801 ac

294 1798 400 1851 tali
441 1799 558 1855 viro
609 1804 719 1862 dux
763 1808 998 1883 inclytus
1029 1798 1336 1879 Riehardus
1376 1842 1510 1884 suos
1558 1798 1767 1903 legatos
1793 1836 1883 1891 di-

293 1892 461 1957 rexit,
498 1904 552 1950 et
590 1899 673 1953 sui
721 1906 988 1973 propositi
1020 1909 1380 1973 intentionem
1410 1892 1685 1990 patefecit,
1718 1935 1887 1999 atque

292 1990 364 2035 ut
407 1982 835 2049 Fiscannensem
890 1997 1188 2061 Ecclesiam
1219 2009 1375 2078 juxta
1411 1982 1564 2071 beati
1607 1982 1883 2077 Benedicti

289 2075 543 2145 regulam
577 2081 893 2153 disponeret
935 2101 989 2146 et
1009 2075 1271 2167 erudiret,
1318 2118 1527 2177 magna:
1559 2109 1883 2172 humilitatis

287 2168 553 2234 precibus
596 2180 859 2234 exoravit.
890 2181 1101 2249 Quibus
1132 2189 1304 2248 beatze
1355 2168 1633 2255 memoria:
1670 2168 1880 2273 Willet:

290 2269 423 2312 mus
455 2259 623 2318 abbas
663 2268 901 2335 primum
942 2279 1289 2345 respondisse
1312 2281 1523 2342 fertur:
1556 2287 1879 2351 Charissimi

284 2344 413 2414 ﬁlii,
446 2353 754 2421 audivimus
776 2362 942 2420 duces
974 2365 1365 2442 Nortmannos,
1388 2377 1639 2438 homines
1674 2384 1867 2443 barba-

284 2453 388 2496 ros
423 2453 476 2498 et
497 2450 855 2521 truculentos,
904 2458 1219 2519 subvertere
1250 2476 1303 2521 et
1328 2483 1438 2526 non
1458 2473 1728 2532 aedificare
1748 2494 1877 2536 san-

285 2538 381 2585 cta
407 2538 626 2606 templa,
661 2543 840 2601 delere
874 2558 928 2604 et
957 2551 1215 2625 eﬂ‘ugare,
1244 2568 1301 2615 et
1345 2574 1455 2619 non
1482 2568 1739 2639 colligere
1779 2584 1875 2630 aut

286 2623 503 2679 nutrire
536 2628 902 2697 spiritualium
935 2623 1221 2701 hominum
1264 2656 1715 2725 congregationes
1740 2677 1871 2718 san-

283 2706 429 2769 ctas.
470 2716 811 2794 Quapropter
843 2731 911 2785 ad
950 2733 1144 2791 ducem
1185 2706 1426 2799 vestruin
1467 2706 1664 2819 redite,
1687 2761 1741 2808 et
1770 2771 1872 2812 nos

282 2802 456 2874 hujus
487 2812 563 2865 rei
600 2818 826 2875 omnino
854 2822 1150 2895 imparatos
1186 2838 1531 2909 respondete,
1561 2859 1686 2900 cum
1711 2848 1871 2905 nobis

281 2906 346 2951 et
377 2897 635 2961 fratribus
663 2910 994 2973 deducendis
1037 2921 1235 2979 desunt
1275 2897 1425 2998 equi,
1473 2897 1637 3005 atque
1663 2939 1873 3011 stipena

282 2990 394 3055 diis
418 3001 858 3066 deducendarum
890 3012 1120 3072 fratrum
1154 2990 1354 3082 desunt
1379 2990 1868 3100 clitellarii.‘

281 3106 630 3152 reversorum
664 3100 964 3173 legatorum
1006 3110 1268 3169 relatione
1292 3115 1403 3173 dux
1441 3118 1679 3193 inclytus
1709 3140 1864 3181 con-
1897 3138 1921 3193 ,ζ

279 3185 520 3254 periens,
569 3192 848 3262 extimuit;
901 3200 1213 3273 multosque
1261 3186 1529 3278 equos'et
1552 3185 1867 3275 clitellarios

281 3272 514 3335 festinus
534 3290 878 3357 praeparavit,
915 3308 1057 3363 quos
1089 3272 1486 3361 revertentibus
1516 3307 1710 3379 legatis
1734 3312 1866 3367 bea-

281 3377 353 3425 tae
381 3375 658 3432 memoriae
681 3380 862 3437 abbati
892 3383 1164 3443 Willelmo
1200 3391 1477 3450 humiliter
1506 3375 1735 3456 remisit.

852 3474 937 3531 Ea:
970 3496 1085 3551 cap.
1128 3481 1291 3539 XXII.

351 3551 508 3613 Tunc
531 3558 724 3618 beatus
751 3566 920 3625 abbas
950 3571 1106 3629 ducis
1142 3575 1361 3639 intuens
1393 3580 1863 3651 importunitatem

279 3649 338 3696 et
364 3654 849 3721 perseverantiam,
879 3667 1044 3731 atque
1071 3663 1140 3718 de
1162 3649 1567 3737 importunitate
1595 3682 1649 3728 et
1678 3691 1865 3745 perse-

276 3740 524 3794 verantia
573 3758 935 3815 compensans
971 3755 1138 3810 animi
1161 3758 1494 3817 voluntatem
1530 3773 1587 3820 et
1617 3766 1862 3823 devotio-

278 3841 403 3883 nem
436 3844 702 3903 sanetam,
730 3842 956 3898 collecta
1001 3848 1369 3918 spiritualium
1410 3854 1640 3912 fratrum
1668 3861 1857 3915 mult’i-

278 3921 469 3979 tudine
512 3930 773 3997 maxima,
818 3934 921 3989 iter
962 3940 1213 4010 arripuit,
1282 3947 1579 4020 paucisque
1609 3950 1859 4009 decursis

275 4010 468 4068 diebus
498 4024 781 4078 aestuantis
809 4025 967 4082 ducis
991 4030 1264 4087 desiderio
1287 4052 1443 4092 suam
1474 4049 1528 4094 et
1557 4042 1854 4100 multorum

276 4101 508 4163 fratrum
556 4116 899 4180 praesentiam
942 4121 1208 4179 exhibuit.
1261 4126 1432 4193 Quem
1464 4131 1574 4186 dux
1605 4136 1855 4205 egregius

274 4198 446 4256 totius
475 4204 645 4259 animi
700 4208 1016 4269 sinceritate
1055 4218 1286 4275 totiusve
1341 4223 1672 4283 sinceritatis
1716 4229 1854 4284 dile-

273 4289 456 4346 ctione
485 4297 810 4367 suscipiens,
843 4305 990 4359 velut
1011 4321 1265 4381 suscepto
1285 4313 1527 4384 Christo,
1553 4320 1675 4376 aliis
1701 4336 1855 4378 amo-

271 4381 345 4436 tis
371 4387 752 4461 servientibus,
788 4394 905 4464 ipse
928 4402 1163 4469 propriis
1190 4407 1442 4463 manibus
1466 4412 1709 4479 servivit,
1738 4431 1851 4471 me-

270 4470 470 4544 dioque
514 4477 693 4536 brevis
738 4488 999 4555 temporis
1051 4490 1336 4551 intervallo
1376 4497 1709 4557 Fiscannum
1757 4506 1851 4560 dc-

269 4562 446 4631 duxit,
479 4577 534 4623 et
557 4568 769 4629 Sancta:
793 4574 1077 4635 Trinitatis
1108 4585 1391 4641 ecclesiam
1415 4589 1638 4646 donavit
1661 4601 1715 4647 et
1734 4603 1848 4650 tra-

267 4656 425 4722 didit,
455 4675 685 4733 eamque
714 4667 973 4725 donatam
1009 4682 1062 4728 et
1083 4677 1339 4733 traditam
1356 4680 1511 4749 juxta
1534 4685 1710 4739 sancti
1740 4686 1844 4742 Bc-

266 4749 469 4805 nedicti
497 4757 738 4825 regulam
761 4769 814 4815 et
838 4761 1236 4824 institutionem
1266 4771 1483 4842 disponi
1509 4783 1566 4829 ct
1603 4778 1849 4834 ordinari

263 4844 533 4899 exoravit.
569 4847 816 4920 Donavit,
864 4855 1109 4927 inquam,
1138 4869 1192 4916 et
1215 4863 1437 4919 tradidit
1457 4865 1565 4922 dux
1596 4871 1847 4941 egregius

265 4930 576 4995 Richardus
600 4941 774 4999 beatae
802 4951 1080 5007 memoriae
1113 4954 1296 5009 abbati
1330 4955 1602 5015 Willelmo
1629 4930 1847 5020 ἑαιῖςιω

263 5022 549 5087 Trinitatis
590 5032 1015 5097 Fiscannensem
1073 5047 1380 5116 ecclesiam,
1423 5054 1845 5111 eanonicorum-

261 5131 374 5187 que
421 5124 722 5182 carnalium
776 5132 980 5201 expulit
1049 5152 1330 5195 enormem
1404 5145 1838 5217 multitudinem;

263 5221 501 5277 quorum
528 5221 927 5286 ,possessiones
971 5228 1213 5285 ecclesiae
1242 5234 1458 5302 penitus
1514 5238 1757 5295 retinens
1787 5249 1842 5296 et

261 5303 516 5375 reddens,
552 5313 791 5383 expulsis
811 5326 864 5372 et
891 5324 1134 5377 converti
1181 5326 1490 5384 uolentibus
1536 5332 1834 5402 canonicis,

261 5394 444 5452 abbati
472 5415 769 5475 congruam
806 5411 1044 5467 restituit
1076 5420 1656 5488 recompensationem.

816 5500 901 5556 Ea
935 5521 1052 5575 cap.
1084 5506 1272 5565 XXIII.

2561 836 2650 892 Em
2674 856 2790 909 cap.
2823 841 3011 899 XXIV.

2063 914 2234 988 Igitur
2258 920 2450 979 beatus
2478 933 2533 980 et
2552 928 2828 998 gloriosus
2850 933 3019 990 abbas
3056 936 3362 997 Willelmus
3387 957 3577 1002 susce-

1994 1015 2145 1075 ptam
2200 1009 2500 1071 Ecclesiam
2535 1021 2703 1090 coepit
2748 1021 3056 1093 gubernare
3083 1037 3138 1084 et
3173 1032 3574 1105 administrare,

1991 1107 2047 1153 et
2061 1100 2221 1169 juxta
2257 1108 2434 1162 sancti
2478 1108 2759 1168 Benedicti
2780 1115 3180 1175 institutionem
3213 1124 3503 1195 disponere
3521 1137 3579 1183 et

1991 1192 2289 1264 corrigere,
2321 1206 2484 1269 atque
2511 1202 2579 1258 de
2609 1201 2846 1262 diversis
2886 1211 3185 1279 provinciis
3217 1215 3365 1272 viros
3391 1217 3575 1275 ﬁdeles

1988 1296 2294 1341 convocare
2328 1299 2384 1345 et
2422 1291 2479 1346 in
2510 1293 2788 1365 obsequiis
2827 1300 3141 1359 celestibus
3182 1306 3339 1363 unire
3361 1316 3416 1362 et
3442 1325 3575 1366 con—

1987 1372 2226 1433 ﬁrmare.
2262 1377 2454 1436 Subita
2482 1384 2649 1454 igitur
2669 1391 3028 1448 conversione
3062 1393 3450 1455 Fiscaunensis
3470 1399 3574 1458 Ec-

1987 1466 2153 1524 clesia
2176 1472 2482 1531 cmlestium
2526 1478 2770 1535 virorum
2797 1484 2994 1540 studiis
3018 1485 3259 1544 fervebat
3290 1498 3345 1545 et
3378 1490 3575 1564 ﬂagra-

1987 1557 2102 1626 bat,
2127 1569 2182 1616 et
2210 1564 2395 1620 multae
2434 1569 2768 1638 Opinationis
2820 1575 2993 1645 gloria
3021 1557 3570 1651 circumpositaslilc-

1986 1651 2181 1710 clesias
2211 1658 2555 1725 praecellebat
2581 1671 2635 1717 et
2673 1664 3022 1724 obscurabat.
3049 1670 3349 1744 Fastigium
3370 1677 3569 1748 quippe

1984 1749 2149 1799 tantae
2176 1747 2516 1807 celsitudinis
2548 1768 2648 1809 sua
2676 1768 3056 1819 momentanea
3087 1767 3442 1824 translatione
3470 1747 3533 1827 Fi
3550 1801 3566 1810 -

1915 1826 1958 1880 Β
1985 1840 2309 1895 scanneusis
2329 1842 2561 1900 ecclesia
2590 1853 3042 1922 consequebatur,
3058 1868 3329 1926 quatenus
3350 1862 3425 1916 ita
3447 1878 3570 1918 om-

1984 1941 2083 1982 nes
2101 1928 2400 1987 Galliarum
2451 1937 2711 1995 ecclesias
2743 1947 3153 2004 transcenderet
3184 1964 3245 2005 re
3285 1959 3341 2007 et
3376 1954 3567 2010 habitu

1984 2033 2213 2077 summa:
2275 2025 2575 2096 religionis,
2633 2036 3092 2102 quemadmodum
3151 2045 3568 2102 transcendebat

1982 2111 2149 2166 verbo
2172 2121 2225 2168 et
2247 2117 2467 2185 speciali
2490 2120 2773 2194 privilegio
2798 2141 2912 2182 sua:
2946 2133 3385 2202 nuncupationis.
3426 2136 3562 2192 Par—

1954 2264 1955 2267 η
1980 2199 2219 2278 cimonia
2242 2214 2297 2259 et
2320 2209 2601 2278 pudicitia,
2623 2222 2677 2267 et
2697 2216 3017 2275 voluntariae
3036 2199 3373 2295 paupertatis
3396 2228 3564 2284 abun-

1978 2291 2165 2350 dantia
2200 2295 2591 2359 Fiscannensis
2632 2304 2873 2365 Ecclesia
2899 2312 3055 2369 valde
3083 2291 3360 2387 radiabat;
3388 2320 3560 2376 virtu—

1972 2663 2101 2729 tari,
2129 2675 2441 2735 apertarum
2485 2683 2811 2743 argumento
2842 2678 3108 2737 virtutum
3146 2686 3472 2743 accendebat
3500 2696 3556 2745 et

1972 2758 2331 2823 provocabat.
2375 2760 2667 2831 Ignorabat
2717 2768 2811 2823 illo
2867 2780 3112 2843 tempore
3167 2775 3554 2838 Fiscannensis

1973 2844 2214 2904 Ecclesia
2239 2853 2409 2909 totius
2430 2858 2778 2927 proprietatis
2800 2862 3252 2935 singularitatem,
3277 2871 3556 2942 soliusque

1970 2943 2382 3029 communitatis
2430 2953 2794 3021 cognoscebat
2847 2956 3124 3015 unientem
3183 2961 3552 3037 dilectionem,

1970 3045 2093 3102 quae
2114 3020 2271 3104 juxta
2302 3020 2646 3102 diversitates
2671 3047 3029 3120 indigentium
3069 3062 3253 3124 partes
3299 3057 3547 3118 diversas

1969 3122 2327 3196 distribuens,
2372 3142 2689 3191 sanctorum
2735 3122 3110 3210 apostolorum
3157 3149 3455 3205 renovabat
3472 3159 3555 3224 ,ρὰ

1972 3221 2398 3285 t'cprtesentabat
2418 3225 2748 3292 primitivam
2770 3231 3081 3305 imaginem.
3105 3235 3352 3304 Quorum
3382 3221 3555 3311 igitur

1968 3308 2240 3365 bonorum
2261 3313 2521 3370 eminenti
2547 3321 2971 3392 perseverantia,
2997 3327 3107 3382 dux
3131 3326 3436 3388 Ricbardus
3460 3331 3548 3388 Fir

1967 3400 2260 3454 scannensi
2287 3403 2531 3461 ecchsize
2556 3414 2704 3466 totus
2733 3413 3079 3485 alligabatur,
3108 3426 3273 3489 atque
3294 3422 3547 3477 utilitati-

1964 3481 2070 3543 bus
2100 3488 2346 3559 ejusdem
2386 3498 2629 3555 ecclesia:
2665 3481 2855 3559 totiusv
2879 3481 3229 3577 providentite
3270 3512 3547 3584 diligentia

1960 3578 2415 3641 transferebatur.
2460 3589 2613 3645 Adeo
2660 3594 2806 3648 enim
2862 3595 3248 3658 Fiscannensis
3301 3606 3546 3662 ecclesiae

1962 3668 2262 3729 illustrium
2314 3678 2562 3735 virorum
2592 3685 2897 3753 regularem
2942 3690 3111 3744 vitam
3148 3700 3203 3747 et
3228 3694 3545 3765 religionem

1958 3776 2145 3817 veram
2189 3765 2466 3838 diligebat,
2497 3781 2552 3828 et
2596 3775 2828 3847 diligens
2857 3778 3254 3851 frequentabat,
3283 3792 3342 3838 ut
3374 3786 3544 3843 totius

1960 3853 2043 3908 sui
2081 3854 2315 3915 ducatus
2343 3862 2593 3932 collecta,
2621 3866 2729 3935 vel,
2762 3878 2822 3924 ut
2859 3871 2932 3926 ita
2965 3871 3167 3941 dicam,
3213 3875 3542 3947 pinguedine

1957 3946 2168 4002 caelesti
2211 3956 2620 4026 congregationi
2656 3959 2975 4031 deserviret,
3028 3974 3190 4037 atque
3242 3946 3542 4038 epulaturis

1956 4036 2218 4097 fratribus
2264 4046 2619 4104 servientium
2650 4056 3046 4111 consuetudine
3089 4056 3401 4129 frequenter
3427 4060 3543 4132 ipse

1954 4130 2329 4202 ministraret;
2362 4145 2634 4211 tantaeque
2659 4143 2983 4203 humilitatis
3004 4150 3273 4219 completo
3301 4130 3543 4208 ministe-

1955 4222 2040 4276 rio
2058 4222 2292 4281 fratrum
2321 4231 2568 4287 omnium
2594 4234 2821 4293 ultimus
2836 4238 3185 4308 resideret,et
3209 4245 3540 4315 regularium

1953 4314 2241 4383 epularum
2271 4319 2578 4379 delectabili
2601 4326 2802 4396 pabulo
2837 4331 2987 4387 refici
3010 4314 3393 4406 congauderet.

2528 4424 2614 4481 Ea:
2642 4445 2761 4500 cap.
2797 4430 2964 4489 XXV.

1883 4533 1927 4587 ι)
2027 4508 2212 4567 Sensit
2253 4514 2461 4571 interea
2498 4518 2607 4573 dux
2654 4521 2890 4594 inclytus
2916 4529 3280 4596 quorumdam
3312 4531 3539 4588 clerico-

1953 4613 2074 4653 rum
2104 4605 2451 4662 corrosiones
2477 4617 2532 4663 et
2565 4610 2950 4683 detractiones,
2973 4620 3330 4690 praesagiique
3358 4622 3539 4692 cujus-

1950 4688 2077 4744 dam
2124 4690 2336 4750 futuras
2380 4697 2731 4758 adversitates
2761 4721 2775 4769 ;
2809 4720 2949 4774 quos
2989 4708 3059 4762 ob
3103 4688 3258 4765 ducis
3308 4688 3534 4768 nimiam

1950 4780 2273 4838 charitatem
2298 4793 2352 4840 ct
2386 4797 2589 4846 sanctae
2621 4794 2865 4850 ecclesiae
2894 4798 3189 4855 maximam
3212 4800 3534 4873 religionem

1950 4872 2169 4930 invidiae
2191 4877 2419 4933 morbus
2463 4896 2696 4953 magnus
2727 4884 3009 4955 infecerat,
3037 4888 3378 4963 infectosque
3407 4907 3535 4946 cru-

1951 4962 2059 5019 deli
2101 4964 2345 5022 intestini
2394 4969 2583 5027 livoris
2634 4976 2884 5033 molestia
2934 4980 3229 5036 cruciabat.
3284 4981 3532 5049 Quorum

1949 5069 2081 5127 ergo
2123 5057 2528 5137 detrahentium
2574 5067 3011 5126 malevolentiam
3033 5072 3141 5127 dux
3168 5075 3528 5144 comperiens,

1948 5151 2381 5225 clericorumque
2430 5162 2883 5231 praesumptiones
2935 5166 3198 5234 superbas
3240 5175 3295 5222 et
3328 5183 3531 5239 praesu—

1947 5254 2155 5301 mentes
2212 5250 2507 5318 superbias,
2537 5268 2895 5326 cognoscens,
2950 5257 3115 5313 totius
3155 5257 3529 5316 Nortmanniaa

1942 5338 2228 5410 episcopus
2258 5349 2313 5396 et
2339 5344 2488 5399 viros
2532 5347 2743 5404 nobiles
2771 5347 3003 5406 festinus
3037 5349 3368 5408 Fiscannum
3399 5369 3528 5410 con-

1938 5430 2175 5497 vocavit,
2227 5441 2281 5488 et
2315 5433 2742 5494 Fiscannensem
2794 5439 3007 5498 Sancta:
3036 5440 3317 5499 Trinitatis
3351 5446 3527 5501 eccle~

1938 5522 2077 5577 siam
2104 5524 2173 5578 ab
2194 5526 2443 5582 omnium
2485 5530 2869 5604 episcoporum
2896 5534 3027 5606 jugo
3052 5542 3105 5590 et
3125 5538 3523 5593 consuetudine

2398 5580 2401 5581 ν
2426 5580 2442 5582 e
2494 5580 2869 5604 -,__-,-__-_
2896 5580 3024 5606 ,..,,-
3054 5580 3105 5590 ν-
3127 5580 3518 5593 --..-..-..........

333 5580 503 5641 Nocte
532 5586 701 5659 igitur
733 5592 891 5664 cujus
917 5599 1166 5668 sequenti
1195 5601 1285 5657 die
1328 5601 1716 5665 Fiscannensis
1744 5625 1836 5668 ec-
1928 5609 2081 5681 justa
2103 5613 2186 5667 vel
2207 5614 2413 5685 injusta
2437 5618 2637 5688 eripuit
2663 5629 2717 5676 et
2751 5622 3020 5679 liberavit.
3054 5623 3206 5682 Hanc
3234 5635 3415 5681 autem
3444 5627 3518 5682 li-

261 5673 432 5732 clesia
477 5680 791 5749 spirituales
834 5691 1078 5762 suscepit
1129 5696 1450 5766 monachos,
1476 5700 1835 5773 carnalesque
1929 5673 2203 5760 bertatem
2246 5706 2558 5766 Rodbertus
2589 5711 3046 5788 Bothomagensis
3072 5717 3519 5788 archiepiscopus

1742 5766 1761 5773 _
2648 5766 3043 5788 --_-__o-__--
3074 5766 3519 5788 __-___e,-__-r_,_

261 5766 470 5837 expulit
498 5772 815 5843 canonicos,
855 5776 989 5849 ipsis
1027 5784 1308 5842 canonicis
1348 5787 1591 5845 ecclesia:
1617 5790 1835 5850 culman
1931 5793 2062 5881 fecit
2094 5806 2150 5855 et
2183 5799 2298 5856 ﬁeri
2341 5802 2535 5872 voluit,
2565 5812 2729 5876 atque
2762 5806 2899 5863 alias
2922 5807 3212 5867 duodecim
3254 5808 3519 5866 ecclesias
