4058 6392
572 366 672 425 851
1454 370 1510 427 S.
1548 370 1923 428 GUILLELMI
1960 372 2252 431 ABBATIS
2287 373 2343 430 S.
2386 375 2657 433 BENIGNI
2694 375 2944 445 DIVION,
3698 387 3785 444 852

573 485 645 540 ob
665 482 836 554 patris
858 482 943 539 sui
968 483 1286 538 memoriam
1331 492 1384 539 et
1412 483 1597 539 fratris
1627 486 1912 556 prtesentis
1938 486 2149 557 jusslo-
2178 490 2358 553 Alius
2404 490 2666 547 Romana:
2710 488 2969 551 Ecclesia:
3016 490 3406 563 gubernatione
3452 503 3508 551 et
3536 498 3786 566 patricinio

574 588 700 631 nem
727 580 782 629 et
802 573 1136 628 voluntatem
1159 575 1228 629 ab
1253 574 1403 629 omni
1431 575 1726 645 episcopali
1757 576 2155 632 consuetudine
2255 580 2536 636 constituit
2563 589 2617 634 et
2669 581 2927 651 suscepit.
2978 579 3293 649 Constituit,
3322 584 3565 655 inquam,
3598 587 3788 647 Fiscan-

572 673 628 721 et
647 665 932 721 exactione
973 665 1204 721 absolvit
1225 674 1280 721 et
1315 666 1585 733 liberavit,
1632 667 1847 722 donatae
1889 668 2155 724 libertatis
2255 688 2480 727 nensem
2506 672 2802 728 Ecclesiam
2824 656 2927 728 soli
2956 671 3216 730 Romamn
3245 673 3501 732 Ecclesia:
3523 679 3787 752 subjacere,

571 759 822 815 chartam
857 758 1307 830 archiepiscopus
1354 759 1554 830 aliique
1610 760 1851 831 episcopi
1902 762 2058 832 signo
2101 768 2157 818 et
2255 771 2419 834 atque
2461 764 2530 819 ab
2575 757 2820 819 omnium
2870 763 3103 819 aliarum
3145 763 3516 823 Ecclesiarum
3561 779 3789 840 potestate

572 864 850 905 consensu
897 851 1423 918 corroboraverunt,
1479 859 1644 922 atque
1690 852 2155 909 corroborandam
2255 854 2575 920 immunem,
2628 854 2933 910 absolutam
2984 863 3040 909 et
3078 855 3305 913 omnino
3350 857 3577 926 liberam
3649 858 3791 921 forma

574 939 841 994 nobilium
874 939 1119 995 virorum
1146 941 1627 1013 astipulationibus
1654 943 2017 1001 tradiderunt.
2040 944 2154 999 Cu-
2254 942 2631 1011 Cluniacensis
2658 942 2976 998 monasterii
3023 958 3361 1013 permanere.
3383 947 3630 1017 Acceptis
3658 949 3792 1020 igitur

578 1034 733 1101 piens
778 1048 908 1103 ergo
957 1033 1065 1089 du)
1104 1033 1365 1104 providus
1419 1042 1668 1090 sanctam
1703 1035 1989 1091 ecclesiam
2032 1051 2155 1091 mo-
2255 1032 2567 1103 apostolicae
2607 1032 2949 1101 auctoritatis
2980 1033 3268 1104 exquisitis
3306 1036 3620 1108 privilegiis,
3653 1039 3795 1095 beata

574 1120 661 1177 dis
706 1121 963 1176 omnibus
1007 1121 1256 1188 liberare,
1301 1130 1356 1177 et
1400 1121 1706 1180 libertatem
1737 1122 1937 1179 factam
1979 1124 2157 1181 modis
2255 1122 2533 1179 memoriae
2567 1122 2874 1180 Willelmus
2920 1123 3090 1179 abbas
3113 1123 3312 1181 festino
3342 1143 3510 1193 cursu
3539 1127 3794 1185 Nortman-

578 1209 837 1265 omnibus
862 1210 1187 1265 conﬁrmare
1208 1220 1263 1267 et
1283 1227 1630 1283 permanere,
1659 1212 1954 1269 Robertum
1976 1230 2155 1286 regem
2257 1213 2405 1269 niam
2459 1214 2749 1282 remeavit,
2787 1222 2842 1282 et
2884 1214 3040 1270 ducis
3087 1213 3345 1279 Richardi
3391 1218 3657 1277 desiderio
3704 1236 3796 1277 sue

573 1308 630 1354 et
656 1300 859 1356 multos
878 1300 1177 1357 Galliarum
1204 1319 1458 1374 proceres
1492 1301 1827 1360 Fiscannum
1848 1306 2154 1375 accersivit,
2255 1302 2551 1357 voluntatis
2580 1301 2851 1369 effectum,
2878 1302 3244 1373 injuncueque
3280 1303 3566 1376 legationis
3594 1306 3793 1363 ofﬁcium

576 1399 739 1461 atque
770 1392 939 1463 regali
963 1394 1153 1449 charta
1171 1403 1226 1449 et
1250 1394 1598 1462 auctoritate,
1625 1410 1962 1466 suorumque
1974 1411 2159 1467 aequa-
2256 1392 2485 1449 feliciter
2507 1402 2949 1459 consummatum
2984 1395 3292 1450 enucleavit
3315 1404 3371 1450 et
3393 1397 3646 1451 ostendit.
3668 1395 3797 1452 Uade

573 1483 711 1539 lium
756 1498 1030 1540 consensu
1061 1494 1115 1540 et
1145 1485 1552 1557 astipulatione,
1580 1486 1649 1541 ab
1675 1487 1919 1541 omnium
1948 1487 2160 1558 episco-
2256 1482 2366 1539 dux
2416 1481 2760 1542 incﬁ'abiliter
2801 1484 3158 1552 exhilaratus,
3194 1486 3342 1539 trino
3366 1494 3422 1540 et
3447 1486 3543 1541 uni
3581 1485 3796 1558 Deogra-

571 1590 768 1646 porum
791 1576 925 1647 jugo
943 1586 998 1632 et
1022 1577 1857 1635 consuetudineFiscannensem
1873 1580 2159 1636 ecclesiam
2259 1574 2366 1630 tias
2408 1574 2576 1631 totius
2621 1574 2938 1639 intentionis
2984 1573 3195 1631 fervore
3242 1576 3498 1642 reddidit,
3534 1578 3625 1647 qui
3654 1578 3798 1633 eccle~

569 1665 773 1737 eripuit
818 1677 873 1724 et
905 1669 1188 1738 liberavit;
1236 1680 1291 1728 et
1318 1688 1475 1728 suam
1530 1686 1869 1743 suorumque
1894 1672 2158 1727 nobilium
2258 1665 2419 1733 siam,
2447 1681 2611 1738 quam
2644 1673 2798 1739 pater
2827 1664 3137 1721 Richardus
3157 1664 3502 1733 fundaverat,
3526 1676 3679 1738 atque
3704 1668 3799 1738 ipse

567 1759 812 1814 chartam
850 1769 905 1815 et
932 1762 1331 1818 ordinationem
1380 1763 1622 1819 ﬁrmavit
1664 1771 1718 1820 et
1760 1764 2155 1820 corroboravit.
2257 1757 2431 1827 patris
2461 1748 2719 1812 Richardi
2760 1765 2953 1827 rogatu
2994 1765 3049 1812 et
3077 1756 3330 1827 iussione
3373 1759 3799 1829 compleverant

567 1849 826 1907 Ecclesiae
841 1853 1008 1926 igitur
1028 1853 1414 1912 Fiscannensis
1444 1857 1679 1913 libertati
1707 1857 2019 1913 constitutae
2038 1856 2150 1912 dux
2182 1848 2225 1903 Β
2251 1850 2638 1917 ordinaverat,
2684 1850 2882 1905 divinae
2946 1850 3300 1931 providentia!
3352 1866 3562 1914 arcano
3602 1851 3801 1911 consilio

523 2016 528 2020 η
574 1940 884 1999 Richardus
953 1947 1382 2017 congratulans,
1436 1947 1787 2022 futuramque
1856 1965 2152 2021 perennem
2220 1950 2529 2001 'tantarum
2555 1958 2913 2012 personarum
2939 1943 3318 2003 convenientia
3361 1944 3433 2007 ab
3455 1945 3689 2000 omnium
3719 1944 3798 1999 h0-

565 2033 767 2089 mentis
821 2034 1169 2093 vivacitatem
1247 2039 1583 2113 discutiens,
1641 2042 1812 2107 beatae
1872 2043 2153 2115 memorias
2253 2038 2464 2094 minum
2505 2035 2639 2107 jugo
2669 2043 2723 2090 et
2748 2034 3064 2105 pnelatione
3107 2034 3426 2090 absolvebat
3451 2043 3506 2091 et
3545 2034 3797 2097 liberabat,

568 2123 904 2181 Willelmum
930 2128 1178 2184 abbatem
1209 2132 1590 2207 compulsavit,
1616 2149 1837 2205 suaeque
1860 2135 2150 2205 legationis
2253 2129 2465 2201 Magnis
2497 2128 2693 2184 deinde
2740 2126 2915 2183 xeniis
2946 2142 3108 2183 suum
3139 2126 3563 2193 dilectissimum
3582 2119 3799 2188 abbatem

565 2215 814 2286 iniuncto
835 2218 1010 2275 Ofﬁcio
1032 2221 1100 2276 ad
1131 2220 1391 2295 Romanae.
1414 2224 1559 2279 sedis
1582 2226 1935 2295 apostolicam
1962 2234 2152 2287 aucto—
2253 2219 2587 2289 Willelmum
2610 2219 2901 2274 honoravit
2932 2219 3369 2289 honoratumque
3416 2218 3627 2274 Sanctae
3645 2217 3798 2277 Trini-

566 2308 786 2364 ritatem
829 2312 1018 2367 multis
1072 2322 1333 2370 onustum
1379 2316 1558 2372 xeniis
1603 2316 1821 2372 direxit.
1887 2315 2153 2389 Confecto
2252 2312 2381 2369 tatis
2415 2312 2659 2367 ecclesia:
2679 2310 3032 2366 Fiscannensi
3063 2310 3292 2375 remisit,
3318 2310 3522 2365 iterum
3556 2308 3799 2380 atqueite-

566 2400 752 2471 itaque
778 2400 972 2457 itinere
1005 2404 1176 2461 abbas
1211 2404 1520 2462 Willelmus
1553 2405 1782 2462 Romam
1806 2406 2071 2479 pervenit,
2098 2415 2155 2462 et
2252 2419 2377 2459 rum
2402 2403 2618 2458 enixius
2654 2417 2892 2475 exorans
2938 2408 3213 2471 quatenus
3248 2399 3602 2454 commissam
3642 2396 3798 2465 Eccle-

564 2492 670 2562 pize
716 2494 994 2550 memoriae
1036 2512 1189 2567 papae
1221 2495 1513 2554 Benedicto
1565 2498 1830 2556 adventus
1864 2499 1952 2556 sui
1979 2499 2153 2554 ratio-
2254 2494 2391 2550 siam
2437 2494 2594 2564 juxta
2620 2494 2783 2563 coepti
2812 2492 3021 2548 ordinis
3066 2491 3390 2562 religionem
3428 2488 3728 2554 custodiret,
3755 2496 3799 2541 et

564 2599 689 2639 nem
722 2593 778 2640 et
801 2586 1067 2643 mittentis
1087 2588 1244 2646 ducis
1275 2590 1611 2646 voluntatem
1640 2590 1873 2661 aperuit,
1908 2598 1963 2646 et
1997 2589 2154 2655 factae
2253 2584 2611 2641 custodiendo
2636 2583 2926 2654 perﬁceret
2964 2590 3018 2637 et
3043 2580 3421 2651 conﬁrmaret.
3459 2577 3625 2647 Cujus
3664 2576 3798 2646 igitur

563 2674 768 2731 charta:-
797 2677 1291 2747 conﬁrmationem,
1325 2688 1381 2735 et
1420 2682 1706 2752 apostolici
1728 2670 2020 2753 privilegii
2048 2698 2151 2737 au-
2255 2682 2473 2730 sanctas
2501 2689 2691 2745 preces
2718 2683 3100 2729 sanctarumve
3120 2685 3345 2743 precum
3382 2669 3585 2733 nimias
3611 2664 3799 2722 Ιιιιωίιῖο

564 2766 873 2821 ctoritatem
923 2784 1137 2840 magnae
1168 2771 1493 2827 humilitatis
1520 2773 1769 2827 oratione
1789 2788 2029 2844 congrua
2055 2789 2155 2843 po-
2257 2773 2394 2822 tates
2422 2768 2614 2822 beatus
2658 2766 2828 2822 abbas
2862 2765 3010 2821 velut
3038 2763 3261 2820 oracula
3300 2761 3493 2816 divina
3513 2758 3796 2835 suscipiens,

569 2852 825 2911 stulavit.
853 2857 999 2928 Papa
1035 2860 1200 2931 igitur
1240 2861 1567 2919 Benedictus
1610 2864 1769 2919 ducis
1815 2864 2152 2935 diligentiam
2254 2859 2586 2915 Fiscannum
2614 2860 2858 2925 intravit,
2885 2867 2939 2912 et
2979 2872 3073 2928 per
3092 2856 3322 2911 multam
3362 2867 3631 2908 annorum
3657 2848 3794 2905 verti-

569 2947 869 3016 admirans,
896 2958 951 3004 et
978 2952 1216 3024 suscepti
1240 2953 1402 3009 amici
1429 2955 1718 3024 praesentia
1739 2970 1953 3009 summa
1976 2954 2156 3011 exsul—
2255 2952 2435 3025 ginem
2470 2967 2644 3022 usque
2689 2951 2756 3006 ad
2807 2951 3068 3006 ducatum
3108 2945 3552 3017 Hierosolymitae
3588 2938 3796 2997 Rotberti

563 3037 770 3094 tatione
800 3042 1166 3111 congaudens,
1192 3044 1426 3109 oblatas,
1451 3045 1672 3101 chartas
1703 3061 1817 3102 sua:
1848 3045 2029 3118 sigillo
2059 3061 2156 3102 ex—
2256 3044 2681 3099 Fiscannensem
2724 3041 3025 3097 Ecclesiam
3070 3039 3230 3106 rexit,
3282 3037 3662 3107 subjectosque
3692 3044 3796 3087 suos

569 3127 835 3185 cellentiaa
863 3131 1228 3203 conﬁrmavit,
1264 3144 1319 3191 et
1343 3136 1625 3208 privilegia
1659 3136 1933 3209 postulata
1955 3138 2153 3192 volun-
2182 3187 2221 3209 η
2255 3136 2423 3191 verbo
2454 3143 2508 3190 et
2542 3134 2789 3204 exemplo
2815 3132 3096 3201 succendit
3128 3139 3184 3186 et
3219 3128 3561 3193 reformavit,
3596 3125 3657 3181 ad
3682 3124 3794 3178 ima-

566 3219 746 3277 tarius
785 3224 1026 3292 tradidit,
1052 3234 1107 3282 et
1146 3224 1574 3284 Fiscannensem
1623 3228 1836 3285 Sanctae
1871 3228 2154 3285 Trinitatis
2181 3212 2224 3244 υ
2259 3226 2438 3297 ginem
2461 3234 2515 3281 et
2544 3225 2976 3290 similitudinem,
3004 3224 3273 3279 honorem
3300 3229 3356 3277 et
3395 3220 3619 3294 gloriam
3650 3212 3795 3270 omni-

567 3310 856 3367 ecclesiam
902 3316 973 3371 ab
1025 3319 1272 3374 omnium
1326 3320 1711 3391 episcoporum
1754 3322 1914 3393 jugo,
1971 3322 2155 3392 subje-
2260 3321 2497 3390 potentis
2530 3319 2648 3388 Dei,
2697 3318 2791 3390 qui
2820 3318 2954 3373 vivit
2985 3326 3041 3372 et
3066 3322 3256 3388 regnat
3286 3328 3387 3386 per
3432 3308 3607 3368 omnia
3632 3302 3797 3367 saaan

564 3401 746 3459 ctione
774 3413 829 3460 et
844 3410 1239 3468 consuetudine
1272 3404 1597 3467 liberans'et
1633 3412 1895 3483 eripiens,
1929 3413 2035 3469 sub
2058 3426 2154 3481 so-
2263 3412 2609 3468 saeculorum.
2646 3411 2838 3467 Amen.

600 3531 3780 3581 Ἥ

1316 3692 1419 3821 γ
1432 3692 1671 3809 [ΤΑ
1731 3693 2249 3807 SANCTI
2311 3690 3078 3862 gUlLLELMI

1700 3914 2027 3972 AUCTORE
2064 3871 2706 3975 GLABno'BonULFo

1571 4070 1733 4143 (Vide
1771 4071 2097 4143 Patrologiw
2136 4082 2261 4127 tom.
2308 4068 2542 4137 CXLII,
2582 4069 2683 4125 col.
2725 4068 2877 4139 697.)

2734 4236 3767 4268 ..__._—-——————-q

620 4244 2730 4271 Μ

1698 4408 2255 4536 ALTERA
2311 4422 2707 4539 VITA.

1216 4640 1304 4713 EX
1348 4640 1695 4709 CHRONICO
1735 4640 1979 4698 SANCT!
2019 4639 2293 4697 BENlGNI
2328 4637 2761 4695 DlVlONENSlS
2795 4636 3184 4707 EXCERPTA,
3207 4701 3222 4712 ,

904 4822 984 4857 περ..
1639 4794 1887 4866 (Manum.
1925 4795 2060 4848 Acta
2087 4792 2187 4849 SS.
2219 4792 2415 4847 Bened.
2444 4789 2754 4865 Vlll,_555.)

644 5102 697 5157 1.
737 5100 897 5159 Anno
939 5103 1010 5159 ab
1049 5101 1433 5162 lnoarnatione
1479 5105 1697 5163 Domini
1739 5109 2159 5179 nongentesimo
2189 5114 2234 5169 D
2259 5109 2469 5180 quitate
2497 5102 2993 5177 consanguinitatis
3029 5100 3314 5170 existenti,
3349 5098 3645 5172 Lingonlcae
3678 5092 3786 5151 civi-

573 5192 929 5264 octogesimo,
968 5193 1265 5251 indictione
1294 5205 1509 5265 octava,
1541 5198 1694 5270 regni
1725 5196 1971 5255 Lotbarii
2017 5203 2161 5274 regis
2246 5190 2389 5258 tatis
2412 5202 2806 5272 episcopatum.
2844 5196 3141 5255 Ordinatus
3165 5204 3250 5252 est
3280 5203 3459 5251 autem
3487 5194 3617 5249 idem
3638 5189 3785 5274 Bruoo

572 5284 840 5355 vigesimo
862 5286 1053 5357 quinto
1077 5287 1155 5359 (Ξ)
1177 5303 1342 5355 anno,
1367 5289 1512 5346 dedit
1534 5289 1675 5346 idem
1698 5306 1793 5345 rex
1812 5290 2057 5349 Brunoni
2080 5292 2161 5363 (5)
2260 5292 2546 5363 episcopus
2572 5306 2670 5363 per
2695 5304 2891 5357 manus
2917 5286 3217 5346 Burchardi
3247 5282 3613 5358 Lugdunensis
3641 5273 3785 5332 archi-

577 5374 865 5434 Iicmensis
887 5377 1144 5437 Ecclesiae
1171 5382 1393 5450 clerico,
1416 5397 1519 5439 suo
1550 5398 1681 5439 vero
1701 5384 1911 5454 parenti
1938 5385 2161 5455 propin-
2261 5384 2501 5456 episcopi
2520 5384 2575 5439 in
2600 5382 2831 5440 ecclesxa
2859 5379 3047 5437 Sancti
3081 5378 3363 5449 Stephani,
3386 5373 3570 5447 viginti
3593 5375 3784 5443 quanio!

674 5552 731 5613 9)
768 5552 901 5623 Lege
929 5554 1021 5621 27,
2265 5566 2414 5613 tomo
2442 5557 2468 5623 ι¹
2506 5557 2853 5613 Bibliotheca
2897 5554 3219 5620 Labbeante,
3244 5567 3364 5624 pag.
3399 5549 3520 5607 657.
3557 5544 3671 5603 Erat
3695 5537 3777 5592 Le

652 5553 731 5689 :3)
771 5621 947 5689 Hujus
997 5624 1269 5682 Brunonis
1306 5629 1565 5689 praeclare
1600 5637 1751 5689 gesta
1791 5630 1999 5689 passim
2039 5645 2157 5684 me-
2264 5628 2429 5683 tharii
2457 5628 2601 5689 regis
2628 5644 2692 5682 ex
2727 5640 2917 5682 sorore
2957 5640 3150 5689 nepos,
3200 5632 3360 5678 natus
3400 5632 3584 5689 nempe
3616 5629 3670 5668 ei

676 5606 731 5693 5)
771 5606 963 5701 liuius—
979 5606 1269 5701 div-imponis
1306 5629 1565 5701 praelate
1600 5637 1751 5701 gesta
1791 5630 1999 5701 passim
2039 5645 2157 5684 me-
2264 5606 3360 5701 {iiiis‘reﬁ'é‘é'fsgﬁré@537};ng
3400 5632 3584 5701 nempe
3614 5606 3778 5701 {ﬁt

579 5686 760 5769 morat
792 5686 956 5769 hujus
982 5695 1240 5753 Cbronici
1268 5686 1476 5755 auctor.
1511 5686 1646 5769 Ejus
1672 5686 1809 5756 vero
1825 5700 2062 5769 elogium
2090 5715 2157 5755 ex
2264 5699 2433 5754 drada
2462 5686 2719 5755 Ludovici
2749 5696 2768 5752 l
2805 5696 2914 5752 ﬁlia
2931 5737 2945 5764 ,
2970 5686 3251 5766 Reginaldi
3278 5686 3580 5749 RoocienSis
3604 5686 3781 5739 comi"!

581 5762 968 5841 Martyrologio
1011 5769 1173 5823 veteri
1206 5771 1522 5827 monasterii
1551 5762 1889 5843 'Benigniani
1916 5762 2160 5827 habetur
2266 5782 2455 5825 uxore.
