4058 6386
334 361 438 419 853

1871 354 2053 411 VITA.

3488 349 3594 408 854

332 491 507 533 annos
534 489 729 546 gerens
756 473 966 541 aetatis;
997 481 1051 530 et
1078 471 1267 529 eodem
1284 450 1438 528 anno
1464 479 1752 542 susceptus
1773 480 1856 527 est
1881 487 1912 526 a
1942 475 1989 531 Α
2013 470 2271 542 episcopo
2295 512 2310 537 ,
2362 485 2510 526 anno
2546 469 2964 543 nongentesimo
3011 466 3366 540 nonagesimo
3390 506 3404 533 ,
3452 465 3594 519 indi-

332 569 479 624 clero
525 567 841 639 Lingonicae
887 566 1038 620 urbis
1060 608 1075 633 ,
1120 565 1189 620 ab
1237 564 1620 622 incarnatione
1664 563 1914 620 videlicet

328 658 538 716 Christi
582 659 1000 730 nongentesimo
1043 657 1379 728 octogesimo
1421 656 1616 727 primo.
1658 654 1732 723 ls,
1764 670 1914 711 asse—

325 761 492 810 cutus
520 751 916 821 episcopatum,
949 750 1100 805 omni
1123 764 1234 821 quo
1262 750 1440 821 potuit
1464 749 1589 805 nisu
1620 749 1774 819 sequi
1798 756 1913 804 stu-

325 842 449 898 duit
504 841 815 913 exemplum
865 841 998 899 boni
1046 842 1304 913 pastoris.
1360 839 1693 897 Monasteria
1747 840 1913 912 igitur

326 934 503 1004 ipsius
538 934 608 990 ad
643 935 927 990 ditecesim
950 934 1281 1005 pertinentia
1324 935 1381 991 in
1412 935 1791 1007 spiritualibus
1821 950 1911 991 re-

322 1025 549 1099 ligione,
583 1026 640 1080 in
680 1025 1075 1096 temporalibus
1117 1026 1430 1083 necessaria
1468 1042 1606 1098 pene
1633 1026 1912 1083 adnullata

321 1117 725 1187 gubernatione
755 1117 1132 1185 considerans,
1162 1118 1328 1189 coepit
1354 1133 1598 1190 quaerere
1638 1127 1913 1191 quatenus

321 1205 423 1263 Dei
441 1209 796 1280 dispensante
813 1218 951 1266 nutu
972 1224 1133 1267 suum
1147 1211 1203 1265 in
1219 1220 1422 1267 statum
1443 1226 1508 1267 ea
1541 1211 1810 1282 quivisset
1829 1227 1913 1268 re-

317 1317 538 1373 parare.
570 1304 846 1361 Amovens
866 1318 996 1377 ergo
1016 1304 1322 1361 Manassem
1344 1306 1596 1361 abbatem
1616 1305 1783 1376 hujus
1803 1306 1910 1361 loci

278 1390 281 1393 ’
318 1392 539 1467 (Sancti
550 1394 774 1468 Benigni
790 1396 1033 1467 Dioione)
1050 1411 1081 1451 a
1097 1396 1490 1464 dominatione,
1503 1413 1613 1468 qua
1643 1411 1755 1452 non
1772 1397 1911 1453 bene

316 1488 601 1557 utebatur,
611 1489 850 1545 instituit
867 1490 920 1545 in
939 1489 1122 1546 locum
1135 1490 1254 1561 ejus
1267 1490 1516 1547 abbatem
1539 1491 1829 1562 quemdam
1841 1506 1909 1547 ex

315 1581 661 1635 monasterio
684 1580 964 1649 Dervensi,
990 1581 1232 1638 Azonem
1256 1584 1496 1639 nomine.
1521 1581 1650 1639 Erat
1670 1584 1718 1640 is
1739 1584 1911 1655 Aqui-

316 1671 537 1728 taniCus
566 1687 785 1744 genere,
821 1681 1050 1729 ornatus
1079 1673 1240 1729 bonis
1285 1674 1532 1730 moribus
1560 1682 1615 1730 et
1652 1674 1907 1746 religiosa

313 1764 759 1819 conversatione.
807 1762 907 1818 llic
936 1765 1151 1820 duobus
1176 1765 1335 1820 annis
1360 1764 1414 1818 in
1450 1764 1715 1835 regimine
1747 1778 1907 1835 pera-

2014 563 2197 620 ctione
2242 562 2420 618 tertia.
2466 561 2654 619 Oﬂicio
2687 575 2818 618 vero
2863 561 3074 626 abbatis
3117 567 3359 629 accepto,
3396 556 3594 612 divinis

2014 653 2255 726 seipsum
2286 654 2449 725 coepit
2481 670 2737 710 exercere
2779 653 3093 731 virtutibus.
3121 649 3253 706 Erat
3281 650 3427 706 enim
3471 663 3596 703 eor-

2013 760 2145 815 pore
2167 754 2374 814 castus,
2408 756 2590 802 mente
2619 747 2873 814 devotus,
2919 744 3152 802 aﬂ‘abilis
3177 742 3437 825 alloquio,
3462 757 3595 811 pru-

2012 836 2197 892 dentia
2238 837 2520 907 praiditus,
2547 839 2910 908 temperantia
2946 838 3147 903 clarus,
3178 836 3391 889 interna
3438 831 3597 888 forti—-

2014 928 2201 984 tudine
2223 927 2434 996 ﬁrmus,
2480 944 2715 985 censura
2734 920 2739 925 ”
2753 929 2983 999 justitiae
3008 927 3238 994 stabilis,
3268 921 3595 996 longanimi-

2010 1028 2123 1077 tate
2167 1020 2445 1087 assiduus,
2477 1021 2737 1091 patientia
2773 1019 3399 1087 robustus,humilitate
3432 1032 3593 1072 man~

2012 1121 2223 1180 suetus,
2256 1112 2533 1168 bonorum
2580 1127 2809 1184 operum
2840 1112 3014 1185 gratia
3044 1100 3259 1183 plenus,
3306 1108 3593 1177 charitatis

2010 1204 2264 1279 equidem
2287 1203 2860 1263 aﬂluensvisceribus.
2888 1203 2996 1258 Pro
3024 1202 3353 1273 pauperibus
3379 1215 3597 1270 semper

2009 1306 2129 1352 erat
2159 1296 2446 1373 sollicitus,
2476 1295 2757 1352 Christum
2800 1310 2932 1352 vero
2980 1294 3212 1366 diligens
3241 1294 3371 1349 totis
3412 1292 3593 1349 visce-

2008 1388 2186 1455 ribus,
2209 1388 2363 1455 dum,
2397 1388 2544 1444 sicut
2569 1386 2782 1444 Martha
2828 1387 3182 1458 corporaliter
3225 1399 3334 1439 non
3361 1384 3591 1449 valebat,

2009 1478 2066 1533 in
2088 1479 2275 1552 egenis
2293 1479 2456 1535 illum.
2472 1479 2718 1550 quotidie
2740 1479 3036 1535 reﬁciebat.
3066 1476 3335 1532 Omnibus
3371 1475 3595 1547 hospitii

1966 1606 1974 1611 α
2007 1571 2317 1643 perlargum
2344 1572 2575 1641 praebuit
2620 1586 2815 1638 usum;
2846 1584 3008 1625 nemo
3051 1577 3135 1625 est
3160 1564 3439 1638 exceptus,
3471 1583 3596 1638 per—

1970 1677 2202 1733 .pessus
2250 1678 2413 1718 nemo
2471 1663 2765 1733 repulsam.
2815 1662 3136 1717 Divinorum
3195 1670 3596 1730 praeceptorum

2009 1753 2382 1810 delectabatur
2423 1753 2685 1824 eloquiis,
2719 1754 2849 1824 quia
2883 1768 2951 1809 ex
3003 1753 3090 1807 his
3136 1760 3191 1807 et
3230 1766 3363 1807 suos
3413 1766 3595 1806 mores

311 1856 424 1912 αῖς
452 1856 727 1926 repedavit
751 1856 817 1912 ad
853 1873 1015 1913 suum
1042 1857 1462 1924 monasterium,
1491 1857 1719 1913 dimissa
1739 1856 1905 1928 hujus
1938 1824 1981 1880 Β
2006 1860 2357 1917 componere,
2397 1855 2452 1902 et
2490 1846 2594 1903 sibi
2630 1847 2958 1903 commissos
2992 1842 3367 1900 instruebatur
3400 1842 3597 1897 docere

311 1947 429 2002 loci
477 1948 902 2019 gubernatione,
956 1958 1121 2020 atque
1162 1949 1359 2005 iterum
1404 1947 1685 2005 Manasses
1736 1948 1905 2004 abbas

310 2051 487 2093 suum
519 2039 721 2110 recepit
758 2038 1017 2095 oﬂicium.

388 2131 443 2184 2.
488 2129 687 2186 Videas
721 2131 889 2203 igitur
908 2132 1146 2190 domnus
1165 2133 1455 2205 episcopus
1487 2134 1676 2190 Bruno
1698 2141 1903 2190 statum

304 2221 422 2276 ioci
466 2222 520 2277 in
567 2223 825 2294 ambiguo
877 2224 1140 2294 positum,
1191 2226 1417 2296 supplex
1455 2226 1590 2282 adiit
1638 2226 1903 2282 domuum

301 2312 572 2369 Maiolum
619 2313 999 2372 Cluniacensis
1029 2319 1371 2373 monasterii!
1395 2320 1666 2385 abbatem,
1701 2319 1904 2374 multa-

299 2419 422 2476 que
454 2421 614 2471 prece
639 2407 889 2479 poposcit
932 2418 1209 2479 quatenus
1234 2411 1354 2481 ejus
1389 2410 1592 2466 auxilio
1634 2410 1902 2481 quivisset

299 2511 569 2568 reparare
603 2498 658 2552 in
692 2500 890 2556 melius
910 2542 924 2555 .
956 2500 1187 2556 interius
1217 2502 1557 2573 religionem,
1583 2511 1638 2557 et
1659 2502 1901 2558 exterius

300 2589 711 2659 possessiones.
774 2590 945 2662 Cujus
1000 2593 1258 2662 precibus
1327 2593 1502 2648 ﬂexus
1570 2593 1900 2650 reverendus

299 2681 481 2753 abbas
528 2681 781 2751 Maiolus,
833 2683 984 2738 dedit
1038 2684 1090 2738 ei
1129 2684 1422 2740 duodecim
1477 2686 1780 2740 monachos
1830 2701 1899 2740 ex

297 2772 459 2827 omni
493 2774 915 2845 congregatione
937 2775 1162 2842 electos,
1197 2775 1502 2847 disciplinis
1536 2784 1739 2832 sancta:
1766 2776 1897 2832 reli-

295 2861 485 2934 gionis
508 2863 829 2930 instructos,
854 2865 1038 2921 divina
1059 2874 1114 2921 et
1132 2866 1373 2923 humana
1394 2868 1661 2938 sapientia
1681 2869 1895 2938 doctos,

299 2954 590 3010 nobilitate
627 2956 835 3012 carnali
873 2956 1071 3012 claros.
1120 2955 1332 3023 Quibus
1371 2958 1787 3016 advenientibus
1819 2961 1897 3016 ita

293 3043 577 3100 ordinavit
626 3046 864 3103 domnus
922 3048 1216 3118 episcopus
1268 3055 1331 3103 ut
1379 3049 1469 3104 die
1520 3051 1896 3107 translationis

2002 1946 2058 1993 et
2086 1939 2381 2010 corrigere.
2403 1937 2632 1994 Cunctis
2651 1938 2892 2008 seipsum
2922 1935 3194 2008 praebebat
3213 1936 3350 1990 bene
3377 1933 3596 1987 vivendi

2001 2030 2332 2100 exemplum.
2366 2029 2435 2085 Et
2477 2030 2622 2086 sicut
2646 2030 2701 2084 in
2730 2029 2962 2096 ordine,.
2985 2028 3058 2083 ita
3089 2026 3299 2098 primus
3344 2025 3598 2080 studebat

2002 2127 2064 2172 ut
2092 2126 2239 2174 esset
2281 2119 2338 2173 in
2392 2134 2576 2191 opere,
2601 2118 2759 2191 juxta
2806 2118 2939 2174 illud
2985 2116 3380 2189 evangelistze:
3422 2113 3595 2184 Carpit

1999 2208 2156 2266 .lesus
2186 2210 2360 2281 facere
2382 2221 2432 2266 et
2465 2211 2651 2266 docere
2683 2209 2824 2283 (Act.
2858 2207 3304 2281 1,1).Peccantes
3327 2220 3457 2262 vero
3477 2205 3597 2260 zelo

1999 2302 2075 2372 pii
2106 2304 2312 2359 amoris
2335 2319 2523 2359 coram
2546 2303 2803 2359 omnibus
2830 2303 3114 2375 arguebat,
3141 2310 3201 2357 ut
3225 2298 3410 2358 caeteri
3434 2298 3595 2354 timo-

2000 2410 2116 2449 rem
2149 2394 2433 2450 haberent.
2476 2394 2583 2451 Sed
2611 2404 2667 2451 et
2706 2395 2872 2451 verba
2916 2409 3039 2465 quae
3069 2393 3173 2450 sub
3214 2391 3595 2462 increpatione

1998 2485 2328 2556 proferebat,
2364 2495 2424 2542 ut
2467 2487 2914 2558 reprehendenda
2945 2479 3388 2557 reprehenderet,
3435 2482 3594 2555 quasi

1999 2576 2208 2633 stimuli
2241 2577 2379 2633 dura
2408 2577 2733 2633 videbantur
2757 2584 2812 2631 et
2845 2592 3061 2647 aspera,
3084 2584 3146 2630 ut
3172 2590 3309 2645 pene
3336 2574 3560 2628 timeret.
3578 2600 3594 2612 ο

1999 2676 2089 2722 tur
2118 2670 2241 2738 plus
2264 2684 2431 2739 quam
2455 2668 2706 2735 verbera,
2725 2669 2881 2738 juxta
2913 2666 3048 2722 illud
3078 2685 3092 2721 :
3136 2665 3305 2721 Verba
3332 2664 3590 2735 sapientis

1996 2760 2154 2829 quasi
2202 2758 2430 2826 stimuli,
2461 2768 2511 2813 et
2540 2760 2694 2830 quasi
2734 2758 2871 2812 clavi
2902 2759 2959 2812 in
2988 2757 3157 2811 altum
3198 2757 3361 2827 deﬁxi
3388 2754 3588 2826 (Eccle.

1998 2863 2096 2913 xu,
2133 2848 2242 2919 ll).
2277 2848 2428 2904 Alios
2457 2848 2680 2919 quidem
2709 2847 3099 2903 blandimentis
3122 2889 3137 2914 ,
3170 2846 3310 2901 alios
3335 2844 3590 2900 admoni-

1997 2936 2265 3005 tionibus,
2296 2938 2436 2993 alios
2477 2938 2800 3005 terroribus,
2841 2946 2895 2992 et
2924 2938 3022 3005 ita,
3042 2937 3203 3007 juxta
3243 2935 3588 3005 Apostolum,

1995 3029 2299 3099 praedicans
2342 3030 2569 3084 verbum
2611 3028 2852 3085 instabat
2883 3036 3214 3100 opportune,
3255 3027 3587 3096 importune,

294 3132 478 3188 sancti
505 3132 752 3206 Benigni,
781 3135 1074 3191 monachis
1098 3151 1225 3191 cum
1250 3138 1356 3193 sibi
1386 3138 1647 3209 subjectis
1682 3140 1894 3198 clericis

1994 3137 2252 3194 arguens,
2280 3123 2599 3191 obsecrans,
2646 3124 2937 3192 increpans
2978 3121 3035 3175 in
3063 3119 3215 3175 omni
3243 3118 3502 3189 patientia
3531 3126 3589 3172 et

295 3231 430 3278 ante
463 3192 777 3294 sepulcrum
798 3225 1045 3298 smpefati
1070 3229 1330 3301 martyris
1359 3192 1644 3303 Jﬁﬁ;
1922 3192 1964 3250 Ο
1997 3213 2251 3269 doctrina
2277 3213 2366 3284 (II
2406 3213 2543 3268 Tim.
2577 3231 2651 3282 1v,
2692 3213 2770 3284 2).
2804 3212 3129 3267 Miserorum
3152 3226 3302 3303 vero,
3334 3208 3478 3303 haud
3508 3223 3590 3264 se-

294 3317 413 3373 nali
440 3316 679 3374 oﬂicium
716 3321 1131 3391 peragentibus,
1166 3322 1273 3393 ipsi
1317 3322 1375 3377 in
1422 3325 1694 3393 superiori
1722 3326 1894 3381 choro

297 3423 433 3469 ante
470 3415 770 3486 principale
799 3415 987 3473 Sancti
1022 3416 1274 3474 Mauricii
1318 3419 1488 3475 altare
1514 3420 1892 3475 matutinalem

294 3506 605 3576 inciperent
628 3508 896 3581 synaxim.
920 3508 1079 3577 Quod
1092 3511 1281 3582 utique
1302 3513 1686 3569 convenienter
1708 3522 1891 3570 actum

294 3606 387 3654 est
409 3640 425 3666 ,
470 3607 533 3655 ut
575 3600 670 3669 qui
713 3600 899 3655 lumen
947 3602 1226 3674 religionis
1274 3603 1563 3661 ostendere
1600 3606 1893 3662 veniebant

298 3690 573 3746 intrarent
598 3689 721 3748 luce
742 3692 854 3748 diei
879 3694 1370 3765 appropinquante.
1393 3694 1629 3752 Proinde
1656 3696 1765 3752 illis
1788 3696 1892 3752 bac

294 3782 385 3837 vel
419 3782 544 3837 illac
577 3783 950 3854 pergentibus,
978 3783 1071 3840 isti
1101 3784 1158 3840 in
1178 3785 1301 3842 loco
1327 3787 1582 3859 degentes
1607 3795 1891 3858 cmperunt

298 3883 493 3931 sancta
515 3876 933 3932 conversatione
955 3878 1318 3948 resplendere,
1349 3888 1405 3935 et
1431 3880 1587 3937 locus
1607 3880 1701 3950 qui
1727 3888 1889 3935 antea

300 3966 484 4036 pravis
519 3966 732 4022 actibus
760 3975 815 4023 et
837 3967 1095 4025 ineffabili
1129 3971 1513 4044 negligentiae
1549 3972 1761 4028 cunctis
1801 3972 1886 4026 vi-

299 4056 532 4112 debatur
553 4046 845 4127 confusus,
868 4074 1017 4117 nunc
1039 4060 1185 4117 felici
1211 4047 1599 4119 exercitatione
1620 4061 1886 4118 virtutum

301 4149 554 4204 omnium
586 4150 865 4206 videretur
888 4168 1011 4209 esse
1036 4152 1283 4211 ﬂoridus.

372 4242 425 4297 5.
468 4241 673 4298 Verum
719 4246 849 4316 quia
901 4247 1145 4318 praedicti
1197 4246 1375 4307 Patris
1424 4248 1697 4307 industria
1749 4250 1887 4308 locis

296 4333 421 4388 aliis
448 4334 657 4393 intenta
678 4342 815 4405 erat,
851 4347 906 4393 et
947 4338 1038 4395 hic
1068 4340 1222 4398 locus
1253 4341 1371 4398 sine
1405 4342 1600 4398 abbate
1628 4358 1750 4399 esse
1775 4357 1886 4399 non

298 4434 537 4496 poterat,
585 4428 785 4484 iterum
822 4429 1011 4486 domni
1051 4431 1327 4490 Brunonis
1359 4435 1608 4505 praesulis
1636 4436 1885 4506 pulsatus

297 4517 573 4587 precibus,
603 4521 895 4590 quemdam
920 4521 1169 4590 fratrem,
1192 4522 1656 4582 ferventissimam
1684 4527 1772 4582 sui
1791 4543 1885 4581 or-

296 4610 447 4666 dinis
491 4622 869 4670 exsecutorem
894 4657 911 4683 ,
962 4625 1018 4672 et
1066 4617 1238 4672 totius
1286 4617 1588 4673 nobilitatis
1635 4618 1883 4688 lampade

293 4698 696 4772 prmfulgidum,
741 4713 905 4775 atque
955 4707 1012 4761 in
1041 4722 1170 4762 vera
1207 4708 1513 4764 humilitate
1549 4717 1604 4764 et
1628 4707 1885 4766 fraternae

290 4791 601 4850 dilectionis
646 4795 948 4865 charitate,
984 4814 1198 4855 necnon
1227 4815 1457 4856 summa:
1497 4800 1878 4869 discretionis,

290 4898 418 4955 quae
448 4885 708 4942 virtutum
733 4889 982 4944 omnium
1028 4899 1202 4946 mater
1229 4906 1351 4948 esse
1383 4893 1747 4965 dignoscitur,
1780 4893 1880 4948 ho-

292 4985 505 5032 nestate
533 4978 877 5036 laudabiliter
900 4982 1204 5039 radicatum
1235 4992 1290 5040 et
1312 4982 1619 5054 fundatum,
1654 4986 1879 5042 nomine

289 5068 648 5137 Willelmum,
681 5073 846 5143 hujus
883 5077 1200 5132 monasterii
1238 5078 1387 5149 gregi
1412 5077 1671 5148 praefecit,
1704 5088 1759 5135 et
1783 5094 1881 5149 pa—

291 5173 429 5216 trem
455 5164 755 5233 spiritalem
800 5167 904 5222 sibi
940 5169 1291 5238 poscentibus
1321 5170 1448 5226 ﬁliis
1477 5171 1733 5227 instituit.
1778 5171 1879 5229 Hic

290 5253 445 5310 Italia
475 5257 686 5312 exstitit
711 5259 999 5327 oriundus,
1045 5261 1156 5316 alto
1189 5263 1324 5317 satis
1349 5264 1593 5333 germine
1621 5275 1676 5320 et
1706 5266 1877 5322 nobili

288 5349 543 5419 prosapia
576 5350 774 5406 editus.
806 5349 980 5418 Quem
1016 5354 1360 5423 supradictus
1386 5355 1621 5413 domnus
1644 5357 1875 5416 Maiolus

290 5436 465 5495 Roma
486 5442 713 5499 veniens
740 5443 949 5500 invenit
982 5444 1039 5499 in
1074 5447 1409 5502 monasterio
1439 5446 1677 5504 Lauceio
1702 5450 1871 5518 dicto,

287 5532 383 5588 ubi
404 5549 435 5587 a
459 5549 629 5603 puero
648 5535 913 5592 educatus
942 5535 1139 5592 fuerat.
1168 5538 1578 5612 Assumensque
1598 5556 1725 5596 eum
1756 5542 1876 5613 ipso

290 5624 635 5699 deprecante,
664 5644 852 5685 secum
884 5631 1109 5687 adduxit
1154 5630 1501 5701 Cluniacum,
1531 5644 1689 5691 aetate
1711 5637 1872 5707 juve-

290 5717 388 5772 nili
423 5718 727 5791 ﬂorentem.

360 5810 412 5867 4.
454 5808 747 5870 Ordinatus
788 5809 1061 5886 estigitur
1104 5817 1272 5874 abbas
1302 5835 1334 5874 a
1374 5818 1576 5876 domno
1617 5820 1875 5880 Brunone

1996 3317 2097 3361 cus
2134 3319 2199 3359 ac
2230 3303 2276 3359 si
2321 3311 2600 3373 pateretur
2624 3304 2760 3373 ipse,
2792 3303 3127 3357 aﬂiciebatur
3160 3300 3583 3356 calamitatibus.

1994 3392 2070 3449 0s
2094 3394 2215 3465 ejus
2261 3394 2340 3450 ita
2380 3395 2692 3465 replebatur
2732 3410 2801 3449 ex
2830 3394 3014 3449 cordis
3043 3392 3407 3458 abundantia,
3437 3398 3499 3445 ut
3526 3390 3585 3445 in

1994 3485 2187 3540 eodem
2227 3500 2323 3540 ore
2364 3502 2501 3556 pene
2547 3486 2681 3540 nihil
2734 3484 2883 3540 aliud
2929 3485 3035 3539 nisi
3068 3484 3155 3538 lex
3188 3490 3473 3538 resonaret
3499 3482 3584 3537 di-

1992 3576 2157 3644 vina;
2207 3584 2260 3632 et
2303 3577 2430 3649 quia
2483 3575 2764 3647 Scriptura
2810 3577 2944 3633 dicit
2976 3595 2988 3630 :
3020 3575 3125 3642 Qui
3172 3574 3345 3641 audit,
3398 3574 3583 3639 dicat;

2003 3664 2132 3721 Veni
2171 3666 2355 3739 (Apoc.
2398 3684 2534 3736 xxn,
2585 3666 2695 3737 l7),
2725 3668 2848 3723 ideo
2883 3681 3243 3738 quoscunque
3285 3672 3515 3736 poterat,
3549 3681 3585 3720 a

1990 3759 2180 3815 saeculi
2206 3758 2448 3831 nequitia
2497 3759 2777 3815 suadendo
2804 3759 3179 3815 subtrahebat.
3209 3757 3275 3813 Et
3304 3758 3445 3813 sicut
3470 3770 3583 3813 cte-

1990 3850 2127 3908 leste
2154 3868 2251 3924 per
2273 3852 2604 3909 desiderium
2634 3852 2766 3908 totis
2790 3852 2904 3923 ipse
2944 3852 3156 3908 viribus
3190 3851 3257 3907 ad
3280 3863 3582 3921 supernum

1989 3959 2221 4016 regnum
2249 3943 2574 4011 anhelabat,
2605 3945 2679 3999 ita
2706 3960 2893 4001 secum
2924 3958 3147 4015 pergere
3170 3956 3362 3997 omnes
3391 3940 3578 3997 homi-

1988 4050 2107 4103 nes,
2142 4035 2189 4092 si
2222 4036 2338 4091 iieri
2386 4044 2605 4108 posset,
2646 4037 2957 4109 exoptabat.
3001 4035 3107 4091 Sed
3140 4035 3452 4090 nullatenus
3493 4039 3581 4087 est

1987 4123 2274 4183 fraudatus
2309 4142 2339 4182 a
2389 4128 2660 4184 desiderio
2707 4128 2856 4200 quod
2890 4128 2944 4183 in
2987 4142 3045 4184 se
3078 4136 3400 4197 conceperat
3448 4138 3577 4179 vera

1986 4216 2223 4276 dilectio.
2256 4218 2349 4275 Ille
2368 4221 2515 4277 enim
2540 4221 2631 4292 qui
2658 4220 2898 4276 Charitas
2932 4227 3034 4285 est,
3062 4219 3155 4290 qui
3181 4234 3239 4274 se
3263 4216 3577 4273 timentium

1987 4311 2224 4381 complet
2254 4310 2592 4367 voluntatem
2623 4354 2637 4378 ,
2688 4309 2793 4365 viri
2838 4309 2934 4365 Dei
2976 4309 3279 4366 ferventem
3314 4306 3575 4363 aﬂ'ectum

1985 4401 2242 4472 perduxit
2286 4402 2353 4457 ad
2379 4401 2653 4457 eﬂ‘ectum.
2688 4401 2768 4456 Ad
2802 4401 2921 4471 ejus
2946 4400 3146 4471 quippe
3181 4398 3390 4453 monita
3418 4395 3579 4451 multi

1986 4509 2110 4567 qum
2138 4493 2497 4563 possederant
2521 4492 2912 4561 relinquentes,
2931 4488 3166 4560 regulari
3196 4504 3254 4543 se
3275 4486 3578 4556 disciplinae

1920 4578 1961 4633 D
1988 4583 2366 4649 subdiderunt,
2410 4591 2464 4638 et
2501 4582 2642 4637 beati
2689 4581 2965 4636 Benedicti
3004 4589 3294 4650 sequentes
3326 4577 3575 4647 vestigia,

1990 4673 2311 4742 semetipsos
2346 4672 2698 4743 abnegantes,
2729 4686 2859 4725 vero
2886 4669 3018 4741 Regi
3043 4669 3170 4724 totis
3194 4669 3403 4722 viribus
3426 4667 3574 4721 mili-

1987 4770 2259 4819 taverunt.
2288 4764 2544 4819 Partibus
2579 4777 2816 4832 namque
2844 4776 2912 4815 ex
2939 4759 3170 4815 diversis
3206 4759 3273 4813 ad
3310 4759 3428 4829 ejus
3454 4773 3569 4812 coe-

1988 4855 2215 4910 nobium
2248 4855 2539 4911 multitudo
2573 4853 2834 4909 conﬂuxit
2873 4850 3308 4907 innumerabilis.
3345 4848 3451 4904 Sed
3480 4863 3576 4902 na-

1984 4948 2228 5006 tionibus
2266 4947 2390 5002 licet
2432 4945 2654 5010 diversi,
2695 4952 2877 4999 mente
2899 4952 3086 4999 tamen
3129 4950 3285 4997 erant
3316 4937 3572 5006 uniti,'ut

1985 5038 2121 5094 illud
2147 5040 2214 5094 ad
2245 5038 2483 5094 litteram
2504 5036 2560 5091 in
2587 5036 2667 5091 eis
2696 5036 2974 5106 impletum
3007 5034 3302 5099 videretur,
3334 5031 3478 5102 quod
3505 5031 3574 5085 de

1984 5128 2144 5184 initio
2190 5128 2469 5184 nascentis
2517 5125 2773 5182 Ecclesia:
2821 5126 2879 5181 in
2932 5124 3305 5195 apostolorum
3357 5120 3574 5177 actibus

1981 5220 2180 5292 legitur
2220 5239 2233 5275 :
2277 5219 2413 5274 Erat
2455 5218 2568 5274 illis
2612 5234 2702 5273 cor
2755 5233 2918 5271 unum
2957 5225 3007 5271 et
3048 5217 3230 5270 animo
3274 5229 3382 5269 una
3428 5212 3570 5285 (Aet.

1979 5329 2054 5381 iV,
2095 5313 2229 5384 52).,

2048 5461 2102 5516 5.
2156 5459 2447 5517 Crescente
2486 5468 2671 5515 autem
2728 5458 2961 5514 interius
3014 5457 3293 5529 religionis
3349 5455 3568 5522 studio,

1977 5550 2263 5606 exterioris
2292 5549 2613 5606 substantiae
2641 5549 3075 5619 supplementum
3101 5546 3264 5618 coepit
3288 5547 3569 5601 abundare

1978 5656 2089 5696 non
2124 5641 2355 5709 modice,
2396 5649 2560 5713 prout
2595 5641 2859 5697 Dominus
2887 5640 3140 5711 promisit
3167 5641 3283 5696 suis
3303 5640 3360 5694 in
3389 5637 3565 5692 Evan-

1975 5733 2116 5803 gelio
2141 5753 2153 5788 :
2181 5732 2417 5799 Quwrite
2439 5735 2671 5804 primum
2697 5750 2911 5804 regnum
2932 5732 3031 5786 Dei
3059 5742 3109 5787 et
3137 5732 3403 5795 iustitiam
3426 5728 3565 5798 ejus,

1975 5834 2027 5880 et
2054 5825 2165 5881 hac
2187 5827 2366 5882 omnia
2389 5826 2876 5897 adjicienturqvobis
2906 5824 3124 5898 (Matth.
3153 5841 3228 5893 vi,
3256 5823 3371 5895 25).
3401 5819 3589 5875 Doms
