4058 5406
524 327 631 383 855

521 531 685 586 corde
705 543 894 584 eorum
914 529 1057 583 bona
1080 523 1514 588 conversatione,
1538 518 1687 575 omni
1705 515 1884 572 studio
1909 526 2101 569 eorum

521 621 649 677 usui
707 620 1017 675 necessaria
1073 618 1300 675 curabat
1357 611 1792 671 subministrare.
1850 603 2102 662 Reddidit

521 714 691 784 igitur
738 710 941 768 Sancto
978 710 1220 782 Benigno
1253 718 1307 765 et
1332 707 1450 779 ejus
1498 702 1784 760 monachis
1813 697 2099 754 ecclesiam

518 806 577 862 in
609 804 835 860 Saciaco
855 805 1036 870 sitam,
1057 813 1161 859 etc.
1198 800 1406 870 Ubique
1423 811 1555 867 ergo
1569 790 1900 863 investigatis
1918 789 2099 844 ablata

518 897 859 963 restituebat,
900 904 954 951 et
978 895 1044 950 de
1067 909 1169 950 suo
1187 894 1311 963 jure
1333 890 1698 961 quodcunque
1727 882 2098 941 necessarium

516 998 573 1044 et
607 989 740 1044 utile
763 989 842 1043 eis
868 986 1025 1052 foret,
1055 985 1244 1041 libenti
1287 982 1470 1039 animo
1498 978 1790 1035 tribuebat.
1836 972 2107 1047 Utrisque

515 1096 667 1147 vero,
698 1081 901 1135 domno
945 1079 1152 1135 scilicet
1176 1075 1406 1148 praesule
1433 1073 1689 1127 Brunone
1726 1078 1887 1138 atqne
1931 1079 2095 1120 vene-

515 1173 689 1228 rando
729 1172 921 1227 abbate
949 1170 1245 1236 Willelmo,
1276 1168 1332 1222 in
1363 1164 1764 1223 restauratione
1789 1160 1953 1229 hujus
1987 1156 2096 1213 loci

515 1265 756 1320 studiose
782 1263 1206 1329 decertantibus,
1238 1259 1406 1330 ccepit
1427 1270 1682 1315 crescere
1710 1261 1767 1311 et
1812 1251 1972 1325 quasi
2000 1250 2095 1305 de-

516 1372 628 1412 nuo
665 1355 942 1424 rellorcre,
972 1363 1081 1411 etc.

586 1448 639 1501 6.
680 1446 800 1519 Ipse
821 1446 1088 1503 Henricus
1122 1446 1233 1501 dux
1260 1441 1609 1517 (Burgundio:
1642 1438 1882 1511 Hugonis
1915 1434 2093 1489 Fran-

515 1555 695 1593 corum
720 1539 852 1609 regis
876 1539 1065 1609 frater)
1096 1538 1281 1593 audita
1306 1535 1450 1591 fama
1473 1532 1753 1603 religionis
1781 1530 1906 1585 exin
1929 1528 1967 1583 ii
1988 1525 2094 1581 Pa-

511 1631 613 1686 tris
627 1630 881 1685 Willelmi
903 1630 1179 1685 commisit
1199 1630 1249 1684 ei
1271 1627 1545 1683 abbatiam
1572 1623 1972 1679 Versiacensem
1988 1618 2086 1691 (4),

506 1739 644 1795 pene
679 1724 748 1778 ad
787 1723 1019 1778 nihilum
1055 1724 1350 1788 redactam,
1380 1728 1439 1777 ut
1466 1719 1534 1787 ab
1566 1718 1685 1789 ipso
1710 1716 2089 1771 restitueretur

504 1815 561 1871 in
592 1808 883 1886 pristinum
929 1824 1166 1882 statum;
1195 1814 1342 1885 quod
1368 1821 1423 1868 et
1463 1810 1590 1866 fecit
1618 1808 1915 1864 auxiliante
1950 1807 2080 1861 Deo.

503 1906 750 1963 Domnus
777 1916 958 1963 autem
982 1908 1271 1977 episcopus
1292 1905 1478 1960 Bruno
1502 1902 1857 1958 considerans
1868 1898 2084 1953 Patrem

504 1997 839 2055 Willelmum
877 1999 952 2054 ita
980 1997 1278 2053 ferventem
1306 1995 1366 2051 in
1398 1995 1660 2067 religione
1682 2008 1747 2049 ac
1777 1989 2087 2047 monastica

500 2091 867 2157 institutione,
898 2099 952 2163 et
977 2091 1099 2145 loca
1134 2089 1184 2144 ei
1230 2086 1524 2143 commissa
1553 2086 1622 2141 de
1659 2085 1746 2139 die
1771 2084 1824 2138 in
1853 2083 1996 2137 diem
2028 2079 2083 2134 in

499 2183 696 2238 melius
726 2183 1010 2254 proﬁcere,
1035 2182 1218 2237 omnia
1240 2181 1296 2234 in
1324 2195 1425 2237 suo
1449 2177 1729 2251 episcopio
1753 2174 2089 2232 monasteria

498 2274 674 2345 ipsius
699 2275 969 2346 delegavit
1010 2273 1387 2345 providentiae,
1433 2270 1708 2327 abbatiam
1740 2269 1951 2325 scilicet
1977 2266 2081 2323 Be-

497 2383 757 2424 suensem
815 2366 927 2438 (5),
973 2365 1352 2437 apostolorum
1399 2363 1546 2419 Petri
1590 2372 1645 2418 et
1669 2358 1823 2417 Pauli
1871 2362 2084 2417 honore

493 2459 756 2527 dicatam,
786 2459 1187 2514 monasterium
1232 2456 1417 2513 Sancti
1460 2454 1711 2519 Joannis,
1751 2453 1899 2524 quod
1934 2451 2081 2506 Reo-

494 2567 655 2608 maus
701 2551 924 2619 dicitur,
972 2552 1156 2606 locum
1208 2549 1393 2605 Sancti
1440 2533 1739 2611 Michaelis.
1768 2543 2082 2615 archangeli

489 2644 647 2713 juxta
662 2653 907 2699 castrum
929 2642 1332 2707 Tornodorum,
1351 2641 1622 2699 abbatiam
1645 2636 2077 2703 Molundensem,

493 2736 589 2788 ubi
606 2744 831 2791 sanctus
844 2734 1093 2791 Valerius
1106 2734 1181 2807 (6)
1198 2735 1616 2791 archidiaconus
1637 2739 1691 2787 et
1702 2740 1906 2803 martyr
1922 2731 2079 2800 quio-

494 2828 618 2881 scit.
650 2825 800 2893 Quas
821 2842 1016 2881 omnes
1037 2827 1113 2882 ita
1133 2835 1354 2881 strenue
1375 2825 1717 2897 gubernavit,
1732 2832 1794 2880 ut
1813 2829 2078 2894 posteum

491 2919 720 2989 singula:
764 2917 994 2989 singulis
1043 2918 1332 2973 abbatibus
1360 2916 1687 2983 distributae,
1716 2915 1887 2972 statui
1929 2915 2079 2975 illius

488 3010 752 3080 temporis
775 3024 886 3080 quo
907 3010 974 3064 ab
995 3025 1061 3064 eo
1082 3010 1433 3081 regebantur,
1453 3024 1563 3063 non
1587 3008 1827 3079 quierint
1847 3007 2074 3078 aquari.

1409 317 1465 370 S.
1499 305 1872 370 GUILLELMI
1911 299 2202 359 ABBATIS
2238 298 2298 353 S.
2336 292 2610 352 BENIGNI
2646 289 2907 355 DWION,

520 454 629 494 nus
662 451 901 508 namque
934 434 1226 506 episcopus
1245 429 1451 496 Bruno,
1476 427 1737 486 nimirum
1764 422 2103 480 exhilaratus
2129 419 2177 474 Α
2198 414 2252 469 ni

3677 274 3783 331 856

2260 429 2344 480 re;
2369 410 2541 482 aliqui
2562 408 2755 464 litteris
2778 407 2916 461 bene
2936 401 3154 467 eruditi,
3174 398 3265 457 alii
3287 397 3629 455 diversorum
3652 408 3782 465 ope-

2202 520 2326 559 rum
2354 500 2671 574 magisterio
2693 497 2859 563 docti,
2891 495 2982 551 alii
3006 491 3348 565 agricultura:
3380 487 3613 544 scientia
3637 499 3785 555 prata

2200 595 2329 660 diti,
2384 607 2622 664 quorum
2675 602 2766 644 ars
2811 598 2864 642 et
2910 584 3188 656 ingenium
3233 582 3361 637 huic
3406 581 3529 635 loco
3574 575 3785 649 profuit

2198 685 2517 757 plurimum.
2547 681 2843 737 Crescebat
2863 694 2991 749 ergo
3011 675 3252 747 quotidie
3273 671 3564 728 multitudo
3587 682 3784 723 mona-

2198 779 2427 835 chorum
2451 776 2555 830 sub
2579 775 2698 842 ejus
2724 771 3038 843 magisterio
3067 768 3401 839 degentium,
3422 774 3484 819 ut
3518 761 3781 834 (exceptis

2199 869 2286 925 bis
2309 868 2402 938 qui
2433 883 2531 938 per
2578 860 2681 920 alia
2710 872 2868 919 erant
2901 858 3256 930 monasteria)
3278 860 3334 913 in
3353 858 3456 911 hac
3480 868 3783 925 congrega-

2195 961 2345 1016 tione
2387 958 2629 1032 qnotidie
2664 953 2869 1025 fratres.
2892 961 3077 1010 essent
3109 948 3452 1023 septuaginta
3488 955 3584 1003 aut
3624 954 3782 1000 octo-

2196 1054 2372 1126 ginta.

2266 1161 2319 1216 8.
2358 1155 2507 1218 Inter
2538 1170 2731 1216 cetera
2772 1176 2895 1232 qua:
2920 1160 3156 1215 domnus
3185 1157 3368 1213 Bruno
3398 1156 3691 1228 episcopus
3724 1153 3782 1207 in

2193 1253 2299 1308 hoc
2338 1252 2460 1308 loco
2500 1254 2609 1324 egit
2654 1254 2819 1320 bona,
2868 1254 3093 1323 longum
3138 1258 3226 1306 est
3277 1249 3423 1304 enim
3451 1260 3783 1303 enumerare

2192 1345 2405 1417 singula
2440 1343 2560 1416 ejus
2596 1354 2778 1416 gesta,
2828 1343 2923 1399 sed
2953 1343 3060 1398 hoc
3107 1341 3341 1396 breviter
3375 1353 3676 1409 possumus
3697 1336 3782 1390 di-

2193 1452 2317 1493 cere
2342 1456 2355 1493 ί
2380 1437 2590 1493 Cuncta
2625 1437 2695 1493 ab
2726 1436 2967 1506 antiquis
2996 1435 3124 1490 huic
3156 1435 3277 1490 loco
3314 1433 3531 1497 collata,
3558 1439 3783 1500 postca-

2193 1540 2300 1597 que
2343 1542 2375 1581 a
2428 1527 2683 1597 malignis
2749 1525 2989 1595 direpta,
3024 1524 3109 1578 vel
3153 1539 3193 1589 a
3243 1522 3427 1593 pravis
3470 1519 3780 1575 rectoribus

2191 1618 2493 1688 dispertita,
2547 1634 2575 1672 a
2620 1616 2877 1673 Brunone
2916 1617 3175 1687 episc0po
3208 1624 3336 1671 sunt
3373 1613 3673 1671 restituta:
3725 1620 3785 1664 et

2192 1710 2316 1765 licet
2346 1710 2421 1763 illi
2441 1725 2552 1765 non
2600 1710 2852 1765 amittant
2882 1708 3187 1763 mercedem
3241 1722 3355 1761 suae
3392 1706 3775 1775 clecmosynze,

2188 1800 2277 1855 hic
2305 1809 2486 1856 tamen
2500 1816 2610 1856 non
2631 1800 2877 1857 inferiori
2893 1800 3090 1870 dignus
3106 1806 3190 1853 est
3205 1798 3506 1868 gratiarum
3533 1796 3771 1850 actione.

2187 1891 2264 1947 De
2284 1893 2548 1948 emortuis
2569 1893 2715 1947 enim
2739 1892 3039 1957 cineribus,
3070 1891 3124 1944 in
3146 1890 3583 1944 excellentiorem
3608 1902 3779 1958 quam

2187 1999 2427 2054 unquam
2475 1992 2600 2039 ante
2632 1984 2811 2040 fuerat
2847 1992 3047 2040 statum
3078 1999 3176 2053 per
3196 1996 3321 2038 eum
3346 1982 3674 2036 sublimatus
3696 1988 3781 2034 est

2186 2075 2275 2131 hic
2316 2077 2487 2132 locus.
2512 2076 2558 2130 Α
2584 2086 2774 2133 sancto
2798 2077 2964 2148 igitur
2991 2074 3253 2145 Gregorio
3286 2071 3621 2145 Lingonensi
3662 2071 3778 2139 epi-

2185 2183 2352 2239 scopo
2383 2168 2608 2225 fundata
2641 2169 2757 2225 haec
2778 2168 3020 2234 abbatia,
3054 2184 3084 2221 a
3109 2166 3429 2221 Guntranno
3452 2181 3579 2235 rege
3601 2163 3777 2217 stabi-

2184 2260 2280 2317 lita
2329 2271 2383 2316 et
2427 2261 2617 2329 ditata,
2668 2276 2701 2317 a
2753 2262 2952 2318 Carolo
3004 2261 3354 2331 imperatore,
3405 2265 3783 2328 cognomento

2183 2351 2371 2418 Calvo,
2396 2361 2451 2407 et
2484 2354 2689 2409 domno
2739 2353 2891 2410 Isaac
2915 2354 2993 2425 (7)
3035 2352 3294 2423 episcopo
3344 2356 3673 2412 restaurata,
3705 2346 3774 2400 ab

2184 2446 2503 2501 honorando
2548 2447 2779 2516 praesule
2809 2446 3065 2502 Brunone
3100 2460 3158 2500 et
3176 2442 3453 2500 Willclmn
3480 2447 3777 2502 sincraljli

2183 2538 2397 2604 abbate,
2420 2554 2531 2594 non
2558 2540 2916 2607 solummodo
2943 2540 2999 2594 in
3029 2539 3153 2594 aliis
3184 2536 3374 2609 t-J‘sus,
3397 2559 3585 2596 verum
3608 2541 3777 2594 etiam

2184 2630 2240 2689 in
2270 2647 2413 2686 nova
2435 2633 2678 2691 ecclesia:
2701 2632 2909 2688 fabrica
2930 2641 3015 2688 est
3044 2646 3328 2690 renovata.
3356 2635 3411 2689 In
3442 2635 3603 2703 cujus
3630 2632 3780 2688 lasi-

2181 2724 2303 2779 licze
2330 2724 2469 2780 miro
2487 2741 2650 2794 opere
2669 2726 2903 2782 domnus
2930 2730 3134 2796 praesul
3163 2744 3431 2798 expensas
3463 2727 3779 2791 tribuendo,

2179 2832 2245 2875 ac
2286 2818 2572 2874 columnas
2626 2834 2965 2873 marmoreas
3003 2834 3073 2877 ac
3120 2822 3360 2890 lapideas
3408 2822 3777 2889 undecunque

2179 2911 2526 2976 adducenda,
2557 2920 2611 2965 et
2641 2911 2977 2969 reverendus
3017 2914 3187 2969 abbas
3229 2914 3521 2984 magistros
3562 2913 3775 2968 condu-

2180 3000 2375 3066 cendo.
2399 3009 2451 3056 et
2487 3001 2667 3069 ipsum
2695 3015 2834 3070 opus
2874 2999 3134 3057 dictando
3175 3004 3514 3068 insudantes,
3540 3003 3775 3073 dignum

560 3102 614 3158 τ.
652 3102 813 3160 Anno
853 3111 1006 3159 sexto
1028 3118 1141 3159 suae
1173 3102 1540 3159 ordinationis
1561 3100 1873 3158 Willelmus
1906 3099 2075 3155 abbas

2181 3087 2364 3143 divino
2399 3089 2571 3144 cultui
2604 3090 2868 3159 templum
2913 3102 3356 3149 construxerunt.
3380 3092 3553 3163 Cujus
3589 3094 3771 3153 artiﬁ—

486 3197 718 3254 Romam
759 3198 997 3268 perrexit
1060 3197 1129 3253 ad
1184 3198 1561 3268 apostolorum
1608 3197 1832 3265 limina,
1880 3211 2073 3253 eorum

482 3299 638 3358 patro
651 3289 791 3344 cinia
814 3304 1116 3360 exposcens
1147 3304 1309 3359 prece
1329 3289 1550 3359 devota,
1584 3290 1821 3360 indeque
1847 3287 1915 3343 ad
1933 3285 2074 3343 San-

482 3392 633 3438 ctum
708 3383 976 3454 Angelum
1026 3395 1269 3442 montem
1327 3386 1518 3456 petivit
1575 3386 1912 3457 Garganum.
1964 3387 2073 3444 Sed

482 3474 851 3531 Beneventum
884 3476 1110 3535 veniens
1153 3479 1492 3551 gravissimae
1521 3479 1855 3537 inﬁrmitatis
1902 3481 2070 3538 astri-

485 3574 608 3621 ctus
642 3575 728 3622 est
754 3568 1034 3639 compede.
1080 3570 1253 3641 Cujus
1283 3571 1619 3628 inﬁrmitatis
1638 3573 1900 3629 diuturno
1928 3574 2067 3630 aﬂli-

484 3666 607 3715 ctus
650 3659 936 3731 languore,
981 3677 1105 3717 cum
1143 3664 1255 3734 jam
1283 3675 1317 3719 a
1348 3662 1464 3719 suis
1488 3664 1871 3735 desperaretur
1906 3680 2069 3737 posse

485 3750 734 3817 evadere,
773 3753 1010 3822 quadam
1047 3762 1208 3809 nocte
1254 3762 1441 3825 raptus
1477 3754 1536 3810 in
1577 3757 1773 3826 spiritu
1805 3758 2069 3814 tribunali

481 3842 759 3897 metuendi
801 3841 1008 3901 Iudicis
1051 3846 1304 3914 sistitur;
1335 3847 1430 3902 ubi
1471 3862 1601 3903 cum
1647 3865 1750 3920 pro
1788 3850 2065 3920 aliquibus

481 3931 857 4004 increparetur
895 3937 1232 4003 excessibus,
1255 3945 1310 3992 et
1351 3939 1590 3994 maxime
1636 3955 1737 4010 pro
1768 3942 2063 4000 indiscreta

476 4023 787 4092 severitate,
819 4041 919 4095 pro
946 4028 1033 4083 his
1066 4028 1242 4098 culpis
1266 4037 1534 4085 metueret
1559 4031 1811 4086 damnari
1843 4035 2062 4091 aeternis

474 4114 739 4184 gehennae
767 4118 1069 4187 suppliciis,
1099 4128 1161 4175 ut
1183 4120 1288 4177 sibi
1322 4121 1504 4177 visum
1534 4131 1645 4191 est,
1673 4132 1899 4180 sanctus
1922 4143 2060 4199 papa

473 4203 772 4277 Gregorius
819 4209 876 4270 in
936 4224 1035 4264 sua
1088 4225 1216 4265 eum
1260 4213 1501 4284 suscepit
1555 4213 1692 4283 ﬁde,
1728 4215 2060 4288 diligentiori

471 4296 731 4367 deinceps
747 4297 1018 4353 victurum
1041 4300 1426 4370 sollicitudine,
1450 4312 1504 4359 et
1525 4305 1709 4375 priora
1734 4315 1913 4362 errata
1943 4308 2057 4379 pie-

2179 3180 2313 3237 ciosi
2338 3182 2521 3252 operis
2560 3180 2737 3237 forma
2758 3191 2813 3237 et
2845 3185 3122 3240 subtilitas
3154 3200 3262 3240 non
3292 3185 3525 3239 inaniter
3542 3185 3773 3253 quibus—

2176 3292 2283 3349 que
2314 3275 2497 3332 minus
2538 3277 2746 3333 eductis
2776 3279 3085 3335 ostenditur
3119 3293 3216 3349 per
3234 3279 3464 3345 litteras,
3500 3278 3771 3348 quoniam

2176 3368 2232 3423 in
2257 3384 2323 3424 eo
2345 3369 2516 3424 multa
2544 3368 2798 3425 videntur
2840 3371 3076 3442 mystico
3106 3386 3279 3429 sensu
3299 3369 3461 3437 facta,
3487 3386 3612 3440 qua:
3648 3386 3770 3425 ma-

2172 3458 2255 3528 gis
2270 3459 2467 3516 divinae
2488 3460 2836 3530 inspirationi
2853 3477 3018 3537 quam
3043 3462 3278 3534 alicujus
3300 3462 3548 3533 deputari
3565 3462 3769 3519 debent

2172 3548 2378 3629 peritiae
2404 3550 2687 3621 magistri.

2243 3686 2295 3742 9.
2332 3685 2642 3743 Fundatum
2665 3696 2747 3743 est
2769 3697 2951 3743 autem
2983 3688 3088 3744 hoc
3118 3688 3375 3759 templum
3399 3704 3544 3743 anno
3576 3689 3777 3745 Domi-.

2166 3779 2303 3834 uicae
2324 3778 2722 3835 Incarnationis
2744 3781 3032 3835 millesimo
3078 3782 3279 3850 primo,
3322 3782 3618 3836 indictione
3662 3782 3767 3837 des

2167 3870 2311 3925 cima
2340 3879 2556 3940 quarta,
2589 3872 2804 3928 decimo
2838 3881 2993 3927 sexto
3022 3872 3292 3929 Kalendas
3334 3872 3533 3929 Martii.
3584 3873 3762 3943 Cujus

2166 3961 2449 4033 longitudo
2499 3963 2856 4018 ducentorum
2914 3963 3083 4019 ferme
3123 3964 3465 4030 cubitorum,
3526 3965 3762 4019 latitudo

2164 4061 2347 4107 autem
2369 4054 2767 4130 quinquaginta
2793 4055 2959 4110 trium
2996 4056 3236 4121 exstitit;
3278 4056 3508 4110 altitudo
3543 4072 3677 4110 vero
3699 4057 3765 4117 in

2162 4144 2519 4214 sequentibus
2567 4136 2872 4216 opportune
2915 4146 3145 4205 dicetur.
3183 4144 3413 4201 Inferior
3446 4147 3633 4216 itaque
3656 4147 3757 4200 do-

2160 4248 2286 4288 mus
2322 4233 2612 4301 orationis,
2643 4235 2701 4289 in
2725 4253 2832 4307 qua
2862 4237 3294 4292 sacratissimum
3327 4252 3528 4306 corpus
3574 4235 3755 4292 sancti

2157 4322 2386 4395 Benigni
2421 4327 2675 4398 martyris
2719 4336 3026 4393 veneratur,
3067 4328 3316 4384 eumdem
3354 4343 3492 4397 pene
3524 4328 3751 4381 modum

470 4388 601 4443 tatis
620 4394 675 4442 et
706 4388 1093 4447 misericordias
1112 4392 1368 4462 operibus
1388 4396 1657 4465 expianda
1677 4406 2054 4454 correcturum

2181 4388 2365 4471 labens
2389 4388 2733 4486 quantitatis,
2766 4417 2991 4474 fulcitur
3019 4427 3238 4475 centum
3268 4388 3505 4489 quatuor
3533 4421 3750 4475 colum-

468 4477 603 4531 l'ore.
641 4475 776 4535 Post
807 4478 1076 4535 visionem
1118 4481 1174 4536 in
1206 4492 1378 4539 semet
1399 4500 1677 4555 reversus,
1703 4496 1757 4543 et
1795 4490 1864 4545 ab
1893 4489 2051 4545 inﬁr-

2181 4503 2264 4559 iis.
2307 4467 2513 4560 Haecin
2540 4508 2771 4578 ﬁguram
2805 4507 2847 4561 Τ
2875 4509 3068 4564 litterae
3091 4508 3253 4576 facta,
3271 4467 3514 4579 quatuor
3526 4512 3757 4567 ordines

468 4568 657 4626 unitate
700 4570 890 4626 eadem
931 4572 1094 4643 coepit
1138 4575 1520 4633 convalescere
1553 4578 1663 4646 die,
1703 4588 1758 4636 et
1811 4582 2055 4652 priorem

464 4662 837 4719 austeritatem
860 4667 1189 4736 permutavit
1218 4668 1271 4723 in
1306 4671 1603 4726 maximam
1627 4674 1903 4743 pietatem.
1930 4674 2051 4732 Sic-

464 4768 573 4824 que
614 4763 803 4824 postea
832 4759 983 4813 omni
1006 4759 1131 4815 vita:
1168 4776 1283 4816 suae
1312 4770 1549 4834 tempore
1571 4775 1823 4823 sanctum
1846 4768 2050 4841 Grego-

461 4846 608 4900 rium
650 4848 872 4917 speciali
902 4851 1070 4907 coluit
1112 4853 1419 4911 dilectione.
1463 4855 1762 4928 Coeperunt
1812 4861 2049 4932 denique

459 4951 527 4990 ex
550 4952 651 4994 sua
675 4942 885 5010 patria,
911 4943 1016 4999 hoc
1058 4953 1143 5001 est
1186 4945 1360 5015 Italia,
1397 4950 1555 5007 multi
1578 4952 1646 5007 ad
1672 4968 1799 5009 eum
1843 4970 2049 5012 conve-

492 5114 502 5124 .
644 5046 763 5128 {Alia
790 5049 952 5106 lectio
981 5052 1147 5109 habet
1187 5054 1623 5126 Vezeliacensem,
1656 5064 1744 5118 cui
1772 5076 2050 5124 monaste-

424 5117 544 5189 rio
569 5117 917 5195 Guillelmum
976 5133 1226 5180 nostrum
1282 5128 1445 5191 etiam
1518 5117 2050 5195 praefuiSsewvolu'nt

459 5187 1381 5284 nonnullihfort‘e‘ex'"hoc19cc:
1429 5187 1664 5283 Abbatia
1696 5187 1800 5258 fuit
1836 5187 2046 5284 ordinis

458 5256 634 5284 “noun:

729 5259 849 5284 ul..-

2156 4593 2538 4661 columnarum
2561 4596 2818 4652 duodeno
2839 4597 3233 4667 dispositarum
3267 4614 3516 4664 numero,
3545 4602 3747 4670 aequali

2153 4685 2465 4740 extenditur
2492 4686 2549 4741 in
2580 4686 2921 4759 longitudine
2945 4698 3001 4742 et
3032 4688 3352 4755 latitudine;
3378 4689 3564 4743 decem
3616 4705 3748 4746 vero

2153 4775 2353 4832 cubitis
2396 4778 2625 4849 erigitur
2671 4779 2727 4833 in
2776 4779 3087 4845 altitudine,
3141 4788 3349 4835 secreta
3397 4795 3464 4833 ex
3510 4789 3747 4850 utraque

2151 4874 2305 4936 parte
2337 4867 2545 4923 habens
2589 4870 2877 4924 vestibula.
2909 4869 3163 4940 Quinque
3206 4886 3339 4925 sane
3367 4872 3420 4925 in
3455 4886 3519 4925 ea
3559 4873 3742 4926 conti-

2150 4967 2351 5017 nentur
2393 4960 2588 5015 altaria
2625 4962 2902 5032 :primum
2955 4962 3012 5016 in
3063 4962 3328 5016 honorem
3362 4961 3534 5032 ipsius
3561 4963 3745 5018 sancti

2150 5088 2325 5145 mnus,
2354 5074 2517 5145 vulgo
2544 5073 3172 5141 Moutiers-Saint-Jean,
3207 5073 3653 5142 Tornodorense,
3684 5085 3739 5130 et

2152 5141 2538 5216 Molundense,
2587 5146 2751 5216 vulgo
2790 5145 3054 5212 Molome,
3083 5146 3136 5199 in
3188 5146 3493 5216 prioratum
3547 5145 3738 5201 Sancti

2149 5210 2389 5279 Martini,
2422 5210 2644 5284 qui-sibi
2670 5210 2772 5284 ipsi
2807 5210 3050 5284 parebat,
3076 5210 3421 5271 translatum.
