4058 6390
200 346 343 405 857

1775 352 1955 411 “TA.

3396 377 3505 438 858

200 463 462 539 Benigni
502 476 588 524 est
612 476 1022 535 consecratum;
1063 467 1365 524 secundum
1399 469 1456 525 in
1493 468 1815 524 memoriam
1845 471 1892 527 Λ
1918 474 2196 534 schemate
2222 478 2449 548 factum,
2470 483 2840 556 senarumque
2863 487 3196 545 illustratum
3216 491 3506 562 splendore
3536 516 3547 529 ε

196 562 406 617 sancti
439 558 650 617 Nicolai
674 569 728 616 et
771 560 1016 617 omnium
1053 561 1461 630 confessorum;
1502 564 1721 621 tertium
1757 564 1813 618 in

192 656 634 711 venerationem
666 663 867 710 sancta:
896 652 1165 711 Pascasiae
1187 655 1434 727 virginis,
1465 672 1588 726 qure
1616 644 1816 712 ibidem

194 748 490 816 quiescit,
541 755 596 802 et
619 747 865 802 omnium
900 746 1203 816 virginu‘a:
1236 757 1513 817 quantum,
1559 747 1613 804 in
1638 748 1814 804 sancti

193 837 415 895 Irenmi
447 846 503 893 et
538 839 783 893 omnium
827 846 1158 908 martyrum;
1196 838 1448 907 quintum
1488 838 1590 893 sub
1633 838 1812 893 nomi-

196 929 388 984 nibus
412 938 722 985 sanctorum
743 925 1119 984 eonfessorum
1142 936 1195 981 et
1216 929 1470 983 abbatum
1497 938 1811 985 sanctorum

192 1018 454 1078 Joannis
481 1031 534 1076 et
559 1020 814 1091 Sequani,
850 1030 1015 1092 atque
1045 1020 1219 1075 sancti
1243 1019 1488 1077 Eustadii
1513 1021 1814 1094 presbyteri

195 1118 425 1174 ibidem
454 1119 808 1189 quiescentis.

286 1211 386 1269 10.
404 1211 459 1265 ln
486 1212 587 1266 hac
600 1225 729 1283 ergo
754 1226 983 1280 corpora
1007 1220 1320 1266 sanctorum
1353 1211 1689 1281 quiescentia
1713 1227 1814 1266 ssc-

194 1304 421 1376 pedicti
458 1305 610 1359 testis
653 1303 853 1359 Christi
895 1304 1051 1358 beata
1088 1304 1335 1358 ambiunt
1380 1305 1642 1371 membra,
1671 1320 1811 1374 quo-

197 1414 345 1457 rum
378 1398 430 1453 in
454 1396 723 1468 principio
761 1398 926 1467 hujus
951 1397 1076 1451 libri
1114 1397 1189 1468 (8)
1227 1397 1452 1452 nomina
1482 1406 1611 1454 sunt
1638 1398 1812 1453 adno-

197 1496 352 1543 tata.
404 1486 733 1543 Sanctorum
761 1504 892 1541 vero
934 1486 1307 1543 confessorum
1344 1497 1398 1543 et
1427 1489 1812 1560 episcoporum

198 1580 501 1637 Crbaniet
519 1580 766 1652 Gregorii
787 1596 1015 1651 corpora
1040 1581 1094 1634 in
1116 1581 1348 1635 ecclesia
1371 1579 1558 1637 Sancti
1584 1580 1810 1638 Joannis

196 1672 479 1744 Baptista:
498 1675 752 1745 primitus
776 1672 994 1728 fuerunt
1019 1674 1313 1740 tumulata;
1343 1683 1465 1745 post
1500 1674 1657 1746 longa
1682 1690 1812 1730 vero

196 1776 487 1836 tempora,
526 1767 651 1821 inde
679 1767 907 1822 elevata.
948 1764 1135 1821 Sancti
1169 1766 1389 1837 quidem
1420 1766 1668 1839 Gregorii
1702 1782 1812 1822 me—

197 1858 396 1914 dietas
420 1858 670 1929 corporis
702 1859 756 1913 in
780 1859 1009 1915 ecclesia
1041 1858 1228 1914 Sancti
1249 1858 1477 1930 Benigni
1507 1866 1591 1914 est
1616 1874 1810 1915 recon-

196 1951 353 2017 dita,
382 1960 627 2021 tempore
650 1963 760 2021 quo
794 1962 1016 2022 propter
1059 1959 1264 2007 metum
1294 1967 1629 2025 paganorum
1656 1951 1808 2021 ejus-

192 2043 340 2098 dem
382 2044 559 2099 sancti
598 2045 856 2116 martyris
902 2043 1159 2101 eﬂ‘ossum
1198 2060 1396 2116 corpus
1436 2045 1685 2100 delatum
1708 2044 1811 2101 fuit

198 2136 275 2191 ad
313 2137 597 2191 civitatem
634 2136 941 2208 Lingonas;
986 2146 1041 2193 ct
1082 2147 1214 2195 tunc
1246 2138 1353 2193 alia
1394 2138 1656 2194 medietas
1686 2153 1809 2194 cor-

197 2230 368 2299 poris
420 2229 633 2300 priefati
672 2229 1003 2287 confessoris
1054 2232 1165 2288 illic
1212 2239 1299 2287 est
1336 2238 1568 2287 retenta.
1622 2232 1809 2289 Sancti

196 2321 455 2391 denique
479 2319 684 2378 Urba'ni
702 2338 902 2392 corpus
918 2323 1177 2391 levatum,
1193 2334 1248 2380 et
1262 2325 1315 2379 in
1343 2325 1524 2381 loculo
1545 2326 1807 2396 positum,

197 2414 408 2471 multis
446 2414 836 2469 miraculorum
863 2415 1037 2487 signis
1066 2432 1164 2489 per
1187 2432 1315 2472 eum
1341 2417 1609 2474 Dominus
1635 2418 1810 2474 laetifi-

196 2506 362 2562 cavit
411 2508 574 2562 corda
616 2506 948 2565 famulorum
990 2525 1217 2565 suorum
1254 2510 1310 2564 in
1332 2510 1440 2565 hoc
1462 2511 1583 2567 loco
1604 2512 1809 2583 degen-

197 2599 374 2654 tium.
421 2598 759 2655 Venerabilis
786 2616 917 2655 vero
944 2599 1097 2657 Isaac
1121 2602 1383 2658 antistitis
1405 2618 1627 2673 corpus,
1659 2620 1807 2673 eum,

196 2692 466 2762 exigente
484 2692 671 2762 templi
696 2692 948 2758 aedificio,
981 2693 1374 2749 transferretur
1394 2696 1502 2751 alio
1522 2712 1553 2751 a
1583 2697 1812 2766 quibus-

198 2785 345 2839 dam
370 2785 765 2851 sacerdotibus,
822 2787 1061 2842 maxima
1086 2802 1150 2842 ex
1171 2797 1323 2858 parte
1346 2790 1619 2861 integrum
1645 2791 1810 2846 simul

202 2893 343 2932 cum
395 2877 573 2947 capite
620 2878 929 2934 clericalem
974 2882 1155 2937 adhuc
1202 2882 1523 2953 prtefereute
1558 2883 1807 2939 habitum

203 2968 394 3024 fertur
423 2970 725 3025 inventum.
765 2970 1026 3027 Similiter
1057 2982 1111 3029 et
1140 2975 1329 3031 domni
1361 2976 1598 3047 Argrimi
1629 2977 1812 3047 ponti-

204 3060 337 3117 ﬁcis
371 3077 437 3117 ac
484 3063 739 3118 monachi
765 3065 1124 3121 sacerdotalia
1168 3083 1294 3122 eum
1335 3070 1551 3124 cucullo
1600 3084 1809 3125 necnon

1916 565 2302 639 fenestrarum,
2335 573 2554 644 triginta
2590 573 2794 645 septem
2827 578 3043 635 cubitos
3080 579 3289 638 habens
3310 582 3364 638 in
3386 584 3505 640 dia-

1917 670 2124 727 metro,
2174 664 2363 719 decem
2410 666 2467 720 in
2516 666 2646 723 alto.
2696 666 2812 725 Hoc
2846 686 2978 726 sane
3012 673 3315 728 oratorium
3349 684 3504 732 terno

1915 754 2295 812 columnarum
2327 759 2517 815 ordine
2543 760 2599 815 in
2631 771 2804 817 semet
2836 773 3109 835 regyrato,
3138 768 3502 838 quadraginta

1916 844 2167 901 videlicet
2193 858 2359 919 atque
2399 860 2546 918 octo,
2576 853 2947 922 geometricali
2995 855 3351 925 dispositione
3381 874 3502 912 am-

1916 933 2089 1003 bitur;
2133 938 2298 1007 hujus
2322 941 2556 1011 desuper
2597 942 2812 999 culmen
2840 946 2987 1000 celso
3010 955 3250 1001 erectum
3281 946 3503 1019 fastigio

1916 1026 2103 1097 viginti
2152 1039 2350 1099 quater
2394 1033 2816 1103 columnarum,
2885 1053 2950 1093 ac
2997 1039 3217 1109 triginta
3267 1040 3502 1095 duorum

1914 1135 2162 1185 arcuum,
2197 1124 2468 1194 tripertita
2493 1129 2771 1200 comparis
2806 1132 3019 1186 numeri
3062 1133 3335 1198 machina,
3363 1133 3504 1188 divi-

1913 1212 2096 1278 sione,
2129 1215 2361 1286 eleganti
2397 1221 2795 1277 transvolutum
2835 1232 2920 1278 est
2968 1239 3150 1294 opere.
3208 1224 3323 1281 lloc
3370 1241 3504 1284 sane

1914 1306 2216 1362 oratorium
2264 1312 2438 1364 sancti
2489 1311 2717 1369 Joannis
2775 1313 3030 1385 Baptista:
3088 1327 3363 1373 sacratum
3416 1327 3503 1375 est

1914 1391 2143 1462 honore,
2183 1398 2341 1468 cujus
2362 1401 2532 1457 altare
2572 1403 2877 1458 illustratur
2930 1406 3094 1460 trium
3137 1405 3499 1462 fenestrarum

1913 1483 2140 1540 lumine.
2181 1487 2263 1542 Ab
2313 1490 2415 1546 hac
2456 1493 2687 1548 ecclesia
2721 1504 2851 1549 sunt
2878 1511 2974 1565 per
3004 1496 3285 1551 cochleam
3311 1498 3503 1555 dextra

1912 1577 2155 1648 laevaque
2197 1581 2419 1654 triginta
2452 1594 2656 1654 septem
2688 1588 2910 1656 gradus,
2943 1588 3150 1643 crebris
3172 1590 3502 1649 sullicientcr

1912 1670 2169 1729 illustrati
2192 1674 2577 1748 fenestris,per
2599 1696 2738 1749 quos
2764 1681 3030 1737 inoffenso
3056 1684 3369 1737 ascenditur
3390 1692 3502 1738 tra-

1913 1766 2042 1820 mite
2074 1768 2140 1821 ad
2170 1768 2448 1826 basilicam
2478 1770 2689 1828 Sancta:
2721 1774 2814 1829 Dei
2839 1776 3118 1845 genitricis
3152 1775 3354 1831 Maria).
3381 1775 3502 1847 Ipsa

1910 1873 2041 1914 vero
2067 1860 2297 1916 ecclesia
2328 1864 2607 1934 sexaginta
2642 1875 2767 1921 octo
2817 1868 3049 1922 subnixa
3079 1878 3162 1924 est
3207 1869 3498 1933 columnis,

1908 1953 2162 2007 eumdem
2200 1953 2311 2008 fere
2348 1956 2556 2012 habens
2594 1959 2818 2012 modum
2871 1968 2925 2013 et
2945 1958 3178 2015 formam
3203 1961 3257 2014 in
3289 1960 3503 2015 diame-

1908 2051 1994 2099 tro
2027 2044 2141 2099 sive
2172 2045 2229 2100 in
2281 2047 2587 2115 altitudine,
2614 2066 2774 2119 quem
2798 2060 2853 2105 ct
2882 2050 3130 2118 inferior,
3160 2041 3503 2122 undenisquo

1909 2145 2204 2203 irradiatur
2228 2149 2432 2206 vitreis.
2462 2149 2542 2204 Ad
2565 2150 2735 2206 altare
2757 2160 2935 2206 autem
2960 2152 3204 2222 ejusdem
3229 2160 3503 2222 perpetuat

1911 2236 2151 2311 Virginis
2186 2256 2558 2297 marmoreum
2592 2257 2689 2312 per
2724 2251 2962 2312 quatuor
2984 2243 3282 2312 tripertitos
3303 2257 3503 2297 ascen-

1909 2330 2058 2385 ditur
2091 2333 2315 2403 gradus,
2337 2334 2494 2403 juxta
2540 2348 2680 2403 quos
2706 2333 2833 2389 hinc
2857 2341 2911 2387 et
2935 2334 3058 2388 inde
3093 2342 3224 2393 sunt
3271 2333 3499 2402 altaria;

1911 2425 1981 2479 ad
2014 2425 2260 2481 dextram
2299 2425 2516 2495 quidem
2553 2423 2781 2480 Joannis
2812 2423 3171 2493 Evangelistm
3207 2440 3272 2479 ac
3310 2423 3500 2479 Jacobi

1909 2515 2099 2572 fratris
2122 2516 2264 2585 ejus,
2303 2515 2599 2585 Sanctique
2638 2513 2861 2569 Thomas
2885 2514 3164 2584 Apostoli;
3198 2514 3266 2568 ad
3307 2513 3499 2568 heram

1908 2625 2041 2665 vero
2069 2608 2248 2665 sancti
2298 2607 2565 2675 Matthaci,
2608 2605 2798 2663 Jacobi
2835 2614 2891 2661 et
2928 2605 3166 2675 Philippi
3220 2605 3499 2674 apostolo-

1910 2717 2056 2756 rum.

1984 2794 2070 2849 12.
2101 2792 2239 2849 Huic
2266 2794 2462 2848 iterum
2486 2793 2881 2848 concordantes
2901 2800 2957 2845 et
2981 2791 3112 2846 satis
3126 2790 3294 2846 lucidi
3310 2787 3502 2842 'utrin-

1910 2900 2018 2955 que
2046 2900 2143 2954 per
2165 2884 2454 2945 cochleam,
2471 2883 2536 2937 ad
2574 2882 2862 2937 ecclesiam
2891 2881 3104 2936 Sancta:
3127 2888 3182 2935 et
3207 2878 3501 2934 individua:

1913 2973 2201 3029 Trinitatis
2235 2974 2454 3045 triginta
2500 2973 2700 3045 gradus
2733 2971 3094 3027 continuatim
3127 2977 3389 3040 praestant
3412 2982 3502 3022 as-

1912 3084 2161 3124 censum.
2190 3066 2316 3122 Hznc
2338 3067 2391 3120 in
2416 3067 2641 3121 modum
2669 3081 2889 3121 coronae
2915 3072 3252 3127 constructa,
3278 3060 3501 3130 triginta

203 3154 480 3211 interiore
529 3156 709 3212 cilicio
737 3158 1083 3225 vestimenta,
1131 3159 1185 3213 in
1232 3160 1604 3220 testimonium
1636 3162 1808 3232 ipsius
1835 3180 1876 3236 ο
1913 3179 2131 3234 quoque
2158 3172 2212 3218 et
2253 3178 2347 3217 sex
2386 3161 2572 3216 innixa
2610 3159 2918 3224 columnis,
2950 3157 3204 3213 fenestris
3239 3154 3500 3223 undique,

206 3247 614 3316 sanctimoniae,
645 3248 960 3319 incorrupta
995 3259 1126 3306 sunt
1155 3265 1387 3322 reperta.
1421 3254 1501 3308 Ad
1528 3255 1631 3310 hoc
1656 3254 1802 3310 haud

206 3338 378 3411 longe
425 3350 638 3410 reperta
689 3350 775 3397 est
820 3351 1010 3398 sancta
1046 3343 1428 3416 Radegundis,
1486 3346 1694 3402 habens
1733 3346 1802 3403 ad

206 3441 384 3502 caput
419 3432 637 3487 titulum
668 3433 754 3489 sui
776 3434 1016 3490 nominis
1036 3436 1091 3490 in
1112 3436 1315 3491 lamina
1339 3438 1622 3506 plumbea;
1644 3439 1802 3509 cujus

205 3540 347 3582 ossa
398 3534 582 3582 cerato
616 3527 859 3583 involuta
897 3528 1067 3584 linteo
1117 3538 1246 3584 sunt
1288 3529 1507 3585 inventa
1546 3531 1601 3584 in
1638 3546 1801 3602 capsa

204 3618 398 3689 lignea
436 3618 493 3673 in
521 3627 665 3674 terra
692 3620 993 3676 recondita.
1023 3619 1362 3677 Caeterorum
1389 3631 1647 3692 praeterea
1671 3638 1801 3678 san-

207 3720 455 3778 ctorum,
493 3727 730 3782 quorum
764 3729 995 3784 corpora
1050 3713 1142 3770 hic
1169 3725 1474 3771 noscuntur
1516 3708 1801 3783 tumulata,

208 3803 415 3859 beatus
432 3802 727 3875 Gregorius
756 3804 1103 3860 Turonorum
1139 3807 1431 3877 episcopus
1468 3807 1804 3863 mentionem

209 3892 373 3961 facit,
403 3909 593 3949 eorum
635 3894 953 3951 describens
988 3898 1239 3966 quaedam
1286 3897 1554 3953 miracula
1578 3898 1676 3970 (9),
1704 3897 1805 3953 Be—

210 3986 374 4058 nigni
421 3987 671 4042 videlicet
714 3989 999 4060 martyris,
1035 3989 1215 4060 nostri.
1262 3990 1515 4059 specialis
1564 3990 1802 4060 patroni,

212 4080 527 4151 Tranquilli
557 4097 777 4152 quoque
798 4080 1154 4147 confessoris,
1184 4098 1397 4138 necnon
1422 4081 1612 4138 Hilarii
1647 4098 1807 4138 sena-

211 4173 382 4240 toris,
403 4182 458 4228 et
470 4174 854 4247 ejusconjugis
878 4184 1081 4243 sanctae
1102 4175 1335 4232 Florida:
1349 4176 1804 4244 sanctimonialis,

213 4275 387 4338 atque
427 4266 697 4324 Paseasiae
724 4267 952 4340 virginis
984 4277 1040 4323 et
1072 4269 1351 4340 martyris.
1396 4268 1524 4326 llaec
1560 4287 1593 4326 a
1616 4281 1808 4327 sancto

213 4362 467 4434 Benigno
490 4362 682 4417 educta
710 4370 766 4418 et
814 4362 1115 4433 baptizata,
1153 4372 1279 4433 post
1311 4363 1431 4433 ejus
1462 4365 1805 4437 martyrium,

215 4453 434 4509 saevitia
463 4468 803 4524 paganorum
847 4462 1002 4524 rapta
1037 4462 1122 4509 est
1156 4455 1226 4510 ad
1260 4455 1608 4525 supplicium.
1637 4456 1808 4514 Cum-

216 4561 331 4616 que
377 4545 671 4601 immobilis
724 4546 783 4600 in
836 4546 939 4601 ﬁde
987 4544 1192 4604 Christi
1227 4548 1578 4617 persisterct,
1631 4549 1810 4619 primo

218 4638 466 4696 carceris
497 4638 692 4693 afflicta
737 4638 1011 4708 squalore,
1074 4645 1264 4707 postea
1314 4655 1416 4709 pro
1462 4639 1809 4696 confessione

222 4729 455 4785 Deitatis
486 4731 753 4786 sententia
782 4728 881 4785 fuit
919 4730 1150 4785 multata
1179 4730 1422 4801 capitali,
1452 4739 1515 4785 ut
1557 4732 1809 4801 quaedam

220 4824 393 4877 vitrea
421 4822 723 4891 antiquitus
752 4822 895 4879 facta
924 4831 979 4878 et
1009 4838 1183 4893 usque
1207 4822 1273 4877 ad
1295 4832 1484 4878 nostra
1507 4823 1808 4893 perdurans

223 4925 470 4984 tempora
492 4916 721 4985 eleganti
752 4915 1206 4984 praemonstrabat
1239 4915 1471 4985 pictura.
1505 4913 1808 4970 Tantorum

221 5022 356 5077 ergo
374 5007 701 5062 venerandis
721 5007 1042 5076 corporibus
1065 5015 1382 5062 sanctorum
1418 5007 1811 5062 honorabiliter

226 5098 345 5152 haec
392 5097 459 5152 de
489 5113 596 5168 qua
628 5097 792 5152 modo
844 5097 1025 5168 agitur
1054 5099 1283 5153 ecclesia
1314 5114 1425 5154 non
1467 5099 1812 5155 mediocriter

222 5199 314 5249 est
345 5189 539 5257 ditata,
587 5190 830 5261 exceptis
882 5190 1116 5247 aliorum
1171 5190 1420 5260 reliquiis
1466 5198 1806 5260 sanctorum,

226 5299 368 5354 quos
395 5299 716 5339 enumerare
742 5283 1076 5354 superﬂuum
1111 5284 1346 5340 videtur.

198 5424 205 5445 ,
301 5377 387 5431 ll.
416 5375 553 5432 lluic
574 5377 738 5447 paulo
753 5377 1007 5447 superius
1026 5377 1313 5447 descripta:
1335 5375 1582 5433 inferiori
1610 5384 1811 5449 cryptae

197 5467 579 5539 'eonjungitur
626 5468 929 5524 oratorium
987 5468 1056 5524 ad
1123 5468 1257 5525 solis
1306 5477 1522 5537 ortum,
1575 5468 1809 5524 rotundo

302 5602 381 5674 (8)
428 5603 504 5658 De
550 5604 638 5659 his
687 5604 892 5659 sanctis
936 5603 1056 5659 fuse
1099 5604 1209 5675 agit
1248 5603 1695 5674 chronographus
1726 5604 1811 5675 sui

232 5672 414 5743 operis
450 5675 625 5745 initio,
661 5689 784 5744 quae
830 5676 878 5731 si
903 5675 988 5730 vis
1011 5672 1229 5745 require
1265 5672 1539 5745 Spicilegii
1583 5682 1729 5745 torno
1766 5672 1807 5741 l,

234 5761 355 5815 pag.
387 5745 510 5800 555.
546 5743 801 5801 Urbanus
827 5755 881 5800 et
907 5743 1205 5817 Gregorius
1244 5743 1396 5802 fuere
1420 5743 1659 5815 episcopi
1681 5744 1811 5817 Lin-

235 5831 499 5898 gonenses
556 5817 873 5874 monasterii
907 5815 1069 5895 hujus
1098 5817 1436 5883 conditores,
1469 5817 1615 5887 quod
1636 5816 1703 5871 ad
1726 5815 1811 5870 ni-

1904 3272 1970 3312 ae
1999 3257 2235 3326 desuper
2262 3255 2449 3325 patulo
2484 3255 2625 3310 cmlo
2654 3254 2837 3309 lumen
2878 3250 3311 3313 infundentibus,
3334 3247 3503 3301 micat

1903 3348 2105 3402 eximia
2139 3348 2406 3411 claritate,
2445 3345 2799 3415 amplitudine
2834 3342 3081 3398 interiori
3103 3339 3290 3397 domui
3316 3336 3500 3393 consi-

1904 3440 2070 3504 milis,
2094 3438 2187 3493 scd
2217 3437 2408 3507 viginti
2432 3437 2741 3491 cubitorum
2783 3434 3107 3490 altitudinis.
3143 3432 3327 3485 Altare
3360 3428 3505 3483 Sau-

1904 3539 2006 3585 cta:
2043 3529 2325 3583 Trinitatis
2356 3528 2433 3583 ita
2467 3536 2551 3585 est
2574 3528 2813 3598 positum
2838 3535 2900 3581 ut
2925 3526 3290 3594 undecunque
3313 3523 3496 3592 ingrc-

1905 3623 2200 3689 dientibus,
2222 3639 2288 3677 ac
2303 3623 2615 3693 ubicunque
2629 3622 3020 3692 pcrecclcsiam
3039 3616 3492 3682 consistentibus,

1905 3714 1978 3769 sit
2029 3713 2400 3784 perspicuum.
2470 3712 2600 3769 Inde
2652 3728 2751 3783 per
2811 3709 3259 3783 quadrigeminas
3322 3707 3503 3762 scalas

1904 3806 2232 3862 altrinsecus
2263 3804 2438 3862 factas
2461 3806 2528 3861 ad
2559 3819 2814 3874 suprema
2851 3811 3000 3874 patet
3034 3815 3334 3865 ascensus;
3363 3813 3501 3868 qua—-

1906 3915 2028 3954 rum
2053 3900 2174 3955 dua:
2193 3900 2390 3968 aequali
2420 3899 2584 3954 modo
2605 3897 2797 3967 positae
2822 3911 2916 3966 per
2949 3893 3262 3966 quindecim
3298 3891 3502 3962 gradus

1907 4008 2083 4062 usque
2111 3992 2179 4047 ad
2210 3990 2397 4047 Sancti
2430 3990 2710 4045 Michaelis
2740 3989 3144 4059 protenduntur
3174 3983 3500 4047 oratorium,

1908 4086 2116 4142 habens
2141 4085 2198 4140 in
2240 4085 2578 4156 longitudine
2609 4083 2826 4139 cubitos
2856 4082 3081 4153 triginta
3115 4092 3262 4143 tres,
3297 4076 3352 4129 in
3379 4074 3501 4129 alti—

1908 4180 2097 4235 tudine
2125 4180 2336 4244 decem,
2367 4179 2462 4232 vili
2478 4177 2620 4233 facta
2636 4177 2755 4246 (sic)
2780 4176 3089 4239 schemate;
3116 4168 3502 4226 fenestrasha-

1908 4272 2001 4328 bet
2024 4281 2249 4342 septem.
2289 4270 2423 4326 Alia:
2445 4285 2575 4324 vero
2615 4270 2738 4325 dum
2762 4285 2856 4339 per
2874 4264 3273 4338 quinquaginta
3299 4258 3501 4331 gradus

1912 4379 2130 4419 sursum
2188 4363 2431 4433 dirigunt
2461 4377 2732 4434 gressum.
2778 4360 2861 4415 Ad
2918 4358 3028 4412 ima
3075 4364 3255 4410 autem
3302 4352 3498 4405 harum

1914 4456 2215 4522 scalarum,
2262 4455 2392 4510 bina
2439 4470 2604 4524 super
2624 4468 2846 4508 murum
2885 4444 3320 4506 deambulatoria
3371 4449 3501 4497 sunt

1843 4527 1888 4581 D
1914 4546 2077 4612 facta,
2104 4563 2228 4616 quae
2274 4546 2470 4616 mquali
2531 4545 2709 4615 spatio
2740 4544 2809 4598 ab
2849 4540 3101 4596 orientali
3128 4545 3282 4608 parte
3326 4547 3503 4602 usque

1915 4639 1982 4694 ad
2008 4639 2425 4703 occidentalem,
2452 4646 2508 4691 et
2538 4637 2677 4691 infra
2699 4635 2983 4704 templum,
3012 4647 3110 4701 per
3131 4643 3294 4684 arcus
3321 4626 3503 4680 deam-

1913 4730 2240 4794 bulatorios,
2265 4737 2322 4783 et
2344 4744 2510 4799 supra
2541 4737 2745 4782 tectum
2778 4726 2976 4779 domus
3001 4738 3162 4776 muro
3193 4714 3507 4773 altitudinis

1915 4825 2080 4882 trium
2121 4823 2293 4879 ferme
2318 4821 2627 4877 cubitorum
2672 4819 3102 4887 circumquaque
3158 4808 3498 4882 pergentium

1914 4934 1947 4973 a
1979 4917 2140 4972 ruina
2186 4920 2477 4987 protegunt
2515 4912 2810 4967 incessum.
2838 4907 2963 4963 Haec
2995 4914 3176 4960 tamen
3209 4902 3274 4957 ad
3309 4900 3500 4953 dexte-

1913 5023 2031 5063 ram
2059 5006 2409 5063 sinistramve
2430 5011 2641 5074 partem
2680 4999 2867 5069 templi
2900 4996 3241 5066 incipientes,
3269 4988 3501 5045 interius

1910 5111 1965 5157 et
1995 5101 2191 5157 subtus
2221 5100 2336 5154 alas
2366 5098 2487 5167 ejus
2535 5109 2783 5165 gressum
2818 5107 2914 5161 per
2958 5087 3223 5159 quosdam
3254 5082 3504 5139 occultos

1910 5194 2091 5251 aditus
2128 5193 2198 5249 ad
2223 5206 2479 5262 suprema
2511 5189 2637 5243 tecti
2667 5185 2986 5255 dirigentes,
3014 5180 3196 5250 plano,
3220 5175 3500 5231 utdictum

1909 5293 2016 5352 est,
2077 5284 2212 5340 calle
2265 5282 2544 5338 deducunt
2574 5281 2847 5334 introrsus
2889 5273 3150 5342 undique,
3182 5269 3355 5324 donec
3400 5282 3500 5321 su-

1910 5378 2264 5449 perliminare
2308 5375 2730 5431 occidentalium
2803 5380 3085 5442 portarum
3140 5367 3498 5435 attingentes,

1914 5488 2013 5542 per
2041 5472 2241 5543 pariles
2280 5470 2461 5525 scalas
2500 5468 2690 5540 viginti
2718 5465 2986 5538 graduum
3020 5463 3075 5516 in
3106 5461 3349 5530 porticus
3390 5454 3499 5510 Ec~

1914 5608 2085 5664 hilum
2114 5621 2251 5677 pene
2278 5605 2593 5677 prolapsum
2624 5600 2777 5657 Isaac
2807 5597 3079 5677 Brpnonis
3102 5596 3363 5676 decessor
3408 5607 3499 5646 re-

1918 5669 2218 5735 stituithc
2242 5669 2495 5747 Argrimo
2529 5681 2709 5747 actum
2748 5680 2831 5726 est
2866 5669 3076 5726 Sazculo
3089 5669 3390 5747 superiori...

1990 5732 2065 5819 (9)
2096 5748 2153 5802 ln
2180 5732 2382 5819 libro‘jr.
2414 5745 2490 5801 De
2515 5745 2907 5819 gloria_mart.,
2935 5758 3055 5812 cap.
3086 5732 3183 5798 5οῙ
3201 5745 3257 5794 ct
3279 5737 3335 5792 in
3359 5732 3500 5789 libro

1917 5815 2006 5875 De
2028 5815 2199 5897 gloria
2222 5817 2481 5887 confess,
2502 5815 2623 5889 cap.
2652 5815 2723 5873 42
2742 5823 2796 5870 et
2819 5828 2972 5884 seqq.
3312 5836 3319 5843 -
