4058 5406
496 310 602 372 859

1385 318 1445 376 s.
1486 316 1865 376 GUILLELMI
1900 315 2194 374 ABBATIS
2233 294 2290 375 s.
2332 319 2607 377 sumam
2643 319 2895 379 DlVlON.

3666 327 3791 384 πο.

498 426 682 486 clesia
698 430 927 502 majoris
963 430 1264 504 deponunt.
1296 431 1432 500 Qua
1446 433 1515 489 ad
1544 433 1719 490 instar
1743 433 1926 490 crucis
1949 432 2085 489 adi-
2115 435 2162 493 Α
2188 434 2365 506 signia
2387 448 2729 505 ornamenta,
2758 437 3008 495 videlicet
3042 454 3290 511 gemma,
3306 438 3485 511 pallia
3508 440 3771 514 pretiosa,

498 522 659 581 ficata
709 523 872 579 habet
915 525 974 580 in
1003 525 1341 597 longitudine
1380 527 1594 581 cubitos
1626 533 1846 582 centum
1890 526 2084 597 viginti

498 624 643 684 octo,
663 616 720 670 in
754 616 1063 684 latitudine,
1095 617 1239 673 sicut
1263 619 1640 688 prascriptnm
1679 626 1782 685 est,
1809 618 2085 690 quinqua-

499 707 649 779 ginta
682 714 812 773 tres,
855 706 911 761 in
937 706 1224 763 altitudine
1246 722 1690 779 quaquaversum
1721 709 2087 779 permaximos

504 796 731 868 triginta
758 805 813 851 et
851 812 1021 852 unum
1051 798 1288 866 cubitos,
1335 798 1390 853 in
1427 800 1609 856 medio
1632 809 1812 856 autem
1846 800 2087 871 quadra—

502 888 682 961 ginta;
724 888 1068 946 illuminatur
1112 890 1458 961 septuaginta
1499 892 1711 960 vitreis,
1754 890 2089 962 fulcitnrque

503 988 725 1036 centum
756 980 951 1052 viginti
986 990 1041 1037 et
1080 997 1189 1037 una
1213 982 1506 1051 columnis,
1542 999 1777 1055 quarum
1811 984 2090 1040 nonnulla

502 1073 663 1145 juxta
702 1075 881 1145 capita
916 1072 1367 1143 fortissimarum,
1396 1093 1519 1147 qua
1545 1088 1675 1133 sunt
1703 1080 2086 1152 quadraginta,

507 1164 745 1234 pilarum
766 1165 1250 1237 quadrangulatim
1293 1176 1531 1233 statuta,
1564 1185 1675 1224 una
1719 1170 1879 1240 quasi
1925 1169 2089 1225 simul

507 1255 761 1310 coronari
809 1254 1069 1310 videntur
1114 1272 1337 1326 corona,
1379 1261 1633 1329 quamvis
1659 1277 1772 1316 non
1810 1262 1977 1318 unius
2019 1263 2091 1318 sit

506 1346 900 1417 magnitudinis
923 1349 1169 1404 omnium
1196 1350 1393 1407 forma.
1423 1350 1595 1408 Habet
1617 1352 1746 1409 hinc
1764 1362 1817 1409 et
1846 1354 1971 1410 inde
1996 1370 2091 1427 ge-

507 1437 687 1495 minas
730 1440 975 1509 porticus
1018 1442 1308 1514 dupliciter
1355 1447 1748 1515 transvolutas,
1800 1448 1856 1503 in
1891 1449 2091 1520 quibus

506 1529 594 1585 bis
616 1530 747 1585 bina
784 1534 1136 1589 continentur
1180 1537 1392 1592 altaria.
1429 1538 1474 1591 Α
1500 1548 1652 1609 parte
1683 1539 1901 1610 quidem
1937 1539 2094 1611 aqui-

506 1621 655 1679 lonis
679 1640 848 1680 unum
873 1626 929 1681 in
951 1627 1218 1683 honorem
1249 1640 1565 1686 sanctorum
1600 1633 1972 1703 apostolorum
1994 1631 2095 1689 Pe-

508 1716 582 1773 tri
617 1726 671 1774 et
696 1719 948 1787 Andrea,
974 1722 1206 1778 alterum
1230 1724 1286 1777 in
1312 1724 1574 1780 honorem
1602 1726 1774 1782 sancti
1804 1725 2091 1782 Bartholo-

511 1811 636 1866 mai
662 1819 723 1866 'et
753 1810 996 1870 Simonis
1037 1824 1202 1885 atque
1229 1815 1486 1873 Thaddai
1529 1820 1922 1891 apostolorum.
1958 1818 2095 1875 San—
2128 1782 2172 1838 Β

510 1902 585 1957 cti
608 1918 740 1958 vero
768 1903 923 1959 Pauli
968 1906 1139 1961 altare
1161 1915 1248 1962 est
1293 1909 1348 1962 in
1373 1910 1645 1979 superiori
1681 1912 1931 1979 ecclesia,
1970 1921 2097 1967 ante

509 2007 669 2047 uram
698 1991 912 2050 Sancta
940 1993 1245 2064 Trinitatis,
1269 2013 1335 2053 eo
1367 2000 1512 2069 quod
1538 2000 1654 2070 ipse
1680 2010 1870 2072 raptus
1892 2002 1959 2058 ad
1984 2010 2096 2060 ter-

513 2083 651 2138 tium
684 2086 884 2140 coelum
913 2088 1048 2143 vidit
1078 2098 1288 2144 secreta
1319 2089 1436 2146 Dei.
1475 2091 1521 2146 Α
1548 2094 1774 2149 meridie
1802 2106 1932 2150 sunt
1958 2096 2098 2151 alta-

514 2175 598 2231 ria
624 2218 638 2243 ,
695 2193 869 2234 unum
923 2180 981 2234 in
1038 2181 1301 2237 honorem
1353 2193 1669 2241 sanctorum
1728 2189 2099 2258 apostolorum

514 2266 758 2324 Matthai
787 2279 842 2324 et
872 2269 1156 2341 Barnaba,
1183 2289 1250 2328 ac
1284 2290 1446 2330 unca
1467 2278 1843 2348 evangelista;
1873 2280 2019 2337 aliud
2044 2281 2100 2337 in

516 2360 782 2416 honorem
814 2373 1132 2419 sanctorum
1170 2374 1474 2439 martyrum
1508 2368 1789 2441 Stephani,
1822 2370 2102 2430 Laurentii

516 2463 686 2525 atque
716 2454 1009 2515 Vincentii.
1049 2457 1147 2515 ESt
1191 2460 1342 2516 aliud
1386 2462 1557 2518 altare
1598 2463 1668 2518 ad
1709 2466 2104 2522 occidentalem

516 2544 735 2616 plagam
772 2547 1039 2615 ecclesia,
1072 2549 1126 2603 in
1154 2550 1347 2605 eodem
1384 2551 1553 2608 latere
1594 2556 1893 2611 meridiano
1915 2557 1971 2611 in
2001 2558 2103 2613 ho-

518 2650 711 2691 norem
743 2646 1060 2695 sanctorum
1113 2640 1457 2710 Mammetis,
1497 2643 1785 2712 Desiderii,
1823 2646 2104 2720 Leodega-

520 2727 612 2795 rii,
642 2725 975 2795 Sebastiani,
1009 2729 1259 2802 Gengulﬁ
1284 2743 1607 2805 martyrum.
1638 2732 1704 2789 Et
1736 2750 1804 2791 ex
1836 2747 1990 2806 parte
2024 2738 2106 2792 al—

521 2826 639 2872 tera
702 2829 1023 2875 sanctorum
1087 2834 1390 2896 martyrum
1457 2824 1762 2898 Polycarpi,
1817 2828 2105 2897 Andocbii,

524 2908 744 2981 Thyrsi,
795 2911 1046 2979 Andeoli,
1111 2913 1507 2987 Simphoriani,
1563 2918 1803 2988 Geo:gii,
1859 2919 2107 2977 Christo-

524 3003 707 3073 phori,
737 3013 792 3060 et
825 3016 1141 3063 sanctorum
1173 3008 1550 3066 confessorum
1579 3010 1785 3068 Urbani
1826 3023 1880 3069 et
1908 3014 2111 3087 Grego-

2188 542 2385 598 capsa,
2429 529 2650 599 tabula,
2683 546 2920 600 corona,
2957 547 3095 587 vasa
3130 547 3350 603 quoque
3376 533 3773 601 ecclesiastica,

2188 635 2287 675 seu
2328 622 2655 679 candelabra
2704 639 2770 679 ex
2819 625 2940 679 auri
2971 625 3290 696 argentique
3325 625 3547 680 metallo
3597 624 3772 681 fabri-

2188 719 2331 779 cata,
2379 728 2505 768 cum
2555 715 2796 787 imagine
2851 715 3153 774 Salvatoris
3207 715 3424 773 Domini
3479 716 3654 773 nostri
3705 732 3778 773 ex

2188 819 2344 870 auro,
2380 803 2535 863 fusili
2573 823 2737 878 opere
2762 809 2928 877 facta,
2958 810 3234 866 latronum
3271 809 3484 878 fraude,
3508 810 3568 865 in
3596 807 3777 880 ipsius

2191 897 2365 953 sancti
2411 897 2728 969 festivitate,
2758 903 2961 960 occisis
2994 904 3340 971 custodibus,
3374 902 3521 959 furto
3552 901 3782 958 fuerunt

2190 996 2488 1058 asportata.
2522 989 2650 1048 Hac
2676 1003 3007 1050 ornamenta
3049 1010 3079 1050 a
3103 994 3531 1051 Gnntramnoet
3559 992 3779 1049 cateris

2191 1080 2411 1152 regibus
2445 1083 2575 1139 huic
2606 1085 2748 1151 loco,
2777 1099 2875 1156 pro
2928 1087 3277 1143 veneratione
3319 1097 3373 1143 et
3423 1087 3632 1141 honore
3678 1082 3779 1140 Dei

2192 1174 2476 1244 sanctique
2527 1174 2752 1248 Benigni
2788 1179 3048 1249 martyris
3083 1179 3386 1250 antiquitus
3414 1178 3634 1243 collata.
3680 1176 3784 1232 sed

2191 1262 2389 1332 priscis
2413 1266 2753 1335 temporibus
2782 1268 3048 1339 sacrilega
3088 1269 3452 1339 pessimorum
3487 1283 3658 1323 manu
3685 1282 3785 1323 su-

2192 1355 2357 1423 blata,
2393 1358 2577 1414 nullus
2617 1368 2806 1429 postea
2833 1360 3045 1417 exstitit
3077 1362 3389 1432 principum
3436 1361 3529 1433 qui
3559 1371 3786 1417 tantum

2192 1448 2460 1517 potuisset
2495 1464 2824 1522 recuperare
2862 1438 3204 1507 thesaurum.
3234 1451 3360 1508 llac
3392 1453 3459 1507 ad
3483 1453 3785 1508 notilican—

2196 1539 2320 1594 dam
2351 1538 2698 1598 Divionensis
2729 1543 2837 1598 loci
2874 1545 3256 1616 antiquitatem
3294 1554 3348 1599 et
3380 1538 3789 1616 gloriampau-

2197 1628 2277 1683 cis
2330 1628 2475 1684 dicta
2526 1640 2671 1685 sunt.
2725 1631 2859 1687 lllnd
2908 1632 2963 1687 in
3014 1633 3122 1689 ﬁne
3164 1634 3551 1690 notiiicanduni
3589 1643 3697 1692 est.
3728 1635 3789 1687 in

2200 1717 2382 1788 templi
2408 1717 2569 1773 istius
2585 1720 2817 1776 aditicio
2833 1736 2955 1777 esse
2975 1721 3258 1778 columnas
3274 1730 3545 1778 trecentas
3569 1733 3788 1793 septua-

2198 1808 2346 1880 ginta
2385 1817 2438 1863 et
2464 1825 2650 1876 unam,
2677 1812 2918 1882 exceptis
2946 1812 3054 1868 illis
3089 1829 3212 1883 qua
3261 1813 3316 1867 in
3347 1813 3593 1869 turribus
3623 1822 3682 1873 et
3709 1814 3795 1868 al-

2196 1899 2412 1956 taribus
2446 1890 2599 1956 sunt.
2629 1901 2905 1959 Fenestra
2932 1904 3133 1959 clausa
3168 1904 3255 1959 vel
3297 1904 3611 1960 claudenda
3643 1905 3797 1960 vitro

2198 1999 2419 2048 centum
2451 1992 2667 2065 viginti,
2697 2002 2876 2051 turres
2901 2004 3047 2064 octo,
3070 2005 3244 2067 porta
3273 2007 3402 2066 tres,
3427 1995 3569 2053 ostia
3590 1994 3799 2068 viginti

2199 2095 2455 2158 quatuor.
2475 2091 2480 2096 ’

2273 2177 2361 2231 14.
2399 2176 2558 2234 Nunc
2586 2178 2654 2255 ad
2677 2194 2741 2234 ea
2769 2195 2892 2249 qua
2930 2179 3294 2235 omiseramus
3320 2179 3491 2250 patris
3528 2176 3797 2233 Willelmi

2200 2271 2518 2342 explicanda
2547 2281 2698 2344 gesta
2730 2273 2928 2345 stylum
2954 2282 3252 2329 vertamus.
3278 2273 3658 2343 Augustorum
3693 2286 3801 2326 seu

2202 2364 2395 2436 regum’
2432 2365 2629 2436 palatia
2658 2381 2785 2421 cum
2821 2365 2974 2432 adiit,
3022 2365 3079 2419 in
3123 2364 3191 2420 iis
3237 2380 3345 2419 non
3376 2364 3631 2434 qnasivit
3668 2378 3803 2434 qua

2205 2471 2305 2511 sua
2331 2465 2480 2523 sunt,
2512 2457 2606 2512 sed
2634 2472 2757 2527 qua
2782 2455 2911 2513 Jesu
2933 2455 3159 2523 Christi,
3186 2465 3246 2511 ut
3270 2471 3338 2511 ex
3367 2471 3560 2511 eorum
3586 2456 3805 2511 scilicet

2204 2546 2462 2602 familiari
2505 2548 2870 2604 collocutione
2897 2548 3210 2604 subveniret
3257 2547 3538 2618 oppressis
3570 2562 3674 2602 sua
3708 2547 3802 2601 in-

2208 2640 2576 2710 terventione;
2605 2651 2699 2697 ant
2744 2651 2889 2698 certe
2910 2656 2975 2695 ex
3002 2640 3251 2696 sacnlari
3296 2639 3379 2695 vel
3415 2638 3656 2694 clericali
3701 2638 3807 2692 ha-

2206 2732 2325 2788 bitu
2352 2731 2463 2787 Deo
2497 2733 2850 2797 lucriﬁcaret,
2894 2739 2974 2797 nt,
3002 2731 3160 2802 juxta
3186 2729 3405 2785 Domini
3438 2738 3803 2801 praceptnm,

2207 2823 2430 2895 propria
2477 2824 2869 2894 relinquerent,
2902 2832 2956 2879 et
2991 2823 3345 2878 sacnlaribns
3376 2823 3527 2878 curis
3570 2824 3806 2876 semotis

2210 2915 2322 2971 Deo
2352 2916 2410 2970 in
2453 2913 2846 2984 tranquillitate
2879 2913 3085 2968 servire
3133 2913 3432 2967 studerent.
3486 2911 3813 2967 Convenie-

2211 3008 2342 3063 bant
2372 3008 2542 3079 igitur
2567 3006 2635 3060 ad
2657 3020 2783 3060 eum
2814 3004 3057 3077 plurimi,
3088 3012 3148 3059 ut
3176 3004 3440 3072 diximus,
3474 3013 3529 3059 et
3556 3003 3687 3059 licet
3719 3003 3810 3058 di-

528 3094 619 3162 rii,
652 3111 891 3166 quorum
938 3101 1262 3170 corporibus
1289 3102 1588 3159 adornatur
1626 3118 1867 3175 prasens
1892 3108 2107 3164 domus.

2212 3099 2357 3155 versi
2406 3098 2759 3165 nationibus,
2804 3106 2986 3153 mente
3032 3105 3217 3151 tamen
3273 3095 3434 3150 uniti.
3487 3095 3809 3151 Latabatur

527 3183 837 3257 Principale
880 3188 1051 3245 altare
1080 3200 1165 3246 est
1191 3203 1467 3250 sacratum
1503 3195 1559 3248 in
1602 3196 1868 3254 honorem
1893 3207 2111 3255 sancto—

529 3293 652 3332 rum
706 3277 956 3336 Mauricii
1007 3290 1173 3352 atqne
1218 3282 1478 3355 Benigni,
1535 3285 1811 3357 simulque
1858 3286 2114 3345 Omnium

532 3368 889 3437 Sanctorum;
939 3372 1111 3428 altare
1159 3374 1227 3429 ad
1271 3373 1552 3431 dexteram
1600 3376 1721 3447 ejus
1756 3377 1813 3431 in
1851 3378 2116 3434 honorem

530 3462 708 3516 sancti
753 3461 1044 3533 Raphaelis
1096 3466 1410 3538 archangeli
1455 3476 1509 3523 et
1536 3470 1786 3525 omnium
1832 3468 2118 3525 beatorum

532 3552 859 3620 spirituum;
898 3554 967 3609 ad
989 3554 1181 3610 lavant
1224 3571 1354 3613 vero
1382 3557 1439 3612 in
1460 3558 1722 3614 honorem
1746 3560 1921 3616 sancti
1950 3560 2119 3615 Marci

531 3646 1111 3719 cvangelistayatqne
1153 3651 1212 3705 in
1256 3650 1438 3706 medio
1470 3650 1645 3721 ipsius
1670 3653 1917 3709 ecclesia
1950 3653 2121 3708 altare

537 3734 752 3792 Sancta
778 3736 995 3806 Crucis,
1042 3738 1410 3813 Omniumque
1440 3741 1789 3799 Sanctorum.
1836 3744 1977 3799 Ante
2017 3745 2122 3799 hoc

535 3828 708 3884 altare
730 3830 935 3901 triplex
957 3842 1171 3889 constat
1200 3834 1460 3891 introitus
1501 3844 1724 3908 crypta,
1757 3837 1812 3891 in
1846 3836 2120 3908 quidecim

535 3921 797 3991 gradibus
839 3925 1158 3981 ascenditur
1201 3927 1272 3983 ab
1312 3928 1432 4000 ipsa
1468 3929 1536 3985 ad
1574 3930 1915 4000 superiorem
1943 3929 2120 3986 eccle-

539 4026 699 4067 snam.

613 4104 699 4157 l3.
740 4103 1063 4175 Sepulcrum
1090 4126 1220 4168 vero
1239 4114 1415 4168 sancti
1439 4122 1492 4169 et
1517 4114 1743 4187 gloriosi
1770 4114 2027 4187 martyris
2048 4114 2124 4169 ita

539 4204 628 4252 est
653 4207 1033 4256 constructum
1066 4222 1079 4257 :
1111 4213 1198 4260 est
1242 4206 1428 4261 tumba
1476 4222 1546 4263 ex
1586 4208 1813 4279 quadris
1859 4207 2123 4264 aedificata

542 4287 835 4358 lapidibus,
866 4306 989 4362 qua
1010 4303 1133 4349 octo
1161 4297 1377 4353 cubitos
1410 4299 1468 4353 in
1494 4299 1739 4371 longum,
1770 4300 2013 4372 quinque
2036 4313 2129 4354 au-

2215 3200 2404 3263 pastor
2449 3191 2506 3244 in
2541 3188 2627 3245 sui
2671 3189 2851 3261 gregis
2877 3198 3189 3260 augmento,
3223 3188 3505 3259 magisque
3530 3187 3810 3259 gaudebat

2215 3285 2361 3356 quod
2383 3297 2575 3337 omnes
2616 3282 2894 3337 instabant
2921 3280 3071 3351 operi
3108 3280 3407 3351 pr0posito.
3442 3279 3647 3335 Verum
3672 3279 3810 3351 quia

2218 3391 2380 3446 super
2409 3390 2624 3446 gregem
2651 3374 2753 3429 sibi
2781 3371 3137 3428 commissum
3166 3371 3351 3427 solerti
3373 3371 3617 3442 vigilavit
3647 3386 3806 3433 cura.

2217 3467 2398 3523 divina
2425 3464 2726 3536 promeruit
2752 3465 2925 3536 gratia
2955 3463 3022 3519 de
3069 3462 3252 3518 fructu
3291 3462 3541 3518 laborum
3574 3477 3810 3518 suorum

2219 3560 2275 3614 in
2291 3559 2392 3613 bac
2417 3557 2651 3628 gaudere
2677 3555 2808 3610 vita.
2836 3553 2975 3609 Nam
2997 3554 3266 3625 regularis
3287 3556 3409 3609 vita
3429 3554 3809 3626 disciplinam,

2216 3632 2343 3722 qua
2372 3651 2485 3720 jam
2512 3664 2649 3719 pene
2678 3648 2958 3703 deciderat
2990 3662 3088 3716 per
3118 3653 3364 3701 veterum
3388 3647 3823 3716 negligentiam,

2220 3750 2384 3814 prout
2412 3742 2607 3796 beatus
2641 3740 2970 3796 Benedictus
2992 3753 3115 3794 eam
3142 3738 3472 3808 composuit,
3511 3739 3569 3793 in
3615 3740 3810 3809 pristis

2223 3850 2355 3890 num
2409 3841 2614 3889 statum
2662 3833 2986 3904 corrigendo
3030 3830 3383 3895 restauravit,
3416 3846 3481 3886 ac
3511 3846 3608 3901 per
3636 3832 3814 3887 diver-

2224 3942 2318 3986 sas
2346 3925 2536 3980 mundi
2564 3933 2768 3995 partes,
2803 3940 2900 3995 per
2938 3924 3095 3995 plura
3141 3922 3476 3979 monasteria
3510 3938 3541 3976 a
3573 3921 3813 3993 regulari

2222 4017 2445 4075 tramite
2483 4016 2661 4084 devia,
2694 4024 2804 4071 tam
2840 4031 2937 4087 per
2958 4032 3017 4072 se
3040 4032 3207 4086 quam
3240 4030 3337 4085 per
3370 4029 3524 4078 suos,
3551 4029 3697 4084 quos
3716 4014 3813 4068 ab-

2224 4112 2380 4168 bates
2400 4109 2771 4176 ordinaverat,
2799 4108 3107 4164 monastico
3128 4107 3311 4163 ordini
3340 4106 3601 4162 subdidit.
3626 4108 3687 4160 In
3710 4106 3814 4161 hoc

2225 4218 2355 4259 vero
2383 4201 2625 4273 gaudens
2655 4200 3030 4272 gratulabatur
3070 4198 3202 4265 Deo,
3248 4198 3399 4270 quod
3435 4213 3631 4253 eorum
3673 4211 3813 4267 quos

2228 4310 2329 4352 sua
2364 4293 2468 4349 sub
2494 4307 2626 4348 cura
2656 4293 3006 4358 educaverat,
3040 4292 3109 4347 ad
3135 4291 3501 4346 monasticum
3515 4290 3812 4362 regendum

548 4386 656 4433 tem
683 4385 832 4435 tene:
858 4381 915 4436 in
954 4383 1145 4440 latum.
1194 4385 1364 4457 Cujus
1406 4404 1668 4446 cacumen
1690 4391 1965 4462 lapideum
1990 4406 2129 4462 qua-
2228 4386 2479 4444 ordinem
2522 4384 2642 4440 fore
2684 4384 2889 4441 multos
2940 4384 3170 4439 idoneos
3217 4382 3468 4448 videbat;
3514 4396 3581 4438 ex
3614 4383 3823 4453 quibus

543 4476 670 4525 tuor
698 4473 1000 4530 sustinetur
1027 4477 1285 4550 suffragio
1316 4481 1725 4551 columnarum;
1755 4484 1991 4555 desuper
2023 4499 2125 4538 au-
2158 4472 2204 4526 Ῑ)
2228 4495 2331 4536 nos
2365 4478 2581 4550 aliquos
2605 4477 2833 4548 dignum
2873 4476 3244 4546 indicavimus
3288 4474 3416 4530 huic
3442 4475 3585 4529 libro
3606 4475 3811 4538 indere,

547 4570 653 4617 tem
677 4574 915 4635 quatuor
940 4569 1209 4627 columna
1231 4586 1555 4630 marmorea
1576 4575 1769 4632 locata
1796 4586 1957 4631 erant
1980 4576 2128 4631 anti-
2228 4582 2293 4631 ut
2327 4571 2503 4629 sciant
2526 4570 2731 4641 posteri
2756 4584 2921 4640 quam
2945 4568 3154 4626 strenui
3179 4582 3246 4623 ex
3266 4567 3371 4623 hac
3396 4565 3815 4638 congregatione

543 4655 749 4723 quitus.
784 4656 926 4713 Olim
960 4675 1124 4731 super
1162 4664 1405 4735 lapideos
1434 4682 1596 4723 arcus
1623 4669 1719 4738 qui
1748 4668 2127 4738 continebant,

544 4747 794 4803 absidam
845 4750 1346 4826 ferebantligneam
1371 4773 1470 4813 sex
1501 4759 1811 4814 cubitorum
1835 4760 2134 4830 longitudi-

544 4837 655 4905 nis,
696 4848 750 4895 et
776 4840 944 4896 trium
988 4843 1318 4913 latitudinis,
1351 4854 1668 4918 septemque
1703 4863 1769 4903 ac
1797 4849 1965 4905 semis
2004 4848 2132 4904 alti-

547 4930 772 4998 tudinis,
810 4948 934 5002 qua
959 4936 1201 5005 undique
1236 4952 1370 4993 auro
1405 4947 1459 4994 et
1480 4947 1706 5010 argento
1727 4940 1925 4995 vestita
1952 4940 2130 4996 histo-

545 5023 686 5077 riam
707 5021 1008 5081 Dominica
1033 5027 1335 5084 nativitatis
1355 5038 1410 5085 et
1443 5030 1720 5101 passionis
1747 5039 2133 5100 praemonstra-

548 5111 660 5181 bat,
688 5117 994 5188 anaglypho
1019 5120 1361 5188 prominente
1382 5136 1564 5192 opere,
1586 5122 1800 5191 pictura
1831 5124 1965 5179 satis
1986 5123 2133 5193 opti-

515 5273 521 5279 '
551 5219 660 5257 ma.
707 5204 909 5261 Verum
940 5209 1046 5265 hoc
1088 5210 1567 5279 decentissimum,
1593 5213 1660 5268 de
1693 5228 1804 5283 quo
1832 5214 2132 5284 loquimur,

553 5306 959 5366 ornamentum,
990 5301 1060 5356 ob
1100 5304 1497 5359 recreationem
1537 5319 1843 5374 pauperum
1890 5314 2135 5376 tempore

556 5383 714 5406 P-_.2_
740 5385 774 5406 ρ-

2230 4664 2535 4738 prodierint
2558 4662 2837 4730 monachi,
2862 4675 3167 4731 eorumque
3202 4659 3470 4716 memoria
3499 4664 3818 4729 permaneat

2234 4760 2292 4814 in
2320 4752 2500 4813 laude.

2306 4852 2396 4906 15.
2429 4849 2568 4905 Cum
2589 4848 2831 4920 primum
2869 4844 3084 4901 abbatis
3105 4844 3349 4915 suscepit
3382 4842 3619 4899 ofﬁcium
3659 4854 3814 4898 vene-

2232 4943 2421 4999 rabilis
2457 4940 2783 5006 Willelmus,
2811 4939 2954 4994 inter
2983 4937 3296 4993 monachos;
3319 4936 3376 4990 in
3419 4936 3524 4990 hoc
3552 4936 3689 4990 loco
3724 4931 3815 4986 de-

2232 5045 2420 5108 gentes
2450 5034 2554 5088 fuit
2589 5032 2813 5103 quidam
2855 5030 3206 5101 juvencnlus,
3252 5036 3476 5083 vocatus
3515 5024 3813 5084 Hunaldns.

2235 5142 2399 5198 quem
2431 5125 2726 5196 pradictus
2766 5122 2932 5177 Pater
2958 5119 3151 5175 videns
3196 5118 3414 5176 solertis
3440 5116 3664 5196 ingenii,
3698 5114 3818 5169 reti-

2233 5220 2355 5275 nuit
2393 5218 2499 5274 sibi
2529 5216 2743 5271 cateris
2770 5212 3120 5269 abeuntibus.
3170 5210 3345 5277 Hunc,
3378 5211 3647 5278 praecipue
3669 5202 3814 5261 omni

2235 5311 2419 5367 studio
2464 5308 2729 5364 doctrina
2778 5307 3074 5372 imbutum,
3113 5304 3172 5358 in
3205 5304 3370 5358 domo
3412 5299 3507 5355 Dei
3536 5298 3818 5354 constituit
