4058 6388
170 366 296 424 861

1741 372 1917 430 νιΤΑ.

3359 378 3465 435 862

170 496 402 558 gatum.
427 485 508 542 Ad
530 485 784 542 ultimum
812 495 934 558 post
963 488 1174 543 obitum
1209 487 1452 558 praedicti
1483 487 1660 543 Patris
1683 489 1779 543 ab-
1807 490 1853 546 A
1881 487 1978 544 fati
2010 489 2223 548 abbatis
2266 491 2556 560 Willelmi;
2606 492 2661 546 in
2690 492 2849 562 cujus
2890 492 3071 548 verbis
3111 490 3465 548 considerans

167 580 398 637 batiam
442 579 915 636 Tornodorensem
959 590 1267 648 assecutus,
1301 581 1499 635 ibidem
1547 582 1775 651 quievit,

168 674 356 729 annis
384 673 572 744 viginti
623 682 830 743 septem
866 673 920 726 in
964 674 1230 745 regimine
1275 675 1588 730 transactis.
1626 675 1778 729 Alter

165 767 415 837 quidam
455 767 620 834 huius
649 766 815 822 castri
841 765 1190 822 Divionensis
1229 767 1385 832 civis,
1415 767 1585 821 nobili
1621 776 1777 824 ortus

167 874 388 930 genere
412 858 700 925 Bodulfus,
733 859 904 916 Albus
922 869 1148 916 vocatus
1175 861 1520 932 cognomine,
1546 861 1776 918 venitad

166 952 606 1008 conversionem
637 952 779 1007 inter
802 953 920 1023 ipsa
946 954 1247 1024 primordia
1278 954 1398 1025 ejus
1434 967 1587 1010 novae
1627 955 1776 1010 ordi-

166 1045 454 1112 nationis,
485 1047 642 1118 cujus
661 1047 911 1117 pecuniis
949 1047 1185 1102 relevata
1211 1056 1295 1104 est
1318 1056 1608 1118 paupertas
1638 1063 1776 1120 prie-

165 1137 317 1192 dicti
355 1137 553 1205 Patris,
604 1148 660 1194 et
706 1139 939 1195 consilio
969 1149 1133 1210 atque
1179 1140 1453 1210 adjutorio
1496 1141 1776 1198 sublevata

164 1230 500 1286 sollicitudo
541 1232 825 1302 regiminis
877 1233 1044 1304 hujus
1092 1233 1218 1302 loci,
1249 1242 1304 1288 et
1329 1234 1626 1290 Besuensis
1664 1251 1776 1290 mo-

166 1323 444 1390 nasterii,
481 1323 682 1394 (adhuc
709 1325 911 1396 quippe
949 1334 1066 1380 erat
1103 1327 1153 1381 ei
1197 1326 1446 1396 paucitas
1475 1327 1775 1382 monacho-

164 1426 332 1484 rum)
361 1432 524 1487 quem
559 1418 859 1486 praedictus
889 1417 1056 1473 frater
1089 1419 1163 1474 ita
1197 1419 1424 1488 juvabat
1458 1418 1515 1474 in
1540 1420 1776 1474 exterio—

166 1506 340 1562 ribus
383 1507 562 1574 curis,
602 1517 663 1561 ut
709 1508 858 1563 solus
903 1509 1152 1579 supplere
1203 1509 1476 1564 videretur
1531 1510 1776 1566 solamen

164 1598 508 1666 plurimum,
539 1599 635 1654 sed
663 1608 859 1670 pra3ter
889 1601 1010 1670 ejus
1032 1610 1240 1668 votum,
1272 1603 1376 1657 hoc
1405 1603 1660 1657 solatium
1688 1610 1775 1656 tu-

164 1692 234 1746 lit
272 1692 357 1745 illi
387 1692 635 1761 paucitas
656 1693 892 1748 dierum.
925 1693 1076 1748 Alter
1099 1709 1319 1764 quoque
1346 1695 1670 1764 subjunctus
1692 1702 1777 1750 est.

164 1791 488 1837 memorato
528 1781 696 1849 Patri,
738 1782 1108 1840 Theodericus
1135 1785 1336 1850 dictus,
1380 1785 1544 1856 hujus
1586 1786 1775 1856 patria:

1880 580 2272 638 inconcussam
2323 585 2768 653 inadulatamque
2821 583 3186 638 constantiam
3237 581 3462 647 mentis,

1878 683 2182 746 ceteraque
2207 677 2442 747 insignia
2474 676 2739 730 virtutum
2766 674 2820 729 in
2844 675 2962 744 ejus
2984 674 3120 728 actis
3142 681 3196 727 et
3220 673 3466 728 moribus

1879 765 2283 835 resplendentia
2330 767 2655 834 admiratus,
2701 765 2914 820 monuit
2955 763 3179 818 instanti
3221 779 3377 832 prece
3407 771 3468 817 ut

1878 857 2155 913 abbatiam
2190 856 2377 913 Sancti
2409 857 2540 929 Apri
2579 857 2886 927 suscipiens
2930 855 3220 910 emendare
3251 861 3468 907 curaret

1877 951 2181 1006 secundum
2219 951 2405 1006 Sancti
2437 950 2667 1022 Benigni
2702 949 3119 1005 institutionem.
3149 945 3320 1015 Cujus
3365 961 3465 998 an-

1877 1057 2054 1099 nuens
2083 1043 2359 1113 precibus,
2401 1043 2546 1098 idem
2569 1042 2882 1098 coenobium
2913 1041 2967 1094 in
3001 1039 3191 1109 paucis
3217 1036 3376 1091 annis
3398 1034 3467 1090 ad

1877 1136 2185 1206 regularem
2218 1136 2578 1192 commutavit
2616 1143 2839 1190 statum.
2868 1132 3074 1188 Invenit
3097 1131 3293 1186 ibidem
3324 1137 3466 1185 stre-

1877 1242 2018 1284 nuos
2065 1231 2390 1297 monachos,
2422 1245 2490 1284 ex
2532 1229 2734 1299 quibus
2785 1243 2987 1292 unum,
3021 1223 3324 1279 Widricum
3363 1238 3465 1277 no-

1877 1319 2044 1387 mine,
2089 1330 2214 1392 post
2252 1337 2364 1377 non
2394 1322 2598 1376 multos
2629 1335 2806 1375 annos
2833 1319 2886 1373 in
2919 1319 3105 1374 eodem
3133 1315 3467 1370 monasterio

1876 1414 2160 1470 constituit
2187 1415 2405 1470 Patrem
2431 1414 2848 1469 monachorum.
2869 1411 2973 1478 Qui
2992 1410 3191 1481 egregii
3217 1406 3467 1478 magistri

1876 1507 2070 1562 docilis
2095 1508 2396 1577 discipulus
2419 1508 2492 1563 ita
2511 1523 2636 1563 eum
2651 1508 2858 1562 studuit
2881 1503 3082 1560 imitari
3105 1504 3158 1557 in
3187 1502 3465 1568 omnibus,

1877 1606 1936 1652 ut
1963 1597 2017 1651 in
2050 1598 2164 1653 suis
2191 1599 2448 1654 omnibus
2484 1599 2568 1653 vel
2593 1598 2774 1668 verbis
2809 1597 2892 1652 vel
2921 1596 3135 1651 actibus
3163 1609 3464 1664 reprzesen-

1877 1690 1984 1743 tari
2007 1691 2416 1760 quodammodo
2434 1691 2712 1746 videretur
2740 1689 2901 1744 Pater
2927 1689 3250 1743 Willcltnus.
3268 1686 3469 1743 Multos

1879 1781 2118 1852 denique
2141 1783 2400 1838 erudiens
2429 1784 2482 1837 in
2509 1792 2698 1839 sancta
2744 1783 3177 1846 conversatione,
3215 1781 3467 1850 aliquan-

163 1874 341 1940 civis,
389 1890 553 1944 quem
600 1883 724 1945 post
773 1875 1089 1933 diuturnam
1135 1877 1500 1932 eruditionem
1545 1876 1774 1933 Fiscan-
1809 1855 1850 1909 Β
1880 1882 1963 1929 tos
1985 1874 2218 1930 aliorum
2263 1876 2721 1931 monasteriorum
2749 1874 2942 1931 Patres
2973 1874 3366 1929 monachorum
3401 1889 3468 1928 ex

163 1966 340 2021 nensi
394 1967 644 2022 cmuobio
697 1967 1010 2038 constituit)
1050 1968 1334 2038 priorem,
1393 1969 1462 2024 ad
1516 1969 1773 2024 ultimum

164 2059 700 2114 Cemmeticensium
725 2059 966 2130 praefecit
995 2061 1269 2116 abbatem.
1296 2062 1452 2117 Alius
1479 2077 1546 2117 ex
1593 2071 1776 2119 castro

165 2150 352 2206 Belno
390 2151 554 2218 dicto,
585 2153 764 2218 miles,
799 2152 1110 2209 Ledbaldus
1152 2163 1399 2222 vocatus,
1429 2164 1482 2211 et
1524 2171 1554 2210 a
1595 2156 1776 2212 studio

167 2242 416 2313 Sapiens
436 2245 873 2316 cognominatus,
899 2247 1038 2316 patri
1055 2245 1330 2302 Willelmo
1357 2257 1440 2303 cst
1461 2249 1771 2319 adjunctus;

168 2335 346 2404 cujus
385 2336 630 2391 imbutus
658 2336 906 2391 doctrina
929 2338 1161 2407 spiritali
1187 2354 1285 2408 per
1321 2340 1540 2410 aliquod
1563 2349 1776 2410 tempus

169 2425 618 2481 arcliimandrita
647 2428 704 2482 in
729 2426 1134 2484 Tornodorensi
1164 2430 1284 2485 loco
1304 2440 1388 2486 est
1422 2431 1772 2488 substitutus.

249 2518 346 2574 16.
387 2517 556 2574 Fama
598 2535 765 2577 sacrae
796 2521 1078 2593 religionis
1101 2523 1290 2577 eximii
1313 2521 1493 2579 Patris
1517 2522 1775 2578 Willelmi

171 2613 428 2682 percitus
465 2613 688 2674 quidam
729 2613 986 2671 Metensis
1028 2615 1282 2684 clericus,
1312 2615 1593 2687 generosis
1622 2625 1776 2671 ortus

173 2705 484 2774 natalibus,
525 2722 746 2761 nomine
775 2707 1123 2774 Benedictus,
1155 2708 1274 2779 ejus
1314 2708 1664 2778 discipulatui
1693 2716 1778 2763 est

173 2808 542 2871 aggregatus;
595 2800 856 2870 brevique
889 2800 946 2857 in
998 2808 1264 2872 tempore,
1325 2802 1593 2857 studendo
1649 2816 1776 2856 eum

173 2891 414 2957 imitari,
442 2892 691 2947 doctrina
720 2901 774 2947 et
796 2893 1212 2958 conversatione
1233 2893 1623 2964 perfectionem
1652 2895 1779 2950 atti-

177 2982 260 3054 git
286 2982 606 3037 nionasticre
635 2983 780 3037 vitaz.
807 2982 911 3037 Per
937 2983 1056 3053 ejus
1081 2984 1247 3053 igitur
1285 2986 1601 3040 relationem
1623 3001 1777 3041 com-

178 3075 329 3144 perit
354 3075 588 3130 domnus
602 3074 868 3130 Adelbcro
893 3075 1150 3132 Metensis
1171 3077 1415 3147 pontifex
1450 3079 1623 3149 patris
1648 3079 1780 3134 Wil-

1877 1983 1976 2023 sua
2000 1967 2224 2037 protulit
2245 1969 2684 2038 congregatione.

1949 2060 2036 2113 i8.
2066 2060 2258 2114 Plures
2298 2060 2464 2130 igitur
2499 2061 2846 2115 sacerdotum
2895 2062 2978 2115 vel
3007 2060 3288 2132 fabbatum
3315 2101 3330 2126 ,
3364 2058 3469 2112 sibi

1877 2152 2301 2207 commissorum
2326 2153 2571 2207 locorum
2621 2155 2705 2208 vel
2727 2155 3082 2210 ecclesiarum
3101 2154 3470 2222 relinquentes

1876 2259 2089 2311 curam,
2139 2245 2207 2299 ad
2241 2244 2422 2301 Patris
2458 2244 2718 2300 Willelmi
2763 2248 3112 2302 conﬂuebant
3141 2245 3465 2301 doctrinam.

1877 2337 2111 2404 Quidam
2143 2339 2696 2409 episcopuslcivitatis
2720 2341 3041 2411 Albingatze,
3073 2355 3194 2410 qua:
3215 2349 3299 2393 est
3311 2339 3469 2408 juxta

1877 2431 2123 2486 Genuam
2157 2432 2457 2494 civitatem,
2490 2449 2657 2504 super
2686 2449 2840 2488 mare
2876 2433 3037 2488 sitam
3072 2432 3124 2486 in
3164 2430 3347 2497 ltalia,
3383 2447 3472 2484 re-

1877 2525 2006 2580 licto
2037 2525 2338 2596 episcopio,
2368 2527 2609 2596 pradicti
2635 2526 2813 2581 Patris
2843 2542 2903 2581 se
2945 2525 3187 2581 subdidit
3217 2524 3466 2593 imperio.

1877 2616 2028 2672 Alter
2052 2633 2272 2689 quoque
2311 2619 2631 2689 episcOpus,
2665 2618 2945 2674 Barnabas
2989 2628 3236 2682 vocatus,
3272 2633 3470 2687 genere

1879 2708 2120 2777 Graecus,
2153 2711 2207 2764 in
2235 2712 2339 2766 hoc
2368 2712 2706 2768 monasterio
2734 2713 2836 2767 sub
2865 2711 2984 2782 ejus
3008 2711 3323 2781 magisterio
3346 2711 3470 2780 plu-

1879 2804 2035 2859 rimis
2065 2806 2226 2859 annis
2271 2814 2355 2860 est
2386 2814 2764 2860 conversatus.
2817 2805 2972 2860 Alius
2999 2820 3148 2869 vero,
3195 2803 3472 2874 Benignus

1879 2896 2080 2964 dictus,
2105 2897 2420 2967 episcopus,
2457 2913 2488 2950 a
2529 2896 2702 2951 Roma
2741 2898 2847 2951 huc
2898 2896 3215 2961 adveniens,
3240 2912 3336 2965 per
3371 2896 3473 2949 ali-

1880 2998 2013 3058 quot
2038 3005 2212 3045 annos
2249 3006 2374 3044 cum
2411 2989 2532 3059 ipso
2556 2998 2929 3045 commoratus
2955 2988 3076 3055 fuit,
3114 2988 3392 3058 subjectus
3421 2995 3475 3041 et

1882 3083 2144 3138 obediens
2183 3083 2307 3154 (9‘).
2340 3083 2578 3138 Abbates
2611 3083 2773 3138 etiam
2799 3083 3083 3152 perplures
3126 3095 3190 3133 ex
3242 3079 3474 3134 diversis

183 3168 341 3222 lelnii
369 3168 677 3239 religiosam
709 3170 1215 3236 conversationem;
1257 3187 1287 3226 a
1324 3188 1435 3243 quo
1465 3173 1780 3242 suppliciter
1807 3202 1848 3261 ο
1883 3177 2130 3248 partibus
2153 3177 2437 3232 venientes
2471 3187 2668 3248 sponte
2705 3193 2763 3232 se
2790 3177 2893 3247 ipsi
2930 3175 3310 3245 subjiciebant,
3340 3167 3473 3228 obe-

180 3269 485 3325 evocatus,
534 3267 698 3328 atque
750 3259 925 3314 sancti
981 3259 1192 3314 Arnulfi
1243 3261 1461 3318 abbatia
1509 3263 1772 3331 donatus,

180 3352 443 3406 eumdem
475 3350 827 3410 Benedictum
860 3351 1060 3406 ibidem
1084 3354 1367 3408 constituit
1394 3353 1643 3420 Patrem;
1681 3355 1775 3410 ubi

180 3460 288 3514 per
315 3444 518 3499 multos
545 3459 721 3499 annos
751 3444 924 3499 sacris
956 3445 1199 3500 intentus
1226 3447 1458 3512 actibus,
1496 3446 1608 3500 vita
1652 3445 1776 3499 fun-

182 3547 314 3591 ctus
349 3537 537 3592 multis
576 3537 773 3592 claruit
811 3537 1122 3594 virtutibus.
1157 3536 1234 3593 Nc
1257 3554 1386 3593 vero
1411 3555 1441 3592 a
1466 3546 1616 3592 tanto
1642 3553 1778 3608 pon-

183 3629 337 3684 tifice
365 3629 692 3684 reverendus
726 3629 896 3685 abbas
930 3628 1239 3685 Willelmus
1284 3631 1484 3686 rediret
1512 3646 1722 3686 vacuus
1745 3646 1777 3686 a

185 3737 443 3788 munere,
485 3722 677 3776 stolam
711 3736 848 3776 auro
883 3731 1108 3788 textam,
1137 3722 1384 3792 duasque
1413 3739 1612 3794 cappas
1651 3739 1780 3792 pur-

185 3829 395 3885 pureas
442 3829 612 3870 aureo
657 3813 826 3868 limbo
864 3814 1179 3881 decoratas,
1209 3815 1279 3868 ab
1320 3815 1510 3869 eodem
1542 3815 1781 3886 percepit

185 3907 446 3978 praesule.
471 3905 577 3962 Sed
601 3915 654 3960 et
668 3905 928 3977 praefatus
957 3905 1282 3963 Benedictus
1305 3907 1474 3962 abbas
1498 3908 1780 3964 ordinatus

188 3999 444 4054 casulam
479 4013 614 4053 auro
657 3999 916 4054 decenter
954 4009 1227 4066 ornatam,
1266 4009 1430 4069 atque
1478 4000 1582 4054 alia
1613 4015 1780 4054 orna-

189 4100 381 4144 menta
403 4089 598 4144 obtulit
618 4090 669 4144 ei
698 4105 798 4160 pro
820 4089 1218 4155 benedictione,
1248 4105 1370 4159 qua:
1390 4088 1652 4160 praefatus
1680 4087 1784 4143 Pa-

189 4191 281 4237 ter
299 4190 412 4236 tam
447 4182 554 4237 hoc
573 4181 629 4236 in
654 4182 776 4236 loco
803 4197 969 4252 quam
995 4181 1405 4238 Fructuariensi
1432 4199 1461 4237 a
1485 4199 1544 4237 se
1570 4182 1785 4236 noviter

190 4283 377 4344 empto
409 4273 615 4341 divisit,
651 4283 712 4328 ut
735 4274 840 4330 sibi
870 4274 1094 4344 placuit.
1122 4273 1445 4330 Predictam
1473 4289 1604 4330 vero
1647 4272 1785 4328 San-

191 4369 272 4425 cti
293 4368 504 4424 Arnulli
535 4367 810 4424 abbatiam
841 4378 964 4438 post
993 4377 1223 4424 mortem
1259 4377 1384 4424 ante
1421 4368 1549 4424 dicti
1576 4367 1785 4428 abbatis

190 4459 343 4514 rexit
368 4459 529 4514 annis
550 4460 758 4515 multis.

271 4551 358 4605 17.
398 4550 479 4606 Ex
523 4550 766 4607 Tullensi
799 4567 1020 4622 quoque
1047 4550 1196 4606 clero
1226 4551 1374 4606 venit
1415 4551 1484 4606 ad
1515 4566 1640 4606 eum
1664 4549 1787 4620 qui-

193 4644 349 4709 dam,
383 4642 648 4699 Arnull‘us
691 4644 982 4710 vocabulo,
1029 4643 1224 4698 litteris
1267 4643 1512 4712 apprime
1538 4642 1785 4699 eruditus

195 4735 463 4805 omnique
491 4736 766 4791 mundana
789 4736 1057 4808 sapientia
1079 4736 1292 4792 doctus.
1323 4733 1421 4790 Hic
1449 4735 1504 4789 in
1535 4735 1684 4789 brevi
1707 4750 1790 4790 as-

196 4835 426 4882 secutus
472 4826 814 4898 perfectioris
857 4829 983 4884 vita:
1039 4827 1456 4894 institutionem,
1492 4827 1788 4883 commissa

197 4928 283 4974 est
319 4919 371 4972 ei
392 4935 525 4974 cura
554 4935 585 4974 a
615 4920 820 4976 domno
849 4931 1000 4992 patre
1024 4919 1299 4976 Willelmo
1335 4936 1444 4975 non
1474 4919 1650 4976 solum
1685 4919 1790 4974 hu-

193 5011 309 5080 jus,
341 5012 437 5066 sed
477 5022 531 5068 et
568 5013 816 5068 omnium
857 5030 979 5084 quae
1007 5014 1110 5070 sub
1139 5014 1260 5084 ejus
1283 5023 1440 5068 erant
1477 5012 1788 5083 provisione

199 5107 469 5163 locorum.
505 5105 610 5174 Qui
649 5121 853 5177 quanta
896 5109 951 5162 in
987 5108 1094 5164 hoc
1126 5107 1244 5162 loco
1283 5107 1457 5178 egerit
1495 5107 1636 5161 bona
1668 5115 1792 5176 post

200 5198 536 5266 referemus,
589 5208 694 5255 etc.
741 5199 988 5255 Domnus
1027 5200 1194 5272 igitur
1233 5198 1515 5254 Bertoldus
1574 5199 1788 5255 Leuco-

164 5270 176 5288 ’
201 5308 348 5358 rum,
383 5292 478 5362 qui
506 5276 666 5347 Tullo
696 5292 918 5360 dicitur,
949 5270 1241 5362 episcopus
1271 5308 1368 5362 per
1388 5291 1786 5362 querimoniam

176 5400 233 5459 _a
259 5400 320 5440 se
344 5385 551 5456 delapsi
577 5386 764 5441 clerici
793 5385 1294 5442 confabulationem
1322 5383 1580 5456 qumsivit
1619 5398 1790 5454 saepe-

242 5614 254 5625 .
280 5544 380 5625 (9:)
417 5545 488 5625 ln_
524 5544 1208 5625 NeerologioBenigniano
1249 5545 1341 5599 alii
1377 5545 1503 5625 item
1551 5544 1791 5614 episcopi

206 5614 448 5700 ejusdem
475 5617 579 5672 loci
595 5614 862 5700 ’mona'chi
887 5614 1184 5700 habentur,
1221 5631 1416 5700 nempe
1439 5614 1790 5700 Jognuet‘ar—

207 5686 568 5757 chiepiswpus
588 5686 853 5753 Corinthi,
879 5687 1063 5742 Idibus
1088 5684 1408 5753 Decembris,
1435 5696 1486 5741 et
1501 5685 1632 5741 Pibo
1657 5684 1789 5740 Tul-

209 5755 380 5812 lensis
407 5760 718 5828 episcopus,
753 5776 806 5813 ιι
838 5758 1112 5812 Kalendas
1146 5757 1466 5828 Decembris.

282 5827 392 5898 (10)
425 5827 760 5890 Romualdus
783 5828 1283 5887 Camaldulcnsium
1304 5827 1492 5897 Pater;
1513 5828 1792 5884 Villeimus

1880 3269 1997 3324 dire
2024 3270 2229 3339 parati;
2267 3270 2409 3324 inter
2435 3286 2575 3339 quos
2625 3269 2846 3324 fuerunt
2881 3269 3052 3322 abbas
3095 3266 3354 3330 Joannes,
3391 3265 3475 3319 di-

1879 3369 2000 3416 ctus
2025 3361 2348 3430 Capuanus;
2377 3361 2514 3414 alter
2542 3377 2762 3430 quoque
2793 3361 3050 3425 Joannes,
3081 3360 3248 3413 abbas
3286 3373 3476 3412 mona-

1879 3451 2032 3507 sterii
2067 3451 2254 3507 Sancti
2284 3453 2614 3521 Apollinaris
2645 3454 2699 3506 in
2748 3453 2882 3507 urbe
2918 3451 3208 3516 Ravenna;
3241 3448 3473 3502 Benedi-

1879 3553 2000 3600 ctus
2035 3560 2274 3616 quoque,
2309 3546 2476 3600 abbas
2508 3545 2826 3600 monasterii
2862 3544 3045 3598 Sancti
3091 3541 3274 3596 Severi
3322 3540 3477 3595 urbis

1881 3637 2112 3705 Classis,
2142 3637 2471 3693 Anastasius
2502 3637 2666 3692 etiam
2695 3646 2750 3692 et
2780 3637 3018 3701 Marcus,
3049 3643 3102 3689 et
3131 3634 3220 3688 alii
3253 3633 3478 3687 abbates

1880 3732 2103 3803 plures;
2142 3747 2280 3801 quos
2326 3731 2549 3801 longum
2587 3740 2670 3786 est
2701 3744 3042 3785 enumerare.
3085 3726 3478 3781 Monachorum

1880 3839 2010 3879 vero
2032 3839 2140 3879 non
2163 3831 2249 3878 est
2283 3838 2570 3900 numerus,
2616 3823 2712 3893 qui
2755 3823 2824 3877 ab
2870 3822 2979 3878 illis
3011 3826 3279 3875 venerunt
3308 3816 3481 3888 parti-

1884 3915 2004 3971 bus.
2060 3915 2499 3970 Arcliidiaeonus
2547 3914 2713 3969 etiam
2765 3913 2986 3985 quidam
3035 3909 3478 3976 Mediolanensis,

1883 4007 2108 4063 nomine
2145 4006 2494 4072 Gotefredus,
2545 4015 2605 4060 ut
2649 4008 2887 4062 nobilem
2933 4004 3179 4070 decebat,
3225 4001 3481 4056 nobiliter

1884 4101 2108 4155 veniens
2153 4117 2278 4156 cum
2333 4098 2522 4154 multis
2569 4099 2868 4165 thesauris,
2920 4097 3063 4151 inter
3114 4109 3255 4166 quos
3311 4093 3482 4148 altare

1885 4193 2242 4264 onychinum,
2281 4207 2417 4247 auro
2444 4200 2498 4246 et
2532 4201 2760 4262 argento
2807 4191 3064 4246 decenter
3097 4195 3376 4253 ornatum,
3427 4192 3484 4240 et

1886 4285 2151 4355 quidquid
2181 4284 2248 4338 ad
2277 4284 2540 4354 capellam
2572 4283 2898 4353 pertinebat,
2941 4287 3325 4336 ornamentum
3373 4278 3482 4332 sci-

1888 4377 2016 4433 licet
2043 4376 2501 4443 ecclcsiasticum,
2544 4390 2731 4431 secum
2766 4373 2979 4431 detulit.
3036 4371 3293 4426 Pluribus
3321 4369 3481 4424 annis

1889 4469 1944 4524 in
1981 4471 2086 4524 hoc
2111 4469 2448 4524 monasterio
2483 4467 2788 4523 monachus
2818 4465 3154 4537 permansit,
3196 4479 3260 4519 ac
3293 4473 3482 4533 postea

1812 4554 1865 4614 D
1891 4576 1986 4630 per
2012 4575 2343 4616 consensum
2379 4559 2596 4614 abbatis
2624 4559 2886 4613 Willelmi
2911 4558 3143 4628 patriam
3170 4563 3480 4617 revocatus,

1889 4653 2058 4708 abbas
2087 4653 2230 4722 apud
2259 4651 2623 4706 Mediolanum
2655 4659 2741 4706 est
2773 4649 3126 4705 constitutus.

1960 4745 2046 4798 l9.
2089 4743 2196 4814 lpsi
2225 4743 2460 4812 denique
2504 4742 2680 4797 sancti
2717 4741 2822 4796 viri
2868 4749 3050 4810 patres
3105 4746 3160 4793 et
3215 4737 3472 4792 doctores

1887 4837 2243 4892 eremitarum
2274 4835 2593 4899 existentes,
2621 4831 2768 4886 fama
2798 4829 3107 4886 sanctitatis
3138 4829 3298 4898 longe
3342 4827 3480 4880 late-

1888 4945 1995 5001 que
2032 4928 2313 4996 notiﬁcati,
2340 4926 2640 4982 Romaldus
2673 4925 2786 4996 (10)
2819 4924 3046 4989 scilicet,
3080 4921 3388 4976 Willelmus
3417 4933 3482 4973 ac

1891 5019 2178 5086 Martinus,
2205 5035 2344 5090 quos
2376 5017 2430 5071 in
2463 5032 2662 5088 magna
2694 5015 3044 5071 veneratione
3079 5011 3313 5067 habebat
3350 5009 3484 5063 urbs

1892 5111 2172 5177 Ravenna,
2205 5112 2494 5182 eaeterique
2520 5126 2660 5182 quos
2689 5109 2832 5163 intra
2874 5123 2933 5162 se
2981 5104 3258 5162 concludit
3308 5101 3482 5169 Italia,

1890 5205 2063 5275 patris
2103 5203 2359 5258 Willelmi
2389 5203 2716 5274 expetebant
2742 5199 3081 5264 societatem,
3109 5197 3238 5267 quia
3267 5203 3486 5250 sancto-

1889 5313 2013 5352 rum
2043 5297 2356 5367 conjunctio
2396 5306 2551 5366 grata
2580 5303 2632 5350 et
2657 5292 2924 5362 jucunda,
2952 5289 3316 5358 Eeclesiaeque
3362 5301 3486 5356 per-

1892 5390 2230 5457 necessaria;
2263 5396 2316 5444 et
2337 5396 2560 5443 econtra
2583 5384 2818 5442 societas
2841 5383 3109 5437 malorum
3132 5378 3487 5450 impedimen-

1895 5547 2016 5626 ejus
2036 5547 2372 5626 discipulus,
2402 5544 2496 5615 qui
2525 5542 2784 5626 laudatpr
2805 5557 2858 5626 _a
2881 5539 3076 5626 “Pet-ro
3125 5534 3488 5626 Damiat‘iliuin

1895 5604 2141 5688 ejusdem
2168 5604 2313 5683 Vita,
2339 5604 2612 5688 auinam,
2636 5623 2692 5688 et
2714 5612 2852 5688 forte
2881 5611 3168 5688 Martinus,
3197 5623 3291 5663 seu

1897 5677 2023 5754 n'us,
2058 5689 2162 5744 sub
2184 5677 2344 5757 cujus
2371 5684 2688 5755 magisterio
2724 5683 3062 5739 Romualdus
3088 5680 3264 5753 prima
3299 5677 3489 5734 didicit

1895 5760 2018 5815 vitae
2048 5759 2339 5816 cremiticse
2369 5765 2654 5828 praecepta.
