4058 6388
561 344 667 402 863

1445 357 1503 414 S.
1545 358 1921 415 GUILLELMI
1958 358 2251 416 ABBATIS
2287 357 2344 416 S.
2385 362 2659 421 BENIGNI
2698 366 2951 423 DIVlON.

3739 368 3846 424 861»

562 471 678 517 tum
708 461 999 522 bonorum.
1028 463 1133 538 Ips:
1157 484 1286 527 vero
1305 472 1542 530 cultores
1559 476 1951 543 eremi,relicta
1974 478 2156 548 quiete
2185 478 2227 535 A
2257 494 2457 535 norum
2488 496 2674 538 comes
2704 480 3014 537 Richardus
3049 481 3200 537 misit
3235 481 3304 536 ad
3343 495 3491 548 eum,
3524 489 3840 538 reverenter

562 553 901 624 solitudinis,
929 558 1237 626 gaudebant
1269 564 1373 618 sub
1397 564 1516 634 cjus
1547 567 1865 637 magisterio
1885 568 2149 624 associari

562 645 874 702 ctenohitis.
903 646 983 702 Ex
1012 664 1202 706 eorum
1234 668 1365 725 ergo
1392 671 1624 711 numero
1656 658 1898 728 adjuncti
1929 658 2151 715 fuerunt

561 737 613 790 ei
643 737 773 804 duo,
809 738 1050 798 Joannes
1086 743 1393 824 etPaulus,
1427 748 1621 805 litteris
1666 751 1886 817 eruditi,
1914 768 2149 821 quorum

563 829 831 899 sapientia
873 833 941 888 ad
969 835 1201 891 salutem
1230 839 1523 894 multarum
1561 841 1790 911 profecit
1819 844 2148 901 animarum.

565 918 774 976 Horum
820 933 1047 997 uterque
1091 930 1407 986 monasticae
1429 933 1710 1003 religioz'is
1738 933 2148 1004 ferventissimi,

563 1020 621 1066 ct
643 1012 697 1067 in
723 1016 1012 1072 etenobiali
1036 1022 1449 1077 conversatione
1471 1025 1681 1080 carteris
1703 1037 1859 1082 erant
1879 1027 2149 1096 imitandi,

564 1114 619 1159 et
656 1105 709 1158 in
741 1108 1157 1178 contemplativa
1187 1112 1295 1166 vita
1336 1113 1554 1169 lectioni
1580 1124 1635 1169 et
1663 1117 1898 1173 orationi
1932 1119 2152 1176 assidue

566 1198 870 1267 studentes,
906 1202 1215 1261 videntibus
1274 1210 1522 1278 exemplo
1582 1209 1801 1267 fuerunt
1847 1212 2053 1282 pariter
2100 1220 2155 1267 et

565 1291 934 1347 aJmirationi.
975 1293 1305 1353 Reverendm
1338 1300 1614 1356 memoria}
1646 1300 1848 1358 Paulus
1872 1303 1982 1374 (ll)
2009 1305 2155 1374 apud

564 1396 667 1436 nos
699 1382 754 1435 in
784 1397 915 1452 pace
939 1385 1175 1454 quievit;
1227 1386 1467 1445 Joannes
1522 1390 1793 1466 (l2).vero
1847 1395 2011 1449 homo
2059 1394 2154 1450 Dei

565 1482 813 1529 sanctam
844 1476 914 1529 ob
944 1480 1415 1535 conversationem
1454 1493 1678 1540 vocatus
1705 1501 1735 1539 a
1766 1486 1969 1541 domno
1997 1485 2157 1542 Patre

566 1562 861 1634 Willelmo,
892 1567 1304 1634 Fructuariensi
1331 1576 1584 1630 ctenobio
1616 1577 1786 1633 abbas
1816 1587 1901 1634 cst
1936 1580 2158 1636 institu-

564 1668 673 1716 tus.
711 1661 787 1717 De
812 1680 924 1734 quo
959 1666 1098 1734 loco,
1128 1670 1257 1738 quia
1283 1673 1500 1727 occasio
1536 1689 1595 1729 se
1620 1676 1870 1744 prtebuit,
1899 1676 2158 1734 intiman-

566 1752 697 1809 dum
729 1759 922 1825 paucis
947 1760 1163 1817 vidctur
1197 1765 1434 1833 qualiter
1456 1764 1713 1822 fundatus
1741 1768 1925 1824 fuerit.

635 1847 725 1901 9.0.
766 1848 881 1905 Duo
917 1856 1161 1923 germani
1199 1854 1394 1912 fratres
1422 1856 1645 1914 fuerunt
1673 1877 1815 1930 smpe
1840 1862 1973 1917 dicti
1991 1862 2157 1917 abha—
2189 1837 2233 1892 Β

565 1937 638 2003 tis
668 1938 946 2007 Willelmi,
977 1961 1122 2001 unus
1149 1955 1376 2002 vocatus
1416 1958 1500 2003 est
1541 1948 1858 2017 Nithardus,
1886 1953 2023 2008 alter
2055 1952 2158 2008 Go-

566 2029 870 2087 thofredus.
902 2033 1120 2092 Primus
1154 2055 1345 2094 eorum
1372 2042 1667 2097 comitatus
1698 2043 1908 2100 honore
1938 2046 2156 2113 enituit,

566 2122 708 2177 alius
747 2125 953 2182 militiae
980 2129 1263 2198 stipendiis
1287 2142 1577 2188 contentus
1614 2133 1745 2201 fuit;
1792 2152 1930 2206 quos
1958 2140 2157 2207 praedi-

566 2222 689 2271 ctus
711 2215 872 2301 Pater
896 2236 1038 2290 saepe
1067 2225 1408 2281 admonendo
1437 2243 1468 2281 a
1499 2229 1689 2283 mundi
1738 2230 2007 2287 illecebris
2060 2232 2160 2287 ab-

566 2305 744 2382 duxit,
773 2320 827 2365 et
881 2312 947 2366 ad
1002 2314 1281 2372 Christum
1342 2308 1626 2375 convertit.
1682 2320 1973 2378 Venientes
2031 2340 2162 2395 ergo

569 2408 798 2473 uterque
834 2406 901 2460 ad
944 2408 1047 2464 hoc
1078 2409 1406 2468 Divionense
1429 2415 2013 2486 cumobium,excrptis
2039 2419 2161 2473 aliis

568 2494 762 2561 rebus,
797 2498 1064 2556 dederunt
1107 2512 1299 2559 sancto
1345 2508 1637 2576 protectori
1679 2518 1870 2563 nostro
1918 2508 2161 2581 Benigno

569 2589 841 2656 quoddam
870 2593 1012 2661 juris
1067 2597 1150 2651 sui
1202 2599 1486 2666 praedium,
1532 2600 1847 2670 Wlpianum
1883 2613 2159 2671 vocatum,

569 2683 805 2749 quodam
839 2687 1108 2756 prmsagio
1154 2688 1482 2746 futurorum.
1521 2691 1579 2746 ln
1615 2710 1725 2764 quo
1765 2694 1883 2752 loco
1928 2696 2164 2753 domnus

570 2771 881 2832 Willelmus
910 2778 1158 2835 fundavit
1183 2784 1471 2838 ecclesiam
1522 2785 1576 2841 in
1624 2786 1831 2843 honore
1858 2790 2032 2843 sancti
2064 2789 2163 2845 Be-

570 2865 744 2941 nigni,
770 2878 831 2923 ut
866 2872 1057 2926 notitia
1082 2883 1136 2927 et
1159 2875 1334 2929 honor
1366 2876 1538 2945 ipsius
1576 2879 1751 2932 sancti
1780 2880 1832 2933 in
1865 2878 1954 2935 illa
1988 2882 2163 2951 patria

573 2972 933 3029 accresceret,
961 2973 1015 3019 et
1060 2975 1119 3020 ut
1157 2966 1210 3020 in
1258 2968 1572 3024 luereditate
1610 2982 1895 3040 parentum
1936 2990 2162 3030 suorum

574 3048 778 3122 aliquid
810 3065 1092 3127 acceptum
1124 3058 1236 3115 Deo
1259 3061 1578 3129 aedificaret;
1634 3063 1826 3118 deinde
1874 3076 1933 3121 ut
1961 3067 2165 3122 oblatio

2252 573 2566 642 supplicans
2596 582 2657 628 ut
2681 575 2749 629 ad
2779 590 2837 631 se
2861 574 3089 629 veniret.
3127 573 3233 641 Qui
3258 572 3476 629 tandem
3502 574 3741 630 libenter
3783 581 3842 629 ut

2253 674 2476 735 rogatus
2506 664 2682 721 fuerat
2704 683 2957 738 pergens,
2979 667 3129 721 venit
3154 667 3221 721 ad
3250 682 3412 733 eum;
3448 682 3480 721 a
3516 681 3655 736 quo,
3683 666 3842 721 sicuti

2252 754 2496 823 decebat,
2549 759 2848 814 honorifice
2892 767 3177 828 susceptus
3224 766 3330 824 est,
3379 758 3686 828 multisque
3730 758 3846 827 ejus

2252 849 2506 921 precibus
2531 860 2789 907 exoratus
2816 858 2901 906 cst
2951 860 3013 905 ut
3052 850 3339 906 ecclesiam
3377 850 3599 905 Sancta
3619 859 3679 905 et
3704 849 3846 903 iudi-

2252 942 2429 997 vidua:
2469 942 2753 999 Trinitatis
2778 943 2999 998 nomine
3026 952 3081 998 et
3104 944 3313 997 honore
3335 942 3600 1008 dicatam,
3639 944 3698 996 in
3731 943 3847 999 loco

2252 1035 2347 1104 qui
2373 1034 2682 1090 Fiscannus
2704 1036 2896 1092 dicitur
2951 1035 3079 1091 olim
3119 1043 3523 1101 constructam,
3553 1044 3609 1089 ct
3643 1051 3675 1089 a
3710 1051 3768 1090 se
3793 1034 3846 1090 in

2254 1126 2573 1195 ampliorem
2601 1137 2802 1181 statum
2841 1126 3096 1183 decenter
3128 1126 3483 1181 reformatam
3518 1128 3844 1197 susciperet,

2255 1228 2418 1289 atque
2453 1218 2848 1275 monachorum
2888 1219 3117 1290 collegio
3142 1219 3444 1274 decorarel.
3470 1219 3652 1289 Cujus
3674 1219 3845 1289 preci-

2255 1312 2358 1366 bus
2389 1325 2657 1377 annuens,
2688 1311 2761 1366 ita
2788 1310 3073 1381 praefatum
3103 1311 3282 1365 locum
3331 1310 3594 1364 omnibus
3632 1309 3845 1378 religio-

2255 1405 2333 1461 sis
2364 1403 2579 1467 studiis,
2611 1404 2930 1473 ueterisque
2956 1405 3227 1460 bonorum
3243 1403 3416 1472 copiis
3438 1402 3759 1468 adornavit,
3789 1410 3847 1458 ut

2257 1514 2370 1568 pra:
2397 1498 2608 1552 cunctis
2642 1497 2789 1552 illius
2826 1497 3118 1567 provincia:
3157 1496 3309 1561 locis,
3339 1494 3594 1551 felicibus
3636 1512 3850 1567 semper

2258 1590 2450 1645 ﬂoreat
2476 1590 2848 1645 incrementis.
2892 1588 2952 1644 In
2985 1604 3094 1659 quo
3118 1589 3240 1643 loco
3264 1588 3423 1643 multi
3469 1595 3853 1643 convenerunt

2257 1680 2470 1741 nobiles
2498 1679 2622 1746 viri,
2650 1688 2761 1735 tam
2791 1679 2978 1734 clerici
3013 1694 3179 1749 quam
3233 1677 3375 1745 laici,
3411 1679 3537 1748 ejus
3583 1678 3852 1733 doctrinis

2259 1774 2542 1843 cupientes
2567 1772 2808 1840 institui;
2855 1773 2998 1828 inter
3027 1787 3171 1842 quos
3199 1770 3515 1827 Osmundus
3563 1771 3857 1841 episcopus

2259 1872 2463 1919 sanctae
2484 1872 2539 1918 et
2561 1864 2829 1934 religiosa:
2849 1862 2975 1917 vitae
3001 1862 3210 1916 exstitit
3234 1862 3558 1916 monachus.
3580 1860 3703 1915 Duo
3721 1876 3859 1930 quo-

2260 1974 2368 2028 que
2394 1958 2580 2013 clerici
2606 1957 2922 2011 liberalibus
2946 1957 3157 2011 artibus
3178 1956 3424 2026 apprime
3455 1956 3686 2022 eruditi,
3731 1955 3861 2010 aula

2260 2049 2404 2119 regis
2465 2047 2791 2118 postposita,
2832 2046 3170 2101 Willelmum
3234 2044 3451 2100 Patrem
3511 2046 3863 2116 expctierunt

2261 2149 2441 2195 mente
2470 2141 2685 2196 devota.
2742 2138 2897 2195 Unus
2952 2154 3146 2194 eorum
3191 2139 3497 2194 vocabatur
3550 2137 3863 2205 Jocelinus,

2262 2233 2397 2287 alter
2424 2232 2792 2304 Beringerius,
2824 2247 2854 2286 e
2877 2231 3079 2301 quibus
3102 2229 3251 2300 prior
3285 2229 3640 2300 postmodum
3686 2229 3861 2283 abbas

2261 2324 2489 2388 exstitit,
2516 2339 2752 2393 sequens
2783 2323 2838 2376 in
2862 2322 3052 2376 eodem
3077 2319 3206 2375 loco
3229 2320 3355 2375 vine
3403 2319 3564 2374 ﬁnem
3627 2320 3862 2389 accepit.

2262 2417 2341 2472 De
2374 2416 2759 2471 transmarinis
2785 2415 2949 2469 etiam
2981 2413 3250 2483 partibus,
3278 2413 3384 2468 hoc
3429 2421 3513 2467 est
3553 2413 3867 2483 Anglorum

2263 2519 2430 2573 terra,
2461 2509 2546 2561 vir
2600 2507 2823 2578 quidam
2873 2506 3074 2561 nobilis
3127 2506 3297 2576 regali
3344 2505 3599 2576 prosapia
3654 2504 3869 2568 clarus,

2263 2600 2516 2654 Clemens
2546 2598 2788 2663 nomine,
2840 2597 3046 2652 relictis
3096 2596 3281 2652 smculi
3339 2595 3556 2666 pompis
3600 2594 3671 2650 ad
3716 2595 3872 2648 idem

2264 2693 2659 2747 monasterium
2696 2690 2864 2753 venit,
2892 2688 3004 2743 Deo
3042 2688 3176 2742 inibi
3201 2688 3430 2757 cupiens
3459 2687 3725 2753 militare;
3767 2687 3870 2743 sed
3930 2687 3939 2693 ”

2265 2801 2389 2840 cum
2419 2785 2489 2840 ab
2510 2784 2827 2840 hominibus
2850 2799 2916 2838 ex
2940 2798 3038 2861 sua
3070 2782 3247 2852 patria
3281 2780 3704 2836 adventantibus
3740 2795 3873 2835 cre-

2264 2878 2366 2933 bro
2390 2877 2740 2943 inviserelur,
2772 2876 2947 2946 magis
3003 2873 3116 2929 Deo
3172 2874 3405 2945 diligens
3459 2873 3666 2928 servire
3731 2887 3873 2928 cum

2266 2970 2468 3039 quiete,
2503 2984 2668 3040 quam
2707 2967 2976 3022 vanitates
3031 2965 3227 3021 mundi
3280 2964 3593 3036 frequenter
3643 2963 3872 3031 audire,

2268 3052 2874 3131 Divionense'expetivit
2895 3059 3232 3126 coenobium,
3263 3059 3355 3113 ubi
3398 3057 3684 3113 laudabilis
3736 3058 3879 3114 vita

573 3156 767 3198 eorum
796 3147 863 3201 ad
898 3149 1207 3206 animarum
1258 3153 1545 3222 proliceret
1592 3155 1828 3223 lucrum,
1890 3167 2053 3228 atque
2105 3168 2166 3214 ut
2192 3183 2233 3239 ο
2268 3153 2560 3223 complevit
2584 3168 2827 3208 cursum.
2854 3151 2981 3205 Fuit
3015 3151 3220 3221 itaque,
3248 3149 3547 3205 secundum
3591 3148 3876 3218 etymolo-

573 3234 786 3293 fa'uctus
832 3240 1100 3298 honorum
1135 3261 1361 3315 operum
1413 3263 1535 3317 quze
1569 3248 1644 3303 ibi
1678 3258 1961 3320 geruntur,
1983 3251 2086 3306 sibi
2110 3262 2164 3307 et

574 3327 684 3383 illis
714 3342 860 3387 esset
883 3334 1106 3390 abolitio
1129 3348 1498 3407 peccatorum,
1527 3348 1582 3394 et
1603 3350 1821 3397 aeternae
1849 3344 1974 3398 vitae
2002 3344 2163 3415 digna

576 3429 1017 3496 recompensatio
1047 3433 1418 3500 praemiorum.
1466 3432 1620 3490 Unde
1640 3445 1695 3490 et
1725 3435 2167 3495 Fructuariensis

577 3515 669 3571 ille
699 3518 854 3574 locus
877 3530 960 3576 est
983 3533 1227 3580 vocatus.
1265 3524 1322 3579 In
1364 3527 1517 3581 brevi
1541 3543 1672 3598 ergo
1694 3539 1937 3599 tempore
1962 3529 2165 3586 factum

578 3617 664 3663 est
693 3612 873 3667 nobile
898 3617 1229 3682 coenobium,
1264 3618 1355 3671 ubi
1385 3618 1452 3673 de
1484 3619 1589 3674 hoc
1630 3620 1751 3675 loco
1776 3631 1830 3676 et
1861 3623 2167 3692 spiritualia

580 3710 634 3756 et
654 3708 975 3773 temporalia
999 3710 1240 3766 subsidia
1267 3719 1397 3765 sunt
1425 3712 1635 3781 delata;
1689 3715 1936 3785 reliquiae
1963 3717 2170 3773 scilicet

581 3795 769 3850 multa:
792 3813 917 3852 cum
944 3803 1269 3870 corporibus
1300 3812 1637 3873 sanctorum,
1666 3807 1945 3863 volumina
1996 3809 2170 3864 libro—

583 3903 727 3954 rum,
754 3890 1049 3962 omniaque
1079 3895 1445 3950 ecclesiastica
1473 3886 1891 3964 ornamenta,et
1913 3900 2171 3956 monachi

583 3978 805 4047 plurimi
832 3983 1031 4050 pariter
1062 3985 1190 4041 illuc
1220 3987 1490 4042 abierunt.
1530 3987 1638 4043 Sed
1679 3998 1735 4045 et
1777 3992 1844 4046 de
1893 3992 2016 4048 aliis
2059 4009 2174 4049 suae

584 4073 779 4128 ditioni
821 4077 1082 4145 subjectis
1113 4079 1267 4145 locis,
1301 4087 1356 4135 et
1392 4081 1753 4153 undecunque
1794 4084 1992 4139 oblatis
2039 4101 2173 4154 sup-

585 4165 893 4234 plementis,
922 4170 1305 4240 magnificatus
1328 4181 1413 4227 est
1457 4174 1610 4230 locus
1644 4177 2088 4245 possessionibus
2114 4186 2177 4233 'et

586 4257 826 4325 divitiis;
861 4260 937 4315 ita
966 4263 1103 4317 utin
1136 4264 1248 4318 vita
1297 4265 1418 4334 ejus
1475 4268 1826 4339 congregatio
1877 4269 2023 4324 illius
2067 4269 2173 4325 loci

587 4360 805 4405 centum
836 4369 1065 4408 numero
1091 4364 1370 4412 constaret
1416 4360 1722 4424 monachis,
1750 4361 1994 4431 exceptis
2037 4361 2174 4418 locis

586 4444 843 4500 cellarum
874 4448 924 4500 ei
958 4447 1080 4503 loco
1107 4449 1359 4517 subditis,
1383 4466 1506 4521 quae
1530 4451 1642 4507 fere
1664 4453 1885 4524 triginta
1907 4454 2169 4511 existunt.

2267 3245 2413 3316 giam
2437 3245 2524 3300 sui
2554 3244 2812 3310 nominis,
2846 3244 3086 3298 clemens
3108 3242 3315 3307 animo,
3354 3241 3607 3298 omnibus
3645 3240 3878 3295 virtuti-

2266 3339 2371 3395 bus
2401 3338 2720 3405 adornatus,
2744 3337 3016 3408 praecipue
3042 3336 3370 3401 humilitate,
3402 3351 3508 3406 qua
3544 3334 3601 3389 in
3646 3342 3876 3389 tantum

2269 3445 2328 3485 se
2354 3430 2627 3501 ahjectum
2660 3438 2715 3484 et
2748 3430 2909 3484 vilem
2950 3429 3252 3494 asserebat,
3288 3436 3370 3493 ut,
3413 3442 3538 3482 cum
3570 3425 3879 3481 sacerdotii

2270 3522 2441 3593 gradu
2479 3520 2818 3594 fungeretur,
2844 3536 3129 3591 nunquam
3167 3522 3221 3575 in
3250 3520 3402 3575 omni
3431 3520 3542 3574 vita
3599 3535 3725 3585 sua,
3761 3519 3879 3574 nisi

2272 3614 2460 3680 semel,
2485 3615 2552 3669 ad
2597 3615 2702 3668 hoc
2737 3612 3102 3668 ministerium
3134 3612 3393 3667 accedere
3422 3609 3874 3681 praesumpserit.

2344 3705 2434 3765 22.
2477 3704 2775 3775 Postquam
2801 3704 2966 3774 igitur
2990 3720 3086 3775 per
3116 3718 3290 3758 annos
3319 3701 3433 3757 fere
3465 3701 3688 3772 triginta
3731 3699 3883 3754 πη.

2273 3795 2470 3851 lelmus
2496 3796 2667 3850 abbas
2702 3794 3076 3851 Fiscannense
3098 3793 3239 3848 rexit
3252 3791 3729 3858 coenobium,cum
3757 3791 3880 3861 jam

2274 3896 2553 3945 senectute
2574 3888 2737 3942 simul
2766 3896 2822 3942 et
2845 3887 3166 3958 aegritudine
3187 3895 3527 3957 gravaretur,
3541 3895 3596 3940 et
3615 3885 3881 3956 elegisset

2277 3981 2379 4037 sibi
2410 3980 2892 4036 Fructuariensem
2930 3979 3113 4035 locum
3154 3979 3222 4034 ad
3260 3978 3697 4043 inhabitandum,
3725 3977 3879 4032 desi-

2276 4072 2476 4135 derans
2503 4071 2558 4125 in
2590 4071 2765 4141 patrio
2793 4070 2911 4126 solo
2936 4070 3257 4140 quiescere;
3310 4069 3668 4125 considerans
3719 4067 3879 4138 prin—

2276 4179 2406 4233 ceps
2444 4162 2597 4235 regni
2622 4161 2951 4228 Rotbertus,
2989 4162 3084 4231 qui
3116 4168 3241 4231 post
3286 4168 3496 4229 patrem
3540 4168 3596 4214 et
3645 4157 3875 4214 fratrem

2277 4255 2565 4313 defunctos
2597 4255 2890 4325 primatum
2935 4253 3155 4308 tenebat
3204 4250 3672 4317 Normannorum,
3714 4251 3877 4321 petiit

2277 4365 2373 4420 per
2398 4350 2604 4419 legatos
2633 4348 2888 4403 eumdem
2918 4345 3165 4415 Patrem,
3197 4355 3259 4400 ut
3287 4346 3543 4401 abbatem
3583 4346 3693 4401 sibi
3734 4346 3873 4401 sub-

2278 4442 2547 4508 stitueret,
2599 4441 2729 4511 quia
2782 4440 2887 4495 loci
2943 4447 3121 4494 status
3173 4438 3331 4493 aliter
3378 4438 3498 4493 sine
3540 4437 3879 4493 detrimento

586 4538 916 4596 Convocatis
950 4558 1080 4614 ergo
1114 4544 1386 4614 ep'scopis
1420 4545 1627 4614 patria},
1658 4561 1785 4616 rege
1810 4562 2031 4617 quoque
2073 4547 2174 4607 Αιι-
2210 4537 2255 4592 D
2281 4549 2502 4590 manere
2527 4549 2636 4588 non
2666 4541 2873 4603 posset.
2903 4532 2985 4586 Ad
3011 4531 3171 4601 cujus
3206 4531 3554 4601 petitionem,
3577 4530 3874 4601 quemdam

586 4633 777 4699 duino,
802 4636 893 4705 qui
918 4636 992 4690 ibi
1022 4639 1368 4707 postmofum
1394 4640 1620 4709 quievit,
1648 4655 1746 4695 sua
1770 4656 1897 4695 cum
1922 4642 2175 4712 conjuge,

585 4733 639 4779 et
665 4727 851 4782 multis
876 4728 1153 4786 nobilibus
1188 4730 1359 4800 ipsius
1393 4731 1582 4801 regni,
1626 4732 1683 4785 in
1727 4732 1937 4788 honore
1974 4742 2180 4789 sancta:

588 4816 684 4872 Dei
711 4820 990 4889 genitricis
1014 4821 1215 4887 Marite,
1242 4824 1528 4892 sanctique
1562 4822 1789 4895 Benigni
1825 4832 1883 4880 et
1928 4825 2176 4880 omnium

588 4921 905 4966 sanctorum
932 4911 1061 4968 fecit
1084 4914 1267 4968 locum
1301 4915 1451 4968 illum
1509 4915 1737 4970 sacrari.
1791 4914 2091 4971 Constituit
2124 4925 2180 4973 et

588 5000 694 5054 alia
732 5004 1064 5058 monasteria
1095 5004 1151 5057 in
1181 5004 1368 5058 eadem
1393 5005 1590 5073 patria,
1620 5004 1713 5059 ubi
1748 5005 2021 5075 deputatis
2055 5022 2167 5062 mo-

588 5094 801 5161 nachis,
847 5105 901 5150 et
949 5096 1236 5152 abbatibus
1287 5096 1553 5151 ordinatis
1605 5098 1787 5154 adhuc
1844 5099 1978 5153 ordo
2035 5099 2180 5170 viget

587 5190 946 5245 monasticus.
984 5186 1491 5244 Sauctimonialium
1545 5182 1711 5245 etiam
1761 5190 1998 5246 instituit
2044 5206 2165 5247 mo-

590 5281 916 5336 nasterium.

661 5368 752 5425 21.
794 5371 994 5427 Audita
1018 5370 1114 5427 Dei
1138 5373 1241 5428 viri
1276 5371 1423 5429 fama
1471 5372 1850 5430 nobilissimus
1877 5372 2175 5430 Nortman-

663 5594 776 5678 (ll)
808 5596 1013 5680 .An_hic
1039 5597 1264 5680 Paulus,
1282 5598 1473 5680 'qui‘in
1505 5596 1824 5680 Necrologio
1847 5599 2030 5680 sancti
2045 5598 2181 5680 Ger-

590 5667 741 5722 mani
777 5667 858 5724 sic
885 5668 1219 5733 designatur,
1271 5667 1478 5724 Paulus
1536 5667 1813 5725 solitarius
1858 5671 2030 5724 sancti
2074 5670 2178 5726 Be-

585 5737 741 5809 {tigni
761 5755 814 5793 vi
835 5736 965 5794 Kal.
1002 5736 1173 5809 Junii.
1200 5739 1277 5794 lbi
1307 5740 1473 5795 etiam
1508 5742 1753 5797 reclusos
1802 5740 1975 5797 fuisse
2017 5741 2172 5796 colli-

586 5807 738 5888 gitur
766 5824 833 5866 ex
859 5810 978 5881 ipso
1000 5807 1324 5883 Necr010gio
1354 5810 1709 5882 Benigniano,
1763 5812 1855 5869 ubi
1903 5810 2173 5869 Iohannes

2280 4628 2383 4683 sibi
2411 4628 2569 4682 valde
2598 4626 2856 4681 dilectum
2888 4623 3252 4689 monachum,
3283 4623 3529 4692 ejusdem
3575 4623 3688 4678 loci
3732 4623 3877 4693 prio-

2280 4735 2419 4785 rem,
2460 4710 2687 4773 nomine
2726 4717 3015 4782 Joannem,
3061 4715 3348 4772 constituit
3399 4715 3689 4781 abbatem;
3758 4715 3881 4770 licet

2279 4829 2403 4869 eum
2432 4812 2557 4867 alibi
2582 4811 2757 4883 magis
2790 4818 3033 4879 optasset
3060 4808 3354 4878 praeficere.
3379 4806 3476 4862 Hic
3504 4805 3680 4863 italia:
3710 4808 3880 4881 parti-

2282 4907 2386 4962 bus
2422 4905 2695 4960 Ravennaa
2721 4912 2896 4968 ortus,
2928 4902 3125 4957 litteris
3150 4901 3434 4966 eruditus,
3462 4916 3530 4956 ac
3565 4900 3882 4956 medicinali

2283 5006 2399 5053 arte
2424 5013 2519 5067 per
2550 4996 2722 5066 ipsius
2745 4994 2923 5050 Patris
2947 4994 3255 5064 jussionem
3308 4994 3559 5058 edoctus,
3600 4993 3878 5063 religiosae

2284 5088 2717 5146 conversationis
2758 5088 2899 5157 ejus,
2928 5085 3192 5141 doctrina:
3243 5099 3464 5155 quoque
3516 5099 3583 5139 ac
3634 5085 3876 5139 omnium

2283 5183 2547 5238 virtutum
2578 5181 2750 5250 ipsius
2791 5196 2904 5249 prae
2947 5179 3161 5233 cunctis
3207 5178 3331 5232 alzis
3377 5177 3594 5232 exstitit
3641 5177 3878 5231 imitator

2281 5274 2579 5329 studiosus.
2619 5271 2744 5337 Qui,
2800 5270 2869 5324 ab
2913 5269 3154 5323 exilitate
3183 5267 3453 5338 corporis,
3522 5267 3877 5322 Joanneliims

2284 5373 2607 5429 diminutivo
2638 5371 2859 5427 nomine
2886 5379 2971 5426 est
2994 5369 3205 5436 dictus;
3261 5368 3356 5423 sed
3403 5367 3759 5433 humilitatis,
3790 5381 3876 5421 sa-

2286 5599 2524 5655 reclusus
2553 5594 2738 5650 Idibus
2759 5591 2917 5647 Julii.
3360 5659 3373 5665 _
3462 5659 3468 5665 ν
3521 5654 3544 5665 _
3802 5653 3815 5665 ,

2357 5671 2468 5742 (12)
2511 5668 2594 5742 De
2621 5666 3034 5742 _Fr_uctuariensr
3077 5654 3603 5742 monasteriooinfra‘

2283 5729 2528 5806 agemus,
2543 5738 2636 5795 ubi
2660 5738 2870 5803 charta,
2896 5735 2953 5790 in
2968 5749 3076 5805 qua
3097 5730 3340 5789 Joannes
3352 5729 3569 5802 primus
3587 5729 3698 5785 loci
3718 5729 3869 5784 istius

2281 5813 2449 5869 abbas
2480 5816 2831 5866 memoratur.
