4058 6394
174 316 302 377 865

1740 310 1899 368 Vl‘l'A

3369 312 3473 371 866

173 432 429 507 pientiie,
464 426 838 497 discretionis,
872 441 940 485 ac
968 434 1291 485 exterarum
1325 426 1593 483 virtutum
1633 435 1787 484 tanta
1815 432 1863 489 A
1889 429 2134 485 caelestia
2160 446 2350 503 regna,
2385 431 2670 502 sanctique
2695 430 2922 502 Bcnigui
2960 432 3178 502 adjutus
3199 433 3474 503 precibus,

174 526 241 580 in
269 539 339 579 eo
368 520 581 577 refulsit
604 520 777 592 gratia
817 528 879 575 ut
917 519 1084 591 (sicut
1115 526 1341 573 sanctus
1372 517 1539 574 refert
1575 516 1783 589 Grego-

173 612 547 669 riusinlibro
571 610 920 681 Dialogorum
962 610 1030 665 de
1075 608 1404 664 Constantio
1462 609 1783 680 presbytero

177 705 313 776 (lib.
351 720 391 770 i,
422 719 472 759 c.
505 703 561 771 5)
629 703 682 757 in
721 703 826 757 hoc
877 703 1081 756 mirum
1125 710 1272 756 esset
1337 701 1676 756 intuentibus
1727 701 1783 756 in

175 805 304 851 tarn
327 811 494 866 parvo
514 809 743 866 corpore
767 795 957 865 gratim
980 793 1075 847 Dei
1096 802 1246 847 tanta
1288 793 1431 848 dona
1461 793 1781 848 exuberare.

179 884 303 942 Sed
324 886 453 956 quia
478 886 659 941 adhuc
681 886 907 940 domum
944 885 1156 940 habitat
1194 884 1420 951 luteam,
1451 884 1649 940 suilicit
1679 886 1786 941 hoc

177 987 408 1034 tantum
431 979 653 1033 dixisse.
688 977 829 1032 Dicit
855 978 1003 1033 enim
1044 967 1327 1046 Scriptura
1362 995 1374 1031 :
1414 996 1433 1029 ι
1465 976 1545 1032 Ne
1596 978 1786 1035 laudes

178 1071 472 1128 hominem
509 1072 563 1125 in
596 1072 839 1126 vita-sua
875 1070 1067 1141 (Eccli.
1102 1076 1202 1141 XI).
1229 1090 1248 1123 ι

258 1165 356 1219 25.
393 1163 683 1220 Commisit
710 1172 765 1219 et
786 1164 891 1218 alia
917 1165 1034 1219 loca
1077 1174 1412 1221 memoratus
1455 1179 1639 1221 comes
1686 1165 1786 1220 Ri—

183 1260 438 1315 cbardus
468 1259 726 1329 smpefato
750 1260 933 1314 abbati
952 1258 1234 1313 'Willelmo
1252 1300 1267 1325 ,
1293 1259 1501 1313 scilicet
1528 1258 1785 1315 Gemme~

183 1354 387 1419 ticum,
418 1363 477 1407 ut
507 1353 621 1423 jam
674 1353 942 1418 diximus,
980 1354 1376 1408 monasterium
1432 1352 1619 1408 Sancti
1680 1354 1789 1407 Au-

182 1446 381 1512 doeni,
412 1456 651 1500 montem
682 1444 870 1501 Sancti
906 1444 1184 1501 Michaelis
1221 1446 1566 1517 archangeli,
1590 1446 1645 1500 in
1675 1462 1789 1518 quo

184 1538 318 1593 loco
353 1546 476 1607 post
496 1546 729 1592 mortem
758 1535 937 1592 Patris
971 1537 1596 1608 prazdieti,supradictus
1620 1535 1789 1591 Ιιειιιι-

184 1644 293 1685 nes
333 1629 503 1683 abbas
538 1630 824 1684 constituit
860 1628 1078 1684 Patrem
1121 1629 1412 1700 quemdam
1455 1631 1789 1685 monachum

185 1721 581 1792 praenominati
612 1720 791 1776 Patris
847 1720 1125 1776 Willelmi.
1176 1720 1417 1777 Vocatus
1466 1731 1551 1777 est
1605 1731 1787 1777 autem

1884 529 1941 577 et
1963 521 2018 577 iii
2040 523 2197 578 oculis
2235 539 2361 578 cum
2386 539 2453 578 eo
2485 524 2716 595 gloriam
2751 532 2806 577 et
2860 524 2913 576 in
2960 530 3105 578 terra
3151 525 3307 594 juxta
3354 526 3476 596 ejus

1884 615 2160 669 tumulum
2227 615 2555 686 condignam
2616 616 2826 686 accepit
2884 617 3242 685 sepulturam.
3304 619 3477 689 Cujus

1884 722 2062 775 soror,
2094 708 2316 761 nomine
2372 706 2598 773 Liliosa,
2623 708 2690 762 ad
2738 708 2914 763 sancti
2972 707 3201 779 Benigiii
3249 711 3476 768 veniens

1884 797 2105 865 limina,
2130 798 2450 868 prredietuni
2484 797 2749 868 praedium
2792 815 2954 853 suum
3001 800 3227 855 donavit
3278 800 3480 858 Sancto

1885 888 2128 961 Benigno
2158 890 2386 961 martyri
2438 905 2539 960 pro
2586 888 2772 945 fratris
2817 890 2903 944 sui
2944 890 3253 960 sepultura;
3279 891 3334 946 in
3368 906 3481 969 quo

1885 982 2009 1038 loco
2046 983 2456 1037 :edit‘icaverunt
2488 982 2776 1037 ecclesiam
2804 984 2859 1037 in
2901 982 3109 1038 honore
3159 984 3337 1039 sancti
3379 983 3481 1038 Be-

1884 1074 2057 1146 nigni,
2091 1085 2195 1129 etc.
2232 1074 2387 1130 Hunc
2422 1090 2554 1146 ergo
2606 1074 2787 1129 locum
2846 1075 3193 1144 supradictus
3237 1076 3477 1131 domnus

1886 1165 2150 1220 Ariiulfiis
2172 1167 2275 1221 sibi
2299 1168 2504 1237 eligens
2521 1166 2818 1221 omnicura
2844 1167 3053 1221 studuit
3070 1184 3195 1223 eum
3220 1184 3484 1240 augmen-

1884 1266 2039 1323 tare;
2073 1275 2137 1312 ac
2160 1259 2393 1328 primam
2424 1259 2707 1314 basilicam
2734 1259 2809 1313 ibi
2835 1275 3090 1331 magnam
3133 1270 3481 1327 construens,

1888 1347 2243 1420 oﬂicinasque
2266 1366 2330 1405 ac
2354 1352 2562 1422 reliqua
2590 1352 2901 1406 habitacula
2956 1353 3242 1408 monachis
3300 1353 3477 1420 utilia,

1890 1441 2073 1494 nobile
2112 1442 2427 1495 coenobium
2471 1442 2777 1509 constituit,
2820 1442 3373 1513 possessionibusque
3418 1456 3484 1499 ac

1888 1533 2054 1588 terris
2083 1548 2282 1605 augere
2311 1535 2643 1605 procuravit.

1965 1623 2142 1678 Multa
2164 1625 2438 1697 subjungit
2462 1635 2650 1679 auctor
2675 1626 2740 1679 de
2765 1626 2929 1680 variis
2953 1626 3327 1693 donationibus
3360 1636 3484 1683 tunc

1893 1719 2142 1789 temporis
2186 1720 2508 1773 monasterio
2550 1718 2883 1790 Benigniano
2923 1721 3103 1790 factis,
3130 1736 3248 1791 qua:
3273 1720 3371 1773 huc
3402 1735 3487 1775 re-

185 1814 372 1871 isdem
410 1812 579 1869 frater
619 1812 826 1884 Subpo,
846 1812 1222 1868 Romanorum
1266 1812 1441 1883 patria
1470 1822 1713 1879 exortus,
1738 1822 1791 1869 et
1824 1818 1865 1872 Β
1891 1810 2029 1880 ferre
2064 1826 2235 1880 opera:
2268 1812 2496 1879 pretium
2528 1812 2697 1865 risum
2722 1828 2823 1865 non
2846 1821 2945 1879 est,
2982 1813 3073 1866 sed
3104 1822 3155 1867 et
3191 1813 3484 1883 complures

181 1906 305 1978 jam
337 1907 468 1962 dicti
502 1906 749 1977 magistri
798 1905 1138 1961 institutione
1189 1906 1244 1959 in
1300 1907 1448 1961 omni
1499 1908 1789 1962 sanctitate

186 2002 483 2057 educatus.
525 1999 627 2067 Qui
658 2001 1008 2071 postmodum
1025 1999 1352 2071 quibusdam
1382 2001 1789 2055 contrarietati-

190 2092 303 2147 bus
351 2093 577 2157 exortis,
601 2092 791 2147 relicto
827 2092 948 2162 ipso
994 2092 1134 2157 loco,
1167 2089 1641 2146 Fructuarieiisem
1677 2090 1788 2162 (l5)

186 2184 476 2240 abbatiam
507 2185 754 2255 pluribus
777 2185 936 2239 annis
960 2185 1121 2241 rexit.
1169 2183 1465 2241 Rotbertus
1494 2187 1659 2241 etiam
1696 2202 1792 2242 rex

189 2275 477 2331 abbatiam
493 2273 679 2330 Sancti
704 2277 965 2331 Germani
995 2278 1139 2347 apud
1162 2275 1409 2332 Parisios
1432 2286 1684 2348 precatus
1709 2287 1795 2334 est

191 2368 523 2438 praedictum
544 2366 760 2423 Patrem
792 2377 852 2422 ut
881 2372 1202 2439 susciperet,
1231 2378 1285 2423 et
1308 2371 1608 2425 secundum
1638 2387 1795 2441 regu—

193 2459 375 2514 larem
399 2459 794 2514 institutionem
831 2461 1125 2516 ordinaret.
1155 2462 1311 2528 Quod
1351 2472 1407 2517 et
1460 2462 1607 2518 fecit.
1651 2462 1794 2518 Nec-

193 2569 318 2609 non
355 2564 409 2607 et
445 2550 600 2607 Oddo
634 2569 821 2609 comes
876 2555 996 2625 pari
1047 2556 1337 2611 devotione
1382 2557 1566 2612 locum
1618 2558 1793 2613 sancti

193 2644 439 2701 Faronis
461 2645 515 2699 in
540 2647 677 2701 urbe
710 2647 1011 2702 Meldorum
1041 2647 1217 2703 eidem
1252 2649 1533 2704 commisit
1566 2666 1794 2706 venera-

195 2740 301 2795 bili
332 2738 502 2793 Patri.
532 2738 638 2793 Sed
666 2748 721 2794 et
759 2739 1096 2795 honorabilis
1131 2743 1331 2811 prmsul
1374 2742 1654 2799 Mettensis
1696 2742 1797 2799 Ee-

194 2831 391 2887 clesiae
444 2829 814 2885 Theodericus
867 2830 1220 2886 Gorzienseni
1275 2831 1547 2887 abbatiam
1604 2834 1797 2889 eodem

200 2923 327 2978 zelo
349 2919 441 2977 Dei
465 2923 867 2978 commendavit
890 2923 987 2989 illi,
1004 2922 1259 2979 defuncto
1283 2925 1428 2980 illius
1448 2926 1551 2980 loci
1573 2928 1795 2994 abbate;

197 3018 306 3089 qui
336 3016 467 3072 dum
503 3017 788 3088 praefatum
814 3024 1022 3086 regeret
1051 3016 1256 3083 locum,
1289 3034 1355 3073 ex
1395 3020 1542 3073 clero
1572 3018 1797 3075 Metensi

200 3110 502 3181 quemdam
563 3110 843 3175 clericum,
883 3107 1212 3181 Sigifi'edum
1269 3120 1562 3179 vocatum,
1606 3112 1800 3167 litteris

202 3201 351 3257 bene
411 3202 664 3265 doctum,
718 3202 785 3255 ad
834 3202 1199 3256 monasticum
1256 3204 1479 3257 attraxit
1529 3204 1798 3259 ordinem.

202 3296 318 3366 Qui
342 3306 467 3369 post
494 3296 614 3367 ejus
637 3294 921 3353 decessum
953 3297 1199 3352 eamdem
1244 3297 1387 3352 rexit
1423 3298 1803 3369 congregatio-

202 3406 342 3447 nem
351 3432 365 3445 .

282 3482 376 3536 21.
413 3479 658 3536 Domnus
710 3496 840 3536 vero
882 3479 1148 3535 Arnolqu
1186 3480 1346 3536 istius
1384 3481 1489 3535 loci
1538 3481 1710 3552 prior,
1746 3489 1809 3537 ut

206 3574 328 3631 ’Μελ
350 3573 608 3638 diximus,
642 3588 767 3627 eum
796 3572 967 3642 patris
994 3571 1251 3626 Willeliiii
1284 3580 1337 3626 et
1366 3572 1576 3641 praefati
1600 3588 1809 3643 praesu—

206 3666 288 3740 lis
308 3665 695 3720 admoneretur
721 3664 974 3734 precibus
1027 3670 1086 3717 ut
1119 3663 1233 3733 jam
1277 3664 1409 3719 dicti
1468 3665 1574 3719 loci
1628 3665 1809 3720 susci-

207 3768 374 3834 peret
402 3776 612 3826 curam,
641 3768 803 3830 atque
825 3760 1038 3814 abbatis
1061 3758 1319 3826 cilicium,
1344 3761 1461 3830 ipse
1487 3761 1812 3817 humilitatis

210 3864 436 3910 amator
459 3854 610 3907 nullo
644 3854 806 3908 modo
850 3853 1105 3919 assensit,
1151 3855 1435 3925 magisque
1482 3855 1645 3926 elegit
1690 3856 1815 3911 sub-

211 3962 345 4002 esse
367 3961 532 4017 quam
560 3962 816 4017 praeesse,
842 3946 1190 4004 solummodo
1216 3947 1500 4016 cujusdam
1525 3948 1676 4016 parvi
1708 3948 1814 4004 loci

215 4052 255 4092 a
288 4045 586 4106 przctaxato
626 4045 780 4107 patre
812 4036 1084 4091 Willelmo
1111 4037 1212 4092 sibi
1240 4038 1497 4109 expetivit
1527 4055 1719 4095 curam
1761 4048 1817 4095 et

217 4129 548 4184 dominium.
580 4127 676 4184 Est
730 4138 913 4183 autem
966 4128 1120 4185 locus
1174 4130 1263 4185 ille
1316 4131 1457 4187 situs
1490 4132 1546 4186 in
1576 4131 1817 4188 confinio

220 4220 503 4276 Tullensis
536 4231 589 4276 et
616 4220 977 4291 Lingonensis
1024 4223 1431 4291 parocliiaruin,
1460 4224 1515 4278 in
1559 4225 1681 4280 loco
1721 4225 1818 4295 qui

220 4322 456 4369 vocatur
517 4312 834 4368 Drittiniaca
894 4312 1065 4368 curtis
1128 4315 1285 4384 (M).
1348 4314 1635 4383 Quomodo
1688 4332 1819 4372 vero

221 4413 422 4464 saneto
486 4405 731 4475 Benigno
785 4404 944 4460 istius
998 4405 1103 4459 loci
1152 4417 1384 4476 patrono
1428 4407 1595 4466 fuerit
1635 4409 1817 4476 datus,

226 4515 381 4555 nunc
427 4496 749 4553 referemus.
793 4497 963 4553 Jacob
995 4496 1269 4555 Tullensis
1326 4500 1479 4556 urbis
1528 4502 1819 4574 episcopus
1850 4521 1896 4576 ι)

226 4593 363 4649 dum
408 4591 607 4646 rediret
646 4589 819 4646 Roma
846 4633 861 4658 ,
905 4591 1165 4646 incitatus
1218 4589 1363 4646 fama
1421 4592 1813 4651 miraculorum

228 4697 356 4754 qua:
378 4681 431 4734 in
457 4679 561 4735 hoc
582 4679 703 4735 loco
735 4677 827 4735 Dei
860 4681 1190 4750 operabatur
1215 4682 1503 4737 clementia
1534 4699 1627 4753 per
1656 4685 1816 4740 istius

231 4772 412 4830 sancti
443 4773 657 4839 merita,
684 4772 751 4827 ad
801 4772 976 4842 ipsius
1036 4772 1293 4844 martyris
1337 4771 1543 4829 Christi
1600 4776 1818 4832 advenit

228 4865 527 4930 tumulum,
553 4864 777 4934 cupiens
808 4879 838 4918 a
866 4862 979 4919 Deo
999 4865 1215 4921 veniam
1240 4866 1468 4936 adipisci
1490 4868 1813 4924 delictorum

230 4974 331 5030 per
361 4957 528 5027 hujus
552 4957 773 5033 gloriosi
816 4958 1074 5029 martyris
1119 4958 1506 5016 interventum.
1566 4960 1818 5031 Dumque

230 5069 333 5124 per
354 5053 563 5123 aliquot
586 5052 703 5107 dies
726 5054 1054 5108 remorando
1080 5054 1148 5109 ad
1185 5056 1430 5110 tumbam
1486 5057 1606 5127 ejus
1654 5059 1824 5114 caelo-

233 5160 361 5202 rum
405 5151 717 5215 penetraret
758 5144 971 5213 intima,
997 5156 1225 5201 vocatus
1263 5163 1295 5202 a
1341 5147 1574 5207 Domino
1622 5158 1705 5206 est
1758 5152 1827 5207 ad

312 5338 435 5415 (13)Δ
464 5337 688 5415 Aliquot
725 5356 858 5397 vasa
903 5357 1058 5415 sacra
1108 5358 1139 5398 a
1195 5342 1452 5415 Suppone
1492 5347 1828 5407 Michaelinze

312 5361 425 5408 μθ)
464 5361 688 5411 mrquor
725 5361 858 5397 vasa
903 5361 1058 5398 sacra
1108 5361 1139 5398 ει
1196 5361 1308 5415 Sttp
1348 5361 1452 5400 one
1492 5361 1826 5407 MiCliaeltnte

238 5410 488 5491 ecclesiae
511 5413 636 5491 data
661 5425 925 5491 memorat
946 5414 1183 5491 Arttirtis
1214 5417 1266 5469 in
1301 5361 1555 5491 geiistria
1594 5421 1703 5489 pia,
1731 5424 1826 5491 qui

241 5481 494 5564 eumdem
526 5481 1225 5564 Fructpa_rium_r_ecessisse
1263 5504 1407 5543 anno
1453 5481 1620 5558 1048',
1646 5481 1827 5564 ibique

240 5552 448 5607 obiisse
473 5568 620 5607 anno
644 5553 773 5608 1061
804 5556 1012 5611 scribit.

316 5622 431 5694 (14)
472 5621 608 5704 ﬂuit:
631 5624 753 5704 loco
781 5626 891 5681 duo
916 5628 1107 5704 altaria
1148 5628 1297 5683 dedit
1336 5628 1663 5689 Bertholdus
1709 5634 1828 5704 epi-

245 5692 449 5821 scoﬁtis
474 5692 747 5778 Tullensis
776 5712 922 5780 anno
958 5698 1115 5763 1005,
1157 5707 1222 5781 ut
1245 5704 1540 5783 ntqnastica
1577 5692 1831 5775 religione

247 5778 281 5819 a
384 5763 585 5822 illelmo
628 5775 1001 5840 insigniretur.
1031 5766 1354 5829 Donationis
1384 5774 1631 5832 chartam
1667 5776 1835 5835 habet

988 5810 1001 5822 .
1031 5789 1354 5829 uonauonts
1384 5789 1414 5830 ο

1890 1911 2119 1956 recenset
2148 1900 2332 1967 cellas,
2354 1919 2466 1969 seu,
2497 1912 2557 1956 ut
2592 1903 2744 1974 vulgo
2788 1904 3146 1975 appellantur,
3187 1907 3480 1975 prioratus,

1890 2008 2007 2063 qut:
2034 2004 2215 2047 eodem
2253 2001 2480 2063 tempore
2514 1994 2578 2047 de
2601 2011 2731 2049 novo
2763 2005 3047 2050 exstructa!
3082 2006 3175 2050 aut
3205 2005 3341 2050 certe
3372 2013 3486 2050 mo-

1892 2084 2129 2137 nasterio
2152 2081 2337 2137 Sanc:i
2365 2082 2587 2154 Benigni
2612 2086 2884 2139 attributes
2918 2086 3153 2156 fuerunt.
3185 2086 3338 2141 Tales
3366 2096 3490 2140 sunt

1894 2173 2315 2229 Wulnonisvilla
2350 2175 2402 2228 in
2431 2189 2570 2246 pago
2597 2173 2933 2243 Tricassino,
2963 2176 3018 2229 in
3041 2192 3181 2247 pago
3203 2175 3491 2231 Pertuensi

1892 2265 2262 2332 Albiiiiacum,
2287 2265 2437 2335 cujus
2464 2266 2743 2320 ecclesiam
2776 2266 3037 2337 Amulius
3069 2284 3193 2321 mea:
3233 2267 3489 2322 laudatus

1893 2357 2162 2412 librorum
2198 2367 2525 2413 ornamento
2550 2358 2849 2426 decoravit,
2864 2361 3141 2430 impensas
3173 2361 3486 2427 tribuendo,

1893 2456 1951 2502 et
1986 2448 2224 2503 domnus
2252 2447 2539 2505 Girbei'tus
2567 2449 2878 2505 scribendo.
2909 2450 2966 2504 Is
3004 2468 3162 2522 porro
3208 2452 3493 2509 Girberttis

1897 2540 2092 2594 ibidem
2116 2540 2317 2594 dicitur
2330 2556 2396 2596 ex
2420 2541 2614 2612 primis
2643 2558 2786 2613 quos
2814 2545 3041 2601 nutrivit
3062 2545 3299 2601 domnus
3322 2546 3493 2601 abbas

1898 2629 2231 2699 Willelmus,
2255 2642 2309 2688 et
2332 2634 2403 2689 ab
2425 2633 2603 2690 cilicio
2626 2634 2874 2706 Scriptor
2896 2646 2981 2692 est
3001 2640 3324 2708 appellatus.
3339 2640 3493 2694 Anno

1898 2723 2241 2779 autem1005
2284 2735 2587 2781 restaurata
2625 2737 2705 2781 est
2754 2738 2804 2782 et
2845 2729 2994 2783 noris
3038 2731 3258 2800 prtcdiis
3306 2731 3495 2785 dotata

1898 2819 2035 2874 cella
2063 2818 2246 2875 Sancti
2273 2821 2535 2891 Stephani
2563 2838 2730 2893 prope
2754 2823 3077 2894 Belnam,ac
3093 2825 3350 2881 Willelmi
3374 2843 3496 2897 pr:-

1898 2910 2151 2966 videntite
2188 2914 2491 2967 commissa.
2531 2913 2879 2983 Ann01023,
2921 2917 3091 2971 eidem
3144 2918 3343 2972 donata
3389 2919 3495 2989 fuit

1901 3003 2034 3058 cella
2062 3003 2239 3060 Beata:
2261 3005 2445 3061 Maria:
2472 3006 2540 3062 de
2571 3006 2867 3075 Salmacia,
2895 3018 2956 3064 ut
2985 3010 3242 3065 monachi
3268 3010 3343 3065 ibi
3370 3011 3497 3065 init-

1905 3104 2149 3151 terentur
2169 3105 2270 3150 etc.
2308 3096 2381 3151 De
2407 3097 2473 3151 iis
2506 3099 2659 3153 rebus
2681 3100 2975 3171 complures
3012 3102 3213 3157 chartae
3237 3101 3498 3157 habentur

1906 3190 2049 3260 apud
2077 3188 2419 3256 Perardum;
2450 3191 2539 3245 ubi
2568 3194 2728 3246 etiam
2742 3192 3034 3248 Lethaldus
3067 3195 3215 3249 miles
3238 3196 3333 3249 dat
3359 3210 3500 3249 anno

1905 3280 2046 3335 1006
2080 3282 2357 3336 ecclesiam
2399 3280 2585 3337 Sancti
2620 3284 2774 3339 Petri
2800 3286 2857 3339 in
2898 3285 3013 3341 loco
3048 3286 3311 3354 Puteolis,
3341 3296 3398 3341 ut
3425 3287 3501 3341 ibi

1906 3372 2152 3426 monac/ii
2200 3374 2582 3442 instituantur,
2618 3383 2669 3429 et
2710 3374 2907 3430 Haimo
2964 3379 3187 3433 consilio
3226 3378 3501 3435 Lamberti

1906 3462 2137 3532 episcopi
2157 3461 2345 3517 Sancti
2374 3463 2626 3518 Flaviani
2656 3465 2853 3533 locum,
2882 3484 3022 3521 anno
3054 3469 3193 3523 1030
3228 3469 3501 3525 Willelmo

1908 3550 2154 3620 subjecit,
2178 3561 2238 3605 ut
2267 3553 2341 3606 ibi
2365 3555 2718 3608 monasticam
2759 3557 3000 3611 ordinem
3050 3569 3341 3629 repararet.
3392 3558 3502 3614 lin-

1910 3641 2100 3696 bertus
2132 3651 2255 3696 tunc
2280 3642 2579 3715 Lingbnum
2597 3646 3029 3714 archidiaconus,
3056 3651 3147 3721 qui
3181 3660 3361 3720 postea
3390 3649 3504 3704 Pa—

1913 3732 2167 3785 risiorum
2202 3733 2477 3803 episcopus
2505 3735 2678 3804 factus
2709 3736 2837 3806 fuit,
2869 3737 3066 3793 obtulit
3089 3756 3185 3810 per
3209 3740 3416 3795 donum
3450 3749 3508 3796 et

1913 3820 2129 3875 laudem
2154 3820 2432 3877 Laniberti
2455 3825 2715 3896 episcopi,
2744 3838 2937 3883 sancto
2960 3827 3204 3901 Benigno
3227 3830 3505 3886 abbatiam

1918 3910 2104 3968 Sancti
2135 3911 2414 3971 Amatoris
2458 3930 2626 3986 pr0pe
2677 3915 2974 3989 Lingonas,
3007 3929 3068 3975 ut
3116 3921 3192 3975 ibi
3252 3922 3508 3978 monachi

1917 4002 2263 4071 sisterentur,
2288 4005 2382 4076 qui
2422 4004 2535 4061 Deo
2560 4006 2780 4079 hymnis
2809 4018 2863 4064 et
2891 4011 3144 4066 laudibus
3182 4011 3272 4067 die
3312 4021 3509 4067 noctu-

1917 4111 2024 4165 que
2050 4096 2409 4153 deservireiit.
2445 4097 2646 4153 Eodem
2688 4098 2971 4155 Lamberto
3019 4103 3276 4159 laudante
3333 4103 3510 4175 Aymo

1918 4204 2105 4246 comes
2128 4190 2278 4246 dedit
2299 4190 2572 4247 Willelmo
2597 4193 2876 4249 abbatiam
2913 4194 2969 4250 in
3006 4196 3273 4251 honorem
3306 4205 3513 4253 sancta:

1920 4279 2019 4337 Dei
2046 4282 2327 4352 genitricis
2378 4283 2563 4340 Maria:
2605 4294 2898 4353 sacratam,
2931 4295 2985 4343 et
3030 4296 3157 4342 ante
3208 4304 3370 4343 suum
3414 4305 3510 4343 ca-

1921 4382 2117 4439 strum,
2133 4375 2279 4444 quod
2296 4373 2530 4433 Saxonis
2542 4376 2688 4433 Fons
2708 4378 2929 4446 dicitur,
2957 4381 3214 4448 positam,
3240 4390 3514 4451 quatenus

1922 4467 2059 4521 ordo
2090 4469 2449 4536 monasticus,
2473 4472 2567 4539 qui
2591 4472 2662 4526 ibi
2693 4473 2970 4543 quondam
3000 4473 3180 4529 fuerat
3202 4476 3511 4541 institutus,

1922 4556 2096 4626 ipsius
2131 4570 2479 4627 repararetur
2515 4561 2715 4616 studio.
2756 4560 2989 4617 Ceteras
3028 4564 3336 4618 donationes
3358 4567 3517 4619 omit-

1923 4649 2109 4703 timus.
2143 4648 2246 4703 Sed
2281 4654 2683 4731 praetermittere
2705 4670 2807 4707 non
2842 4654 2967 4709 licet
3020 4658 3217 4727 egregii
3245 4659 3514 4727 pontiﬁcis

1922 4741 2192 4798 Brunonis
2247 4744 2567 4813 encomium,
2614 4746 2766 4815 quod
2811 4746 2894 4800 Itis
2947 4746 3117 4801 verbis
3179 4752 3519 4821 prosequitur

1924 4835 2351 4907 chronographus
2365 4853 2385 4892 :

1996 4966 2086 5023 25.
2114 4966 2252 5034 Quia
2276 4968 2501 5040 longum
2534 4979 2617 5027 est
2654 4987 2912 5029 enarrare
2964 4984 3160 5031 cuncta
3212 4994 3334 5048 quae
3390 4979 3521 5035 huic

1931 5062 2267 5117 monasterio
2299 5064 2496 5118 collata
2533 5073 2661 5120 sunt
2693 5066 2826 5138 (-15),
2866 5076 3109 5139 tempore
3162 5070 3348 5125 domni
3375 5070 3519 5127 Bru-

1932 5154 2093 5211 nouis
2127 5155 2391 5226 episcopi,
2428 5165 2482 5213 et
2502 5158 2703 5229 quibus
2730 5174 2826 5228 per
2851 5159 3029 5230 ipsum
3052 5161 3135 5215 vel
3172 5170 3395 5233 propter
3433 5163 3519 5234 ip-

1932 5351 2226 5427 Perardus.
2265 5354 2521 5427 Ejusdem
2548 5356 2653 5412 loci
2677 5355 2962 5412 ecclesiam
2987 5358 3257 5414 dedicavit
3277 5368 3332 5416 et
3363 5361 3522 5417 dota-

1931 5424 2244 5498 vitBruno,
2269 5424 2456 5498 postea
2484 5427 2594 5482 Leo
2620 5427 2685 5480 lx
2723 5444 2859 5498 papa
2894 5428 3091 5484 factus.

2005 5496 2143 5573 (l5)__
2161 5495 2469 5569 Pfivilegia,
2494 5507 2599 5573 etc,
2623 5495 2938 5573 monasterii
2964 5499 3285 5573 Betiigniaiii
3319 5518 3350 5558 a
3386 5518 3524 5573 pon-

1933 5564 2077 5645 tifice
2097 5564 2703 5645 Bomano'conlirinari
2732 5571 2957 5645 curavit
2990 5564 3199 5645 ‘Brii'no,
3218 5574 3311 5645 ad,
3356 5564 3519 5645 quem

1933 5636 2525 5712 Benedictuspapttea
2553 5641 2620 5712 de
2648 5656 2706 5696 re
2731 5641 2891 5696 binas
2917 5636 3526 5712 epistolasdeditfquas

1933 5716 1989 5763 et
2010 5709 2237 5782 totidem
2258 5708 2381 5782 ipsi
2396 5709 2677 5782 Willelmo
2692 5712 2929 5782 scriptas
2950 5708 3184 5769 exhibet
3224 5708 3520 5780 Perardiis,

1934 5793 2061 5834 cum
2094 5778 2220 5837 aliis
2241 5778 2600 5841 donationum
2635 5778 2863 5840 chartis.
2904 5781 3177 5842 Rohertus
3206 5800 3299 5840 rex
3337 5778 3524 5857 postea
