4058 5406
568 195 671 253 867

1452 193 1509 250 S.
1552 191 1927 251 GUILLELMI
1960 187 2256 247 ABBATIS
2294 187 2357 246 S.
2396 184 2669 243 BENIGNI
2709 184 2961 242 DlVlON.

3731 184 3827 241 868

567 329 690 369 sum
722 313 791 367 ab
814 311 935 367 aliis
961 317 1372 382 augmentatum
1410 318 1494 365 est
1518 309 1699 375 bonis,
1729 307 1799 362 ad
1826 306 1999 377 ipsius
2029 305 2155 361 vitae
2182 308 2229 365 Α
2254 312 2510 376 gravatus
2535 309 2753 372 optaret
2768 300 2992 357 dissolvi
3013 308 3069 356 et
3092 315 3218 357 cum
3241 297 3463 355 Christo
3478 311 3614 366 esse,
3639 299 3825 355 bonam

568 403 753 469 ﬁnem,
779 402 1178 459 habitatoribus
1200 400 1369 471 hujus
1394 400 1592 455 domus
1616 398 1711 453 Dei
1737 398 1889 453 omni
1912 407 2159 467 tempore

567 494 862 550 dolendum
892 501 948 547 et
975 492 1303 558 dedendum,
1331 491 1640 546 veniamus.
1673 487 1780 543 Sed
1807 496 1934 543 ante
1964 488 2157 558 paucis

567 587 877 643 describere
902 584 1217 641 curabimus
1246 583 1341 654 qui
1393 581 1559 637 fuerit
1602 581 1799 636 modus
1843 579 1967 635 vita:
2015 579 2153 649 ejus.

566 680 695 736 Fuit
731 681 915 750 itaque
949 677 1007 731 in
1037 673 1394 746 eleemosynis
1421 674 1626 743 largus,
1652 673 1706 726 in
1752 669 1954 741 vigiliis
1990 669 2156 724 sedu—

569 773 679 845 ius,
705 772 760 826 in
808 769 1055 827 oratione
1089 768 1336 832 devotus,
1368 766 1425 820 in
1469 764 1735 819 charitate
1779 760 2073 833 perfectus,
2100 760 2156 815 in

569 862 908 918 humanitate
937 858 1194 930 profusus
1242 858 1299 912 in
1351 871 1604 912 sermone
1645 864 1890 925 paratus,
1919 854 1975 908 in
2024 868 2156 908 con-

568 955 882 1011 versatione
910 952 1294 1008 sanctissimus
1320 967 1333 1003 :
1362 957 1481 1003 erat
1532 945 1958 1002 irreverentibus
1993 942 2154 998 terri-

569 1046 697 1102 bilis
725 1053 968 1115 aspcctu,
1000 1041 1325 1097 metuendus
1362 1039 1671 1107 severitate,
1695 1036 2028 1093 reverendus
2071 1036 2156 1089 in-

569 1150 749 1201 cessu,
782 1131 1127 1188 venerandus
1152 1129 1505 1200 benignitate.
1541 1127 1845 1183 Censuram
1866 1125 2158 1181 auctorita-

570 1223 642 1278 tis
668 1224 1004 1293 temperabat
1032 1220 1394 1289 mansuetudo
1414 1218 1771 1284 humilitatis;
1807 1232 1914 1272 non
1966 1231 2155 1286 perso-

570 1330 655 1371 nae
679 1315 997 1385 potentiam,
1021 1313 1117 1369 sed
1149 1328 1364 1383 morum
1387 1311 1709 1383 elegantiam
1746 1310 2058 1366 attendebat
2097 1310 2154 1364 in

569 1403 826 1477 singulis;
852 1413 907 1460 et
934 1413 1085 1459 tanto
1112 1404 1442 1459 eminentius
1484 1417 1930 1473 unumquemque
1973 1403 2153 1457 hono-

566 1497 724 1553 rabat
752 1506 958 1572 quanto
981 1497 1227 1553 sanctius
1258 1497 1442 1551 vivere
1487 1496 1785 1552 didicisset.
1812 1496 2152 1551 Clericorum

565 1604 632 1644 ac
675 1590 1095 1654 monachorum,
1130 1587 1631 1643 sanctimonialium
1674 1602 1911 1658 quoque,
1938 1601 2149 1642 necnon

564 1680 855 1735 viduarum
881 1697 945 1735 ac
970 1681 1299 1751 pupillorum
1328 1687 1482 1750 pater
1515 1688 1651 1747 erat,
1676 1689 1841 1749 atque
1876 1679 2020 1733 inter
2062 1677 2153 1733 di-
2185 1658 2229 1713 Β

565 1772 706 1827 vites
737 1780 791 1827 et
812 1787 1081 1843 pauperes
1107 1773 1180 1826 ita
1204 1771 1436 1837 medius,
1461 1780 1519 1825 ut
1542 1787 1808 1844 pauperes
1821 1771 1973 1825 illum
1998 1770 2163 1841 quasi

566 1874 777 1935 patrem
808 1866 1135 1937 aspicerent,
1175 1864 1371 1919 divites
1419 1879 1549 1919 vero
1607 1864 1766 1934 quasi
1819 1863 2157 1934 superiorem

566 1958 671 2013 sibi
696 1958 917 2013 divitem
939 1958 1211 2012 timerent.
1236 1955 1489 2023 Quaudiu
1512 1956 1667 2023 vixit,
1693 1956 1766 2009 ita
1786 1950 2157 2025 Burgundia‘m

566 2048 961 2119 patrocinando
984 2048 1221 2118 protexit
1255 2054 1419 2116 atque
1454 2045 1716 2112 defendit,
1740 2061 1853 2100 non
1887 2046 2077 2117 clypeo
2103 2052 2158 2100 et

565 2139 778 2207 lancea,
804 2140 900 2195 sed
920 2140 1137 2196 consilii
1153 2139 1461 2209 prudentia,
1494 2154 1604 2208 quo
1639 2139 1743 2193 sibi
1767 2138 2041 2209 principes
2069 2153 2160 2208 pa-

564 2232 684 2288 tria:
713 2248 905 2288 omnes
930 2233 1269 2298 devinxerat,
1305 2240 1367 2287 ut
1389 2247 1514 2291 cum
1540 2246 1635 2286 rex
1664 2230 2002 2286 Francorum
2033 2228 2160 2284 Rot-

552 2325 761 2382 ‘hertus
789 2342 915 2381 cum
936 2326 1181 2382 exercitu
1216 2326 1458 2380 maximo
1472 2326 1614 2380 hanc
1640 2325 1875 2396 patriam
1908 2339 2051 2393 saepe
2076 2323 2159 2385 in-

568 2427 723 2474 trans
749 2418 1014 2475 incendiis
1049 2426 1103 2472 et
1150 2417 1359 2487 rapinis
1393 2415 1628 2486 plurima
1676 2416 1795 2471 loca
1840 2413 2153 2480 vastavcrit,

567 2510 704 2565 nihil
732 2510 788 2565 in
821 2525 884 2564 ea
911 2510 1144 2565 retinere
1167 2508 1364 2578 potuit,
1389 2507 1633 2577 quandiu
1656 2505 1844 2561 Bruno
1864 2507 2155 2576 episcopus

566 2602 739 2669 vixit;
764 2610 838 2670 et,
877 2602 1008 2672 quia
1044 2601 1096 2656 ei
1144 2614 1344 2654 nocere
1386 2615 1496 2652 non
1549 2607 1780 2669 poterat,
1807 2598 1971 2667 hujus
2024 2597 2154 2651 mali

569 2694 842 2750 violentia:
868 2710 1037 2750 causa
1058 2694 1262 2749 domno
1298 2691 1482 2746 abbati
1519 2690 1812 2745 Vuillelmo
1830 2690 1958 2743 tulit
1986 2689 2156 2743 abha-

568 2787 701 2841 tiam
735 2786 921 2842 Sancti
942 2785 1171 2841 Joannis
1192 2784 1511 2839 monasterii
1541 2781 1885 2847 Reomensis,
1906 2797 1974 2837 eo
2008 2782 2161 2852 quod

567 2878 815 2948 partibus
834 2876 1069 2943 favebat,
1092 2884 1154 2930 ut
1175 2875 1389 2946 justum
1411 2882 1549 2941 erat,
1573 2874 1657 2928 sui
1675 2873 1969 2944 pontificis.
1998 2872 2156 2927 Deni-

2260 394 2789 451 consummationem
2831 393 3083 448 laborum
3130 407 3358 448 suorum
3403 390 3693 461 adimplere
3735 409 3826 447 cu-

2259 486 2435 558 piens,
2474 502 2571 555 per
2602 486 2786 539 omnia
2810 485 3143 539 monasteria
3176 499 3300 555 quae
3328 483 3431 539 sub
3459 484 3576 554 ejus
3621 482 3827 541 fuerant

2258 578 2594 649 magisterio,
2634 576 2899 646 incipiens
2926 578 2994 631 ab
3018 575 3194 643 Italia,
3233 575 3545 631 circuiendo
3568 583 3621 630 et
3648 573 3830 631 fratres

2258 669 2616 734 exhortando,
2650 677 2710 724 ut
2744 684 2808 723 ea
2857 685 2980 739 qua:
3031 670 3100 724 ab
3163 669 3281 739 ipso
3325 668 3625 723 didicerant
3664 680 3829 725 mente

2258 763 2555 818 retinerent
2576 769 2632 816 et
2652 776 2814 832 opere
2854 760 3154 831 adimplere
3182 768 3512 831 satagerent.
3533 758 3591 813 Si
3619 760 3822 830 quidem

2257 856 2377 925 ejus
2405 854 2654 910 doctrina
2701 853 2922 919 fuitut,
2973 853 3131 923 juxta
3160 853 3307 924 quod
3367 851 3612 922 praecipit
3670 854 3828 908 sancti

2256 947 2534 1003 Benedicti
2560 946 2767 1018 regula,
2795 945 2851 1000 in
2873 944 3063 1027 verbo,
3090 945 3146 999 in
3173 944 3323 999 omni
3349 943 3586 1010 actione,
3607 943 3661 997 in
3682 945 3830 997 vesti-

2256 1049 2346 1097 tus
2401 1041 2684 1111 qualitate,
2730 1039 3097 1094 humilitatem
3148 1036 3462 1092 videntibus
3527 1050 3588 1089 se
3633 1049 3828 1106 semper

2255 1134 2624 1201 ostenderent,
2657 1140 2810 1199 etut,
2833 1132 3045 1186 honore
3079 1145 3139 1185 se
3160 1129 3391 1184 invicem
3429 1129 3827 1199 przevcnientes,

2255 1226 2600 1281 dilectionem
2637 1225 2752 1281 sine
2781 1223 3133 1279 simulatione
3157 1221 3496 1277 exhiberem.
3519 1218 3618 1275 His
3645 1228 3697 1274 et
3718 1220 3828 1275 aliis

2253 1318 2517 1374 virtutum
2553 1317 2811 1388 operibus
2840 1314 3287 1383 intentos,etiam
3336 1313 3592 1368 distincte
3638 1312 3827 1383 legendi

2255 1421 2417 1482 atque
2469 1410 2737 1482 psallendi
2779 1409 3096 1480 magisterio
3149 1405 3404 1462 erudivit.
3433 1403 3561 1459 Haec
3598 1404 3827 1459 docendo

2254 1503 2465 1560 caeteris
2501 1501 2850 1558 monasteriis
2880 1499 3203 1571 peragratis,
3238 1498 3485 1568 pervenit
3541 1496 3609 1551 ad
3661 1511 3829 1551 ccc-no-

2252 1595 2426 1661 bium,
2451 1592 2672 1647 nomine
2701 1591 3070 1656 Fiscannum;
3095 1590 3186 1644 ubi
3226 1589 3350 1659 plus
3404 1586 3569 1642 solito
3612 1586 3828 1640 inﬁrmi-

2259 1693 2367 1740 tate
2400 1692 2789 1756 praegravatus,
2823 1681 3066 1738 sentiens
3106 1680 3208 1735 sibi
3255 1678 3545 1734 imminere
3594 1677 3829 1731 ultimum

2257 1776 2562 1834 vocationis
2585 1792 2698 1832 suae
2743 1776 2909 1841 diem,
2942 1774 3259 1830 convocatis
3282 1771 3547 1826 fratribus
3584 1786 3680 1840 per
3721 1776 3833 1823 octo

2258 1870 2375 1925 dies
2403 1870 2700 1925 exhortans
2725 1884 2842 1935 eos,
2871 1874 3035 1936 atque
3088 1865 3434 1920 absolutione
3486 1871 3544 1918 et
3599 1861 3835 1917 oratione

2259 1962 2371 2019 Deo
2392 1962 2804 2026 commendans,
2829 1967 3025 2015 octavo
3083 1958 3170 2013 die
3202 1956 3411 2012 Natalis
3432 1954 3675 2022 Domini,
3697 1968 3834 2009 sum-

2258 2063 2351 2125 pto
2372 2053 2576 2109 Christi
2596 2051 2843 2121 corporis
2865 2056 2918 2105 et
2944 2049 3227 2119 sanguinis
3270 2055 3642 2112 sacramento,
3663 2043 3832 2099 reddi-

2258 2148 2336 2202 dit
2363 2147 2473 2201 Dco
2531 2145 2806 2216 spiritum.
2832 2142 3007 2212 Cujus
3051 2157 3275 2211 corpus,
3311 2157 3340 2196 a
3366 2140 3601 2195 medicis
3624 2137 3715 2209 qui
3768 2136 3833 2190 ibi

2259 2241 2487 2297 aderant
2526 2238 2806 2294 conditum
2829 2236 3187 2301 aromatibus,
3213 2232 3528 2289 honorifica)
3592 2230 3831 2286 traditum

2257 2342 2343 2388 est
2380 2333 2674 2402 sepultura:
2720 2329 2775 2383 in
2804 2328 2922 2397 ipso
2946 2327 3284 2382 monasterio
3306 2334 3433 2381 ante
3463 2325 3640 2379 altare
3673 2323 3830 2379 sancti

2259 2422 2482 2478 Taurini
2544 2419 2893 2477 confessoris.
2952 2418 3082 2472 Post
3137 2416 3297 2486 cujus
3343 2415 3559 2469 obitum
3613 2412 3832 2466 domnus

2257 2514 2585 2572 Halinardus
2605 2514 2715 2586 (16)
2733 2512 3178 2582 suscepittcuram
3202 2506 3487 2578 regiminis
3514 2505 3831 2566 animarum,

2256 2624 2416 2679 quem
2449 2605 2706 2676 praefatus
2736 2603 3299 2679 Patergsuccessorem
3321 2598 3428 2653 sibi
3451 2597 3695 2667 elegerat
3718 2609 3831 2648 cum

2255 2700 2487 2756 consilio
2506 2706 2565 2753 et
2591 2690 2751 2752 laude
2776 2695 3030 2760 fratrum,
3046 2693 3412 2762 baculumque
3436 2687 3760 2760 pastoralem
3786 2685 3830 2740 ei

2257 2793 2654 2848 transmiserat.
2670 2788 2817 2844 Obiit
2837 2804 2966 2844 vero
2981 2787 3272 2858 praedictus
3288 2785 3449 2839 Pater
3468 2792 3659 2838 noster
3672 2781 3831 2835 Whil-

2255 2886 2605 2940 lelmusanno
2628 2883 2698 2937 ob
2717 2881 3095 2936 lncarnatione
3118 2878 3333 2933 Domini
3358 2877 3655 2931 millesimo
3678 2876 3831 2945 trige-

567 2984 675 3039 (ιιιθ
697 2968 933 3039 ‘1“Odam
965 2976 1212 3039 tempore
1244 2972 1582 3020 memoratus
1610 2980 1704 3019 rex
1754 2980 1879 3019 cum
1915 2962 2152 3033 Ph'l‘imo
2180 3002 2220 3056 ο
2255 2980 2395 3035 simu
2421 2992 2548 3031 uno.
2577 2975 2691 3029 Duo
2718 2974 2801 3026 hic
2834 2973 3063 3041 adjicere
3086 2972 3255 3024 risum
3276 2978 3356 3023 est
3384 2985 3502 3040 qme
3546 2969 3612 3022 ab
3656 2967 3829 3021 Divio-

566 3060 807 3116 cxercitu
830 3057 1112 3114 Divionem
1146 3066 1388 3114 castrum
1443 3057 1678 3124 advenit,
1703 3057 2146 3126 circumpositam

566 3150 847 3223 regionem
878 3152 1169 3207 devastans
1196 3166 1261 3206 ac
1284 3150 1653 3220 depopulans;
1683 3149 1842 3220 cujus
1891 3148 2029 3203 iram
2076 3147 2150 3202 ti-

468 3276 475 3282 -
568 3259 726 3299 mens
754 3242 1013 3313 praefatus
1048 3243 1217 3298 abbas
1241 3240 1584 3309 Vuillelmus,
1615 3256 1806 3297 omnes
1849 3240 2150 3298 monachos

566 3336 638 3392 ab
658 3336 765 3391 hoc
801 3336 922 3391 loco
956 3351 1052 3405 per
1071 3335 1177 3389 alia
1203 3334 1535 3391 monasteria
1556 3333 1724 3404 jussit
1752 3332 2025 3400 secedere,
2052 3332 2153 3388 ali-

567 3438 803 3500 quantos
835 3446 967 3485 vero
991 3445 1116 3486 cum
1142 3430 1297 3485 libris
1328 3437 1383 3484 et
1407 3432 1557 3484 omni
1579 3434 1776 3483 ornatu
1798 3427 2045 3483 ecclesia
2067 3427 2152 3481 in-

550 3528 653 3576 .tra
683 3531 925 3579 castrum
954 3521 1304 3589 Divionense,
1337 3537 1402 3577 ac
1448 3522 1503 3576 in
1535 3520 1767 3577 ecclesia
1797 3518 1983 3574 Sancti
2013 3517 2149 3572 Vin-

567 3615 755 3681 centii,
789 3630 954 3685 quam
981 3623 1112 3670 tunc
1153 3615 1339 3685 quieto
1372 3614 1497 3685 jure
1531 3612 1791 3668 monachi
1838 3611 1997 3667 istius
2043 3610 2152 3665 loci

566 3706 939 3775 possidebant,
970 3705 1099 3762 fecit
1122 3706 1384 3772 residere,
1438 3705 1629 3777 paucis
1665 3705 2007 3761 solummodo
2035 3701 2150 3758 fra-

566 3798 744 3853 tribus
768 3799 839 3854 ob
862 3799 1169 3853 custodiam
1206 3799 1311 3853 loci
1332 3807 1387 3853 et
1413 3798 1587 3854 saneti
1612 3796 1839 3868 Benigni
1868 3796 2151 3852 servitium

547 3905 693 3945 .cum
716 3890 919 3947 domno
939 3891 1134 3946 abbate
1162 3888 1393 3946 0dilone
1423 3890 1480 3944 in
1544 3890 1649 3945 hoc
1700 3890 1823 3945 loco
1872 3888 2147 3944 dimissis:

565 3997 727 4052 quem
752 3984 819 4039 ad
840 3984 946 4039 hoc
976 3984 1357 4050 accersiverat,
1384 3991 1444 4038 ut
1465 3983 1512 4039 si
1539 3981 1678 4037 forte
1696 3997 1788 4037 rex
1806 3980 2009 4052 aliquid
2024 3980 2151 4036 mali

546 4083 756 4129 contra
786 4075 935 4130 hunc
958 4077 1138 4131 locum
1168 4077 1475 4142 moliretur,
1502 4075 1648 4130 illius
1676 4073 1930 4145 precibus
1953 4088 2150 4129 exora-

566 4174 656 4221 tus
679 4166 991 4224 dimitteret.
1015 4167 1132 4224 Rex
1181 4185 1332 4236 vero,
1357 4178 1418 4223 ut
1463 4178 1582 4223 erat
1631 4177 1812 4223 mente
1859 4166 2148 4237 benignus,

564 4273 692 4313 cum
727 4261 982 4331 cognovit
1012 4269 1235 4333 propter
1256 4277 1313 4317 se
1335 4261 1637 4316 monachos
1659 4260 1957 4330 dispersos,
1995 4258 2151 4314 valde

2254 3088 2409 3127 nense
2440 3068 2817 3122 monasterium
2845 3064 3125 3135 speciatim
3161 3064 3409 3116 attinent.
3432 3061 3682 3114 Primum
3716 3060 3829 3112 insi-

2251 3179 2348 3234 gne
2393 3158 2666 3215 Cuillelmi
2716 3172 2841 3226 erga
2893 3170 3145 3225 pauperes
3199 3153 3482 3205 charitatis
3544 3150 3828 3221 exemplum

2250 3253 2388 3326 quod
2437 3253 2492 3305 in
2536 3251 2650 3321 ipso
2689 3246 2861 3301 sancti
2897 3245 3123 3316 Benigni
3172 3244 3493 3297 monasterio
3550 3243 3737 3308 edidit,
3770 3255 3828 3294 ex

2251 3343 2512 3403 Chronico
2551 3339 2888 3406 Virdunensi,
2933 3349 3072 3392 tomo
3098 3336 3126 3390 Ι
3148 3336 3491 3403 Bibliotheca:
3517 3333 3826 3395 Labbeamr;

2249 3441 2477 3496 alterum
2500 3438 2773 3493 Benedicti
2806 3434 2952 3489 VIII
2981 3450 3132 3505 papa:
3168 3432 3445 3504 epistolam
3480 3431 3553 3485 ad
3605 3430 3825 3485 eumdem

2252 3531 2593 3589 Guillelmum
2639 3546 2734 3601 pro
2765 3528 3085 3583 monasterio
3110 3526 3459 3597 Benigniano,
3484 3525 3539 3577 in
3563 3541 3669 3595 qua
3702 3538 3828 3576 men-

2252 3628 2326 3682 tio
2348 3626 2569 3681 habetur
2602 3623 2825 3694 Benigni
2852 3622 3102 3692 episcopi,
3125 3636 3287 3687 supra
3336 3635 3455 3690 pag.
3502 3619 3613 3673 540
3648 3633 3826 3671 memo-

2252 3721 2380 3787 rati,
2404 3734 2562 3791 quam
2613 3732 2678 3771 ex
2725 3715 2957 3786 ejusdem
2991 3713 3095 3766 loci
3126 3712 3352 3765 historia
3398 3727 3496 3765 ms.
3518 3710 3824 3779 descriptam

2250 3811 2518 3865 habemus.
2558 3807 2647 3863 Sic
2676 3808 2853 3877 itaque
2877 3805 3033 3858 habet
3060 3802 3217 3873 Hugo
3240 3803 3297 3855 in
3340 3800 3602 3856 Chronico
3627 3799 3719 3853 sub
3760 3798 3821 3867 ﬁ-

2250 3918 2369 3956 nem
2393 3900 2562 3971 partis
2598 3914 2636 3965 t,
2665 3914 2783 3968 cap.
2806 3895 2877 3950 27
2902 3913 2913 3949 :

2318 3992 2408 4046 ‘27.
2457 3989 2567 4045 Nec
2620 3989 2781 4044 debet
2841 3986 3057 4042 reticeri
3113 3984 3389 4041 \‘uillclmi
3453 3980 3821 4055 Supraregulae

2249 4081 2453 4138 factum
2490 4079 2861 4135 memorabile.
2893 4077 3029 4132 Cum
3058 4092 3088 4131 a
3112 4074 3519 4131 Fructuariensi
3564 4072 3818 4135 ctenohio,

2250 4174 2547 4245 quodjuris
2572 4170 3048 4228 eratDivionensis
3064 4169 3329 4235 ecclesiae,
3358 4166 3630 4233 rediisset,
3657 4172 3711 4219 et
3732 4161 3817 4216 Di-

2248 4266 2418 4332 vioni,
2459 4272 2521 4320 ut
2556 4264 2802 4330 decebat,
2829 4269 3134 4332 susceptus,
3160 4262 3216 4316 in
3244 4260 3484 4331 capitulo
3504 4258 3734 4330 qualiter
3767 4267 3818 4312 se

562 4350 757 4407 doluit.
787 4352 987 4409 Paucis
1035 4354 1221 4425 itaque
1271 4353 1566 4410 transactis
1611 4352 1806 4408 diebus
1859 4350 2145 4407 Franciam
2179 4366 2223 4421 ι)
2248 4356 2443 4413 fratres
2466 4358 2746 4421 haberent,
2771 4355 2818 4410 si
2840 4352 3148 4409 necessaria
3172 4368 3281 4407 non
3303 4352 3574 4417 deessent,
3594 4349 3818 4420 inquire-

562 4444 844 4514 repedavit
872 4446 1023 4502 nullo
1048 4446 1268 4519 negotio
1305 4455 1544 4517 peracto.
1569 4444 1694 4517 lpso
1722 4444 1953 4515 denique
1977 4458 2143 4512 anno,

562 4539 659 4609 qui
682 4536 871 4596 fuitab
901 4539 1286 4596 lncarnatione
1302 4539 1523 4595 Domini
1550 4539 1876 4595 millesimus
1899 4537 2146 4593 decimus

560 4636 773 4698 sextus,
806 4630 1044 4686 domnus
1065 4631 1359 4701 episcopus
1385 4629 1573 4684 Bruno
1596 4629 1732 4685 obiit
1758 4626 1998 4684 secundo
2034 4625 2145 4680 Ka-

561 4720 751 4778 lendas
780 4721 1086 4792 Februarii,
1125 4723 1360 4793 peractis
1386 4722 1441 4778 in
1476 4722 1793 4793 episcopatu
1837 4719 1999 4774 annis
2048 4718 2147 4772 tri-

562 4812 713 4884 ginta
727 4814 990 4885 quinque,
1012 4824 1118 4870 etc.

627 4903 718 4960 26.
760 4904 1032 4971 Quoniam
1072 4906 1140 4961 ad
1188 4906 1354 4961 ﬁnem
1401 4904 1526 4960 libri
1590 4903 1882 4970 tendimus,
1933 4900 2144 4957 obitum

559 4994 740 5052 Patris
752 4996 983 5052 Villelmi
994 4998 1245 5053 intimare
1260 5013 1538 5053 curamus.
1554 4995 1851 5065 Postquam
1866 5010 1961 5064 per
1970 5009 2144 5049 annos

560 5087 921 5159 quadraginta
942 5090 1102 5156 duos,
1129 5090 1301 5147 vineae
1343 5088 1641 5144 Dominica:
1682 5087 1905 5142 sedulus
1942 5088 2140 5153 cultor,

560 5190 684 5230 eam
711 5179 1006 5236 excolendo
1027 5182 1231 5253 jugiter
1251 5178 1551 5253 propagare
1589 5179 2028 5250 ampliﬁcareque
2053 5195 2143 5234 cu-

561 5268 1004 5341 ravit,'cumjam
1026 5274 1179 5329 senio
1213 5274 1731 5351 inﬁrmitatibusque
1767 5270 1956 5327 multis
2004 5285 2144 5340 pra:-

2234 4458 2365 4515 ~ret;
2398 4461 2461 4504 ut
2493 4448 2703 4503 audivit
2723 4445 2907 4501 omnia
2937 4460 3058 4500 esse
3088 4444 3268 4515 plena,
3292 4443 3613 4513 nullumque
3652 4441 3815 4497 locum

2250 4541 2582 4613 indigentiae,
2616 4538 2713 4609 qui
2739 4554 2846 4593 non
2880 4544 3066 4608 posset
3085 4537 3191 4592 levi
3222 4536 3377 4591 obice
3399 4534 3633 4600 obstrui,
3662 4534 3811 4587 inter-

2250 4641 2404 4705 rogat
2430 4632 2497 4687 de
2525 4631 2867 4702 eleemosyna
2895 4647 2908 4683 :
2938 4626 3475 4700 cognovitquequia,
3490 4624 3590 4680 etsi
3605 4635 3819 4679 consue-

2250 4723 2526 4779 tudinaria
2547 4722 2800 4790 dabatur,
2816 4735 2928 4776 non
2955 4729 3139 4774 tamen
3166 4717 3516 4789 pauperibus,
3540 4722 3702 4786 prout
3724 4726 3813 4781 p0-

2251 4824 2431 4871 terant
2443 4823 2496 4869 et
2508 4815 2798 4879 habebant,
2813 4811 3283 4883 suﬂ‘ragabantur;
3307 4809 3424 4863 zelo
3447 4820 3739 4863 succensus
3757 4816 3814 4857 co

2246 4908 2340 4978 qui
2371 4922 2565 4964 carnes
2595 4915 2912 4962 sanctorum
2973 4903 3175 4970 exedit,
3207 4890 3483 4972 increpata
3510 4913 3696 4955 eorum
3722 4896 3813 4951 du-

2244 5001 2390 5067 ritia,
2429 5016 2459 5054 a
2495 5000 2621 5055 sede
2646 4998 2895 5055 concitus
2915 5012 3041 5053 cum
3065 4996 3207 5051 bona
3232 4993 3494 5065 indignati
3516 4991 3683 5045 animi
3712 4996 3813 5057 sto-

2244 5093 2588 5148 machatione
2621 5091 2876 5156 surrexit,
2908 5098 2962 5144 et
2991 5089 3245 5159 imposita
3271 5086 3564 5156 antiphona
3589 5083 3656 5137 de
3669 5094 3812 5135 man.-

2231 5184 2369 5255 _dato
2397 5203 2408 5239 :
2452 5182 2552 5237 Ubi
2574 5193 2651 5237 est
2681 5182 2953 5237 charitas?
2983 5197 3089 5236 non
3133 5181 3276 5235 ultra
3322 5175 3690 5249 progrediens,
3723 5168 3806 5225 sed

2243 5275 2349 5331 hoc
2378 5276 2497 5348 ejus
2523 5275 2737 5330 initium
2769 5289 2983 5344 semper
3018 5280 3292 5343 repetens,
3316 5271 3384 5326 ad
3414 5268 3686 5325 cellarium
3720 5276 3806 5315 ve.
