4058 6388
234 287 353 343 869

1432 286 1774 344 cnsrout
1811 287 1903 344 AD
1940 244 2311 343 omLoumi.

3392 290 3495 345 870

236 404 348 468 nit,
370 410 425 457 et
448 400 653 458 missile
676 401 957 473 quodlibet
984 403 1132 474 quod
1171 402 1423 460 manibus
1483 404 1681 462 Finees
1727 421 1819 461 oc—
1847 407 1893 465 Α
1917 402 2218 458 WiLLsLuo
2245 401 2540 457 venerabili
2571 402 2753 457 abbati
2800 412 2856 457 et
2900 403 2955 456 in
2993 402 3211 459 Christo
3264 404 3375 458 filio
3410 405 3462 458 di

236 494 416 548 currit
443 493 730 563 arripiens,
763 510 887 550 cum
910 495 965 549 in
1000 511 1094 550 ore
1125 503 1180 550 et
1214 495 1397 550 animo
1434 496 1554 565 ejus
1602 510 1816 567 semper

235 595 555 641 versaretur
593 605 605 639 :
649 581 748 640 Ubi
778 596 854 640 est
882 587 1135 653 charitas,
1167 603 1296 642 vasa
1328 588 1383 641 in
1434 588 1635 658 quibus
1697 587 1813 643 fru-

236 686 508 745 mentum,
524 678 878 744 hordeum,et
902 679 1087 734 vinum
1113 681 1448 746 servabatur,
1481 680 1817 751 disrupit,’et

234 769 434 825 accitis
450 770 781 840 pauperibus
796 771 1017 825 vascula
1028 786 1217 826 eorum
1244 771 1503 842 implevit,
1518 771 1651 828 illud
1673 788 1817 827 sem—

234 875 340 929 per
374 854 539 917 corde
588 870 643 916 et
672 876 767 916 ore
814 861 1141 931 depromens
1169 880 1181 917 :
1220 858 1320 918 Ubi
1351 872 1429 918 est
1452 863 1730 918 charitas?
1762 872 1817 921 et

234 951 426 1021 operis
441 951 774 1007 exhibitione
790 960 1123 1009 contestans.
1152 952 1323 1024 Cujus
1344 954 1513 1009 animi
1526 954 1818 1026 indignita-

232 1051 351 1096 tcm
386 1043 474 1096 vix
505 1043 799 1113 aliquando
822 1053 884 1099 ut
911 1046 1055 1116 quod
1092 1054 1406 1117 agregatum
1447 1055 1565 1101 erat
1613 1062 1817 1117 expen-

232 1134 482 1200 deretur,
514 1135 762 1206 mitigare
787 1146 1103 1205 potuerunt,
1138 1154 1263 1192 cum
1300 1137 1399 1192 Ubi
1438 1147 1515 1192 est
1559 1138 1815 1207 Charitas,

232 1242 456 1296 semper
481 1234 831 1296 repeteretur,
847 1229 1014 1298 etipsi
1034 1227 1341 1296 incrassati,
1368 1229 1709 1301 impinguati,
1734 1231 1819 1285 di-

232 1315 883 1387 latatiexprobrarentur.
908 1318 1018 1374 Nec
1048 1329 1206 1375 antea
1245 1329 1516 1378 cessatum
1539 1329 1622 1376 est
1650 1322 1822 1378 donec

232 1420 406 1461 omne
432 1406 563 1461 illud
599 1408 896 1477 repositum
939 1408 1270 1479 pauperibus
1316 1411 1578 1465 donatum
1614 1419 1735 1467 est:
1768 1420 1823 1468 et

231 1495 357 1564 ipse
382 1497 670 1552 adltaliam
695 1514 963 1566 remeans,
989 1516 1114 1555 cum
1147 1499 1366 1556 biennio
1391 1516 1548 1557 suum
1569 1518 1599 1557 a
1622 1503 1822 1557 sacculo

230 1595 581 1657 expectasset
601 1604 907 1657 excessum,
926 1591 1139 1643 tandem
1156 1591 1330 1645 redire
1342 1592 1677 1660 compulsus,
1698 1601 1823 1647 ante

236 1676 524 1734 Divionem
540 1682 939 1736 transiensloca
956 1683 1057 1736 sibi
1084 1683 1376 1737 commissa
1401 1683 1691 1750 circuibat;
1724 1684 1821 1739 de-

232 1768 712 1824 hineFiscannum
730 1786 787 1826 se
811 1771 1059 1839 contulit,
1086 1773 1176 1827 ubi
1202 1772 1519 1830 imminente
1541 1791 1686 1831 anno
1712 1776 1819 1831 Do—

230 1858 597 1914 miniczelOil
630 1861 752 1932 [leg.
781 1861 940 1934 1031]
968 1862 1385 1919 lnearnationis.
1405 1863 1704 1921 lndictione
1725 1883 1818 1922 xrv

232 1948 378 2002 obiit
398 1948 946 2019 KalendasJanuarii;
973 1953 1037 2006 ad
1056 1953 1213 2022 cujus
1225 1954 1529 2023 sepulcrum
1556 1957 1818 2027 puerulus

220 2036 501 2093 decennis
528 2056 557 2093 a
580 2040 816 2096 maxima
847 2043 1165 2113 :egritudine
1187 2054 1410 2100 sanatus
1434 2055 1536 2101 est.
1579 2046 1815 2119 Scrupu-

215 2127 352 2181 lum
371 2127 455 2182 hic
476 2127 537 2183 V.
568 2128 629 2184 C.
653 2129 894 2185 Danielis
911 2132 1254 2203 Papebroclzii
1270 2134 1440 2189 levare
1463 2137 1738 2209 liceat,qui
1762 2142 1816 2195 in
1856 2134 1863 2143 ’

218 2221 383 2273 notis
415 2221 484 2274 ad
510 2221 647 2275 hunc
677 2222 872 2290 locum,
899 2226 953 2278 in
1000 2224 1121 2279 Vita
1144 2228 1315 2281 sancti
1340 2227 1613 2297 Ricltardi,
1637 2233 1722 2287 die
1750 2233 1817 2287 M

228 2309 395 2365 Iunii
416 2312 762 2368 Bollandiani
782 2332 902 2387 pag.
938 2318 1061 2384 997,
1085 2336 1139 2372 se
1157 2319 1468 2389 perlibenter
1499 2321 1818 2378 diseiturum

232 2405 344 2470 ait,
371 2405 554 2474 quo-in
577 2406 698 2462 loco
728 2406 963 2465 Ritualia
993 2411 1228 2466 habeant
1265 2413 1405 2469 hanc
1439 2416 1813 2486 antiphonam.

218 2494 345 2548 ‘Cui
372 2496 592 2550 breviter
619 2500 984 2568 respondemus
1014 2501 1148 2556 hanc
1175 2503 1428 2576 hodieque
1451 2507 1507 2559 in
1554 2518 1817 2564 monaste—

226 2586 343 2638 riis
372 2589 578 2641 cantari
604 2589 739 2658 feria
767 2607 799 2644 v
827 2592 880 2644 in
931 2590 1090 2647 Carna
1128 2593 1339 2649 Domini
1373 2597 1442 2650 ad
1479 2597 1814 2669 Mandatum,

231 2690 346 2744 quo
368 2677 594 2744 nomine,
627 2680 705 2732 uti
733 2680 893 2733 etiam
925 2680 1193 2737 Guillelmi
1223 2694 1468 2755 tempore,
1501 2688 1819 2760 intelligitur

228 2764 376 2817 lotio
397 2767 606 2835 pedum,
634 2786 749 2839 qua!
770 2771 868 2825 hac
893 2773 1009 2842 ipsa
1043 2774 1127 2828 die
1162 2792 1264 2829 non
1279 2776 1448 2830 solum
1469 2779 1523 2833 in
1554 2792 1817 2838 monaste-

230 2856 364 2922 riis,
390 2858 479 2911 sed
500 2859 658 2912 etiam
687 2861 741 2914 in
763 2861 1024 2934 plerisque
1043 2867 1413 2922 canonicorum
1443 2870 1677 2943 collegiis
1697 2874 1816 2944 ﬁeri

232 2946 396 3002 solet.
433 2948 672 3015 Habetur
692 2960 866 3005 autem
903 2954 1084 3008 eadem
1111 2959 1399 3028 antiplcona
1435 2961 1490 3014 in
1514 2960 1817 3018 Proeessio-

220 3039 359 3093 .nali
372 3042 678 3108 monastico,
699 3051 749 3097 et
773 3044 826 3098 in
848 3044 1040 3101 libellis
1062 3050 1213 3119 o/ﬁcii
1237 3051 1575 3109 hebdomadas
1593 3066 1811 3124 sanctae,

224 3131 435 3200 quibus
460 3132 611 3202 vulgo
634 3150 735 3188 non
757 3135 937 3190 clerici
957 3139 1129 3207 modo,
1160 3142 1250 3195 sed
1293 3151 1345 3196 et
1399 3146 1587 3216 quique
1632 3148 1812 3216 ﬁdeles

224 3220 347 3274 liae
364 3221 688 3278 hebdomada
704 3236 942 3284 utuntur.
964 3228 1091 3284 Jam
1114 3233 1425 3304 preferenda
1449 3245 1527 3291 est
1544 3236 1815 3294 Benedicti

229 3326 398 3381 papa:
425 3314 666 3382 epistola.

316 3402 406 3460 28.
438 3403 773 3463 Benemcrus
803 3410 1090 3481 episcopus
1120 3429 1309 3471 servus
1366 3432 1645 3472 servorum
1693 3418 1809 3487 Dei,

1914 494 2075 562 lecto,
2124 494 2357 550 salutem
2387 495 2773 564 sempiternam
2804 509 2927 549 cum
2956 494 3329 549 benedictione
3351 496 3496 565 Apo—

1914 588 2125 644 stolica.
2160 586 2357 642 Audita
2382 586 2661 659 vigilantia
2688 586 2854 642 studii
2884 586 2961 640 tui
2993 601 3100 656 qua
3136 587 3384 658 invigilas
3402 604 3494 643 su-

1913 694 2010 749 per
2039 677 2181 732 ﬁlios
2207 678 2530 733 commissos
2553 678 2670 744 tibi,
2698 676 2987 733 referimus
3011 676 3214 748 gratias
3240 677 3350 732 Deo
3374 694 3493 733 om-

1916 770 2199 841 nipotenti.
2227 768 2469 838 Denique
2497 770 2861 837 comperimus
2913 776 2966 822 te
3003 768 3213 837 jamdiu
3246 769 3494 825 laborare

1916 860 2259 917 creberrimis
2282 868 2501 913 tuorum
2524 859 2764 914 hostium
2788 859 3119 925 incursibus,
3144 866 3198 913 et
3216 874 3352 928 pene
3379 860 3494 929 jam

1916 954 2229 1008 destitutam
2260 950 2558 1007 Ecclesiam
2582 959 2731 1005 tuam
2759 966 2789 1005 a
2810 950 3193 1020 diripientibus
3214 959 3267 1005 et
3320 950 3495 1007 infor-

1916 1041 2086 1096 tuniis
2134 1042 2263 1109 tuis,
2320 1056 2443 1111 quae
2486 1039 2788 1096 forinsecus
2846 1041 3051 1111 pateris
3104 1042 3489 1107 condolemus;

1916 1144 2154 1199 namque
2214 1143 2313 1198 pro
2358 1128 2769 1199 longanimitate
2822 1128 3099 1199 patientia:
3161 1136 3349 1200 quam'
3385 1129 3496 1185 huc

1919 1234 2093 1288 usque
2127 1217 2422 1272 exhibuisti
2453 1217 2783 1272 adversariis
2817 1216 3062 1273 ecclesiae
3091 1224 3199 1273 tua:
3219 1219 3371 1274 decet
3392 1233 3495 1273 nos

1920 1310 2176 1379 gaudere,
2213 1317 2267 1363 et
2292 1308 2591 1363 bonitatem
2614 1296 2765 1363 tuam
2788 1307 3029 1363 laudare.
3062 1308 3331 1364 Caeterum
3376 1308 3496 1366 suf-

1921 1401 2067 1456 ﬁciat
2110 1401 2375 1455 hactenus
2404 1399 2545 1454 hanc
2595 1398 2913 1469 patientiam
2964 1400 3039 1455 ita
3077 1401 3391 1457 exhibuisse
3435 1409 3498 1456 ut

1921 1492 2142 1562 impune
2171 1491 2238 1546 ad
2275 1491 2504 1545 nihilum
2529 1491 2843 1562 redigantur
2864 1507 2952 1547 res
2980 1492 3223 1547 ecclesia:
3257 1493 3493 1563 penitus,

1922 1592 1978 1639 et
2000 1599 2110 1654 prae
2134 1582 2361 1653 penuria
2411 1581 2608 1651 inopize
2650 1581 3006 1637 labefactetur
3046 1582 3179 1637 ordo
3221 1583 3496 1653 religionis

1924 1675 2258 1740 monasticze,
2295 1689 2418 1743 qua:
2443 1673 2581 1727 inibi
2609 1674 2711 1728 sub
2730 1681 2784 1728 te
2801 1673 3139 1744 dignoscitur
3160 1673 3492 1744 praeponere.

1850 1761 1893 1816 B
1919 1767 2096 1822 Habes
2121 1775 2300 1821 tecum
2345 1765 2514 1819 ﬁlium
2543 1775 2788 1820 nostrum
2838 1765 3138 1838 Benignum
3180 1767 3493 1838 episcopum

1921 1858 2121 1930 gratias
2150 1856 2256 1911 Deo
2282 1855 2530 1911 eﬂ‘ectum
2560 1857 2909 1923 monachum,
2943 1873 3102 1926 quem
3137 1859 3496 1913 admonemus

1920 1950 2145 2004 honeste
2179 1956 2233 2002 et
2253 1944 2509 2019 religiose
2562 1949 2895 2015 conversari,
2930 1949 3321 2020 professionem
3363 1950 3496 2006 ohe.

1918 2040 2136 2095 dientize
2182 2038 2425 2093 moribus
2479 2046 2535 2093 et
2585 2055 2750 2109 opere
2786 2041 3089 2107 attendere;
3118 2042 3303 2111 inqua
3329 2058 3494 2096 voca-

1923 2114 2071 2186 tione
2100 2140 2324 2185 vocatus
2349 2138 2454 2196 est,
2479 2131 2534 2184 in
2558 2131 2673 2200 ipsa
2698 2147 3046 2201 permanere;
3084 2132 3277 2188 deinde
3309 2134 3495 2203 illiju-

1917 2223 2112 2278 bemus
2136 2205 2431 2277 cum'omni
2457 2221 2704 2291 imperio,
2723 2230 2799 2277 ‘ut
2823 2222 3077 2278 inimicos
3100 2224 3271 2278 sancti
3300 2234 3499 2295 marty-

1918 2312 1996 2368 ris
2027 2311 2252 2382 Benigni
2280 2311 2601 2381 insequatur
2634 2313 2783 2367 omni
2818 2313 3043 2384 justitiaz
3097 2314 3212 2368 zelo
3254 2330 3316 2369 ac
3370 2331 3494 2369 cum

1917 2400 2098 2456 divina
2132 2400 2452 2455 auctoritate
2485 2399 2643 2455 feriat
2682 2404 2776 2457 e05
2807 2404 3168 2469 anathemate,
3202 2404 3296 2457 tibi
3333 2404 3495 2457 etiam

1916 2492 2264 2563 prmeipimus
2278 2507 2345 2546 ne
2367 2492 2602 2548 absistas
2623 2494 2672 2547 ei
2689 2494 2742 2547 in
2768 2495 2890 2559 hoc,
2921 2496 3014 2550 sed
3046 2496 3189 2550 sicut
3211 2497 3285 2550 illi
3308 2506 3497 2551 aucto-

1916 2583 2129 2638 ritatem
2153 2597 2471 2652 pervasores
2500 2591 2622 2638 tuos
2650 2582 2876 2639 feriendi
2933 2586 3305 2652 concedimus,
3334 2588 3495 2656 jube-

1917 2690 2040 2729 mus
2060 2674 2488 2744 etimperamus;
2516 2674 2590 2728 ita
2634 2675 2730 2729 tibi
2753 2690 2850 2745 per
2881 2692 3066 2731 veram
3125 2678 3494 2733 obedientiam

1917 2766 2243 2821 mandamus
2277 2780 2346 2820 ne
2380 2765 2642 2835 impedias
2690 2767 2841 2822 illum
2879 2783 2979 2823 nec
3030 2768 3320 2839 prohibeas
3364 2769 3497 2838 quin

1916 2855 2067 2927 ipsos
2096 2854 2479 2911 malefactores
2514 2855 2725 2912 Domini
2748 2860 2899 2914 verbi
2930 2861 3107 2931 gladio
3130 2870 3397 2927 coerceat,
3432 2876 3497 2916 ac

1917 2942 1999 3004 sic
2026 2948 2161 3003 bene
2188 2948 2476 3003 roboretur
2500 2957 2685 3005 nostra
2721 2953 3051 3020 auctoritas;
3077 2961 3131 3007 et
3165 2969 3304 3024 quos
3336 2969 3493 3007 nam-

1918 3056 2023 3110 que
2057 3042 2146 3096 ille
2174 3042 2444 3113 ligaverit,
2483 3047 2778 3113 apostolica
2827 3054 2881 3101 et
2932 3055 3120 3101 nostra
3174 3046 3499 3100 auctoritate

1916 3134 2026 3191 sint
2049 3135 2221 3207 ligati,
2256 3147 2312 3193 et
2340 3155 2479 3209 quos
2508 3138 2803 3195 absolverit
2824 3139 2933 3194 sint
2955 3146 3141 3192 nostra
3165 3137 3368 3206 pariter
3402 3135 3497 3189 ab-

1916 3227 2183 3284 solutione
2208 3230 2462 3286 absoluti.
2489 3232 2692 3287 Damus
2717 3231 2878 3285 etiam
2896 3230 2971 3284 illi
3000 3237 3321 3299 potestatem
3346 3228 3497 3282 inor-

1912 3315 2155 3380 dinandi,
2182 3331 2416 3387 cumque
2447 3320 2594 3388 juste
2641 3319 2947 3389 postulatus
2994 3317 3158 3372 fuerit
3201 3317 3256 3372 in
3307 3325 3496 3372 sancta

1914 3402 2158 3460 Ecclesia
2196 3408 2468 3475 ordinare,
2500 3418 2873 3466 verumtamen
2897 3417 2949 3463 te
2965 3407 3210 3477 jubente.

235 3526 3469 3585 mm

951 3644 1620 3857 sanan
1682 3603 2672 3807 animum

1503 3894 1796 3952 ABBATIS
1835 3899 1891 3955 S.
1934 3900 2206 3958 BENIGNI

988 4044 1400 4111 EPISTOLIE
1441 4051 1625 4112 DUJE
1670 4053 1779 4115 AD
1818 4054 2193 4119 JOANNEM
2244 4057 2515 4121 PAPAM
2559 4060 2736 4123 XIX.

1426 4214 1591 4287 (Vide
1626 4217 1769 4287 infra
1806 4218 1862 4272 in
1897 4217 2096 4276 Joanne
2129 4220 2297 4293 XIX.)

265 4356 941 4384 Ἥ

963 4366 1031 4382 —

1046 4366 3477 4407 ._..__.___________________________.

937 4516 1611 4680 εᾼιποτι
1673 4516 2673 4639 αυιιιειιηι

1501 4712 1793 4769 ABBATIS
1832 4713 1890 4771 s.
1930 4715 2204 4773 BENIGNI
3246 4794 3249 4797 _
3469 4714 3530 4739 "

791 4847 1191 4916 EPISTOLA
1235 4848 1345 4909 AD
1389 4848 1812 4911 ODlLONEM
1857 4846 2465 4933 CLUNIACENSEM
2506 4854 2909 4918 ABBATEM.
3570 4822 3575 4825 ’

228 4986 325 5051 De
345 4985 521 5052 obitu
550 4984 847 5055 Willelmi
869 4987 1263 5073 Burgundio:
1294 4987 1538 5073 cognitis
1562 5009 1589 5073 ,-_
1604 4987 1702 5073 _de
1729 4997 1925 5050 morte
1960 4991 2264 5073 Richardi
2290 4992 2796 5056 Normannorum
2828 4996 3095 5073 comitis,
3130 5004 3188 5061 et
3209 5000 3283 5062 de
3309 5000 3491 5064 rebus

996 5065 1274 5133 maxime
1302 5065 1384 5127 ad
1424 5065 1836 5128 Vizeliaceuse
1871 5069 2721 5149 emnobiumpertinentibus.

1178 5204 1438 5265 tlinum.
1466 5205 1662 5263 Annal.
1700 5208 1921 5277 Bened.,
1948 5217 2081 5266 tom.
2110 5209 2202 5279 IV,
2229 5228 2352 5285 pag.
2378 5214 2528 5285 335.)

1731 5344 2073 5364 Ἤ

300 5469 457 5527 Helle
484 5470 719 5543 favoque
743 5472 972 5530 dulciori
1012 5474 1215 5529 domno
1245 5471 1322 5528 Pu
1335 5465 1409 5525 tri
1436 5463 1500 5522 Ο.
1528 5465 1694 5524 frater
1718 5468 1807 5526 W.
1841 5476 1888 5532 D
1910 5486 2031 5528 esse
2053 5480 2351 5542 cupientes,
2374 5471 2642 5530 litterulas
2669 5474 2825 5531 vobis
2850 5476 3122 5542 misimus.
3154 5477 3349 5535 horum
3371 5497 3492 5553 qua

227 5578 355 5618 cum
400 5564 610 5620 caeteris
657 5563 937 5632 fratribus,
983 5562 1212 5623 summa:
1255 5560 1543 5624 feticrtatis
1588 5577 1809 5619 munus.

276 5653 500 5712 Omnes
519 5671 643 5727 quae
664 5657 808 5714 circa
841 5670 938 5716 vos
966 5668 1093 5715 sunt
1106 5659 1359 5732 ﬂagranti
1379 5650 1658 5719 desiderio
1681 5655 1811 5710 certi

1919 5563 2062 5634 apud
2092 5578 2193 5619 nos
2231 5573 2492 5634 geruntur
2521 5565 2747 5622 indices.
2789 5567 3022 5625 Interius
3042 5571 3288 5641 quidem,
3309 5572 3493 5631 divina

1880 5688 1885 5691 -
1919 5655 2112 5727 gratia,
2146 5656 2447 5725 vestrisque
2484 5658 2694 5715 meritis
2721 5660 3163 5732 sutlragantibus,
3190 5665 3325 5721 bene
3355 5667 3491 5721 vale»
