4058 5406
491 307 589 362 871

1375 306 1431 362 S.
1475 306 1853 363 GUILLELMI
1889 303 2182 360 ABBATIS
2220 303 2277 359 S.
2322 301 2596 358 BENIGNI
2634 301 2883 360 DIVION.

3660 305 3769 365 872

487 423 915 489 mus;extcrius
948 438 1079 477 vero
1109 423 1439 494 quibusdam
1482 421 1799 478 infortuniis
1844 423 2081 494 graviter

2190 400 2838 492 pedibus‘conculcandas
2865 422 3228 492 projecernnt.
3259 420 3417 479 Unde
3440 437 3556 479 non
3585 427 3770 483 solum

487 515 800 588 fa’tigamur.
823 515 1066 570 Audistis
1100 515 1234 585 jam,
1276 524 1335 570 ut
1372 516 1666 581 credimus,
1694 515 1855 569 rebus
1880 515 2077 570 huma-

488 608 576 665 nis
609 609 912 663 excessisse
948 608 1202 662 comitem
1249 606 1606 672 Willelmum,
1634 616 1689 662 et
1725 606 1867 676 apud
1890 605 2076 660 Divio—

488 716 613 756 nem
646 698 938 769 sepultum.
974 697 1049 753 De
1088 698 1237 751 obitu
1283 698 1501 753 comitis
1546 696 1802 752 Richardi
1843 697 2076 751 missum

488 808 598 847 non
630 791 943 856 habuimus,
978 806 1078 845 nec
1099 789 1303 859 aliquid
1327 789 1640 855 didicimus,
1666 788 1773 843 nisi
1810 794 2077 858 quantum

487 899 517 937 a
572 884 883 938 dicentibus
928 883 1255 937 audivimus.
1311 880 1514 937 Przeter
1566 897 1629 936 ea
1685 880 2078 935 innotescimus

488 975 799 1043 paternitati
849 984 1042 1029 vestrae
1084 974 1229 1043 quod
1264 974 1655 1029 monasterium
1695 971 2075 1039 Viziliaccnse,

490 1075 683 1136 agente
708 1066 974 1120 Laudrico
990 1066 1208 1130 comite,
1233 1066 1517 1120 monachis
1539 1065 1787 1136 ejusdem
1814 1063 1919 1118 loci
1953 1078 2077 1116 cum

488 1159 682 1214 abbate
709 1160 937 1228 turpiter
961 1159 1169 1228 ejectis,
1211 1159 1446 1213 domnus
1478 1157 1630 1214 Oddo
1674 1158 1914 1227 suscepit
1962 1156 2079 1211 sine

489 1252 742 1305 consultu
772 1251 1012 1321 episcOpi
1044 1252 1577 1321 Augustodunensis.
1604 1250 1715 1306 Hac
1740 1252 1807 1306 de
1834 1265 1998 1305 causa
2023 1250 2079 1304 in

490 1350 637 1397 tanta
665 1345 745 1398 ira
771 1353 960 1398 contra
996 1360 1094 1400 vos
1124 1354 1177 1399 et
1208 1361 1310 1401 nos
1337 1346 1627 1415 locumque
1673 1354 1920 1400 nostrum
1948 1359 2080 1399 con-

489 1435 688 1491 citatus
713 1448 814 1501 est,
840 1444 902 1490 ut
947 1452 1057 1491 non
1091 1438 1269 1492 solum
1299 1438 1445 1493 mala
1473 1453 1595 1508 quae
1616 1453 1710 1507 per
1741 1453 1800 1492 se
1841 1451 2081 1506 suosque

488 1528 683 1595 poterit
722 1528 963 1583 minatur
1012 1530 1172 1584 nobis
1215 1530 1478 1599 irrogafe,
1506 1530 1898 1584 monasterium
1924 1529 2079 1583 vide-

488 1617 615 1672 licet
639 1617 992 1689 Magahrense
1022 1620 1339 1688 auferendo,
1364 1630 1418 1677 et
1444 1622 1626 1675 omnia
1654 1621 1845 1675 altaria
1875 1635 1999 1690 quae
2022 1620 2080 1674 in

492 1724 594 1764 suo
618 1711 931 1781 episcopatu
962 1713 1253 1782 habemus,
1293 1713 1855 1780 excommunicando;
1900 1714 1995 1768 sed
2028 1722 2081 1769 et

2180 513 2296 581 ipse
2326 511 2522 579 majori
2573 512 2654 565 ira
2679 526 2945 567 accensus
2976 520 3078 578 est,
3122 512 3217 567 sed
3269 520 3326 567 et
3375 514 3517 583 apud
3573 532 3771 572 omnes

2179 603 2338 673 longe
2362 602 2577 671 lateque
2608 602 2724 657 huic
2761 603 3044 658 audientes
3086 605 3306 675 grandis
3327 606 3604 660 calumnia
3631 623 3770 661 con-

2178 703 2263 750 tra
2285 711 2385 749 nos
2426 706 2612 752 e:o.!a
2640 704 2741 749 est.
2768 693 3018 751 Universi
3061 697 3207 751 enim
3239 698 3333 767 qui
3371 698 3487 752 haec
3514 699 3769 763 audiunt,

2181 802 2289 841 non
2323 784 2502 840 solum
2520 784 2748 852 inimici,
2772 787 2865 841 sed
2888 795 2942 841 et
2964 788 3056 857 qui
3080 796 3207 842 ante
3230 789 3558 843 videbantur
3580 790 3770 854 amici,

2180 878 2327 934 illius
2370 878 2695 951 injustitiam
2746 888 2932 933 contra
2984 895 3087 933 nos
3140 881 3500 946 auctorizant,
3558 895 3772 950 nosque

2180 971 2438 1025 inaudita:
2503 972 2941 1040 pra’sumptionis
2980 980 3035 1026 et
3078 973 3244 1026 etiam
3294 974 3435 1042 apud
3478 974 3773 1029 saeculares

2180 1064 2467 1119 horrendae
2497 1063 2810 1132 cupiditatis
2855 1063 3155 1133 inculpant,
3198 1064 3439 1119 dicentes
3467 1080 3579 1119 non
3607 1066 3772 1119 lzcere

2184 1157 2621 1227 qualemcunque
2651 1158 2902 1212 abbatem
2934 1175 2964 1212 a
3012 1159 3234 1228 proprio
3276 1158 3484 1212 honore
3524 1159 3773 1228 qualilxt

2180 1267 2247 1305 ex
2293 1266 2459 1305 causa
2498 1266 2752 1305 amovere
2801 1251 2919 1307 sine
2954 1252 3213 1306 canonica
3264 1252 3673 1306 examinatione
3720 1260 3775 1306 et

2175 1341 2384 1412 judicio
2435 1342 2674 1413 episcopi
2707 1344 2775 1398 ad
2805 1344 2964 1413 cujus
3002 1344 3282 1398 dimcesim
3326 1344 3573 1398 noscitur
3606 1345 3775 1414 perti-

2182 1453 2330 1492 nere.
2376 1436 2501 1493 Haec
2539 1446 2593 1492 et
2639 1436 2907 1508 ejusmodi
2955 1437 3278 1507 quamplura
3325 1452 3433 1489 non
3480 1437 3650 1491 modo
3702 1436 3775 1491 ab

2181 1530 2417 1597 aemulis,
2462 1546 2651 1585 verum
2682 1539 2735 1585 et
2777 1546 2808 1586 a
2848 1531 3231 1584 consentaneis
3277 1530 3582 1595 audientes,
3625 1539 3681 1584 et
3706 1530 3774 1583 ab

2181 1623 2439 1694 episeopo
2466 1623 2684 1679 vinculo
2722 1622 3086 1678 anathematis
3120 1638 3229 1692 quo
3260 1621 3285 1675 f
3309 1631 3452 1678 atres
3485 1624 3771 1693 llgavcrat,

2182 1721 2245 1767 ut
2285 1714 2606 1779 absolveret,
2668 1713 2819 1768 nullo
2855 1714 3018 1772 modo
3073 1722 3364 1783 antequam
3403 1714 3596 1768 relicto
3650 1715 3775 1767 lo;o

489 1816 702 1869 omnes,
736 1813 1007 1874 quotquot
1031 1814 1230 1875 potest,
1277 1806 1584 1876 episcopos,
1613 1806 1861 1871 clericos,
1889 1806 2083 1875 laicos,
2119 1808 2160 1861 Β
2186 1820 2309 1861 cum
2337 1807 2452 1861 suis
2493 1805 2748 1861 omnibus
2781 1806 2848 1860 ad
2889 1821 2988 1860 vos
3022 1815 3443 1871 reverterentur,
3479 1807 3776 1876 impetrme

489 1894 872 1965 cujuscunque
927 1897 1135 1952 ordinis
1160 1907 1255 1952 aut
1298 1898 1596 1968 dignitatis,
1630 1898 1685 1952 in
1728 1909 1946 1954 nostras
1981 1899 2090 1954 ini-

492 1987 732 2043 micitias
777 1990 1188 2044 commovendo.
1235 1989 1744 2045 Excommunicavit
1783 1992 1949 2046 etiam
1981 2007 2085 2047 no-

492 2088 623 2135 stra:
645 2080 1081 2151 congregationis
1106 2080 1319 2149 fratres,
1352 2093 1411 2137 ut
1446 2082 1630 2137 nullus
1648 2082 1761 2150 jam
1791 2083 1939 2137 dicto
1965 2084 2087 2138 loco

492 2167 780 2235 inhabitet,
812 2172 1211 2242 ecclesiamque
1252 2173 1611 2244 ingrediatur,
1641 2175 1726 2228 vel
1755 2174 1979 2244 aliquod
2003 2175 2087 2229 di-

494 2259 683 2313 vinum
729 2261 1054 2331 obsequium
1083 2263 1138 2317 in
1195 2277 1256 2318 ea
1299 2264 1572 2330 celebrare
1625 2272 1939 2333 prmsumat.
1978 2262 2087 2333 Ipsi

493 2365 646 2417 vero,
692 2352 918 2408 ﬁdentes
950 2354 1269 2423 apostolicis
1307 2356 1603 2426 privilegiis
1631 2356 1831 2426 quibus
1863 2355 2091 2411 libertas

493 2445 739 2515 ejusdem
787 2446 893 2500 loci
921 2447 990 2501 ab
1023 2448 1464 2503 antecessoribus
1498 2449 1715 2518 provisa
1744 2456 1846 2514 est,
1879 2463 1974 2517 p;o
1996 2447 2087 2502 ni-

496 2537 610 2592 hilo
640 2537 761 2607 ejus
796 2539 1121 2593 sententiam
1165 2550 1637 2609 computaverunt,
1662 2551 1715 2596 et
1745 2542 1879 2596 nihil
1909 2540 1975 2595 de
1998 2538 2088 2594 in-

496 2628 743 2682 terdictis
784 2628 1057 2683 dimittere
1101 2641 1470 2697 curaverunt;
1509 2630 1601 2685 sed
1652 2630 1860 2684 litteras
1886 2630 1990 2684 hac
2022 2628 2090 2684 de

494 2733 663 2774 causa
707 2720 777 2774 ab
810 2735 877 2775 eo
911 2720 1152 2777 directas
1181 2722 1460 2792 despectui
1488 2722 1771 2788 habentes,
1804 2721 1858 2776 in
1890 2730 2087 2776 terram

2186 1897 2451 1963 valentes,
2489 1897 2635 1953 aliud
2655 1896 2945 1951 consilium
2980 1886 3253 1950 salubrius
3303 1897 3547 1952 invenire
3580 1899 3777 1968 nequi-

2186 1987 2389 2053 vimus,
2422 1996 2618 2056 praeter
2642 1988 2787 2056 quod
2809 2002 2873 2042 ex
2893 1997 3072 2042 vestra
3095 1998 3245 2057 parte
3268 1988 3348 2042 eis
3391 1990 3779 2044 mandavimus

2188 2089 2249 2137 ut
2277 2080 2344 2134 ad
2368 2095 2464 2133 vos
2491 2087 2834 2134 revertantur
2856 2080 3205 2150 quantocius,
3222 2096 3289 2136 ne
3312 2082 3510 2151 aliquis
3530 2083 3781 2152 periculo

2187 2171 2773 2227 exeommunieationis
2801 2172 3079 2242 suhjaceat
3113 2173 3290 2227 subita
3333 2183 3509 2228 morte
3532 2190 3782 2244 praeven-

2190 2272 2300 2320 tus.
2333 2261 2461 2318 Haec
2491 2280 2619 2318 vero
2657 2280 2727 2319 an
2770 2279 2956 2320 comes
3010 2263 3314 2319 Landricus
3368 2267 3669 2335 permittat,
3695 2267 3782 2321 vel

2192 2357 2294 2426 ipsi
2319 2356 2487 2411 velint
2516 2355 2715 2422 facere,
2753 2357 2912 2411 nobis
2936 2364 3121 2410 manet
3168 2356 3456 2411 incertum.
3481 2358 3617 2424 Qua:
3643 2375 3781 2412 cun-

2191 2456 2276 2501 cta
2305 2446 2461 2501 vobis
2516 2446 2770 2502 intimare
2818 2448 3153 2513 curavimus,
3213 2451 3493 2516 cupientes
3539 2458 3784 2503 vestram

2190 2538 2527 2593 voluntatem
2559 2550 2613 2593 et
2631 2538 2934 2607 jussionem
2975 2540 3041 2593 de
3069 2539 3153 2594 his
3179 2540 3432 2595 omnibus
3472 2540 3656 2596 littera
3689 2555 3786 2594 ve-

2192 2639 2305 2688 stra
2332 2645 2661 2703 cognoscere
2683 2630 3029 2701 quantocius.
3062 2629 3265 2686 Valete.

515 2874 3782 2913 ΞΜ

1222 2970 1892 3170 sanior:
1950 3053 2949 3171 GUILLELMI

1783 3247 2079 3305 ABBATIS
2117 3247 2174 3302 S.
2213 3245 2491 3303 BENIGNI

1135 3386 1667 3449 PRIVILEGIUM
1701 3386 1858 3447 PRO
1900 3385 2087 3446 ΜΟΝ,

2190 3385 2430 3447 TERIO
2477 3381 3137 3446 FRUCTUARIENSI.

1445 3531 1697 3604 (Μηιιι.
1736 3530 1874 3585 Acta
1911 3514 2010 3585 SS.
2039 3529 2236 3584 Bencd.
2265 3528 2401 3584 ch.
2425 3526 2514 3595 Vl,
2547 3543 2669 3601 pag.
2703 3527 2853 3600 5&7.)

1972 3676 2251 3693 ﬂ

575 3802 636 3859 ln
655 3802 876 3858 nomine
906 3807 1109 3856 sanctae
1141 3808 1195 3855 et
1235 3798 1530 3855 individuae
1556 3796 1861 3856 Trinitatis.
1892 3800 2093 3856 Notum
2122 3810 2163 3866 (ζ
2198 3813 2418 3859 secutus
2446 3813 2529 3857 est
2571 3799 2795 3856 fratrem
2825 3813 2985 3854 suum
3026 3813 3082 3851 tn
3110 3793 3438 3866 praetitulato
3465 3791 3790 3848 Divionensi

504 3896 623 3951 fieri
677 3895 931 3949 volumus
973 3892 1234 3946 fratribus
1290 3892 1524 3958 nostris,
1573 3900 1686 3947 tam
1739 3895 2095 3963 praesentibus

502 4001 671 4055 quam
695 3982 896 4038 futuris
918 4024 933 4048 ,
958 3991 1013 4036 et
1036 3982 1290 4037 omnibus
1315 3993 1519 4037 sanctae
1543 3981 1801 4039 Ecclesia:
1822 3985 1967 4051 filiis,
1996 4003 2081 4041 cu-

504 4077 821 4146 juscunque
844 4074 1074 4140 ordinis,
1108 4072 1334 4129 honoris
1363 4082 1417 4129 et
1452 4075 1753 4145 dignitatis,
1795 4078 1941 4145 quod
1978 4095 2096 4134 mo—

507 4167 809 4221 nasterium
838 4166 1049 4220 noviter
1071 4175 1448 4221 constructum
1474 4168 1528 4220 in
1558 4168 1679 4222 loco
1703 4168 1798 4238 qui
1828 4168 2094 4226 Fructua-

508 4257 591 4311 ria
622 4256 848 4326 antiquo
878 4265 1227 4325 nuncupatur
1258 4257 1541 4323 vocabulo,
1572 4258 1905 4314 liberrimum
1934 4270 2097 4333 atque

508 4350 978 4403 absolutissimum
1023 4349 1286 4404 consistat
1318 4349 1389 4403 ab
1427 4350 1576 4403 omni
1617 4350 1954 4419 subjectione
1999 4353 2096 4407 de-

507 4441 619 4496 bita
647 4442 844 4510 cuique
874 4440 1097 4496 dioecesi
1117 4441 1199 4495 vel
1227 4442 1584 4519 monasterio,
1611 4442 1770 4512 cujus
1796 4443 1873 4507 rei
1898 4459 2096 4502 causas

508 4548 782 4603 exponere
811 4541 865 4587 et
899 4531 1252 4588 manifestare
1293 4548 1572 4602 curamus,
1610 4550 1679 4590 ne
1713 4535 1969 4606 cuiquam
2001 4552 2098 4592 su~

508 4624 701 4694 brepat
731 4624 886 4680 malae
915 4633 969 4679 et
1016 4624 1429 4680 inconsideratae
1469 4625 1775 4681 occasionis
1812 4628 2095 4683 tumultus.

510 4717 745 4784 Quidam
789 4716 959 4772 frater
998 4726 1185 4773 noster
1220 4718 1429 4773 carnali
1470 4720 1857 4789 germanitate,
1905 4719 2099 4777 Gotto-

513 4809 700 4863 fredus
745 4809 988 4877 nomine,
1025 4826 1152 4864 cum
1186 4818 1334 4866 esset
1365 4811 1477 4866 sub'
1508 4810 1698 4866 habitu
1743 4811 2015 4878 smeulari,
2047 4818 2101 4866 et

510 4901 678 4956 libere
707 4903 925 4973 degeret
958 4903 1010 4956 in
1052 4912 1275 4973 paterna
1302 4903 1636 4969 haereditate,
1667 4904 1827 4974 elegit
1851 4904 2101 4961 funditus

511 4994 773 5049 saeculum
802 4995 1130 5065 relinquere,
1158 5005 1212 5049 et
1251 5004 1376 5065 post
1402 4993 1573 5049 Deum
1599 4995 1693 5049 ire.
1726 4994 1968 5065 Denique
2003 5013 2102 5051 ex-

515 5094 703 5152 petens
756 5095 1005 5139 sanetum
1050 5084 1376 5141 Divionense
1423 5065 1759 5149 ccenobium',
1805 5085 1954 5152 illuc,
2003 5103 2099 5142 vo-

2202 3897 2554 3952 monasterio.
2584 3892 2824 3963 Denique
2865 3891 3154 3954 Robertus,
3192 3889 3287 3958 qui
3323 3887 3473 3942 solus
3503 3901 3575 3940 ex
3602 3883 3792 3940 fratri-

2198 3989 2301 4044 bus
2328 3988 2444 4044 suis
2469 3987 2733 4042 remansit
2753 3986 2943 4050 laicus,
2964 3985 3103 4038 inter
3124 3990 3317 4037 caztera
3345 3995 3457 4035 suae
3475 3978 3788 4048 possessio-

2198 4080 2286 4134 nis
2318 4081 2481 4140 dona.
2525 4079 2658 4147 ipse,
2693 4066 2753 4130 et
2794 4075 3085 4146 praedictus
3127 4072 3295 4127 frater
3335 4071 3454 4141 ejus
3502 4068 3786 4134 Nitardus,

2198 4184 2322 4241 qua:
2368 4171 2598 4225 Dnmino
2627 4170 2976 4225 contulerunt
3017 4166 3082 4221 ad
3126 4164 3556 4221 construendum
3592 4179 3787 4218 mona-

2199 4264 2424 4320 sterium
2470 4261 2777 4332 specialiter
2826 4262 3027 4325 locum,
3078 4256 3404 4312 Fructuaria
3445 4256 3680 4319 dictum,
3712 4255 3785 4309 ita

2199 4363 2260 4409 ut
2300 4352 2655 4424 possidebant
2688 4351 2933 4421 quietum
2961 4358 3015 4404 ct
3040 4348 3274 4403 solidum
3307 4346 3589 4402 Gontardo
3622 4362 3788 4401 vene.

2200 4445 2360 4502 rabili
2402 4444 2520 4497 viro
2548 4440 2873 4496 Taurinensi
2914 4440 3303 4494 archidiacono
3327 4438 3693 4500 tradiderunt,
3727 4443 3788 4490 ut

2200 4538 2326 4594 inde
2368 4535 2573 4593 faceret
2614 4535 2784 4605 legale
2830 4542 3250 4597 testamentum,
3289 4532 3436 4602 quod
3482 4531 3788 4601 appellatur

2199 4627 2483 4685 Judicatus
2512 4626 2609 4699 [αι.
2637 4625 2956 4694 lndicatusl.
2987 4623 3143 4691 Quod
3178 4633 3233 4678 ct
3258 4622 3464 4678 factum
3489 4633 3577 4678 est
3605 4638 3672 4678 eo
3698 4637 3762 4677 ra

2200 4721 2369 4776 tionis
2397 4730 2585 4775 tenore
2610 4726 2686 4783 ut,
2710 4728 3000 4788 postquam
3025 4713 3373 4785 prtefatorum
3398 4713 3632 4769 fratrum
3659 4730 3789 4784 pos-

2202 4813 2378 4870 sessio
2400 4811 2657 4867 transiret
2677 4810 2732 4864 in
2757 4808 2970 4863 Domini
2996 4806 3425 4876 possessionem,
3449 4806 3601 4860 nullo
3624 4806 3790 4861 modo

2201 4905 2436 4973 primam
2477 4910 2533 4956 et
2561 4901 2841 4970 antiquam
2874 4899 3125 4969 perderet
3149 4897 3415 4951 libertatis
3443 4896 3786 4967 dignitatem.

2203 4994 2345 5065 Ergo
2385 4994 2643 5065 quoniam
2680 4993 2745 5046 de
2791 4989 3105 5045 haereditate
3140 4998 3452 5044 nostrorum
3481 4988 3789 5044 carnalium

2204 5094 2618 5141 autecessorum
2640 5082 2799 5137 (iebat
2813 5082 2987 5137 hmres
3011 5080 3265 5136 Christus
3285 5096 3382 5151 per
3400 5080 3789 5151 praedictorum

515 5173 660 5228 lente
707 5173 839 5239 Deo,
887 5176 1128 5246 suscepit
1173 5176 1417 5231 habitum
1463 5177 1849 5234 monasticum.
1902 5178 2097 5235 Verum
2132 5161 2178 5215 Ῑ)
2204 5177 3159 5245 duorumnostrorumgermanorum
3177 5174 3793 5241 manus;tandem‘sicut

515 5279 706 5320 omnes
746 5265 941 5323 fratres
970 5268 1213 5338 ejusdem
1245 5269 1371 5336 loci,
1402 5269 1494 5339 qui
1526 5278 1822 5339 prmsentes
1856 5269 2099 5339 fuerunt,

516 5362 572 5402 ct
592 5357 766 5402 oculis
790 5358 894 5402 imo.
926 5361 1176 5402 vitlpnrnt
1232 5362 1336 5402 ιιηο
1365 5362 1543 5402 enim”
1598 5368 1649 5402 nl
1680 5363 1820 5402 enim
1848 5374 2076 5402 nnccnnr

2208 5269 2505 5338 incoeptum
2535 5277 2618 5323 est
2651 5268 2802 5337 justo
2820 5275 2969 5337 voto,
3005 5267 3079 5322 ita
3122 5268 3378 5323 decenter
3406 5266 3685 5337 expletum
3705 5275 3791 5320 est

2209 5360 2498 5402 adiuvante
2519 5354 2649 5402 lien-
2678 5357 2881 5402 Interea
2902 5356 3285 5402 confirmatum
3306 5366 3389 5402 pet
3408 5366 3464 5402 et
3484 5358 3788 5402 stabilitva
