4058 5406
245 255 345 312 875

1376 253 1698 309 ANNALES
1733 252 1790 308 S.
1835 251 2109 308 BENIGNI
2150 251 2401 311 DlVlON.

3413 259 3521 314 διι

244 370 444 440 scripto
473 368 776 441 apostolico
805 384 837 424 a
859 370 1092 425 summis
1116 358 1465 441 pontiﬁcibus
1501 367 1829 423 universalis

1940 389 2282 457 transmissa,
2316 389 2525 452 scilicet
2548 398 2952 447 textum’unum
2993 405 3151 459 auro,
3195 405 3425 463 gemmis
3468 403 3525 450 et

244 459 520 531 Ecclesiae,
565 462 721 533 prius
768 478 797 516 a
834 461 1059 517 domino
1084 477 1221 533 papa
1254 460 1486 528 Joanne,
1539 460 1734 516 deinde
1763 459 1832 514 ab

241 554 360 624 ejus
381 570 705 611 successore
734 556 959 610 domino
984 571 1124 626 papa
1167 556 1481 620 Benedicto,
1512 555 1605 609 ubi
1639 555 1694 609 in
1723 552 1831 608 La-

244 648 518 703 teranensi
575 649 802 704 basilica
869 649 1092 704 sedebat
1156 649 1402 719 undique
1451 646 1835 704 circumfultus

240 739 397 810 plena
428 740 661 811 synodo,
685 741 738 795 iu
777 756 907 811 qua,
944 740 1190 811 exceptis
1238 741 1552 807 abbatibus,
1584 740 1668 795 vel
1702 740 1833 795 reli-

240 830 365 901 quis
389 831 593 887 diversi
617 833 846 898 ordinis,
882 848 977 887 seu
1002 833 1284 903 dignitatis
1312 833 1582 899 ﬁdelibus,
1597 832 1835 903 quadra-
1854 864 1872 889 ο

241 922 393 993 ginta
420 922 647 980 adfuere
676 924 916 995 episc0pi
943 940 1066 979 cum
1091 925 1266 979 sancti
1288 923 1434 979 Petri
1450 924 1837 980 Cardinalibus

236 1014 333 1084 qui
355 1029 553 1071 omnes
579 1025 988 1084 testamentum,
1018 1017 1164 1087 quod
1195 1016 1452 1073 dominus
1492 1032 1632 1087 papa
1661 1016 1836 1071 Bene-

239 1112 421 1169 dictus
457 1114 562 1185 ipsi
600 1114 723 1170 loco
747 1113 896 1180 fecit,
924 1123 1049 1185 post
1093 1129 1217 1168 eum
1252 1114 1739 1177 conﬁrmaverunt,
1784 1119 1839 1165 et

237 1203 525 1275 signantes
556 1205 934 1276 signaverunt,
971 1213 1135 1276 atque
1154 1204 1341 1275 jaculo
1389 1203 1837 1279 excommunica—

237 1294 408 1350 tionis
436 1305 491 1351 et
523 1297 923 1353 maledictionis
968 1299 1175 1367 pariter
1220 1313 1414 1353 omnes
1443 1297 1575 1351 illud
1608 1297 1838 1351 damna-

237 1398 456 1444 verunt.
473 1389 795 1462 Quicunque
811 1390 962 1446 illam
980 1392 1271 1446 molestare
1285 1389 1577 1446 tentaverit
1602 1388 1840 1443 sanctio-

240 1496 369 1535 nem
400 1489 568 1537 tanta:
609 1483 974 1549 auctoritatis,
1005 1498 1167 1536 nemo
1195 1497 1416 1536 movere
1456 1480 1615 1535 debet
1649 1480 1715 1534 ad
1747 1495 1840 1534 oe-

238 1568 524 1625 casionem
565 1572 880 1642 quempiam
916 1586 985 1626 ex
1027 1569 1237 1626 nostris
1276 1570 1558 1637 fratribus,
1592 1569 1707 1624 sive
1735 1569 1839 1622 ali-

236 1679 409 1734 quem
442 1664 569 1721 loco
601 1665 863 1721 insidiare
898 1666 1173 1721 volentem
1215 1665 1437 1736 injustis
1474 1662 1838 1734 conspiratio-

240 1759 429 1825 nibus,
468 1768 531 1815 ut
571 1760 859 1816 materiam
913 1760 1082 1830 hujus
1126 1759 1395 1815 libertatis
1442 1756 1841 1814 calumniandte

239 1851 371 1907 inde
400 1868 622 1907 sumere
646 1860 934 1920 conentur,
964 1852 1111 1923 quod
1142 1851 1199 1905 in
1224 1849 1497 1915 coenobio,
1535 1848 1629 1903 ubi
1670 1863 1864 1917 supe-.

241 1944 361 1999 rius
388 1945 658 2001 nominati
678 1944 877 2001 fratres
898 1954 1102 2001 sancta:
1127 1942 1560 2000 conversationis
1589 1941 1836 1996 habitum

240 2047 630 2107 susceperunt,
654 2039 824 2093 abbas
851 2054 973 2093 sum
1016 2038 1321 2104 ordinatus,
1345 2045 1400 2091 et
1426 2036 1481 2090 in
1518 2033 1838 2090 aediﬁcando

240 2131 585 2186 monasterio
618 2130 1026 2186 Fructuariensi
1059 2129 1407 2205 apposuerim
1434 2144 1662 2183 manus:
1695 2142 1838 2198 quo-

243 2225 395 2278 niam
420 2232 475 2279 et
502 2240 589 2279 me
613 2223 872 2291 defendit,
921 2224 1064 2280 sicut
1113 2240 1277 2294 supra
1320 2230 1686 2285 monstratum
1733 2230 1865 2287 est,.

238 2317 391 2388 justa
417 2318 659 2385 occasio,
690 2328 743 2373 et
772 2319 954 2375 locum
994 2326 1182 2373 tuetur
1219 2317 1336 2388 ipsa
1382 2316 1676 2383 restitutio,
1710 2316 1840 2386 quia

240 2409 317 2462 ab
347 2409 603 2480 ingenuis
644 2410 1091 2481 possessionibus
1147 2410 1373 2480 antiqua
1412 2409 1661 2463 libertate
1703 2408 1840 2463 ﬁber

240 2511 333 2557 rest
374 2501 489 2557 Deo
518 2503 774 2571 donatus,
811 2514 865 2560 et
906 2504 1037 2576 quia
1082 2504 1474 2577 paupertacula
1520 2502 1837 2557 eorumdem

242 2592 483 2650 fratrum
521 2605 575 2651 et
607 2587 995 2668 germanorum
1040 2606 1355 2653 nostrorum
1399 2613 1511 2650 non
1542 2594 1844 2651 sufficiebat

243 2696 311 2741 ut
333 2689 692 2755 stabiliretur,
718 2692 787 2747 ab
806 2692 1051 2747 virorum
1076 2692 1399 2758 multorum,
1427 2689 1698 2761 praacipue
1733 2689 1839 2743 Ar-

248 2782 405 2837 duini
434 2783 579 2854 regis
599 2792 653 2839 et
680 2783 854 2840 Bertae
884 2785 1075 2841 uxoris
1099 2785 1221 2857 ejus
1254 2783 1677 2839 ministerio-est
1713 2780 1841 2837 fun-
1859 2816 1874 2834 .

244 2875 433 2932 datus.
475 2876 747 2932 Praeterea
768 2876 1026 2934 Nitardus
1048 2878 1175 2934 inde
1207 2894 1304 2949 per
1334 2877 1507 2949 legale
1541 2884 1841 2933 testamen-

1872 1727 1915 1784 B

1933 484 2208 556 lapidibus
2243 484 2382 539 mire
2419 493 2700 551 ornatum,
2732 484 2978 540 casulam
3020 500 3159 540 auro
3183 485 3522 555 decoratam,

1933 587 1988 634 et
2030 578 2153 633 duae
2187 578 2341 633 stola:
2374 572 2652 633 deaurata:
2696 593 2822 632 cum
2848 594 3041 634 earum
3092 579 3421 649 manipulis,
3467 590 3526 635 et

1934 684 2107 724 unum
2156 668 2468 739 cingulum,
2516 677 2689 739 atque.
2727 676 2966 739 quatuor
3001 668 3186 724 amicti
3252 669 3501 724 deaurati

1934 758 2125 831 Itaque
2150 761 2332 817 causis
2370 759 2598 816 redditis
2642 759 2807 832 hujus
2829 760 3235 832 descriptionis,
3278 747 3550 832 superes‘

1936 861 1998 909 ut
2019 852 2375 907 conﬁrmetur
2397 852 2859 923 subsequentibus
2884 851 3093 908 idoneis
3124 853 3358 909 testibus
3399 868 3519 907 cun'

1935 952 2104 1006 certis
2151 949 2500 1006 testimoniis.
2530 948 2615 1005 Ad
2660 964 2826 1019 quam
2868 942 3359 1016 conﬁrmationem,
3394 956 3523 1016 etc.,

1937 1056 2039 1113 ego
2073 1040 2243 1097 frater
2268 1041 2600 1101 Willelmns.
2632 1041 2814 1098 dictus
2833 1041 3005 1096 abbas
3025 1041 3265 1098 veridica
3286 1040 3529 1097 affectio-

1940 1148 2029 1196 ne,
2056 1133 2218 1190 sicuti
2250 1149 2437 1191 coram
2464 1134 2584 1203 ipso
2611 1140 2842 1204 loquens
2864 1141 3036 1189 testor
3076 1132 3174 1188 Dei
3207 1148 3307 1203 pro
3341 1147 3530 1188 amore

1939 1226 1996 1280 in
2038 1228 2373 1297 supradictis
2422 1226 2654 1282 ﬁdeliter
2694 1227 3003 1290 insudasse,
3041 1234 3097 1282 et
3135 1240 3283 1282 nunc
3306 1226 3528 1298 propria

1940 1320 2341 1391 subscriptione
2368 1321 2475 1376 hoc
2514 1327 2905 1375 testamentum
2944 1318 3299 1385 conﬁrmans,
3338 1333 3531 1374 omnes

1940 1413 2347 1469 subscribentes
2370 1413 2442 1468 ad
2453 1412 2722 1483 aequalem
2742 1411 2909 1483 hujus
2921 1411 3297 1467 retributionis
3318 1424 3532 1467 merce-

1940 1507 2064 1563 dem
2086 1507 2229 1562 votis
2250 1506 2507 1562 omnibus
2539 1521 2638 1576 pro
2657 1520 2821 1579 posse
2843 1505 3094 1571 admitto,
3108 1511 3165 1559 et
3184 1502 3265 1558 sic
3285 1517 3531 1572 presen-

1940 1608 2024 1656 tes
2046 1609 2102 1656 et
2124 1601 2381 1657 absentes
2401 1599 2760 1673 quamplures
2780 1600 3126 1655 subscribere
3152 1612 3321 1654 exoro
3339 1605 3527 1653 testes.

1941 1691 2231 1750 Leoterius
2282 1692 2639 1749 miseratione
2684 1691 2780 1747 Dei
2830 1690 3191 1762 archipraesul
3244 1688 3530 1744 Senonum

1944 1784 2299 1841 subscribens
2319 1783 2696 1856 snﬁ‘raganeos
2709 1790 2933 1838 nostros
2948 1781 3295 1838 subscribere
3313 1780 3527 1851 rogavi.

1940 1876 2202 1932 Goslinus
2245 1878 2601 1949 archiprazsnl
2643 1876 3002 1932 Bituricensis
3047 1884 3103 1931 et
3142 1874 3314 1931 abbas
3339 1873 3533 1931 Sancti

1941 1967 2215 2025 Benedicti
2227 1969 2457 2035 ﬁrmavi,
2472 1968 2640 2023 Fulco
2650 1968 2954 2024 Ambianen
2962 1968 3038 2024 sis
3052 1967 3284 2022 ﬁrmavi.
3300 1966 3533 2022 Fulber-

1940 2070 2030 2118 tus
2048 2063 2340 2133 episcopus
2359 2060 2620 2117 Carnotis
2639 2060 2874 2129 ﬁrmavi,
2887 2059 3059 2117 0dilis
3074 2060 3178 2133 [aL
3204 2059 3345 2133 Odo]
3358 2060 3532 2116 abbas

1939 2151 2323 2207 Cluniacensis
2356 2151 2592 2218 ﬁrmavi,
2618 2149 2927 2205 Everardus
2964 2150 3134 2205 abbas
3169 2148 3355 2204 Sancti
3382 2148 3532 2204 Mar-

1942 2242 2042 2298 tini
2064 2241 2295 2297 ﬁrmavi.
2322 2240 2624 2298 Gosbertus
2648 2242 2820 2298 abbas
2847 2240 3083 2296 Turonis
3109 2238 3299 2295 Sancti
3324 2238 3534 2296 Juliani

1942 2335 2174 2390 ﬁrmavi.
2218 2334 2334 2406 Ego
2364 2333 2536 2390 frater
2569 2333 2837 2390 Arnull‘us
2874 2334 3045 2404 prior,
3086 2341 3191 2390 etc.
3230 2332 3537 2390 Teodertus

1943 2425 2024 2499 [f.
2083 2424 2530 2498 Theodebertus]
2583 2426 2775 2482 abbas.
2836 2423 3155 2482 Osmundus
3206 2425 3534 2496 episcopus,

1943 2516 2240 2585 Ecmonus,
2264 2527 2369 2574 etc.
2399 2518 2513 2589 Ego
2535 2516 2829 2574 Rotbertus
2854 2519 3027 2589 gratia
3050 2515 3147 2572 Dei
3168 2532 3263 2572 rex
3289 2514 3537 2571 Francia:

1942 2625 2129 2665 meum
2176 2618 2232 2667 et
2292 2610 2393 2665 ﬁlii
2433 2611 2541 2666 mei
2586 2610 2732 2683 regis
2776 2608 2981 2681 Ugonis
3035 2624 3237 2664 nomen
3290 2607 3537 2664 scribere

1941 2703 2152 2774 rogavi.
2202 2702 2316 2775 Ego
2345 2702 2643 2759 Rotbcrtus
2686 2720 2785 2759 rex
2825 2702 3039 2757 ﬁrmavi
3081 2717 3251 2756 manu
3289 2699 3532 2771 propria.

1943 2794 2056 2866 Ego
2080 2794 2197 2868 Ugo
2220 2812 2317 2851 rex
2346 2794 2620 2850 Sﬁrmavi.
2639 2794 2751 2867 Ego
2772 2794 2981 2849 Erveus
2998 2792 3331 2849 archiciavis
3347 2789 3536 2848 Sancti

1942 2883 2163 2940 Martini
2204 2884 2545 2942 Turoneﬁsis
2589 2884 2821 2941 ﬁrmavi.
2856 2883 2972 2956 Ego
3017 2883 3134 2956 Ugo
3178 2882 3537 2954 archipraesul

248 2976 369 3024 tum
394 2985 680 3027 successor
708 2970 953 3039 eﬁ‘ectus,
986 2972 1381 3042 patrimonium
1422 2971 1571 3041 quod
1607 2969 1841 3040 relique-
1945 2976 2347 3034 Turonensium
2396 2978 2629 3033 ﬁrmavi.
2666 2977 2782 3049 Ego
2817 2976 3114 3034 Rotbertus
3160 2975 3531 3048 Rotomagen-

249 3060 698 3129 ratGotofredus,
721 3073 912 3135 postea
928 3063 1267 3121 Fructuariae
1286 3063 1527 3134 legitima
1549 3062 1839 3118 traditione
1864 3083 1908 3141 (ς
1942 3069 2022 3125 sis
2072 3070 2519 3141 archiepiscopus
2592 3070 2743 3125 omni
2796 3070 3126 3126 auctoritate
3178 3068 3358 3123 ﬁrmo.
3418 3066 3534 3137 Ego

248 3155 478 3211 donavit
510 3155 776 3213 funditus.
813 3156 920 3213 Sed
968 3174 1038 3213 ne
1079 3158 1323 3229 qualibet
1364 3156 1516 3227 justa
1549 3155 1839 3212 occasione

248 3250 412 3306 mala:
441 3251 773 3321 susceptioni
800 3251 1151 3308 detrahendis
1185 3251 1542 3306 seminarium
1586 3264 1841 3305 nascere-

249 3350 366 3410 tur,
404 3359 531 3398 cum
570 3344 908 3415 beneplacito
938 3343 1146 3399 domini
1178 3342 1452 3397 Drunonis
1482 3340 1746 3412 episcopi,
1773 3340 1840 3395 de

248 3437 527 3508 praedictis
558 3436 815 3493 omnibus
860 3454 893 3493 a
934 3445 1063 3492 voto
1094 3445 1287 3491 nostro
1318 3449 1428 3489 non
1455 3433 1839 3504 discrepantis,

250 3540 309 3585 et
347 3529 582 3586 fratrum
624 3531 1038 3601 amicorumque
1080 3530 1370 3600 utriusque
1412 3528 1583 3599 partis
1622 3535 1842 3597 sumpta

250 3621 553 3694 insigniora
603 3635 926 3680 ornamenta
971 3625 1041 3679 ab
1070 3624 1262 3680 eodem
1295 3627 1649 3689 monasterio,
1693 3631 1746 3677 et
1782 3623 1841 3678 in

248 3715 577 3771 memoriam
625 3716 798 3787 ipsius
837 3717 907 3771 arl
952 3732 1078 3771 eum
1120 3715 1517 3772 consolandum
1557 3713 1841 3769 Divionem

254 3863 631 3875 ————-

254 3877 632 3893 _——.——

1942 3159 2061 3233 Ugo
2104 3160 2488 3233 Bajocacensis
2530 3162 2777 3217 ecclesiae
2809 3162 3100 3231 episcopus
3141 3158 3376 3215 ﬁrmavi.
3420 3157 3534 3228 Ego

1941 3251 2062 3325 Ugo
2106 3251 2587 3309 Constantinensis
2630 3253 2922 3324 episcopus
2972 3252 3208 3307 ﬁrmavi.
3258 3250 3372 3323 Ego
3416 3248 3536 3320 Ugo

1942 3342 2328 3414 Ebrojacensis
2395 3344 2688 3415 episcopus
2746 3344 2979 3400 ﬁrmavi.
3034 3343 3150 3416 Ego
3208 3341 3536 3413 Norgaudus

1944 3434 2364 3492 Avrincacensis
2386 3435 2790 3507 [Abrincensis‘J
2822 3436 3116 3506 episcopus
3145 3432 3380 3489 ﬁrmavi.
3418 3431 3535 3502 Ego

1946 3527 2241 3600 Rotgerius
2277 3527 2634 3584 Lisuncensis
2673 3527 3081 3601 [Lexoviensis]
3115 3528 3407 3599 episcopus
3438 3526 3536 3580 ﬁr-

1946 3620 2112 3687 mavi,
2161 3619 2442 3677 Siefredus
2484 3620 2774 3692 episcopus
2819 3619 3137 3678 Saxicensis
3181 3616 3537 3695 [Sagiensis]

1947 3713 2178 3769 ﬁrmavi.

1260 3859 3538 3891 W

485 4025 1210 4140 APPENDIX
1289 4024 1478 4139 AD
1567 4019 2242 4138 SANCTUM
2327 4022 3297 4153 GUILLELMUM.

780 4346 1354 4471 ANNALES
1423 4347 1516 4437 S.
1593 4344 2097 4436 BENIGNI
2187 4346 2975 4441 DIVIONENSIS

1332 4518 1654 4584 EDENTE
1696 4518 1771 4580 G.
1818 4517 2091 4580 WAITZ
2127 4519 2255 4581 ΡΗ.
2308 4520 2437 4580 DB.

782 4669 968 4744 (Apud
994 4668 1200 4736 Psurz,
1232 4664 1577 4753 Monumenta
1604 4660 1903 4719 Germaniae
1932 4660 2211 4731 historica,
2245 4660 2444 4733 Script.
2473 4672 2605 4718 tom.
2633 4662 2701 4731 ν,
2731 4680 2854 4737 pag.
2886 4664 3001 4735 ὄλ)

323 4906 561 4965 Annales
586 4906 785 4963 breves
806 4917 915 4958 una
936 4901 1235 4972 eademque
1255 4917 1425 4958 manu
1448 4914 1624 4971 usque
1653 4899 1721 4956 ad
1744 4914 1845 4955 an-
1874 4905 1921 4962 Ι)
1946 4901 2320 4959 universitatis
2351 4882 2702 4962 Divionensis
2728 4908 3046 4959 asservatus
3073 4906 3127 4954 et
3156 4897 3252 4953 Nr.
3297 4894 3404 4951 269
3441 4911 3553 4952 nos

258 5018 385 5058 num
413 5002 519 5058 957
554 4998 770 5069 scripti,
811 5010 877 5052 ex
904 4995 1090 5054 codice
1126 4992 1471 5060 Coloniensi,
1515 4993 1611 5048 ubi
1654 5001 1847 5062 postea
1950 5001 2118 5063 tatus,
2149 5011 2294 5053 anno
2320 4994 2458 5049 1857
2498 5009 2531 5049 a
2574 5010 2665 5056 me
2708 4993 3022 5064 exscriptus
3066 5000 3169 5047 est.
3220 4988 3432 5046 Saecula
3467 5006 3565 5051 xu

259 5109 289 5148 a
315 5093 545 5150 diversis
598 5090 786 5147 addita
825 5097 908 5145 est
942 5086 1304 5159 continuatio,
1355 5085 1491 5143 editi
1538 5094 1669 5141 sunt
1698 5083 1846 5139 Mon.

261 5182 357 5238 SS.
392 5183 435 5250 Ι,
474 5200 526 5254 p.
575 5183 668 5238 97.
714 5179 943 5236 Eosdem
985 5176 1311 5251 descriptos,
1351 5177 1451 5235 sed
1486 5176 1675 5231 multis
1705 5175 1850 5230 nolis

1196 5272 1247 5298 Οἱ
1287 5294 1304 5298 -
1324 5275 1350 5298 ..Ι
1380 5284 1469 5298 ..ΑΛ-ο
1494 5265 1819 5298 ΠἏΛΛΟΑΟΊΡιιῘ

361 5284 444 5298 ι--
490 5289 719 5298 ...---_-.....
748 5286 935 5298 κη---
966 5285 1097 5298 “cum
1113 5268 1154 5298 ΙΙ

1952 5083 2062 5139 inc.
2088 5093 2348 5142 exaratus
2369 5100 2491 5141 esse
2517 5083 2736 5146 videtur
2756 5105 2773 5155 ;
2808 5085 3055 5145 continet
3071 5095 3204 5137 vero
3228 5086 3425 5152 praeter
3445 5079 3577 5144 alia

1955 5175 2068 5251 (i9)
2091 5179 2188 5243 fol.
2225 5178 2421 5245 44—57,
2457 5179 2741 5251 cyclorum
2773 5176 3023 5234 tabulam
3052 5191 3227 5247 usque
3249 5174 3315 5231 ad
3346 5186 3581 5240 annum

1958 5265 2090 5298 Ιηιξι
2128 5272 2321 5298 .I-.l....c

2328 5286 2412 5298 nm
2464 5272 2711 5298 Ian-“41-..-
2728 5282 2838 5298 --.Δ
2866 5265 3072 5298 ..ιοξωξο
3097 5264 3238 5298 ,Λιῖἶη
3268 5266 3451 5298 ἲ-οηηο
3495 5274 3580 5298 σε..
