4058 5406
546 244 659 302 815

1674 231 1968 303 APPEND.
2011 241 2104 298 AD
2142 240 2201 298 S.
2242 238 2725 301 GUILLELMUM.

3726 250 3825 314 870

546 359 631 416 las
655 358 874 430 adjecit,
897 372 1038 430 quas
1072 367 1273 430 partim
1297 372 1425 414 cum
1464 357 1771 415 Annalibus
1788 344 2150 414 ’Coloniensi-
2178 366 2226 423 Α
2251 357 2482 428 vestigia
2528 366 2834 429 sequuntur
2878 358 3013 430 (25),
3041 373 3153 430 quo
3197 358 3309 417 fere
3342 369 3584 433 tempore
3626 365 3826 436 priores

545 451 649 508 bus
676 451 991 519 convenire,
1025 451 1224 522 partim
1268 468 1357 509 res
1390 450 1674 508 Tullenscs
1704 452 1979 523 explicare
2005 451 2142 519 dixi,

545 545 621 602 ita
648 554 710 602 ut
734 546 1014 616 exemplar
1037 544 1334 601 Annalium
1359 546 1580 601 illorum
1609 546 1663 600 in
1692 546 1797 600 hac
1827 546 1960 600 urbe
1983 560 2142 615 repe-

544 641 709 695 titum
731 649 786 696 et
810 647 1034 695 auctum
1069 647 1196 694 ante
1228 638 1422 694 oculos
1457 637 1716 695 habuisse
1741 639 2009 694 videatur.
2044 636 2146 693 Ea-

532 730 675 875 fem
696 731 780 787 vel
803 731 1051 803 ejusdem
1082 730 1346 801 temporis
1374 742 1569 785 manus
1600 746 1745 786 anno
1769 728 1876 785 840
1903 729 2142 787 Annales

573 822 941 875 .‘uadunenses
963 818 1561 875 exscripsit.Successit
1585 835 1804 875 manus.
1823 837 1946 875 oua:
1968 836 2142 875 usaue

573 822 941 894 .‘ugdunenses
963 818 1561 892 exscripsit.Successit
1585 835 1804 889 manus,
1823 837 1946 891 quae
1968 836 2144 892 usque

546 912 614 970 ad
644 928 850 968 annum
877 911 1036 981 1065,
1064 913 1169 968 alia
1194 927 1318 984 quae
1339 927 1513 982 usque
1540 911 1607 967 ad
1632 927 1836 967 annum
1864 912 2002 966 1124
2028 910 2143 966 An-

547 1005 701 1063 nales
729 1012 1017 1078 prosecuta
1050 1013 1166 1072 est;
1194 1013 1250 1060 et
1269 1003 1326 1059 hi
1349 1012 1402 1059 et
1421 1002 1515 1058 alii
1542 1003 1838 1073 scriptores
1863 1001 2141 1073 prioribus

546 1097 711 1153 annis
734 1112 823 1153 res
858 1095 1235 1168 Lingonenses
1268 1093 1381 1166 (20)
1407 1102 1463 1150 et
1493 1092 1849 1149 Divionenses
1886 1091 2022 1166 (21),
2048 1092 2140 1147 alii

546 1191 865 1262 adjecerunt
889 1188 1260 1245 Virdunenses
1285 1187 1421 1257 (22),
1447 1187 1540 1242 alii
1555 1187 1789 1258 denique
1809 1186 1990 1242 varias
2012 1200 2141 1240 con-

546 1290 834 1353 gesserunt
875 1279 1274 1345 adnotationes,
1312 1293 1451 1349 quas
1478 1288 1593 1333 tum
1637 1292 1668 1332 e
1700 1275 1943 1333 fontibus
1982 1275 2141 1332 nobis

545 1375 858 1447 incognitis,
884 1382 1001 1428 tum
1024 1389 1089 1428 ex
1124 1370 1346 1443 propria
1383 1386 1567 1426 rerum
1603 1369 1915 1441 cognitione
1940 1370 2138 1426 hause-

544 1481 704 1536 runt;
742 1484 937 1524 omnes
971 1483 1101 1522 vero
1125 1481 1252 1523 saec.
1294 1482 1370 1521 xu
1401 1464 1510 1520 inc.
1545 1464 1602 1518 in
1637 1465 1739 1519 hoc
1766 1464 1949 1519 labore
1975 1478 2141 1520 occu-

542 1564 657 1635 pati
697 1561 868 1619 fuisse
901 1562 1175 1617 videntur.
1222 1558 1331 1616 Sed
1368 1559 1495 1614 inde
1524 1558 1602 1613 ab
1622 1572 1774 1612 anno
1806 1558 1942 1613 1125
1980 1557 2139 1613 muiti

544 1655 649 1710 sibi
685 1653 989 1710 succedunt
1023 1661 1297 1718 auctores,
1326 1650 1421 1722 qui
1452 1650 1777 1721 plerumque
1813 1650 1978 1705 rebus
1999 1666 2138 1720 quas

2245 448 2496 505 desinere
2534 450 2831 522 scriptores
2866 449 3224 509 Divionenses
3249 469 3413 525 supra
3449 454 3594 525 dixi;
3626 464 3681 514 et
3707 475 3826 514 cum

2245 542 2410 596 etiam
2446 557 2512 596 ex
2544 543 2994 599 antecedentibus
3032 545 3302 614 quaedam,
3332 562 3384 602 e.
3412 563 3494 618 gr.
3545 558 3685 606 nota:
3714 549 3828 605 Vir-

2245 633 2522 690 dunenses
2548 649 2761 700 omnes,
2799 635 2910 695 sint
2936 638 3324 706 praetermissa,
3364 639 3480 696 bzec
3513 649 3700 710 postea
3732 643 3828 698 de-

2245 742 2397 782 mum
2429 726 2603 782 codici
2629 726 2944 783 Divionensi
2971 729 3120 784 illata
3141 745 3265 786 esse
3312 734 3571 802 putarim.
3595 734 3827 791 Annales

2245 815 2548 873 Besuenscs
2571 833 2717 874 anno
2742 819 3049 874 1119-1174
3082 821 3138 875 in
3176 824 3511 880 monasterio
3538 826 3632 881 illo
3656 826 3825 881 conti-

2211 898 2397 963 ‘nuati
2421 916 2571 976 sunt,
2601 907 2787 966 Sancti
2814 908 3041 982 Benigni
3072 910 3431 971 Divionenses
3470 917 3526 970 in
3555 917 3662 973 hoc
3693 918 3829 974 libro

2245 1017 2421 1072 usque
2447 1002 2515 1057 ad
2547 1018 2752 1058 annum
2789 1003 2929 1058 1214
2972 1020 3004 1059 a
3026 1005 3260 1062 diversis
3291 1007 3530 1064 deducti.
3569 1038 3642 1049 —-
3686 1011 3829 1067 Alter

2244 1110 2373 1151 νει-ο
2399 1105 2567 1152 extat.

2312 1189 2366 1245 2.
2400 1188 2584 1245 Codex
2616 1188 3148 1261 Montispessulanus
3183 1188 3278 1248 Nr.
3302 1188 3393 1249 48.
3425 1192 3542 1261 fol.,
3579 1205 3741 1252 antea
3766 1197 3825 1254 C.

2241 1281 2483 1336 Bouhier
2512 1280 2573 1336 Β.
2608 1281 2676 1336 48
2699 1292 2753 1337 et
2781 1282 2912 1337 olim
2941 1282 2997 1337 in
3023 1284 3216 1339 eodem
3257 1283 3442 1340 Sancti
3471 1286 3703 1359 Benigni
3724 1305 3814 1345 cae

2241 1373 2408 1428 nobio
2454 1382 2803 1441 asservalus;
2857 1375 2950 1445 qui
3012 1390 3138 1431 srec.
3172 1392 3270 1431 xm
3315 1377 3554 1448 scriptus
3600 1377 3698 1434 fol.
3745 1381 3825 1447 11,
3882 1380 3888 1385 ’

2241 1483 2393 1539 seqq.
2427 1468 2608 1539 cyclos
2642 1468 2889 1523 continet
2917 1467 2988 1522 ab
3013 1482 3161 1522 anno
3187 1468 3391 1524 l-l5‘95
3423 1470 3600 1526 tribus
3622 1471 3828 1527 colum—

2241 1558 2327 1613 nis
2350 1567 2623 1626 exaratos,
2663 1558 2716 1612 in
2752 1574 2990 1629 quorum
3025 1559 3273 1630 margine
3306 1559 3545 1616 Annales
3577 1560 3832 1632 leguntur

2240 1652 2308 1708 ad
2333 1653 2677 1723 supradictos
2701 1667 2865 1723 prape
2901 1652 3242 1708 accedentes.
3284 1650 3467 1723 Usque
3492 1654 3562 1709 ad
3593 1670 3724 1710 saec.
3756 1668 3829 1711 xu

541 1754 802 1804 enarrant
848 1745 1084 1817 aequales
1130 1744 1351 1800 fuerunt
1390 1752 1445 1799 et
1484 1743 1621 1799 satis
1651 1750 1906 1798 accurata
1950 1758 2133 1797 rerum
2167 1732 2210 1787 Β
2235 1759 2422 1814 pauca:
2462 1751 2671 1799 tantum
2714 1752 2933 1799 exstant
2965 1752 3109 1800 notae
3147 1758 3334 1815 ezeque
3369 1746 3570 1816 partim
3616 1747 3832 1802 aliunde

542 1838 856 1912 cognitione
887 1837 1102 1893 imbuti.
1148 1835 1520 1891 Verumetiam
1568 1834 1941 1890 antecedentia
1994 1849 2137 1904 szepe

543 1946 652 1987 non
664 1930 894 1986 minoris
906 1930 1153 1985 habenda
1167 1937 1297 1984 sunt
1311 1927 1671 1993 auctoritatis,
1686 1927 1887 1997 quippe
1901 1941 2134 1997 quorum

540 2023 782 2078 maxima
809 2038 937 2092 pars
963 2037 993 2076 e
1015 2021 1295 2077 codicibus
1322 2019 1727 2090 antiquioribus
1750 2021 1822 2073 sit
1842 2021 2133 2088 descripta.

540 2110 698 2180 Quod
730 2126 841 2182 quo
866 2110 1039 2166 salius
1083 2109 1460 2181 perspiciatur,
1499 2122 1839 2178 quaecunque
1880 2122 1912 2162 e
1950 2107 2137 2162 codice

541 2203 784 2261 Tullensi
840 2213 1057 2275 sumpta
1100 2203 1386 2269 videntur,
1435 2202 1614 2256 littera
1671 2200 1891 2271 obliqua
1962 2200 2139 2268 expri-

539 2299 739 2354 menda
766 2297 977 2365 curavi,
1015 2311 1188 2368 eaque
1224 2296 1297 2350 ita
1324 2293 1573 2360 distinxi,
1618 2302 1677 2347 ut
1701 2307 1824 2363 quae
1858 2292 1924 2346 ad
1950 2291 2137 2346 Anna-

540 2390 621 2446 les
641 2390 999 2446 Colonienses
1038 2387 1508 2469 prope'accedunt
1532 2385 1673 2457 typis
1701 2385 1897 2449 artius,
1926 2384 2135 2453 reliqua

541 2484 707 2539 latius
742 2483 938 2555 positis
967 2482 1297 2538 iudicentur.
1322 2479 1528 2535 Caetera
1552 2478 1731 2533 littera
1754 2478 2136 2547 exprimuntur

538 2576 786 2649 vulgari;
822 2576 916 2631 sed
960 2590 1084 2647 quae
1135 2574 1336 2644 cuique
1379 2572 1565 2627 manui
1607 2571 1929 2635 debeantur,
1968 2584 2135 2640 quam

541 2666 957 2724 accuratissime
990 2667 1144 2736 potui
1177 2665 1454 2720 annotavi.
1489 2695 1560 2704 —
1596 2662 1674 2717 Ex
1705 2664 1792 2717 bis
1832 2662 2137 2716 Annalibus

540 2759 846 2815 Besuenses
881 2758 1047 2829 (Mon.
1102 2758 1166 2824 ll,
1201 2774 1253 2828 p.
1298 2758 1405 2811 248
1443 2755 1641 2826 editos)
1674 2756 1977 2824 descriptos
2014 2770 2136 2810 esse

544 2851 682 2923 (25),
716 2867 878 2906 nemo
915 2851 1139 2922 negabit
1178 2850 1270 2921 qui
1323 2849 1469 2904 videt
1503 2848 1815 2939 notqtioncs
1867 2848 1939 2901 ibi
1981 2862 2011 2901 a
2046 2846 2133 2901 di-

541 2942 719 2998 versis
754 2942 986 3013 seriptas
1018 2943 1108 2997 hic
1141 2957 1254 2996 uno
1279 2941 1492 2997 calamo
1525 2937 1648 2995 esse
1689 2939 1947 3009 repetitas
1994 2937 2129 3010 (24).

540 3030 730 3105 Neque
755 3042 935 3089 tamen
973 3034 1112 3089 ultra
1158 3049 1362 3088 annum
1410 3030 1548 3086 1118
1590 3030 1894 3086 Besuenses
1916 3029 2133 3083 illorum

2239 1835 2482 1901 hausta;
2522 1836 2647 1890 inde
2680 1835 2749 1889 ab
2781 1850 2929 1890 anno
2953 1834 3092 1890 1108
3122 1851 3252 1891 vero
3290 1836 3477 1905 plures
3505 1846 3829 1905 occurrunt,

2237 1944 2396 1999 quas,
2433 1928 2685 1999 quamvis
2715 1942 2822 1983 non
2849 1928 2941 1981 uni
2966 1928 3269 1983 debeantur
3291 1930 3569 2000 scriptori,
3595 1946 3745 2001 saepe
3768 1948 3831 1987 ex

2240 2019 2265 2073 1
2299 2035 2419 2074 esse
2441 2019 2755 2088 desumptas
2771 2017 2927 2073 facile
2953 2026 3039 2073 est
3081 2019 3355 2074 intellectu
3388 2020 3520 2092 (20).
3547 2019 3828 2076 Interdum

2238 2109 2472 2166 fortasse
2503 2109 2646 2165 idem
2680 2109 2897 2180 utrique
2928 2109 3100 2165 codici
3125 2110 3359 2165 similem
3385 2112 3730 2167 notationem
3752 2113 3833 2166 in-

2238 2204 2392 2271 tulit;
2437 2203 2580 2259 alius
2626 2203 2796 2269 hunc,
2835 2202 2975 2258 alius
3034 2203 3188 2258 illum
3232 2205 3538 2274 praetulisse
3590 2205 3828 2261 videtur.

2237 2295 2368 2352 Post
2390 2309 2595 2351 annum
2627 2296 2761 2351 12H
2798 2311 2926 2351 vero
2955 2296 3045 2351 bic
3067 2295 3218 2351 solus
3245 2313 3367 2366 qua:
3395 2298 3449 2351 in
3493 2298 3833 2353 monasterio

2240 2389 2520 2445 mentOriaa
2534 2388 2888 2443 tradebantur
2910 2388 3112 2458 recepit
3131 2389 3306 2459 iisque
3332 2405 3506 2460 usque
3530 2390 3599 2445 ad
3629 2406 3832 2446 annum

2238 2479 2378 2536 1285
2406 2491 2632 2537 ornatus
2682 2488 2781 2536 est.
2813 2478 2945 2547 Quae
2978 2480 3161 2535 omnia
3183 2496 3326 2537 anno
3364 2482 3503 2536 1857
3536 2483 3829 2553 exscripsi.

2307 2571 2559 2627 Labbeus
2591 2587 2657 2626 ex
2702 2571 2939 2626 codice!
2982 2586 3234 2642 magnam
3276 2571 3573 2627 Annalium
3622 2582 3831 2644 partem

2235 2667 2402 2722 edidit
2427 2665 2586 2737 (Bibl.
2630 2682 2760 2721 mss.
2789 2665 2828 2731 l,
2859 2682 2909 2736 p.
2935 2665 3089 2734 9.93);
3120 2681 3187 2720 ex
3217 2683 3327 2736 quo
3356 2666 3631 2737 Bouqueti
3656 2666 3832 2722 conti-

2236 2764 2495 2810 nuatores
2522 2754 2825 2825 fragmenta
2868 2764 3191 2824 receperunt
3218 2754 3310 2825 (XI
3351 2772 3405 2826 p.
3453 2757 3597 2822 345;
3630 2755 3746 2823 XII,
3778 2772 3828 2825 p.

2206 2845 2373 2914 510,
2414 2845 2579 2914 XVII,
2616 2862 2670 2916 ιι.
2720 2846 2863 2913 741).
2892 2844 3023 2911 Qua-
3049 2845 3103 2900 in
3134 2846 3320 2902 codice
3354 2847 3389 2900 2
3419 2847 3685 2918 leguntur
3708 2848 3835 2901 buc-

2235 2954 2429 3011 usque,
2455 2940 2602 3010 quod
2625 2940 2817 3005 sciam,
2842 2940 3042 2995 inedita
3074 2950 3218 2996 sunt.

3286 3028 3351 3085 G.
3391 3028 3612 3085 Wu'rz.

557 3190 3823 3225 MM

1074 3353 1612 3446 ANNALES
1684 3353 1778 3444 S.
1855 3350 2362 3442 BENIGNI
2442 3347 3268 3479 DIVIONENSIS.

1952 3509 2422 3536 ____-——-‘t——-.

612 3632 790 3705 (564.)
826 3628 1003 3704 Hujus
1034 3629 1055 3665 ί
1092 3631 1437 3705 (Chilbeberti
1484 3630 1574 3703 ΙΙ)
1615 3640 1861 3702 tempore
1910 3638 2136 3684 sanctus
2162 3631 2204 3689 c
2240 3623 2554 3681 Madelucus
2600 3618 2956 3683 Virdunensis
2986 3625 3295 3699 episcopus,
3342 3626 3501 3699 cujus
3529 3644 3743 3702 corpus
3771 3630 3827 3686 in

539 3725 804 3797 Agericus
823 3721 1185 3781 Virdunensis
1209 3726 1499 3796 episcopus
1519 3724 1792 3781 claruit‘iu
1816 3721 2127 3790 miraculis;

540 3819 689 3890 quod
716 3818 878 3874 etiam
905 3816 1243 3873 Fortunatus
1265 3826 1422 3888 poeta
1444 3832 1552 3871 non
1582 3823 1725 3871 tacet
1755 3815 1889 3887 (27).

613 3907 736 3963 755.
779 3909 800 3939 ¹
838 3906 924 3961 Ibi
969 3908 990 3939 ³
1046 3907 1367 3973 benedictus,
1393 3910 1470 3961 est
1496 3898 1719 3976 Pipinus
1749 3921 1841 3959 rex
1876 3921 1909 3958 a
1943 3910 2129 3958 sancta

541 3994 810 4067 Stephano
836 4014 978 4068 papa
1004 3995 1254 4051 Parisius
1282 4007 1332 4051 et
1358 3996 1463 4067 lilii
1491 3996 1606 4066 ejus
1635 3995 1870 4050 Kurolus
1898 4004 1948 4049 et
1978 3993 2127 4048 Kar-

539 4088 843 4156 lomannus,
879 4098 930 4143 ct
975 4089 1094 4158 ﬁlia
1122 4088 1318 4156 Cisila,
1350 4090 1487 4142 inter
1514 4105 1669 4142 sacra
1699 4088 1984 4141 missarum
2019 4089 2129 4140 sal-

541 4175 794 4247 lempnia,
822 4178 1138 4249 precipientc
1173 4186 1357 4232 sancto
1396 4176 1559 4231 Petro
1585 4185 1636 4231 et
1662 4185 1846 4231 saneto
1874 4175 2050 4230 Paulo
2077 4184 2131 4229 et

543 4266 693 4320 beato
721 4265 986 4321 Dionisio.

612 4354 896 4413 Ordinatio
917 4359 941 4390 ⁸
966 4357 1154 4413 domui
1180 4356 1444 4414 Madeluci
1472 4355 1835 4413 Virdunensis
1862 4358 2122 4430 episcopi.

612 4444 786 4519 (760.)
826 4444 1188 4519 Temporibus
1221 4447 1244 4480 '
1281 4445 1494 4519 Pippiui
1516 4447 1662 4517 regis
1691 4446 1864 4519 viguit
1901 4458 2126 4505 sanctus

2235 3717 2404 3788 cripta
2438 3718 2613 3773 sancti
2640 3716 2823 3774 Vitoni
2853 3721 3147 3791 sepultum,
3171 3730 3297 3792 post
3325 3720 3395 3777 40
3419 3738 3600 3780 annos
3635 3725 3829 3780 inven-

2234 3820 2349 3868 tum
2384 3819 2467 3867 est
2488 3811 2708 3866 incorru
2715 3821 2889 3883 ptum.

2308 3903 2430 3959 708.
2469 3903 2694 3974 Pipinus
2725 3904 2838 3976 (28)
2870 3921 2961 3959 rex
2990 3904 3119 3960 obiit
3149 3905 3202 3962 8.
3234 3906 3363 3962 Kal.
3398 3905 3619 3963 Octobr.

2309 3996 2427 4050 769.
2472 3994 2695 4051 Initium
2720 3998 2864 4067 regni
2896 3996 3089 4052 Κανοιὶ
3126 4000 3282 4071 regis.

2309 4086 2431 4142 770.
2477 4088 2605 4157 (Aut
2636 4089 2784 4162 771.)
2820 4088 2888 4143 Et
2918 4088 3315 4149 b'arlamannus
3333 4092 3464 4149 obiit
3493 4091 3825 4150 2.Νοιι.1)ο·

2233 4179 2427 4235 cembr.

2305 4264 2427 4325 772.
2470 4270 2743 4327 Adrianus
2771 4291 2909 4345 papa
2936 4277 3177 4346 eﬂicitur.

2302 4361 2423 4417 776.
2466 4363 2747 4419 Conversio
2776 4365 3070 4423 Saxonum.

2299 4451 2422 4510 778.
2455 4453 2696 4512 'Karolus
2726 4458 2784 4512 in
2815 4456 3044 4529 Spanius
3072 4461 3313 4517 intravit.

1839 4558 2076 4616 VARIIE
2113 4561 2526 4621 LEC'I‘IONES.
3088 4618 3092 4623 .

616 4653 633 4685 ¹
673 4650 828 4707 Hanc
862 4668 1024 4706 unam
1050 4652 1375 4707 notationem
1402 4667 1565 4706 manu
1592 4650 1628 4722 β
1653 4650 1908 4775 scrliflam
1936 4666 2001 4704 ex
2029 4652 2184 4731 annis
2211 4653 2478 4723 prioribus
2504 4673 2616 4711 recc
2652 4658 2690 4712 i.
2731 4658 2938 4715 Caetera
2968 4677 3131 4733 usque
3176 4663 3248 4718 ad
3289 4681 3342 4721 a.
3390 4663 3499 4722 752
3552 4665 3745 4724 omisi.
3788 4664 3825 4722 2

616 4724 692 4782 ’52
720 4739 859 4778 corr.
893 4723 1017 4778 755.
1048 4724 1167 4778 cod.
1237 4723 1259 4755 ³
1295 4738 1476 4783 prima
1505 4738 1688 4777 manu.
1781 4738 1857 4776 we
1882 4731 2155 4783 exscripta
2185 4733 2307 4779 sunt
2336 4742 2395 4781 in
2422 4729 2559 4783 Ann.
2589 4674 2715 4783 ges.
2790 4730 2814 4762 δ
2848 4746 3009 4783 manu
3042 4732 3094 4783 Β.
3168 4732 3191 4766 ⁸
3226 4751 3387 4783 manu
3416 4756 3469 4783 σν.

543 4723 565 4754 ⁸
590 4723 692 4782 752
720 4739 859 4778 corr.
893 4723 1017 4778 755.
1048 4724 1167 4778 cod.
1237 4723 1259 4755 ³
1295 4738 1476 4795 prima
1505 4738 1688 4777 manu.

1781 4738 1857 4776 we
1882 4724 2155 4793 exscripta
2185 4733 2307 4779 sunt
2336 4742 2395 4781 in
2422 4729 2559 4783 Ann.

2640 4745 2715 4784 es.
2790 4730 2814 4762 δ
2848 4746 3009 4786 manu
3040 4730 3094 4807 β,
3168 4732 3191 4766 ⁵
3226 4751 3387 4790 manu
3416 4756 3469 4811 γ.

2077 4815 2309 4873 NOTAE.

635 4903 726 4973 ac)
760 4905 827 4959 A.
853 4903 979 4972 858,
1003 4902 1130 4969 856,
1156 4901 1281 4972 880,
1309 4902 1584 4973 922,981,
1614 4913 1721 4961 etc.

637 4975 728 5043 21)
764 4975 831 5030 A.
871 4974 998 5043 871,
1034 4975 1160 5041 912,
1183 4985 1289 5030 etc.

637 5043 829 5117 22)]8.
860 5045 988 5117 564,
1012 5045 1124 5117 755
1149 5044 1320 5117 (700),
1351 5043 1477 5117 808,
1516 5044 1792 5117 882,915,
1839 5046 1966 5115 925,
1990 5047 2118 5114 925,

534 5114 670 5178 959,
695 5114 820 5182 940,
840 5116 972 5180 951,
998 5115 1124 5181 975,
1157 5114 1321 5182 1005,
1348 5115 1508 5178 1046,
1533 5114 1688 5169 1060.

611 5183 724 5254 (25)
754 5183 989 5259 Ann:_S.
1014 5184 1241 5259 Benigni
1258 5186 1485 5259 minime
1505 5200 1571 5240 ex
1594 5184 2121 5259 Ann.Bcsuensibus

535 5251 838 5329 nunerum.
873 5253 1061 5326 Neque
1087 5251 1409 5329 S.'_Benigui
1450 5255 1843 5311 monasterium
1872 5273 1923 5311 a.
1958 5255 2120 5325 1002,

541 5322 918 5406 sed‘ja‘mnswc.
937 5322 1023 5404 vi,
1040 5322 1442 5406 cond-itum'est.

2155 4915 2201 4972 D
2228 4909 2437 5032 “(1575),
2469 4908 2609 4965 1052
2640 4908 2847 4979 (1037),
2882 4909 3043 4978 1088,
3078 4911 3237 4980 1101,
3271 4912 3430 4981 1105,
3476 4914 3817 5000 110541072

2228 5003 2236 5011 ι
2397 4981 2644 5032 αιιξεόειπι
2662 4981 2888 5032 addunt.
2915 4997 3037 5032 (tum
3061 4982 3383 5032 nlernmnne
3403 4987 3469 5032 ad
3497 4995 3817 5032 mansuetam

2265 4980 2365 5061 117
2397 4981 3037 5061 quzedamadduntLquze
3060 4982 3471 5061 plerumquead
3495 4988 3823 5061 monasterii

2231 5049 2516 5104 historiam
2548 5050 2838 5119 pertinent.
2869 5049 3008 5108 Nota
3031 5049 3081 5109 a‘.
3112 5054 3216 5110 888
3237 5049 3362 5111 cum
3389 5057 3458 5112 iis
3486 5058 3553 5112 ad
3582 5059 3819 5114 verbum

2227 5120 2485 5197 convenit
2509 5136 2720 5197 quaeea;
2753 5122 2856 5178 hoc
2877 5124 3258 5197 codiceAreh.
3283 5124 3394 5192 VII,
3418 5142 3473 5197 p.
3504 5126 3615 5182 448
3635 5128 3818 5196 edidi;

2228 5190 2526 5265 ubiproa.
2542 5190 2658 5265 869
2692 5190 2924 5250 fortasse
2938 5194 3048 5265 888
3070 5194 3326 5265 legendus
3352 5190 3457 5252 est.

2300 5260 2412 5330 (26)
2455 5261 2590 5332 Υἰόβ
2615 5277 2737 5330 quae
2769 5264 2949 5319 notavi
2975 5260 3305 5332 anno'lIiO,
3331 5268 3488 5323 1121.

2230 5332 2416 5406 ηβῖ)
2456 5330 2516 5406 _\'_.
2551 5330 2778 5386 Bertarii
2802 5333 2963 5390 Gesta
2986 5351 3106 5406 epp.
3143 5330 3318 5406 Vird.',
3354 5354 3405 5395 c.
3431 5338 3486 5394 6.
3527 5337 3682 5396 Non.
3714 5336 3817 5396 SS.
