4058 5406
459 364 566 422 887

457 572 605 632 ﬁlius
619 575 774 632 ducis
791 578 925 647 (5i),
942 578 1437 650 Augustidunensis
1457 585 1768 657 episcopus,
1785 590 2050 645 eteodem

459 681 606 722 anno
636 668 703 724 15
747 667 884 724 Non.
919 670 1056 742 Aug.
1082 671 1372 728 defunctus
1397 685 1501 732 est.

529 757 689 814 1149..
734 756 881 814 Obiit
926 759 1082 831 Hugo
1125 761 1386 832 paciﬁcus
1419 765 1530 820 dux
1566 765 1894 840 Burgundio.
1951 769 2050 828 Hic

455 851 665 908 dimisit
686 849 882 910 Ietrus
909 855 1077 911 abbas
1100 856 1370 912 ahbatiam
1407 874 1562 914 suam
1586 861 1650 914 ⁸⁸.

528 941 690 999 1115.
742 943 888 998 Obiit
935 943 1286 1001 Innocentius
1339 964 1498 1020 papa.
1553 949 1831 1008 Successit
1891 952 2048 1009 Cele—

457 1032 636 1090 stinus
655 1035 721 1090 δ’.

527 1128 687 1184 1145.
718 1128 912 1187 Petrus
940 1130 1224 1190 Belnensis
1246 1133 1470 1192 dimittit
1493 1136 1786 1194 abbatiam.
1815 1139 2048 1198 Succes-

457 1222 530 1278 sit
564 1222 866 1295 Philippus.

528 1315 686 1370 1147.
716 1315 830 1374 [loc
857 1334 1000 1375 anno
1029 1318 1306 1393 Eugenius
1340 1338 1481 1394 papa
1517 1333 1571 1380 et
1615 1325 1926 1384 Ludovicus
1952 1344 2048 1382 rex

456 1404 737 1464 Dominica
783 1411 960 1466 medie
988 1414 1402 1485 quadragesime
1450 1415 1672 1472 fuerunt
1715 1419 1920 1488 pariter
1957 1418 2052 1474 Di-

454 1499 624 1567 vioni,
651 1501 794 1556 etin
829 1504 1089 1571 crastino,
1142 1505 1178 1558 2
1223 1507 1472 1562 videlicet
1520 1507 1676 1576 feria,
1727 1520 2047 1565 consecrata

452 1597 538 1644 est
557 1592 785 1646 ecclesia
816 1591 1162 1650 Divionensis
1185 1597 1256 1650 ab
1270 1597 1459 1652 eodem
1482 1614 1639 1669 papa.
1653 1631 1725 1640 -—
1739 1599 2048 1655 Ludovicus

451 1693 549 1734 rex
579 1679 916 1738 Francorum
945 1682 1023 1756 [et
1044 1686 1090 1717 ⁹⁰
1118 1686 1436 1762 imperator]
1467 1706 1590 1744 cum
1639 1690 1853 1746 inﬁnito
1886 1707 2046 1747 exer-

451 1772 564 1828 citu
590 1772 1134 1833 Hierosolimitanum
1161 1778 1265 1834 iter
1295 1796 1586 1852 aggressus
1620 1790 1723 1838 est.

523 1866 658 1922 1151
687 1866 803 1940 (aut
831 1869 1142 1942 M52).Hoc
1163 1886 1309 1926 anno
1339 1871 1442 1927 fuit
1462 1872 1633 1930 fames
1655 1874 2045 1946 magna.Prin-
2080 1858 2123 1912 Β

453 1959 603 2030 cipes
631 1959 673 1992 ”
708 1961 864 2016 multi
899 1965 1293 2020 occubuerunt.
1324 1964 1634 2022 Ludovicus
1655 1967 1701 1999 ⁹²
1727 1968 2044 2038 imperator,

453 2066 641 2108 comes
660 2053 707 2084 ⁹⁸
727 2052 1135 2126 Andegavensis
1159 2056 1296 2128 (55),
1324 2056 1620 2114 Tetbaldus
1643 2074 1829 2115 comes
1859 2059 1972 2130 (56)
1994 2069 2050 2114 et

454 2143 838 2202 alii”.—lloc
867 2147 1033 2202 etiam
1060 2163 1207 2204 anno
1237 2146 1342 2204 fuit
1361 2165 1557 2222 magna
1583 2152 1811 2220 penuria
1845 2152 2043 2207 vini”.

530 2235 689 2291 1155.
733 2235 849 2294 Hoc
891 2254 1038 2294 anno
1079 2239 1215 2295 obiit
1263 2255 1401 2311 papa
1445 2240 1743 2313 Eugenius,
1775 2253 1829 2297 et
1877 2243 2048 2298 abbas

454 2324 770 2385 Bernardus
804 2328 1243 2388 Clarevallensis.

532 2415 688 2472 1154.
729 2417 844 2476 lloc
873 2437 1020 2476 anno
1048 2430 1175 2476 ante
1197 2422 1230 2477 8
1253 2423 1372 2478 dies
1419 2424 1618 2480 natalis
1652 2424 1870 2479 Domini
1913 2426 2049 2481 obiit

458 2509 788 2568 Anastasius
817 2529 977 2584 papa,
1006 2522 1061 2570 et
1086 2517 1354 2571 successit
1380 2517 1670 2574 Adrianus.

528 2599 688 2656 1155.
728 2600 842 2657 lloc
891 2619 1039 2658 anno
1079 2604 1146 2659 15
1200 2603 1318 2659 Kal.
1366 2604 1525 2661 Febr.
1557 2605 1660 2660 fuit
1695 2615 1838 2662 terre
1867 2617 2049 2663 motus

457 2707 692 2764 magnus
717 2702 773 2750 ct
800 2694 867 2749 17
918 2696 981 2750 ⁸⁸.
1031 2695 1150 2751 Kal.
1205 2696 1499 2753 Novembr.
1536 2699 1591 2753 in
1639 2700 1914 2756 dominica
1962 2702 2049 2757 die

459 2783 608 2840 circa
647 2786 841 2841 horam
863 2788 1109 2843 terciam.

530 2875 690 2932 1159.
732 2877 846 2935 Hoc
869 2895 1015 2934 anno
1041 2879 1192 2936 venit
1219 2882 1446 2954 hyemps
1478 2899 1695 2956 magna,
1728 2884 1848 2956 gelu
1873 2895 1924 2940 et
1955 2886 2048 2940 nix

458 2967 494 3023 4
537 2967 663 3024 ldus
689 2967 863 3027 Octob

532 3060 690 3116 1161.
715 3061 830 3117 Hoc
852 3079 998 3120 anno
1027 3065 1062 3119 2
1107 3064 1234 3122 ldus
1265 3065 1394 3124 Ecl).
1420 3076 1545 3136 post
1569 3067 1802 3123 mediam
1833 3078 2047 3123 noctem

458 3150 754 3207 obscurata
781 3163 866 3209 est
901 3154 1031 3210 luna
1056 3170 1324 3226 versaque
1348 3166 1435 3211 est
1462 3158 1515 3211 in
1559 3159 1920 3230 sanguineum
1951 3174 2048 3214 co-
2077 3203 2122 3230 Γ

2060 3205 2119 3265 θ

460 3241 654 3310 lorem,
685 3245 873 3316 sicque
908 3247 1113 3302 mansit
1142 3264 1316 3318 usque
1341 3249 1408 3304 ad
1448 3250 1645 3305 lucem.

533 3333 690 3389 H62.
733 3333 849 3391 Hoc
873 3351 1018 3391 anno
1038 3337 1175 3391 obiit
1208 3354 1397 3393 mense
1426 3337 1574 3409 Sept.
1611 3337 1729 3394 Odo
1757 3339 1868 3395 dux
1911 3338 2046 3394 Bur-

459 3425 680 3496 gundio,
710 3427 1027 3499 relinquens
1057 3429 1229 3484 lilium
1266 3429 1571 3502 Ilugonem.

533 3517 692 3573 1165.
735 3517 851 3576 Hoc
877 3537 1023 3576 anno
1050 3521 1261 3578 dimisit
1285 3525 1664 3594 episcopatum
1697 3522 2046 3590 Godefridcs,

446 3617 518 3664 et
537 3608 826 3680 Galnerus,
857 3611 1002 3668 ﬁlius
1038 3611 1283 3685 Hugonis
1331 3615 1508 3682 ducis,
1537 3615 1832 3686 episcopus
1871 3613 2048 3671 factus

461 3709 565 3756 est.

535 3793 691 3849 H67.
743 3835 758 3850 .
799 3836 813 3850 .
859 3836 874 3849 .
914 3836 928 3850 .
974 3836 989 3851 .
1037 3837 1051 3851 .
1097 3837 1111 3850 .
1149 3797 1196 3828 ”
1228 3794 1512 3867 Inperator
1544 3798 1708 3853 etiam
1739 3798 1880 3868 apud
1910 3796 2049 3852 San-

461 3890 609 3938 ctum
652 3883 873 3940 Petrum
924 3885 1097 3942 Rome
1139 3901 1265 3941 cum
1300 3887 1347 3918 “
1377 3887 1608 3958 conjuge
1657 3902 1758 3942 sua
1797 3887 2046 3942 coronari

459 3991 522 4031 se
545 3975 689 4031 fecit.
1844 3962 1852 3971 ’

534 4067 691 4122 1171.
729 4066 1102 4125 Martirizatur
1129 4077 1353 4125 sanctus
1380 4067 1640 4125 Thomas.

534 4245 693 4302 1175.
750 4247 1035 4319 Philippus
1083 4246 1311 4302 dimittit
1363 4245 1639 4302 abbatiam
1699 4245 1767 4300 15
1821 4242 1941 4299 Kal.
2002 4244 2047 4276 ³⁷

464 4335 689 4393 Ianuar.
718 4337 971 4395 Succedit
1004 4339 1302 4396 Iohannes.

538 4429 698 4486 1177.
738 4430 854 4488 lloc
903 4449 1048 4488 anno
1077 4431 1250 4488 fames
1274 4433 1451 4488 valida
1489 4430 1721 4487 invaluit
1741 4431 1808 4485 9'.
1853 4471 1866 4485 .
1909 4471 1922 4484 .
1968 4471 1980 4484 .
2028 4469 2047 4484 .

461 4522 643 4577 tabula
670 4533 923 4597 argentea
951 4526 1176 4597 majoris
1197 4527 1387 4583 altaris
1407 4525 1744 4597 pauperibus
1769 4523 1941 4580 duxit.
1971 4565 1984 4577 .
2029 4564 2043 4578 .

535 4615 693 4671 1178.
734 4616 847 4674 Hoc
877 4634 1020 4675 anno
1071 4620 1213 4689 apud
1239 4618 1530 4675 Veneciam
1566 4634 1669 4689 pax
1725 4617 1864 4672 inter
1893 4616 2050 4672 dom-

460 4720 595 4760 num
636 4707 1004 4764 Alexandrum
1061 4718 1117 4765 et
1157 4708 1504 4766 Fredericum
1553 4710 1934 4780 imperatorem
1965 4723 2050 4763 re-

459 4794 698 4853 formata
751 4809 856 4866 est,
903 4809 959 4856 ct
999 4802 1204 4858 scisma
1233 4802 1492 4872 50pitum.
1549 4799 1663 4856 lloc
1712 4800 1875 4854 etiam
1904 4813 2049 4852 anno

460 4892 698 4945 cessavit
717 4893 947 4948 ecclesia
976 4894 1083 4948 ista
1111 4895 1277 4964 ligata
1323 4909 1355 4948 a
1400 4893 1604 4948 domno
1633 4907 1770 4962 papa
1813 4890 2049 4944 Alexan-

459 4979 580 5049 dro,
611 4999 712 5052 pro
740 4985 954 5054 placitis
980 4985 1178 5041 domus
1204 4985 1271 5040 de
1291 4983 1551 5052 Morcius,
1579 4999 1743 5054 quam
1771 4981 2049 5035 Clareval-

1573 375 1863 435 APPEND.
1905 381 1996 436 AD
2036 381 2094 439 S.
2135 382 2611 444 GUlLLELMUM.

531 481 684 537 1110.
717 479 828 540 lloc
867 496 1013 540 anno
1036 486 1324 543 ordinatus
1356 485 1459 543 fuit
1489 488 1727 548 domnus
1757 492 2049 566 Robertus,
2079 502 2127 558 A

2223 767 2382 822 1141.
2410 769 2455 801 "
2485 765 2597 824 lloc
2619 781 2764 823 anno
2784 767 2991 824 dimisit
3019 767 3228 825 Petrus
3249 769 3581 826 Gebcnensis
3606 770 3735 826 aha-

2151 859 2292 915 ciam
2324 859 2507 925 istam,
2541 859 2635 929 qui
2691 859 2921 916 ﬁdeliter
2967 861 3317 929 ministravit,
3367 869 3419 917 et
3449 863 3504 916 in
3541 863 3734 919 diebus

2149 950 2266 1006 suis
2291 950 2586 1021 adquisivit
2607 949 2900 1007 Ulmetum.
2919 952 3019 1008 Cui
3042 954 3305 1010 successit
3323 953 3518 1010 Petrus
3539 954 3730 1011 Berne.

2220 1149 2380 1206 1114.
2414 1149 2528 1206 lloc
2550 1165 2696 1207 anno
2713 1149 2912 1208 Petrus
2922 1151 3212 1208 Bernensis
3232 1151 3438 1208 dimisit
3458 1151 3732 1207 abbatiam

2149 1256 2324 1297 suam.
2349 1241 2450 1295 Cui
2475 1242 2743 1296 successit
2769 1241 3070 1312 Philippus.

2219 1332 2378 1388 1M6.
2401 1331 2518 1388 Hoc
2547 1349 2692 1388 anno
2720 1332 2997 1405 Eugenius
3035 1349 3172 1404 papa
3202 1341 3257 1390 et
3300 1333 3611 1389 Ludovicus
3642 1349 3734 1390 rex

2147 1425 2391 1482 Franciae
2413 1425 2695 1483 Dominica
2716 1426 2802 1482 die
2825 1443 2931 1497 qua
2953 1436 3204 1482 cantatur
3231 1427 3421 1482 Letare
3432 1425 3734 1480 Jerusalem

2147 1516 2362 1572 Divioni
2387 1518 2594 1589 pariter
2614 1516 2856 1584 fuerunt,
2884 1526 2939 1572 et
2966 1519 3202 1573 domnus
3228 1533 3365 1589 papa
3392 1517 3736 1572 consecravit

2147 1609 2433 1666 ecclesiam
2457 1610 2620 1665 istam
2655 1609 2714 1663 11
2743 1608 2863 1664 Kal.
2890 1608 3078 1664 Marcii
3110 1609 3199 1664 ‘°°.

2223 2249 2382 2306 1155.
2422 2247 2570 2306 Obiit
2597 2248 2877 2322 Eugenius
2902 2246 3080 2321 papa.’

2223 3523 2380 3580 1165.
2424 3521 2539 3580 Hoc
2568 3539 2714 3582 anno
2741 3525 2950 3580 dimisit
2981 3523 3294 3581 Cottfredus
3328 3523 3737 3595 episcopatum.

2149 3614 2237 3672 cui
2271 3617 2537 3672 successit
2565 3615 2910 3684 Warnerius,
2943 3616 3089 3672 ﬁlius
3115 3614 3362 3688 Hugonis
3387 3615 3564 3671 ducis.

2224 3795 2380 3850 1166.
2414 3793 2528 3852 Hoc
2563 3812 2710 3852 anno
2739 3804 2902 3852 natus
2945 3796 3048 3852 fuit
3087 3795 3369 3866 Philippus
3402 3810 3497 3850 rex
3534 3793 3602 3848 de
3646 3791 3738 3845 illa

2150 3887 2337 3958 regina
2367 3903 2472 3958 que
2503 3885 2604 3944 fuit
2632 3888 2740 3942 lilia
2773 3887 3068 3944 Theobaldi
3099 3889 3315 3944 comitis
3348 3885 3663 3956 Campanic.

2223 4063 2379 4118 1171.
2405 4061 2520 4120 lloc
2557 4080 2704 4119 anno
2725 4064 3094 4121 martirizatus
3126 4062 3229 4118 fuit
3261 4062 3452 4118 beatus
3497 4057 3740 4113 Thomas

2151 4155 2560 4212 Cantuariensis
2585 4157 2892 4228 eplSCOpUS.

2223 4248 2381 4304 1175.
2425 4248 2542 4305 Hoc
2567 4265 2712 4304 anno
2738 4249 2946 4304 dimisit
2973 4248 3257 4319 Philippus
3287 4246 3524 4302 abatiam
3551 4246 3735 4301 istam.

2150 4339 2252 4395 Cui
2281 4341 2546 4396 successit
2568 4339 2848 4397 Iohannes
2873 4341 3113 4397 lumbus.

2224 4432 2382 4487 1177.
2422 4431 2537 4489 lloc
2592 4449 2758 4488 anno.
2803 4474 2816 4489 .
2865 4475 2879 4489 .
2952 4451 3052 4505 pro
3095 4449 3226 4504 quo.
3273 4473 3286 4486 .
3332 4473 3346 4486 .
3392 4472 3404 4486 .
3447 4430 3615 4501 quod.
3662 4470 3675 4483 .
3718 4469 3736 4484 .

2150 4523 2217 4581 de
2246 4525 2440 4596 majori
2467 4527 2646 4582 altari.
2693 4567 2707 4581 .
2752 4567 2766 4582 .
2811 4568 2825 4582 .
2871 4568 2885 4582 .
2930 4569 2944 4582 .
2982 4535 3207 4597 crogato
3243 4539 3564 4596 pauperum.

2222 4615 2381 4672 1178.
2423 4615 2538 4672 Hoc
2565 4632 2710 4672 anno
2747 4618 2890 4688 apud
2921 4616 3215 4673 Veneciam
3263 4629 3369 4685 pax
3419 4613 3562 4666 inter
3583 4610 3740 4665 dom-

2149 4723 2282 4761 num
2307 4707 2673 4762 Alexandrum
2695 4725 2890 4778 papam
2913 4718 2965 4762 et
2988 4707 3334 4762 Fredericum
3357 4703 3740 4773 imperatorem

2152 4798 2448 4855 reformata
2469 4809 2573 4867 est,
2611 4810 2665 4855 et
2693 4801 2896 4855 scisma
2926 4799 3185 4870 sopitum.
3238 4795 3352 4852 Hoc
3381 4795 3544 4849 etiam
3593 4807 3740 4847 anno

2152 4890 2388 4943 cessavit
2419 4889 2645 4944 ecclesia
2693 4889 2796 4944 ista
2843 4888 3008 4959 ligata
3039 4903 3070 4941 a
3108 4887 3310 4942 domno
3337 4900 3476 4955 papa
3506 4883 3741 4936 Alexan-

2154 4977 2274 5047 dro,
2299 4995 2399 5050 pro
2434 4981 2648 5051 placitis
2693 4981 2890 5036 domus
2933 4979 3001 5034 de
3063 4979 3128 5010 ¹⁰¹
3173 4976 3410 5031 Moreius
3457 4975 3545 5039 ⁸⁸³,
3574 4986 3738 5042 quam

1742 5111 1975 5170 VARIE
2017 5111 2421 5168 LECTIONES.

519 5223 566 5260 “
582 5243 706 5283 uam
732 5231 1016 5286 abscisum.
1057 5233 1104 5266 δ’
1125 5232 1279 5302 plura
1299 5249 1452 5287 erasa
1466 5238 1608 5283 sunt.
1651 5228 1702 5302 οξ
1713 5234 1765 5281 et
1790 5226 1919 5302 imp.
1938 5225 2363 5302 (ilia‘manuadd.
2382 5227 2433 5302 °'_
2444 5227 2585 5302 ipes,
2602 5243 2719 5282 mes
2735 5227 2986 5302 abscisa._
3039 5226 3175 5278 "ita
3193 5222 3308 5277 cod.
3323 5217 3734 5302 pfgConrgldus-

462 5296 511 5382 ξς
533 5297 592 5360 ii,
623 5299 680 5351 ni
715 5301 942 5382 abscisa.

1053 5303 1099 5368 ’ξ
1125 5295 1261 5358 ἮΧ.
1299 5304 1346 5356 1.
1384 5303 1506 5355 Dies
1547 5302 1632 5354 16.
1666 5295 1993 5380 Octob.fuit
2029 5295 2317 5380 donuziitica.
2345 5368 2378 5380 η
2416 5295 2666 5380 "Linea
2689 5308 2780 5380 et“
2795 5297 3248 5378 dimidiqherasa.

3358 5291 3404 5324 “
3421 5289 3734 5378 “abacis-unm.-
