4058 6396
286 425 390 484 889

1417 424 1738 482 ANNALES
1776 426 1832 483 S.
1876 426 2149 484 BENIGNI
2189 425 2438 482 DlVlON.

3452 420 3559 478 890

287 542 532 601 lensibus
575 540 859 597 monachis
889 541 1162 597 dimittere
1213 542 1511 610 noluimus,
1549 554 1605 599 et
1648 554 1866 600 duravit
1895 544 2456 602 A'Clarevallensibus
2509 543 2792 600 monachis
2846 544 3120 598 dimittere
3171 544 3468 609 noluimus,
3501 557 3556 602 et

286 634 636 691 interdictum
665 650 696 687 a
721 633 897 688 media
929 634 1366 704 quadragesima,
1409 651 1533 704 qum
1583 645 1712 691 tunc
1766 636 1870 691 fuit

287 727 356 782 M
407 724 526 780 Kal.
557 726 778 796 Aprilis,
807 741 982 796 usque
1037 727 1105 781 ad
1148 727 1372 782 terciam
1419 728 1696 796 sequentis
1739 729 1868 782 anni

283 819 618 876 dominicam
664 827 788 888 post
832 819 1006 886 albas,
1050 835 1158 890 que
1215 818 1318 873 fuit
1370 820 1430 874 11
1486 819 1602 874 Kal.
1630 821 1777 887 Maii,
1815 831 1870 876 et

282 919 419 966 tunc
446 909 501 964 in
528 910 760 966 concilio
791 911 1027 981 generali
1071 911 1142 966 ab
1165 911 1353 966 eodem
1385 927 1524 982 papa
1554 913 1732 968 soluta
1761 925 1864 968 est.

281 1003 402 1060 Hoc
433 1003 502 1036 ¹⁹³
524 1003 687 1058 etiam
712 1018 857 1058 anno
883 1004 1206 1059 obscuratus
1227 1012 1312 1059 est
1346 1003 1428 1058 sol
1474 1003 1599 1058 ldus
1623 1003 1869 1075 Septem-

279 1097 399 1153 bris
424 1096 569 1152 circa
605 1096 797 1150 horam
829 1111 1050 1151 nonam.
1083 1095 1197 1152 Hoc
1227 1096 1346 1166 ipso
1369 1110 1513 1150 anno
1540 1097 1596 1151 in
1643 1097 1868 1152 sabbato

280 1203 484 1260 magno
508 1188 710 1259 pasche
730 1187 848 1244 vise
869 1197 996 1243 sunt
1022 1189 1091 1244 ab
1124 1189 1274 1245 omni
1295 1190 1496 1260 populo
1520 1197 1632 1245 tres
1660 1191 1868 1245 colum-

278 1279 350 1335 be
375 1280 446 1335 ad
495 1280 687 1335 horam
735 1281 1094 1351 eompletorii‘
1121 1296 1286 1351 super
1324 1282 1522 1337 turrim
1558 1282 1869 1338 beatissime

277 1369 452 1426 Marie
472 1371 538 1427 de
559 1373 781 1428 sublimi
808 1371 1154 1429 descendisse
1182 1381 1238 1428 et
1265 1380 1526 1444 tanquam
1559 1388 1746 1429 cereos
1779 1389 1869 1428 ar-

278 1463 474 1518 dentes
503 1480 687 1519 secum
715 1465 996 1521 detulisse.

355 1555 514 1610 1179.
554 1555 668 1611 Hoc
692 1571 836 1612 anno
861 1557 1152 1612 concilium
1185 1556 1354 1614 Rome
1375 1567 1460 1613 est
1484 1558 1733 1630 generale
1779 1574 1869 1613 ce—

277 1645 555 1702 lebratum
579 1663 609 1702 a
631 1647 832 1705 domno
865 1649 1174 1705 Alexandro
1194 1665 1332 1721 papa
1362 1651 1549 1706 tercio.
1580 1648 1703 1720 Ipso
1722 1667 1869 1705 anno

277 1737 568 1810 Philippus
604 1755 701 1796 rex
734 1740 1072 1797 Francorum
1109 1753 1403 1798 coronatus
1450 1751 1534 1798 est
1577 1741 1762 1797 Remis
1811 1742 1864 1797 in

278 1829 576 1887 festivitate
621 1833 867 1888 omnium
909 1842 1245 1890 sanctorum.
1297 1865 1367 1873 —
1407 1831 1551 1889 Obiit
1611 1833 1866 1890 Galterus

1969 636 2184 690 duravit
2240 637 2586 690 interdictum
2642 652 2671 689 a
2727 636 2902 690 media
2946 637 3380 706 quadragesima,
3432 653 3556 706 quae

1969 737 2103 782 tunc
2141 727 2244 782 fuit
2296 729 2362 782 H
2405 727 2521 781 Kal.
2557 727 2777 796 Aprilis,
2813 743 2988 798 usque
3015 727 3081 781 ad
3119 729 3343 782 terciam
3373 729 3558 791 domi:

1969 821 2148 875 nicam
2178 821 2456 891 sequentis
2501 837 2647 876 anno
2692 821 2759 852 ‘°"
2809 829 2933 889 post
2978 820 3148 884 allzas,
3177 836 3284 891 que
3327 820 3428 876 fuit
3488 824 3546 875 11

1968 910 2086 965 Kal.
2113 910 2258 977 Maii,
2283 920 2336 965 et
2361 923 2490 967 tunc
2526 912 2580 964 in
2607 913 2843 982 generali
2871 912 3102 968 concilio
3132 913 3200 967 ab
3250 911 3318 944 ¹⁰¹⁵
3361 915 3552 969 eodem

1969 1019 2106 1072 papa
2135 1004 2383 1059 absoluta
2417 1013 2518 1060 est.
2571 1003 2685 1059 Hoc
2727 1006 2893 1059 etiam
2932 1022 3076 1060 anno
3107 1007 3432 1062 obseuratus
3468 1017 3554 1063 est

1971 1092 2050 1146 sol
2074 1091 2198 1147 ldus
2235 1091 2569 1164 Septembris
2597 1095 2741 1150 circa
2775 1095 2967 1149 horam
3004 1111 3227 1149 nonam.
3275 1095 3388 1152 Hoc
3432 1099 3553 1166 ipso

1969 1199 2115 1238 anno
2149 1185 2205 1239 in
2241 1185 2467 1241 sabbato
2491 1203 2690 1258 magno
2721 1187 2786 1219 ¹⁰⁸
2813 1188 3014 1256 pasche
3045 1187 3157 1242 vise
3183 1197 3312 1243 sunt
3335 1189 3404 1242 ah
3429 1204 3551 1242 om-

1969 1277 2024 1331 ni
2047 1279 2248 1347 p0pu|o
2282 1286 2394 1335 tres
2417 1280 2665 1334 colomhe
2696 1281 2763 1334 ad
2786 1281 2976 1334 horam
3013 1282 3351 1351 compietorii
3391 1297 3555 1351 super

1969 1371 2164 1425 turrim
2200 1371 2513 1425 beatissime
2548 1370 2716 1425 Marie
2763 1370 2830 1425 de
2875 1371 3094 1425 sublimi
3125 1371 3470 1428 descendisse
3501 1380 3554 1426 et

1968 1471 2231 1533 tanquam
2255 1478 2442 1518 cereos
2471 1464 2722 1518 ardentes
2752 1479 2937 1519 secum
2965 1463 3244 1518 detulisse.

2039 1556 2198 1610 1179.
2242 1554 2355 1609 Hoc
2382 1571 2528 1609 anno
2558 1557 2847 1611 concilium
2874 1556 3046 1610 Rome
3067 1563 3151 1610 est
3186 1556 3436 1626 generale
3465 1571 3555 1610 ee-

1968 1646 2233 1702 lebratum
2263 1662 2293 1700 a
2322 1647 2524 1701 domno
2545 1663 2682 1717 papa
2706 1647 3013 1702 Alexandro
3038 1648 3225 1702 tercio.
3258 1646 3380 1716 lpso
3408 1663 3553 1701 anno

1968 1739 2250 1810 Philippus
2305 1755 2402 1794 rex
2443 1739 2782 1794 Francorum
2823 1749 3119 1794 coronatus
3148 1749 3230 1794 est
3264 1739 3452 1794 Remis
3497 1739 3552 1792 in

1970 1830 2260 1887 festivitate
2311 1832 2555 1885 omnium
2612 1841 2947 1886 sanctorum.
3009 1862 3072 1871 —
3124 1829 3267 1886 Obiit
3302 1831 3555 1887 Galterus

277 1922 648 1996 Lingonensis
690 1925 979 1996 episcopus
1043 1925 1077 1982 6
1126 1924 1254 1981 ldus
1298 1924 1565 1982 Januarii.
1613 1925 1866 1983 Succedit
1897 1901 1938 1955 Β
1967 1924 2328 1996 Lingonensis
2347 1924 2637 1994 episcopus
2661 1926 2694 1979 6
2725 1924 2848 1979 ldus
2868 1923 3555 1979 Januarii.SuccessitMa-

277 2014 583 2073 Manasses.

350 2108 509 2163 1181.
550 2107 857 2164 Alexander
876 2123 1014 2180 papa
1044 2108 1249 2166 tercius
1270 2109 1422 2164 obiit.
1451 2108 1728 2166 Successit
1755 2109 1864 2165 Lu-

276 2201 402 2256 cius
432 2200 658 2259 tercius.

352 2292 510 2348 1182.
550 2291 828 2350 Iohannes
855 2292 1080 2350 dimittit
1125 2293 1400 2350 abbatiam
1448 2294 1484 2349 2
1543 2293 1664 2350 Kal.
1709 2293 1860 2350 Julii.

279 2385 559 2442 Successit
584 2385 779 2458 Aymo.
809 2375 823 2389 ⁸

350 2649 508 2704 1185.
573 2648 729 2722 Hugo
781 2649 892 2706 dux
947 2648 1263 2723 Burgundie
1319 2649 1644 2720 Beatrieem,
1695 2653 1862 2709 ﬁliam

278 2740 529 2812 Delphini
571 2743 788 2798 comitis
845 2742 1064 2813 Alboni,
1113 2745 1269 2800 duxit
1324 2746 1382 2800 in
1430 2762 1658 2804 uxorem
1720 2750 1864 2820 apud

279 2834 540 2890 Sanctum
565 2833 835 2906 Egidium.

350 2927 507 2983 H85.
536 2926 650 2982 Hoc
676 2944 821 2983 anno
843 2929 1055 2985 obsedit
1081 2928 1237 3001 Hugo
1263 2930 1373 2986 dux
1393 2930 1706 3004 Burgundie
1730 2932 1865 2990 Ver-

277 3019 362 3091 gei
390 3027 444 3075 et
469 3019 636 3074 nichil
665 3021 880 3090 penitus
909 3021 982 3076 ibi
1011 3022 1156 3090 fecit,
1190 3023 1301 3077 imo
1327 3040 1420 3080 rex
1457 3023 1628 3080 Gallic
1654 3025 1863 3099 Philip-

277 3127 382 3182 pus
406 3111 649 3167 dominio
679 3129 780 3167 suo
827 3129 951 3168 eum
1002 3115 1332 3188 subjugavit.
1379 3147 1452 3156 —-
1479 3115 1625 3173 Obiit
1661 3117 1864 3176 Lucius

277 3219 438 3275 papa.
473 3201 724 3260 Succedit
749 3202 1003 3261 Urbanus
1034 3205 1260 3263 tercius.

355 3378 510 3434 1186.
551 3379 664 3435 Hoc
691 3396 836 3437 anno
865 3381 1007 3438 idem
1053 3399 1152 3439 rex
1194 3383 1582 3441 Castellionem
1622 3389 1765 3458 cepit
1811 3398 1866 3446 et

279 3473 584 3528 conhussit.
617 3471 732 3529 Hoc
759 3490 904 3531 anno
946 3475 1088 3531 inter
1130 3492 1328 3547 papam
1373 3487 1426 3532 et
1480 3479 1865 3549 imperatorem

278 3565 552 3621 dscordia
597 3575 714 3621 orta
761 3575 865 3635 est,
908 3576 963 3624 et
1019 3567 1289 3625 Henricus
1332 3569 1475 3625 illius
1520 3567 1868 3642 imperatoris

281 3658 531 3713 amittam
565 3656 838 3714 Guillelmi
881 3660 1027 3732 regis
1066 3662 1260 3732 Apulie
1308 3663 1452 3733 apud
1501 3662 1864 3723 Mediolanum

280 3749 438 3806 duxit
465 3751 518 3806 in
542 3765 769 3808 uxorem
796 3760 849 3808 et
871 3753 972 3808 sibi
1005 3753 1317 3826 subjugavit
1342 3753 1618 3812 Tusciam.

353 4210 512 4267 1188.
550 4209 665 4268 Hoc
718 4227 864 4268 anno
903 4213 990 4268 12.
1017 4211 1134 4270 Kal.
1186 4214 1388 4286 Aprilis
1442 4216 1578 4273 obiit
1630 4217 1867 4278 domnus

280 4298 458 4372 Aymo
493 4301 662 4357 abbas
687 4301 854 4372 hujus
873 4303 978 4360 loci
1005 4322 1019 4372 ;
1048 4305 1237 4361 eodem
1272 4305 1362 4362 die
1396 4307 1635 4364 domnus
1670 4309 1866 4367 Petrus

279 4393 485 4450 electus
507 4402 609 4461 est,
642 4403 697 4448 et
741 4393 939 4450 exhinc
988 4396 1022 4450 5
1068 4396 1155 4452 die
1203 4407 1558 4455 consecratus
1598 4409 1682 4456 est
1723 4405 1867 4473 apud

279 4483 482 4542 Trecas
508 4503 536 4540 a
563 4488 766 4542 domno
797 4487 1046 4544 Manasse
1069 4488 1403 4562 Lingonensi
1435 4493 1715 4564 episcopo,
1744 4513 1867 4566 pre-

279 4587 434 4634 sente
457 4580 564 4635 alio
584 4577 836 4635 Manasse
871 4579 1140 4637 Trecense
1161 4583 1437 4652 episc0po.

353 4670 510 4726 1190.
553 4670 666 4728 Hoc
690 4686 834 4727 anno
859 4671 1113 4728 dominus
1137 4673 1453 4743 imperator,
1481 4691 1576 4730 rex
1618 4676 1863 4733 Franco-

278 4777 403 4816 rum
448 4761 732 4834 Philippus
782 4771 838 4818 et
887 4779 984 4818 rex
1037 4765 1227 4836 Anglic
1259 4781 1479 4822 crucem
1514 4779 1868 4839 sumpserunt

277 4851 697 4911 Jherosolimam
728 4855 1130 4927 proﬁciscendi,
1167 4856 1422 4915 Saladino
1449 4868 1618 4916 totam
1660 4870 1864 4918 terram

279 4944 584 5002 devastanti
609 4961 900 5003 occurrere
934 4947 1205 5016 volentes;
1239 4958 1292 5005 et
1323 4951 1480 5005 multi
1517 4952 1606 5007 alii
1655 4954 1866 5011 nobiles

279 5046 334 5094 et
368 5047 612 5108 potentes
643 5055 768 5095 cum
801 5040 882 5097 eis
915 5041 1144 5111 profecti
1176 5052 1322 5098 sunt.

353 5130 510 5187 1192.
551 5131 666 5188 Hoc
687 5149 833 5190 anno
861 5142 1100 5189 cometes
1130 5137 1401 5206 apparuit.

1965 2031 2175 2072 nasses.

2037 2107 2196 2162 1181.
2256 2106 2402 2162 Obiit
2452 2123 2593 2179 papa
2639 2107 2963 2163 Alexander.
3019 2105 3297 2164 Successit
3352 2107 3554 2163 Lucius

1964 2213 2102 2268 papa
2131 2199 2352 2255 tercius.

2037 2291 2192 2346 “8‘2.
2235 2290 2514 2349 Johannes
2549 2291 2895 2349 Lumbardus
2938 2290 3364 2347 Fructuarensis
3391 2290 3556 2345 dimi-

1965 2383 2037 2440 sit
2087 2384 2369 2439 abbaeiam
2395 2384 2430 2438 ‘2
2463 2384 2580 2439 Kal.
2606 2384 2752 2440 Julii.
2781 2383 3058 2440 Successit
3086 2383 3281 2454 Aymo,
3306 2383 3400 2452 qui
3425 2392 3556 2444 tunc

1964 2485 2081 2532 erat
2106 2477 2275 2532 abbas
2300 2475 2488 2532 Sancti
2513 2477 2707 2532 Secani
2751 2477 2884 2547 (57),
2922 2477 3226 2531 monachus
3273 2484 3433 2530 istius
3459 2490 3552 2529 ec-

1965 2569 2157 2636 clesie;
2189 2577 2243 2624 et
2264 2567 2368 2626 fuit
2394 2568 2466 2624 ibi
2488 2585 2585 2641 per
2619 2569 2684 2623 16
2717 2584 2913 2633 annos,
2941 2576 2996 2623 et
3027 2568 3167 2622 bene
3197 2565 3569 2620 ministravit;

2040 2662 2194 2716 1185.
2237 2660 2354 2717 Hoc
2376 2678 2522 2716 anno
2555 2661 2666 2717 dux
2700 2660 3012 2731 Burgundie
3043 2659 3200 2731 Hugo
3227 2659 3552 2724 Beatriccm,

1965 2753 2134 2808 ﬁliam
2167 2752 2361 2807 Dalﬁni
2391 2753 2606 2808 comitis
2632 2753 2849 2819 Alboni,
2876 2751 3032 2806 duxit
3055 2751 3109 2805 in
3141 2765 3388 2805 uxorem.

2037 2931 2196 2986 1181.
2236 2929 2349 2986 Iloc
2373 2946 2519 2986 anno
2541 2930 2750 2986 obsedit
2770 2929 2925 3001 llugo
2947 2929 3056 2985 dux
3082 2927 3394 2999 Burgundio
3417 2926 3554 2982 Ver-

1967 3024 2052 3095 gei
2077 3024 2146 3056 ¹⁰⁶
2169 3032 2222 3077 et
2241 3023 2410 3078 nichil
2440 3023 2514 3077 ibi
2545 3023 2764 3093 penitus
2820 3020 2965 3088 fecit,
3000 3021 3110 3076 imo
3135 3019 3422 3090 Philippus
3459 3034 3556 3074 rex

1966 3115 2194 3172 Francie
2214 3115 2458 3172 dominio
2477 3131 2640 3172 suum
2671 3115 2738 3179 ⁸οέ
2766 3130 2892 3170 eum
2923 3112 3250 3184 subiugavit.

1892 3245 1936 3303 Ο
2038 3209 2196 3264 1185.
2239 3207 2352 3265 lloc
2396 3224 2542 3264 anno
2572 3207 2776 3264 Lucius
2822 3222 2961 3278 papa
3013 3205 3166 3261 obiit.
3203 3202 3478 3260 Successit
3506 3203 3557 3258 ei

1970 3303 2227 3359 Urbanus
2251 3302 2476 3357 tercius.

2045 3394 2198 3448 1186.
2240 3391 2355 3448 Hoc
2401 3407 2545 3446 anno
2575 3391 2718 3445 idem
2744 3405 2840 3446 rex
2889 3387 3275 3444 Castellionem
3325 3388 3468 3456 cepit
3503 3394 3558 3440 et

1967 3484 2271 3541 conhussit.
2304 3482 2418 3538 Hoc
2465 3483 2586 3552 ipso
2610 3495 2758 3534 anno
2790 3479 2931 3534 inter
2957 3477 3237 3533 Urbanum
3277 3492 3474 3548 papam
3503 3484 3559 3532 et

1967 3573 2318 3632 Fredericum
2347 3575 2731 3644 imperatorem
2762 3582 2880 3626 orta
2907 3579 2990 3626 est
3012 3570 3306 3636 discordia,
3333 3580 3386 3623 et
3412 3567 3558 3622 leleno

1968 3670 2118 3726 ricus
2168 3667 2314 3723 ﬁlius
2363 3663 2710 3736 imperatoris
2779 3663 3027 3718 amittam
3082 3660 3366 3716 Guillermi
3413 3659 3558 3728 regis

1968 3763 2163 3834 Apulie
2193 3759 2336 3832 apud
2361 3759 2728 3814 Mediolanum
2752 3756 2908 3812 duxit
2941 3755 2995 3809 in
3019 3767 3246 3809 uxorem
3281 3760 3336 3806 et
3361 3752 3448 3804 ⁸⁸⁸.
3479 3790 3493 3804 .
3539 3787 3554 3803 .

1970 3854 2085 3911 Hoc
2115 3869 2260 3911 anno
2285 3861 2441 3924 capta
2466 3851 2570 3906 fuit
2589 3848 2933 3906 Jherusalem
2955 3862 2986 3902 a
3011 3844 3288 3900 Saladino.

2041 3947 2199 4003 1187.
2241 3946 2355 4002 Hoc
2391 3961 2536 4001 anno
2570 3953 2733 4000 natus
2765 3941 2870 3997 fuit
2905 3939 3236 4003 Ludovicus,
3280 3936 3425 3991 ﬁlius
3470 3933 3561 3988 Fi-

1969 4044 2099 4114 lippi
2132 4041 2272 4114 regis
2295 4043 2361 4097 de
2405 4039 2681 4095 Elisabeth
2709 4037 2920 4109 regina,
2953 4049 3060 4106 que
3105 4031 3208 4087 fuit
3258 4045 3413 4085 soror
3440 4026 3562 4082 Bal-

1969 4136 2123 4192 duini
2151 4135 2366 4191 comitis
2395 4131 2665 4187 Flandrie.

2043 4227 2200 4284 1190.
2230 4227 2297 4259 ¹⁰⁹
2326 4224 2472 4281 Obiit
2499 4226 2736 4280 domnus
2765 4223 2939 4294 Aymo
2982 4217 3151 4275 abbas
3186 4215 3352 4286 hujus
3405 4212 3513 4267 loci
3540 4230 3554 4279 ;

1970 4323 2206 4378 domnus
2226 4320 2420 4376 Petrus
2458 4318 2790 4375 sustituitur.
2815 4314 2938 4384 Ipso
2962 4325 3106 4366 anno
3136 4309 3413 4378 inperator
3433 4305 3561 4359 Jhc-

1973 4415 2210 4471 rusalem
2248 4412 2434 4468 adivit.
2476 4452 2490 4466 .
2535 4452 2548 4466 .
2594 4452 2606 4465 .
2653 4451 2667 4464 .
2711 4407 2824 4462 Rex
2855 4405 3193 4461 Francorum
3230 4399 3480 4468 Philipus
3507 4403 3561 4450 et

1971 4523 2065 4561 rex
2093 4505 2284 4577 Anglic
2317 4502 2582 4558 Ricardus
2623 4499 3044 4555 Jherosolimam
3080 4493 3282 4548 adeunt
3315 4488 3463 4561 [eum
3493 4487 3559 4516 “°

1899 4602 1944 4656 D
1969 4599 2048 4656 eis
2087 4597 2242 4667 llugo
2280 4597 2391 4651 dux
2433 4593 2766 4666 Burgundie,
2802 4591 2947 4645 ﬁlius
2997 4587 3103 4642 ﬁlie
3135 4583 3351 4639 comitis
3387 4579 3562 4634 Theo-

1969 4689 2114 4745 baldi
2137 4688 2353 4760 comitis
2375 4686 2694 4757 Campanie,
2724 4683 2816 4754 qui
2846 4679 3110 4735 remansit
3139 4676 3212 4731 ibi
3237 4682 3358 4745 post
3387 4687 3563 4728 reces-

1968 4798 2092 4838 sum
2128 4783 2292 4852 regis,
2317 4790 2370 4835 et
2419 4788 2670 4834 mortuus
2700 4785 2784 4831 est
2827 4774 2923 4840 ibi,
2961 4781 3014 4827 et
3047 4772 3103 4827 in
3131 4766 3377 4838 sequenti
3412 4777 3556 4819 anno

1968 4891 2065 4930 rex
2101 4873 2293 4945 Anglic
2334 4881 2530 4943 captus
2573 4871 2675 4926 fuit
2721 4885 2752 4924 a
2788 4862 3146 4936 Teotonicis].
3180 4860 3326 4917 Obiit
3371 4856 3556 4928 regina

1969 4967 2309 5022 Francorum
2345 4965 2406 4996 ¹¹¹
2441 4963 2744 5019 llclizabez.

1581 5341 1811 5400 VARI/[3
1845 5344 2247 5404 LECTIONES.

351 5511 422 5546 ‘°'
456 5508 572 5568 alia
605 5530 766 5586 manu
792 5518 959 5586 pergit
989 5517 1037 5572 1.
1118 5518 1185 5551 ⁸⁸⁵
1220 5520 1297 5572 ita
1332 5519 1385 5574 ἓ.
1466 5521 1531 5554 ¹⁰⁸
1569 5539 1600 5578 a
1627 5539 1765 5578 corr.

1833 5536 2014 5596 postea
2049 5528 2120 5583 ab
2159 5530 2214 5583 2.

2297 5527 2363 5559 ²⁰⁶
2416 5527 2682 5599 uergcin?
2866 5522 3130 5599 ὀἶμα-Ξ.
3213 5520 3279 5599 ’ξ’
3311 5520 3557 5599 φραξάυρ

277 5599 434 5638 erasa
461 5583 661 5640 “1:12.
744 5583 808 5617 ¹⁶⁹
845 5583 1026 5642 Annua
1055 5599 1103 5644 et
1139 5589 1284 5644 Obiit
1309 5591 1342 5646 d
1381 5591 1736 5668 abscisasunt
1773 5583 1844 5650 2..
1909 5597 1976 5629 “°
1999 5599 2111 5654 lucc
2150 5599 2262 5655 alia
2301 5617 2464 5654 manu
2496 5583 2612 5671 post
2634 5597 2761 5654 add.
2791 5597 2843 5652 2.
2927 5596 2988 5627 ⁸¹¹
3027 5594 3170 5650 Fran
3200 5583 3462 5648 abscisum
3498 5591 3562 5648 2.

1833 5752 2064 5812 ΝΟΤᾸΞ.

349 5858 460 5931 (57)
502 5857 559 5914 ln
588 5859 809 5915 dioecesi
840 5857 1185 5931 Lingonensi.
