4058 6416
491 422 584 478 $91

561 717 719 774 1200.
761 718 877 776 Hoc
904 735 1050 776 anno
1073 721 1364 777 concilium
1410 720 1552 790 apud
1580 720 1863 775 Divionem
1895 735 1950 774 1n
1981 735 2074 775 cc-

487 809 658 868 clesia
685 813 792 868 ista
814 822 1174 869 convocatum
1197 822 1282 869 est
1303 829 1333 868 a
1355 813 1579 868 domino
1603 812 1763 866 Petro
1782 813 2074 883 Capuensi,

491 913 681 960 sancte
711 903 880 960 Marie
914 905 971 960 in
1005 903 1108 961 Via
1136 905 1247 960 lata
1282 905 1517 960 diacono
1539 905 1828 971 cardinali,
1857 913 2081 976 aposto-

491 994 594 1052 lice
624 997 770 1053 sedis
817 997 1014 1069 legato,
1046 1005 1102 1053 et
1152 997 1516 1053 interfuerunt
1556 997 1631 1052 ibi
1676 996 2077 1069 Lugdunensis,

494 1085 806 1158 Remensis,
828 1089 1233 1146 Bisuntinensis
1263 1099 1320 1145 et
1352 1089 1680 1146 Viennensis
1709 1089 2079 1159 archiepisco-

492 1179 572 1250 pi,
606 1188 661 1235 et
694 1196 819 1236 cum
845 1181 928 1237 eis
953 1181 1020 1236 18
1041 1182 1284 1252 episcopi
1308 1190 1363 1236 et
1385 1181 1621 1238 domnus
1656 1181 1826 1236 abbas
1853 1180 2080 1238 Clunia-

491 1272 677 1329 censis
703 1281 757 1328 et
802 1272 1267 1329 Verzenliacensis
1305 1273 1442 1345 (58),
1487 1273 1674 1330 Sancti
1707 1273 1940 1345 Remigii
1971 1272 2082 1329 Re-

494 1363 723 1430 mensis,
759 1363 946 1419 Sancti
995 1363 1228 1421 Dionisii
1257 1365 1650 1422 Parisiacensis
1690 1376 1746 1421 et
1779 1366 1872 1420 alii
1916 1382 2081 1436 quam

493 1455 701 1524 plures,
733 1472 969 1526 quorum
993 1473 1282 1512 numerum
1313 1474 1421 1514 non
1465 1459 1870 1528 expressimus;
1899 1466 1955 1513 et
1976 1459 2081 1513 du-

494 1546 638 1602 ravit
668 1548 963 1603 concilium
999 1565 1030 1603 a
1055 1548 1348 1607 festivitate
1373 1550 1546 1606 sancti
1577 1549 1846 1615 Nicbolai,
1871 1567 1978 1621 que
2000 1560 2087 1607 est

496 1655 684 1696 mense
708 1641 1032 1712 Septembri,
1072 1657 1246 1713 usque
1287 1643 1356 1698 ad
1385 1651 1591 1712 septem
1619 1643 1758 1698 dies.
1790 1642 1920 1698 Post
1949 1658 2088 1712 pau-

493 1748 592 1788 etis
631 1749 758 1788 vero
793 1733 909 1789 dies
959 1734 1235 1804 prodictus
1288 1734 1582 1790 cardinalis
1631 1735 1775 1804 apud
1821 1733 2084 1790 Viennam

493 1825 823 1894 particulare
877 1827 1153 1882 revocavit
1200 1827 1515 1893 wncilium,
1574 1827 1664 1882 ubi
1722 1827 2088 1896 promulgavit

493 1918 821 1972 sententiam
850 1934 882 1974 a
903 1918 1128 1974 domino
1159 1935 1296 1990 papa
1319 1917 1635 1974 Innocentio
1655 1919 1840 1974 datam
1864 1919 2089 1975 inomni

494 2022 641 2068 trrra
669 2030 775 2084 que
819 2015 1064 2085 subjacet
1107 2024 1163 2071 et
1209 2017 1394 2073 obedit
1443 2016 1557 2087 regi
1607 2013 1967 2079 Francorum,
2014 2013 2092 2067 ita

494 2102 643 2172 quod
668 2102 724 2156 in
748 2104 994 2159 ecclesiis
1021 2104 1231 2160 nullum
1266 2104 1634 2160 celebraretur
1667 2101 1906 2158 cilicium
1947 2101 2086 2155 divi-

496 2207 629 2246 num
659 2202 840 2263 preter
859 2194 1131 2264 baptisma
1159 2194 1511 2265 parvulorum
1535 2200 1590 2249 et
1626 2191 1922 2264 penitentie
1967 2205 2089 2245 mo-

495 2283 791 2352 rientium;
815 2294 870 2340 et
889 2285 1108 2340 duravit
1144 2269 1496 2340 interdictum
1517 2283 1676 2354 apud
1726 2296 1829 2337 nos
1861 2297 1893 2336 a
1921 2281 2089 2336 tercia

492 2377 584 2432 die
605 2385 731 2448 post
754 2376 1203 2434 Purilicationem
1233 2378 1391 2433 beate
1426 2376 1596 2432 Marie
1619 2388 1795 2444 usque
1825 2372 1878 2426 in
1906 2372 2090 2444 vigilia

497 2467 858 2526 Exaltationis
887 2479 1075 2526 sancte
1096 2470 1298 2548 crucis.
1330 2469 1443 2526 Hoc
1466 2471 1632 2525 etiam
1661 2483 1808 2524 anno
1852 2469 2090 2524 domnus

499 2559 797 2618 Varnerius
825 2563 1114 2633 episcopus
1150 2561 1515 2634 Lingonensis
1539 2561 1708 2617 cessit
1753 2557 2091 2630 episcopatui

496 2669 594 2722 per
616 2669 840 2709 manum
891 2653 1101 2709 domini
1149 2652 1449 2708 Innocentii
1505 2667 1660 2722 pape.
1719 2650 1997 2707 Successit
2037 2648 2089 2703 ei

497 2744 809 2814 Hilduinus,
837 2734 1014 2816 ipsius
1041 2745 1266 2802 ecclesie
1295 2754 1426 2801 tunc
1446 2744 1708 2800 decanus.

570 3010 730 3065 1204.
771 3009 886 3066 Hoc
921 3026 1066 3066 anno
1107 3009 1173 3065 16
1223 3007 1342 3065 Kal.
1371 3008 1479 3064 Mai
1505 3015 1665 3078 capta
1693 3006 1797 3063 fuit
1825 3006 2090 3064 Constan-

494 3101 755 3172 tinopolis
789 3117 818 3155 a
847 3100 1094 3158 Francis.
1149 3098 1264 3156 Hoc
1293 3100 1415 3182 ipso
1465 3115 1611 3154 anno
1656 3099 1822 3155 cessit
1866 3099 2086 3153 donnus

496 3192 692 3249 Petrus
713 3194 781 3250 de
801 3193 1071 3250 Granceio
1096 3194 1324 3250 abbacie
1335 3193 1450 3261 isti,
1479 3201 1534 3249 et
1569 3193 1836 3248 successit
1863 3192 1914 3247 ei
1945 3192 2085 3247 don-

495 3301 604 3342 nus
631 3283 934 3359 Nyvardus,
957 3294 1012 3342 et
1047 3287 1115 3340 12
1141 3284 1241 3342 Kal
1285 3287 1490 3358 Aprilis
1532 3285 1842 3356 recepimus
1860 3299 2010 3340 eum.

571 3754 730 3811 1200.
759 3753 871 3813 Hoc
900 3771 1044 3812 anno
1097 3755 1264 3812 cessit
1287 3755 1505 3812 donnus
1533 3754 1851 3827 Nyvardus;
1905 3770 2088 3811 succe-

498 3847 578 3902 dit
597 3847 648 3902 ei
672 3847 887 3904 donnus
911 3847 1206 3904 Walterius
1234 3848 1583 3904 Parisien‘sis.

571 3937 729 3992 1207.
762 3937 874 3994 Hoc
900 3955 1044 3995 anno
1070 3939 1250 3996 factus
1273 3938 1376 3993 fuit
1404 3941 1619 3996 donnus
1652 3938 1947 3994 Walterius
1981 3939 2082 3994 ab-

495 4029 597 4086 bas
628 4029 1046 4088 Verziliacensis
1072 4033 1160 4100 ¹¹¹,
1183 4041 1237 4088 et
1261 4033 1476 4088 donnus
1504 4031 1679 4087 Adam
1711 4033 1771 4087 ﬁt
1791 4031 1959 4088 abbas
1979 4031 2084 4086 hu-

492 4118 588 4189 jus
615 4120 737 4176 loci.

1615 429 1898 484 APPEND.
1941 430 2032 485 Al)
2071 411 2144 486 s.
2172 428 2647 487 GUILLELMUM.

2106 547 2152 603 Α
2250 547 2407 602 1195.
2449 545 2594 602 Obiit
2623 545 2903 601 Manasses
2938 543 3298 614 Lingoncnsis
3323 542 3638 612 episcopus;
3665 546 3747 599 cui

3649 430 3748 487 893

2179 642 2442 696 successit
2463 640 2785 695 Warnerius
2807 638 2977 693 abbas
3001 635 3438 691 Clarevallensis.

2251 733 2409 788 1200.
2451 731 2563 788 Hoc
2585 747 2731 787 anno
2757 730 3049 786 concilium
3079 737 3438 783 convocatum
3465 727 3517 780 in
3543 727 3644 782 bac
3669 743 3750 781 ec-

2179 827 2346 881 clesia
2375 841 2406 881 a
2427 825 2652 880 domino
2674 823 2836 878 Petro
2857 820 3152 892 Capuensi,
3177 828 3364 874 sancte
3387 817 3553 872 Marie
3583 819 3638 872 in
3662 817 3752 873 Via

2179 920 2288 975 lata
2316 919 2548 974 diacono
2589 915 2877 980 cardinali,
2909 922 2964 968 et
3011 911 3380 967 interfuerunt
3420 909 3496 962 ibi
3544 908 3730 979 Lugdu

2179 1011 2385 1079 densis,
2416 1009 2723 1075 Remensis,
2754 1004 3176 1069 Bisuntinensis,
3217 1001 3539 1057 Viennensis
3579 1001 3756 1055 archi-

2179 1105 2442 1177 episcopi,
2469 1112 2525 1159 et
2543 1117 2735 1158 eorum
2757 1099 3052 1170 suﬂ‘ragani
3081 1097 3170 1164 ω,
3196 1106 3250 1152 et
3271 1095 3494 1152 abbates
3515 1110 3651 1164 pene
3675 1103 3756 1148 to-

2180 1198 2300 1254 cius
2328 1196 2516 1269 regni;
2542 1203 2599 1250 et
2632 1193 2849 1250 duravit
2872 1191 3164 1248 concilium
3200 1205 3232 1242 a
3276 1186 3567 1242 festivitate
3592 1184 3760 1240 sancli

2179 1288 2449 1356 Nicbolai,
2471 1302 2578 1358 que
2598 1294 2686 1342 est
2731 1299 2922 1339 mense
2956 1279 3280 1352 Septembri,
3310 1293 3483 1348 usque
3525 1276 3590 1330 ad
3642 1290 3759 1345 sep-

2182 1392 2290 1439 tem
2318 1383 2454 1438 dies.
2502 1379 2618 1436 Hoc
2659 1394 2806 1435 anno
2867 1375 3017 1432 venit
3069 1373 3238 1428 frater
3272 1371 3490 1427 comitis
3535 1367 3762 1423 Avernic

2184 1475 2486 1531 monachus
2540 1471 2939 1535 Cluniacensis,
2990 1468 3182 1523 volens
3238 1479 3424 1536 regere
3491 1461 3763 1517 abbatiam

2183 1567 2345 1623 istam
2369 1581 2535 1636 super
2561 1565 2825 1620 domuum
2850 1563 3092 1626 Petrum,
3121 1569 3176 1614 et
3197 1574 3306 1613 non
3333 1554 3623 1627 prevaluit.

2255 1658 2371 1714 Hoc
2422 1672 2568 1712 anno
2621 1657 2858 1713 domnus
2907 1652 3206 1710 Garnerius
3253 1649 3513 1718 expulsus
3567 1655 3652 1701 est
3700 1645 3767 1699 ab

2184 1754 2502 1824 episcopatu
2535 1749 2899 1821 Lingouensi;
2924 1747 3012 1804 cui
3042 1744 3307 1802 successit
3335 1740 3640 1798 llolduiuus
3681 1739 3774 1791 ⁸⁸⁵.

2263 2627 2421 2684 1205.
2462 2625 2578 2684 Hoc
2607 2641 2752 2683 anno
2787 2626 2922 2683 obiit
2972 2624 3276 2683 Holdoinus
3319 2619 3609 2696 episcopus
3651 2623 3784 2681 Lin-

2190 2721 2448 2795 gonensis
2471 2739 2485 2788 ;
2515 2720 2604 2774 cui
2625 2719 2894 2776 successit
2917 2718 3236 2775 Grobertus.

2261 2813 2420 2868 1204.
2474 2811 2589 2868 Hoc
2639 2827 2784 2867 anno
2825 2819 2980 2882 capta
3033 2810 3138 2881 fuit
3195 2811 3699 2882 Constantinopolis
3748 2827 3782 2867 a

2188 2905 2441 2962 Francis.
2459 2904 2582 2976 Ipso
2607 2920 2753 2960 anno
2775 2905 2940 2961 cessit
2959 2904 3192 2961 domnus
3213 2904 3408 2959 Petrus
3425 2905 3489 2959 de
3509 2903 3786 2960 Granceio

2189 2999 2414 3054 abbacie
2433 2998 2545 3065 isti,
2574 3006 2630 3052 et
2661 2997 2927 3054 successit
2956 2997 3006 3051 ei
3032 2996 3302 3052 Nivardus
3324 2995 3517 3070 [abbas
3545 2996 3613 3027 ¹¹⁸
3641 2995 3786 3050 San-

2189 3090 2262 3148 cti
2287 3089 2528 3161 Sequani
2561 3091 2650 3156 m,
2681 3088 2776 3160 qui
2801 3087 2904 3143 fuit
2932 3089 3100 3145 abbas
3126 3104 3223 3160 per
3249 3104 3458 3142 annum
3489 3096 3544 3142 et
3566 3088 3600 3142 5
3629 3104 3787 3143 men-

2191 3200 2312 3250 ses;
2342 3181 2610 3239 successit
2640 3181 2692 3236 ei
2724 3180 3023 3236 Walterius
3070 3180 3376 3236 monachus
3409 3178 3599 3234 Sancti
3648 3179 3787 3236 Ger-

2186 3276 2338 3331 mani
2368 3274 2636 3342 Parisius,
2668 3273 2763 3344 qui
2790 3271 2894 3328 fuit
2927 3272 3096 3328 abbas
3118 3288 3215 3342 per
3266 3273 3407 3327 duos
3451 3286 3630 3328 annos
3677 3287 3792 3327 uno

2187 3381 2376 3423 mense
2423 3365 2639 3432 minus;
2701 3373 2891 3435 postea
2942 3363 3120 3420 factus
3144 3372 3231 3419 est
3271 3363 3440 3418 abbas
3465 3363 3522 3416 in
3565 3363 3793 3419 abbatia

2187 3457 2574 3513 Verziliacensi
2602 3457 2691 3512 ¹¹⁷.
2723 3455 2857 3511 Post
2902 3456 3052 3512 hunc
3087 3471 3220 3511 vero
3265 3457 3533 3512 successit
3582 3456 3790 3523 Adam,

2184 3559 2240 3607 et
2272 3549 2375 3605 fuit
2395 3551 2565 3606 abbas
2587 3564 2684 3621 per
2720 3550 2756 3605 5
2785 3564 2961 3605 annos
2994 3556 3049 3605 et
3085 3556 3196 3605 tres
3226 3564 3475 3616 menses;
3513 3548 3602 3604 cui
3663 3565 3794 3605 suc-

2186 3643 2351 3706 cessit
2377 3643 2444 3675 ¹¹⁸
2467 3639 2827 3714 Gilebertus.]

2258 3734 2417 3790 1207.
2447 3733 2562 3790 Hoc
2587 3749 2733 3790 anno
2764 3723 3053 3789 factus'est
3073 3731 3246 3786 Adam
3289 3731 3479 3798 abbas,
3516 3746 3794 3787 menaeus

2185 3831 2346 3887 istius
2375 3830 2640 3897 ecclesiae,
2690 3829 2842 3899 prior
2891 3827 3079 3882 Sancti
3120 3825 3481 3896 Apollinaris;
3527 3824 3624 3895 qui
3663 3840 3793 3880 cum

2185 3931 2395 3994 regeret
2419 3921 2704 3978 abbaciam
2740 3921 2923 3987 istam,
2949 3919 3167 3974 vendita
3194 3918 3416 3972 fuerunt
3457 3905 3793 3971 ornamenta

2183 4015 2414 4071 ecclesie
2453 4022 2675 4081 nostre,
2731 4013 2939 4069 scilicet
2978 4027 3148 4082 cappc
3201 4010 3384 4076 sirice,
3413 4018 3468 4064 et
3496 4009 3690 4078 pallia,
3740 4018 3796 4063 et

2185 4123 2377 4165 cruces
2406 4122 2589 4174 auree,
2620 4115 2675 4162 et
2695 4107 2864 4177 calips
2893 4121 3096 4161 aureus
3131 4103 3418 4159 duodecim
3448 4118 3791 4168 marcarum,

2183 4207 2240 4256 et
2270 4201 2455 4270 plures
2496 4199 2695 4256 calices
2740 4207 3056 4269 argenteos,
3097 4205 3152 4253 et
3182 4196 3409 4251 bacinos
3443 4195 3530 4262 “9,
3554 4203 3611 4249 et
3634 4195 3794 4249 ﬁalas

2185 4303 2493 4364 argenteas,
2549 4300 2604 4348 et
2649 4291 2758 4347 alia
2801 4291 2980 4361 plura,
3019 4299 3076 4346 et
3113 4287 3496 4360 possessiones
3551 4288 3791 4352 multas;

2184 4384 2324 4442 forte
2343 4403 2456 4442 non
2476 4387 2636 4458 culpa
2671 4365 2793 4454 sua;
2827 4393 2910 4442 set
2945 4384 3154 4440 ultione
3185 4382 3390 4449 divina,
3445 4382 3561 4451 ipse
3587 4389 3644 4436 et
3681 4393 3792 4436 cae-

2185 4479 2286 4535 teri
2313 4479 2407 4548 qui
2443 4486 2841 4535 consenserunt
2873 4476 2945 4532 ab
2970 4475 3187 4531 abbatia
3217 4473 3427 4530 detrusi
3452 4479 3600 4528 sunt.

568 4552 726 4653 “29-
764 4551 888 4653 HOC_
909 4552 1364 4653 agilgdefuncws
1402 4565 1489 4653 f’Sl
1521 4553 1823 4610 Βοίῖθνίευδ
1872 4554 2084 4626 ορῖεεω
2116 4598 2161 4653 D
2259 4570 2413 4627 1209.
2453 4569 2570 4627 Hoc
2589 4586 2734 4626 anno
2759 4570 2896 4626 obiit
2925 4567 3227 4624 Grobertus
3252 4567 3542 4637 episcopus
3579 4563 3790 4636 Lingoo

492 4657 617 4713 pus.
643 4641 918 4700 Successit
943 4641 1269 4701 Wilbelmus
1298 4646 1364 4700 de
1394 4643 1697 4700 Jonisvilla.

567 4733 725 4789 1210.
768 4733 880 4792 Hoc
901 4751 1046 4792 anno
1093 4735 1301 4810 Bedays
1343 4748 1397 4793 et
1438 4737 1808 4804 Calcarsonia,
1840 4738 2086 4793 civitates

494 4825 636 4880 Albi.
667 4867 679 4880 .
712 4867 724 4880 .
757 4867 770 4882 .
805 4867 818 4882 .
855 4869 869 4883 .
910 4869 922 4882 .
953 4829 1041 4895 ¹¹³,
1067 4838 1121 4884 et
1150 4830 1389 4884 maxima
1431 4846 1560 4901 pars
1595 4839 1736 4885 terre
1774 4845 1967 4885 eorum
1991 4845 2086 4886 ex-

493 4927 766 4992 pugnatur
787 4936 819 4975 a
848 4919 1094 4977 Francis.

2189 4661 2397 4719 nensis.
2423 4661 2526 4718 Cui
2565 4661 2831 4718 successit
2867 4658 3196 4714 Wilhelmus
3231 4657 3298 4712 de
3326 4655 3602 4711 Joinvilla.

2261 4753 2417 4808 1210.
2460 4753 2577 4809 Hoc
2633 4768 2784 4809 anno
2821 4751 2938 4809 Odo
2981 4751 3092 4807 dux
3137 4747 3449 4819 Burgundie
3496 4756 3552 4801 et
3598 4762 3791 4802 comes

2186 4843 2541 4902 Nivernensis
2568 4852 2622 4902 et
2651 4846 2744 4900 alii
2786 4845 2972 4916 plures
2993 4843 3231 4898 barones
3266 4841 3446 4896 ierunt
3482 4838 3549 4893 ad
3597 4838 3782 4892 debel-

2190 4936 2412 4993 landum
2447 4938 2768 5010 Albigenos,
2800 4947 2856 4992 et
2888 4937 3314 4992 devastaverunt
3355 4932 3526 4986 Bedes
3570 4939 3626 4984 et
3650 4929 3791 4984 (lar-

2189 5027 2490 5094 casoniam,
2521 5037 2575 5082 et
2628 5026 2770 5082 facta
2801 5035 2884 5083 est
2922 5027 3190 5081 immensa
3219 5022 3421 5078 occisio
3451 5019 3788 5089 Albigenen-

2192 5115 2366 5182 sium;
2403 5126 2456 5171 et
2491 5126 2614 5188 post
2647 5119 2762 5172 11ωο
2782 5115 3046 5172 remansit
3079 5114 3151 5168 ibi
3177 5129 3362 5169 comes
3387 5111 3453 5166 de
3489 5107 3790 5164 Montefor-

2193 5207 2235 5262 ti
2261 5209 2328 5264 ad
2352 5210 2782 5281 conquirendam
2825 5217 2992 5264 totam
3025 5216 3249 5262 terram.

1787 5319 2022 5376 VARUE
2041 5331 2043 5334 ‘
2059 5320 2470 5380 LECTIONES.

570 5410 638 5486 Ψ
700 5452 712 5466 .
743 5453 765 5486 ε
781 5452 794 5467 .
823 5453 836 5467 .
863 5430 912 5486 2.
942 5455 954 5470 .
987 5414 1205 5472 acensis
1238 5416 1290 5470 1.
1372 5415 1440 5448 ¹¹³
1473 5432 1577 5469 non
1600 5414 1964 5486 albigensium
1987 5415 2079 5486 sed
2113 5415 2246 5469 alhit
2276 5456 2288 5470 .
2326 5458 2338 5470 .
2374 5457 2386 5472 .
2412 5418 2545 5474 lium
2582 5427 2674 5472 aut
2715 5417 2887 5472 simile
2925 5416 3053 5486 quid
3079 5415 3334 5484 scriptum
3365 5411 3526 5481 fuisse
3554 5409 3780 5486 videtur.

497 5482 566 5559 '_“
607 5483 687 5536 ita
874 5484 1092 5559 “'_qua:
1133 5494 1426 5559 sequuntur
1475 5505 1508 5540 α
1556 5480 1741 5540 manu.
1767 5484 2048 5559 posteriori
2081 5486 2135 5537 in
2166 5485 2293 5559 Aloco
2333 5504 2454 5542 raso
2510 5489 2712 5559 scripta
2768 5496 2910 5542 sunt.
2937 5480 3130 5559 "Verba
3163 5480 3280 5556 qua:
3307 5480 3586 5559 supersunt
3619 5480 3789 5559 cessit

494 5553 733 5627 domnus
759 5552 1030 5627 Nivardus
1062 5552 1214 5612 notas
1249 5557 1454 5627 priores
1511 5575 1631 5610 cum
1680 5552 1797 5612 cod.
1856 5557 1905 5610 1.
1961 5557 2260 5627 convenisse
2297 5552 2629 5614 ostendunt:
2677 5559 2749 5592 ⁴¹⁶
2790 5559 2853 5615 de
2907 5552 3183 5612 vocabulo
3212 5571 3315 5609 non
3367 5554 3500 5607 satis
3551 5558 3781 5606 constat.

497 5621 569 5658 “"
596 5624 984 5682 verlizivensi?
1009 5627 1064 5682 2.
1145 5628 1214 5660 ’⁸⁸
1240 5621 1338 5684 suc
1375 5629 1662 5683 abscisum.

1746 5627 1813 5660 ιη
1840 5628 1886 5683 ci
1930 5625 2219 5691 nonplane
2247 5638 2473 5684 constat.

2039 5785 2267 5846 NOTAE.

567 5878 678 5948 (δεῖ)
720 5876 777 5932 lu
800 5879 1019 5936 dimensi
1045 5880 1528 5952 Augustiduncnsi.
