4058 6388
220 369 328 427 893
1351 375 1667 438 ANNALES
1700 383 1759 440 S.
1795 384 1804 438 l

1903 383 2073 442 nam
2110 381 2361 441 niviou.
2838 352 2841 353 ί
3211 411 3225 428 ι
3390 382 3501 441 θυι

294 485 451 542 me.
481 488 640 544 Vadit
658 488 928 581 exercitus
943 488 1386 577 Christianorum
1408 492 1464 549 in
1480 492 1798 568 Hispaniam

1971 500 2130 557 1212.
2168 501 2331 556 Anno
2360 498 2431 556 ab
2449 498 2826 554 incarnatione
2853 497 3073 554 Domini
3099 498 3260 568 1212,
3305 498 3338 553 ’1
3369 498 3497 558 Idus

215 591 407 643 coutra
436 576 814 640 Sarracenosi
868 602 875 611 ε
1903 591 2110 659 Marcii,
2134 591 2167 647 6
2194 590 2350 657 feria,
2400 598 2528 646 ante
2558 588 2793 645 mediam
2834 598 3049 646 noctem
3091 604 3236 646 anno
3259 589 3499 647 bisextili

1904 692 2067 742 natus
2084 692 2168 741 est
2220 683 2397 756 Hugo,
2434 682 2581 739 Illius
2615 679 2856 738 Oddonis
2900 681 3057 738 ducis
3077 683 3144 737 de
3186 682 3405 738 domina
3429 682 3498 738 de

1904 776 2161 848 Vergerie
2194 777 2285 843 η’,
2312 783 2366 831 et
2416 774 2520 830 fuit
2550 773 2860 845 baptizatus
2884 774 2954 829 ab
2991 773 3236 830 Goslimo
3275 773 3344 807 ¹¹⁶
3391 772 3501 828 Ed-

1903 865 2058 925 uensi
2087 865 2341 936 episcopo
2386 864 2441 919 in
2476 864 2651 920 estivo
2706 872 2950 934 tempore
2983 864 3072 919 die
3108 904 3122 919 .
3172 905 3186 918 .
3245 904 3259 918 .
3309 904 3324 921 .
3371 904 3384 919 .
3428 855 3496 894 ¹¹¹

1902 958 2135 1028 apostoli
2160 957 2214 1010 in
2243 957 2472 1013 ecclesia
2498 957 2671 1012 sancti
2696 955 2925 1013 Joannis
2948 957 3216 1028 baptista.

287 1021 446 1077 1215.
487 1019 604 1079 Hoc
649 1030 794 1081 anno
842 1023 947 1081 fuit
990 1025 1207 1083 donnus
1247 1026 1560 1087 Ludovicus
1614 1030 1803 1090 Remis

1936 1019 1952 1028 ’
1976 1047 2136 1102 1215.
2177 1045 2293 1103 Hoc
2315 1062 2459 1103 anno
2488 1047 2658 1103 cessit
2705 1048 2900 1103 Adam.
2959 1019 3061 1105 (lui
3098 1045 3364 1104 successit
3389 1044 3498 1103 Gen

208 1119 511 1212 coronatus
560 1129 591 1168 a
630 1113 886 1212 Wilelmo
917 1116 1355 1212 archiepiscopo,
1399 1129 1651 1189 presente
1679 1137 1803 1193 rege
1903 1139 2141 1201 [abemus
2169 1139 2321 1210 ρι-ίοι-
2342 1137 2643 1203 saxifomis
2674 1138 2811 1212 (59),

208 1200 576 1271 Jherusalem,
608 1213 662 1260 et
685 1205 739 1261 in
766 1205 905 1262 festo
930 1208 1106 1263 sancti
1128 1207 1273 1280 Systi
1296 1228 1310 1278 ;
1336 1219 1392 1265 et
1417 1212 1665 1282 sequenti
1699 1229 1802 1267 ann
2123 1200 2127 1201 ν
2171 1200 2189 1255 '~

210 1307 288 1347 no
322 1292 465 1363 cepit
483 1292 767 1352 Jarochale
787 1306 839 1352 et
866 1296 1048 1353 Thoar
1074 1307 1129 1354 et
1148 1298 1285 1355 Mior
1308 1308 1361 1355 et
1404 1300 1657 1356 Bordaul.
1706 1301 1807 1357 Eo-

206 1382 336 1437 dem
358 1398 505 1439 anno
533 1395 781 1457 receptus
818 1386 921 1445 iuit
976 1388 1213 1447 Joannes
1255 1407 1349 1447 rex
1377 1389 1716 1448 Jherusalem
1745 1394 1802 1451 in

204 1473 316 1544 ista
337 1476 568 1532 ecclesia
586 1477 641 1531 in
664 1478 1011 1536 Exaltacione
1035 1477 1220 1538 sancte
1241 1483 1443 1539 crucis.

282 1565 443 1624 1211.
485 1567 645 1623 Auno
674 1569 890 1627 Domini
930 1573 1089 1641 1211,
1129 1575 1162 1627 6
1205 1573 1324 1628 Kal.
1355 1574 1493 1646 Aug.
1526 1573 1681 1631 Luna
1707 1576 1799 1645 16,

1976 1576 2132 1632 1211.
2188 1575 2301 1632 Hoc
2354 1592 2495 1631 anno
2541 1593 2637 1631 rex
2678 1574 2906 1631 Francie
2959 1573 3244 1643 Philippus
3296 1571 3393 1626 ivit
3437 1571 3497 1627 in

204 1655 471 1726 pugnavit
496 1672 589 1712 rex
620 1657 849 1717 Francie
872 1670 925 1717 et
958 1662 1067 1717 dux
1121 1662 1431 1735 Burgundio
1456 1676 1644 1721 contra
1667 1665 1800 1723 Oto—
1902 1668 2216 1724 Flandriam
2272 1676 2463 1723 contra
2494 1666 2727 1723 Otonem
2775 1668 3156 1737 imperatorem
3211 1672 3495 1718 anatema-

208 1758 337 1799 nem
386 1745 769 1817 imperatorem
805 1754 947 1822 apud
1005 1752 1310 1823 Cambrais,
1337 1763 1392 1811 et
1418 1757 1616 1812 devicit
1650 1773 1799 1827 eum,
1903 1771 2044 1823 tum.
2065 1769 2120 1815 et
2143 1760 2432 1815 debellavit
2470 1775 2595 1815 eum
2626 1776 2742 1826 rex,
2782 1768 2836 1813 et
2868 1759 3011 1829 cepit
3039 1758 3304 1813 ducentos
3342 1755 3496 1810 mili-

207 1843 263 1890 et
285 1835 581 1908 imperator
614 1839 802 1897 Odoin
854 1844 1038 1915 fugam
1069 1862 1367 1903 conversus
1396 1857 1501 1917 est,
1547 1859 1600 1905 et
1634 1851 1803 1908 maxi-
1834 1869 1877 1925 Β
1903 1860 1984 1907 tes
2012 1859 2065 1906 et
2099 1851 2189 1918 60,
2232 1860 2460 1922 excepto
2517 1851 2772 1906 comitem
2830 1849 3099 1904 Flandrize
3137 1856 3191 1903 et
3235 1846 3493 1902 comitem

208 1944 299 1984 ma
331 1945 460 2000 pars
495 1948 720 1989 suorum
749 1936 1131 1994 sublimiorum
1173 1940 1440 1997 baronum
1483 1951 1640 2014 capta
1694 1942 1799 1998 fuit
1904 1944 2143 2000 Bolonia:
2169 1952 2223 2000 et
2251 1946 2433 2015 plures
2456 1944 2592 2000 alios
2623 1944 2689 1999 de
2710 1942 3005 1998 Teotonica
3037 1951 3201 1996 terra.
3226 1938 3346 1993 Non
3375 1937 3494 1993 fue-

205 2029 262 2075 et
284 2020 447 2078 ducta
479 2024 642 2095 ligata
668 2027 813 2097 apud
836 2027 1100 2087 Parisius.
1903 2047 2031 2092 runt
2059 2037 2131 2092 ibi
2158 2038 2223 2092 de
2248 2036 2587 2107 principibus
2632 2034 2931 2090 nominatis
2966 2033 3073 2088 nisi
3099 2033 3209 2088 dux
3234 2031 3486 2101 Burgun-

274 2109 346 2167 In
375 2117 613 2189 sequenti
642 2120 852 2190 pagina:
879 2121 990 2176 hazc
1019 2123 1298 2197 leguntur:
1461 2166 1469 2178 .
1901 2129 1990 2184 die
2029 2129 2121 2198 qui
2153 2138 2379 2183 vocatur
2401 2126 2535 2183 Odo.
2580 2125 2696 2181 Hoc
2736 2126 2940 2181 factum
2992 2124 3094 2179 fuit
3125 2124 3158 2177 6
3209 2122 3328 2177 Kal.
3373 2120 3490 2174 Au-

273 2204 438 2307 !tnno
470 2208 606 2263 1213
633 2210 908 2269 dominica
933 2215 1145 2271 'ultima
1170 2226 1260 2272 oet
1291 2219 1356 2249 ”°
1379 2220 1553 2275 sancti
1597 2220 1797 2288 Apolli-
1901 2221 2068 2292 gusti,
2107 2220 2313 2275 scilicet
2362 2221 2396 2274 5
2448 2220 2536 2275 die
2584 2227 2711 2290 post
2762 2217 2965 2273 festum
3002 2217 3180 2272 sancti
3220 2212 3408 2270 Jacobi
3436 2218 3493 2270 et

124 2349 133 2357 ,
205 2301 355 2350 naris
386 2301 503 2352 vise
533 2307 662 2354 sunt
688 2301 839 2357 stelle
860 2305 1053 2359 cadere
1076 2306 1141 2360 de
1167 2306 1301 2361 celo.
1898 2311 2241 2380 Cbristofori,
2277 2321 2330 2367 et
2351 2310 2454 2367 fuit
2480 2311 2753 2367 dominica
2778 2310 2914 2366 dies.

278 2448 441 2504 1215.
485 2449 599 2508 Hoc
624 2470 770 2539 almo
797 2457 1323 2534 lnnoeentiuspapa
1364 2466 1567 2521 tercius
1612 2468 1934 2524 convocavit
1975 2468 2227 2539 generale
2271 2466 2565 2523 concilium
2609 2468 2667 2521 in
2712 2464 3069 2521 Lateranensi
3105 2463 3353 2527 ecclesia,
3396 2461 3491 2517 ubi

204 2555 344 2610 pene
371 2557 572 2613 corpus
599 2518 928 2616 u.versalis
949 2555 1194 2611 ecclesiae
1218 2556 1336 2611 fuit.

205 2707 220 2719 .
280 2631 435 2687 1216.
472 2633 584 2690 Hoc
620 2652 766 2693 anno
795 2641 930 2695 obiit
953 2644 1171 2699 donnus
1200 2643 1552 2703 Innocentius
1580 2663 1717 2722 papa
1750 2648 1955 2704 tercius
1980 2649 2048 2703 10
2092 2647 2211 2703 Kal.
2263 2648 2494 2719 Augusti
2518 2650 2659 2720 apud
2698 2648 3010 2714 Perusium,
3048 2656 3103 2703 et
3122 2646 3368 2716 sepultus
3403 2650 3490 2698 est

206 2723 260 2774 In
291 2723 523 2779 ecclesia
545 2725 732 2783 Saneti
768 2729 1091 2800 Herculani;
1126 2734 1215 2788 eui
1252 2738 1521 2793 successit
1565 2737 1839 2808 Hogorius
1882 2755 2022 2811 papa
2050 2740 2280 2795 tercius.
2301 2739 2506 2795 Eodem
2532 2757 2678 2796 anno
2711 2740 3041 2803 Ludovicus,
3081 2740 3225 2793 tilius
3250 2733 3486 2805 Philippi

202 2813 353 2884 regis
374 2814 735 2887 Francorum,
769 2821 991 2879 intravit
1011 2825 1262 2896 Angliam
1294 2828 1361 2883 ad
1408 2831 1843 2900 conquirendum
1881 2847 2027 2897 eam,
2055 2831 2260 2885 auxilio
2282 2840 2335 2885 et
2356 2833 2589 2887 consilio
2619 2833 2886 2887 baronum
2919 2832 3158 2902 Anglire;
3207 2838 3262 2884 et
3290 2828 3482 2884 eodem

197 2918 351 2973 anno
368 2921 475 2995 rex
497 2907 724 2980 Angliee,
748 2913 842 2983 qui
876 2915 1175 2970 vocabatur
1193 2915 1801 2988 Joannes-sine-Tcrra,
1827 2931 2080 2977 mortuus
2103 2920 2222 2975 fuit.
2263 2921 2462 2978 Eodem
2490 2939 2634 2979 anno
2663 2924 2958 2995 imperator
2982 2921 3488 2991 Constantinopolis

195 2995 337 3063 obiit
357 2994 627 3056 Henricus
648 3001 1020 3061 Flaudrensis.
1047 3005 1150 3061 Cui
1178 3010 1448 3063 successit
1467 3008 1665 3066 Petrus
1687 3027 1872 3068 comes
1893 3013 2414 3069 Autissiodorensis.
2451 3013 2651 3071 Eodem
2705 2994 2850 3071 anno
2885 3014 3126 3072 Thomas
3156 3013 3486 3072 venerabilis

195 3090 494 3179 episcopus
514 3091 965 3154 Lesmorenensis
998 3100 1111 3171 (60)
1148 3117 1357 3156 moram
1404 3102 1610 3159 faciens
1640 3104 1697 3158 in
1725 3105 1957 3161 ecclesia
1995 3105 2183 3162 Sancti
2215 3104 2463 3178 Bcnigni,
2495 3108 2837 3164 consecravit
2882 3108 3053 3161 altare
3095 3108 3268 3162 sancti
3312 3105 3480 3161 Blasii

200 3181 273 3236 14
301 3179 422 3238 Kal.
455 3182 675 3243 Octobr.
705 3220 779 3229 —-
808 3189 924 3246 Hoc
969 3207 1115 3247 anno
1142 3196 1291 3249 venit
1321 3195 1557 3250 domnus
1580 3196 1847 3253 Airardus
1878 3197 1945 3253 de
1968 3197 2177 3270 Bregne
2201 3215 2232 3253 a
2257 3201 2643 3256 transmarinis
2667 3201 2937 3272 partibus,
2960 3208 3015 3255 et
3041 3200 3267 3255 adduxit
3290 3213 3481 3255 secum

198 3274 372 3349 tiliam
396 3275 615 3335 Henrici
643 3281 862 3337 comitis
881 3281 1218 3353 Campaniar,
1250 3301 1415 3355 quam
1441 3286 1673 3341 duxerat
1697 3288 1751 3342 in
1781 3303 2029 3343 uxorem.
2061 3289 2262 3343 Eodem
2291 3305 2436 3345 anno
2461 3290 2584 3357 Oto,
2614 3292 2760 3347 ﬁlius
2785 3291 2994 3346 domini
3031 3288 3351 3354 Saxifontis,
3374 3287 3471 3357 qui

194 3375 317 3422 erat
337 3369 487 3437 prior
508 3371 753 3441 ejusdem
778 3374 884 3430 loci
911 3385 965 3430 et
990 3378 1295 3433 monachus
1332 3377 1518 3433 Sancti
1555 3378 1804 3452 Benigni,
1850 3382 2059 3438 electus
2116 3383 2220 3440 fuit
2266 3387 2321 3441 in
2366 3385 2617 3441 abbatem
2645 3382 2904 3449 Luxovii;
2937 3391 2991 3436 et
3039 3381 3108 3412 ¹²⁹
3139 3380 3241 3435 fuit
3270 3379 3343 3433 ibi
3382 3396 3482 3449 per

195 3458 445 3531 quinque
469 3478 720 3532 menses;
747 3477 939 3541 postea
974 3468 1153 3527 factus
1189 3472 1493 3526 monachus
1531 3469 1971 3541 Clarevallensis,
2003 3476 2076 3530 ibi
2095 3475 2197 3532 fuit
2220 3494 2318 3548 per
2370 3485 2607 3547 quatuor
2659 3489 2899 3540 menses,
2933 3481 2989 3529 et
3016 3482 3206 3545 postea
3228 3480 3479 3528 mortuus

193 3575 300 3623 est.

2427 3566 2433 3573 ν

268 3658 427 3714 1217.
456 3657 566 3715 Hoc
594 3674 740 3715 anno
762 3658 865 3714 fuit
889 3675 1121 3731 magnus
1146 3669 1342 3718 ventus
1365 3678 1463 3732 per
1500 3670 1673 3718 totum
1699 3661 1984 3717 mundum.
2021 3660 2325 3716 Mortalitas
2355 3660 2662 3724 hominum,
2699 3655 2934 3713 defectio
2957 3653 3258 3710 fructuum.

267 3750 426 3805 1218.
469 3748 582 3806 Hoc
611 3764 757 3806 anno
781 3758 1033 3805 mortuus
1060 3749 1162 3804 fuit
1180 3749 1335 3806 Oddo
1350 3752 1463 3817 dux
1488 3751 1802 3826 Burgundie
1833 3767 1997 3811 cruce
2019 3752 2292 3822 signatus,
2329 3751 2425 3821 qui
2449 3750 2549 3805 fuit
2577 3749 2723 3805 ﬁlius
2749 3748 2971 3804 ducisse
3005 3740 3340 3818 Lotoringie.
3366 3744 3476 3801 Eo-

193 3845 321 3903 dem
347 3858 492 3899 anno
520 3852 771 3899 mortuus
800 3841 905 3898 fuit
936 3842 1138 3914 Symon
1163 3858 1348 3899 comes
1371 3844 1753 3912 Montisfortis,
1778 3846 1872 3916 qui
1893 3844 2190 3901 infestabat
2227 3844 2568 3915 Albigenses.
2592 3872 2663 3881 —
2700 3839 2815 3895 Hoc
2856 3855 3003 3895 anno
3057 3839 3317 3894 obscessa
3370 3837 3477 3894 fuit

196 3937 450 3993 Damiata
482 3952 512 3991 a
532 3934 863 4009 Christianis
886 3935 1121 4011 intrante
1145 3950 1331 3991 mense
1350 3935 1516 4004 Julio,
1542 3946 1596 3993 et
1620 3937 1846 3994 fuerunt
1864 3946 1991 3998 ante
2025 3952 2147 3993 eam
2182 3937 2250 3971 ⁸³⁸
2270 3952 2367 4009 per
2388 3952 2594 3991 annum
2619 3943 2674 3990 et
2707 3942 2945 4006 quatuor
2984 3947 3201 3987 menses
3222 3941 3276 3987 et
3311 3932 3475 4004 quiu-

194 4043 305 4105 que
324 4027 464 4094 dies,
485 4024 715 4099 etcapta
744 4033 829 4080 est
851 4025 921 4079 ab
951 4025 1033 4080 eis
1056 4023 1289 4080 Domino
1315 4037 1597 4096 operante.
2900 4048 2907 4055 -

268 4116 430 4174 1220.
469 4114 583 4171 Hoc
604 4130 751 4169 anno
776 4122 1063 4187 promotus
1090 4112 1194 4187 fuit
1219 4113 1528 4177 Willelmus
1568 4118 1860 4189 episcopus
1900 4116 2267 4190 Lingonensis
2306 4116 2365 4172 in
2403 4114 2877 4187 archiepiscopatu
2912 4112 3205 4181 Remensi;
3233 4114 3324 4169 cui
3350 4129 3478 4171 suo—

195 4210 362 4269 cessit
384 4207 452 4241 ¹¹⁸
472 4205 629 4279 Hugo
658 4208 725 4267 de
745 4206 929 4262 Monte
952 4207 1141 4283 regali.
1170 4204 1175 4205 “

268 4298 429 4354 1225.
470 4295 586 4353 Hoc
607 4313 752 4353 anno
778 4298 930 4354 venit
953 4299 1008 4354 in
1039 4298 1212 4354 Gallia
1235 4297 1517 4357 Johannes
1547 4317 1643 4357 rex
1664 4301 2208 4371 Jherosolimitanus,
2238 4310 2294 4358 et
2326 4308 2580 4373 receptus
2615 4299 2720 4356 fuit
2745 4316 2775 4355 a
2813 4297 3063 4371 Philippo
3085 4314 3213 4370 rege
3232 4295 3478 4353 Franco-

194 4407 320 4448 rum
347 4397 402 4446 et
427 4390 496 4446 ab
523 4390 779 4447 omnibus
810 4391 1153 4462 principibus
1180 4392 1334 4463 regni
1365 4394 1452 4449 sui
1480 4409 1605 4459 cum
1632 4410 1833 4467 magno
1864 4395 2065 4467 gaudio
2094 4405 2149 4451 et
2179 4395 2407 4451 honore.
2436 4394 2633 4451 Postea
2663 4394 2854 4449 eodem
2886 4408 3033 4448 anno
3060 4391 3348 4448 defunctus
3370 4389 3476 4446 fuit

194 4482 545 4555 supradictus
563 4481 846 4554 Philippus
874 4482 1149 4555 gloriosus
1183 4498 1281 4539 rex
1311 4482 1673 4555 Francorum,
1697 4494 1752 4540 et
1776 4486 2023 4556 sepultus
2045 4486 2102 4540 in
2124 4486 2352 4541 basilica
2377 4485 2556 4541 sancti
2582 4484 2829 4557 Dyonisii
2858 4484 3093 4555 septimo
3114 4482 3324 4538 decimo
3346 4478 3470 4535 Kal.

192 4575 427 4648 Augusti
454 4591 580 4632 cum
601 4591 799 4647 magno
836 4576 986 4631 luctu
1009 4583 1064 4630 et
1082 4575 1311 4630 tristicia
1338 4577 1517 4633 tocius
1551 4578 1738 4651 populi
1770 4579 1928 4649 regni
1954 4578 2062 4646 sui,
2095 4586 2364 4647 praesente
2398 4577 2712 4647 supradicto
2740 4574 2988 4630 Johanne
3022 4589 3146 4643 rege
3173 4570 3476 4627 Jherosoli-

194 4668 425 4725 mitano.
461 4667 595 4723 Item
620 4669 810 4724 eodem
841 4684 986 4723 anno
1013 4675 1310 4723 coronatus
1340 4667 1445 4723 fuit
1488 4667 1820 4736 Lodovicus,
1847 4669 1992 4725 tilius
2027 4669 2325 4740 supradicti
2353 4668 2609 4739 Philippi,
2647 4668 2701 4721 in
2731 4666 2951 4722 civitate
2990 4660 3247 4718 Remensi
3279 4676 3309 4714 a
3331 4658 3473 4714 Wil-

192 4759 359 4831 lelmo
390 4770 521 4817 tunc
548 4762 960 4832 archiepiscopo
984 4760 1229 4832 ejusdem
1257 4760 1516 4829 civitatis,
1548 4745 1823 4833 praesente.
1857 4761 2172 4833 supradicto
2201 4777 2348 4834 rege,
2385 4776 2511 4817 cum
2538 4758 2744 4831 gaudio
2779 4772 2979 4828 magno
3025 4764 3078 4810 et
3116 4766 3248 4824 pace
3296 4749 3473 4807 tocius

191 4853 379 4925 pepuli
405 4852 577 4925 Gallic
604 4853 637 4909 8
676 4852 799 4910 ldus
826 4854 1078 4926 Augusti.

198 4930 211 4941 ’
266 4940 423 4996 1226.
466 4941 535 4975 ¹’⁸
571 4940 687 4998 Hoc
716 4958 862 4999 anno
887 4944 1098 5001 obsedit
1141 4942 1451 5002 LodOvicus
1490 4962 1584 5002 rex
1616 4946 1959 5003 Francorum
1996 4962 2122 5003 cum
2148 4944 2533 5001 innumerabili
2561 4943 2803 5000 exercitu
2831 4942 2919 4998 die
2947 4940 3295 4996 Pentecostes
3336 4932 3469 4987 Avi-

191 5033 439 5108 nionem,
462 5041 517 5091 et
538 5036 678 5093 sedit
712 5036 786 5092 ibi
811 5035 925 5092 fere
953 5045 1192 5109 quatuor
1224 5054 1473 5106 menses;
1505 5039 1581 5095 ibi
1600 5055 1730 5095 vero
1753 5039 1859 5095 fuit
1889 5039 2107 5095 occisus
2142 5052 2331 5094 eomes
2373 5036 2563 5093 Sancti
2603 5035 2758 5091 Pauli
2785 5042 2842 5091 et
2873 5032 3031 5089 multi
3055 5031 3147 5086 alii
3172 5026 3384 5083 nobiles
3410 5028 3469 5078 et

1501 5189 1734 5247 VARIE
1778 5189 2183 5248 LECTIONES.

266 5345 335 5417 ηε
355 5344 520 5417 gerie,
539 5346 672 5401 limo
693 5355 748 5402 et
762 5345 874 5417 alia
901 5347 1145 5417 quadam
1165 5345 1261 5417 hoc
1288 5361 1425 5399 anno
1448 5361 1553 5401 non
1577 5346 1733 5417 plane
1754 5344 2312 5417 legenda.Episcopus
2336 5343 2602 5417 Eduensis
2636 5342 2748 5417 fuit
2772 5338 3061 5397 Culterim.
3084 5409 3095 5417 _
3121 5337 3205 5417 _"‘
3344 5331 3465 5392 cod.

266 5362 335 5387 ἰ’
355 5362 520 5417 gone,
542 5362 672 5401 umu
693 5362 748 5402 et
762 5362 874 5401 ana
936 5362 1145 5401 uwaam
1165 5362 1261 5400 nec
1288 5362 1425 5399 anno
1448 5362 1553 5401 non
1577 5362 1733 5415 ptane
1754 5362 1802 5399 ιε
1836 5362 1994 5400 enaa.
2018 5362 2312 5416 episcopus
2336 5362 2602 5399 Lunensis
2636 5362 2741 5413 nm
2772 5362 3061 5397 υαιιει-ιιιι.
3143 5362 3205 5371 ---
3230 5362 3299 5393 au
3344 5362 3465 5392 cvm

189 5415 248 5471 2.
274 5415 489 5487 ίΙιαῡετε
543 5417 766 5471 videtur.
813 5362 1059 5471 Sejdies
1083 5415 1311 5471 Andreae
1363 5416 1592 5486 apostoli
1646 5415 1734 5471 50.
1782 5362 2068 5471 Igovembr.
2117 5417 2240 5487 fuit.
2319 5417 2387 5487 Ψ
2436 5415 2643 5486 reliqua
2672 5413 2785 5467 alia
2812 5426 3001 5466 manus
3025 5409 3153 5465 add.
3230 5406 3298 5441 ⁸⁸⁸
3337 5418 3468 5463 eum

127 5521 131 5525 -
192 5486 291 5542 ιν
378 5487 445 5519 ⁸⁸⁸
481 5487 721 5544 successi
781 5504 827 5542 c.
925 5487 992 5519 “'
1032 5488 1090 5541 in
1129 5487 1310 5542 codice
1362 5487 1473 5543 lucc
1514 5487 1583 5542 ad
1644 5505 1697 5549 α.
1735 5486 1892 5542 1227.
1929 5485 2249 5541 νείαιαέεεε
2284 5485 2546 5541 videntur.

1592 5634 1603 5643 ’
1697 5661 1928 5720 nom.

265 5795 379 5869 (59)
420 5800 476 5859 ln
513 5798 732 5858 diteccsi
754 5797 1121 5871 Lingonensi._
1863 5850 1867 5855 ,
1950 5799 2061 5871 (60)
2098 5798 2156 5854 ln
2180 5798 2433 5854 lrlandia.
