4058 6390
574 377 683 433 895
1093 377 1384 434 APPEND.
1419 378 1511 435 AD
1552 380 1609 435 S.
1652 376 2129 437 CUILLELMUM.
2166 411 2238 423 -—-
2273 381 2617 440 ANNIALES
2657 383 2714 441 S.
2751 384 3029 443 BENIGNI
3067 385 3320 443 DIVION.
3624 396 3627 399 ’
3715 397 3800 453 896

571 488 880 557 innobiles;
923 500 1111 562 postea
1138 494 1349 549 reddita
1372 490 1475 549 fuit
1506 494 1557 550 ei
1587 494 1798 561 civitas,
1829 502 1886 549 et
1918 496 2184 552 subvertit
2207 512 2399 554 omnes
2418 514 2609 555 muros
2636 501 2873 557 civitatis
2900 511 2955 556 et
2983 517 3203 559 omnem
3243 503 3636 574 fortitudinem,
3658 517 3709 564 et
3730 521 3803 567 to-

516 584 535 597 ‘
576 591 691 638 tam
720 584 790 617 ¹²⁶
823 585 987 641 aliam
1021 594 1222 640 terram
1249 586 1481 657 subjecit
1502 588 1607 643 sibi
1631 603 1806 659 usque
1838 589 1906 620 ¹¹⁶
1930 589 1999 644 ad
2021 588 2298 645 Tolosam.
2324 590 2540 662 —lpso
2570 601 2753 647 autem
2792 594 3055 650 redeunte
3099 595 3169 650 ab
3209 595 3278 627 ¹²⁶
3306 597 3568 667 praedicta
3600 599 3804 671 civitate,

571 675 862 733 defunctus
884 684 968 732 est
1000 677 1144 748 apud
1181 678 1457 735 civitatem
1480 682 1548 713 ¹¹⁸
1588 679 1820 736 Pancier
1853 677 1988 752 (61),
2019 689 2075 736 et
2095 682 2340 752 sepultus
2371 682 2427 737 in
2457 685 2793 740 monasterio
2835 687 3014 741 sancti
3066 685 3301 743 Dionisii
3336 696 3464 758 post
3514 697 3711 760 patrem
3750 694 3805 729 ⁸⁸⁸

571 783 771 834 suum;
798 768 944 824 filius
971 777 1153 825 autem
1187 771 1309 841 ejus
1339 771 1648 829 Ludovicus
1687 782 1984 829 coronatus
2023 782 2110 830 est
2139 773 2323 831 Remis
2349 775 2405 829 in
2435 775 2617 847 vigilia
2653 817 2667 831 .
2696 817 2711 831 .
2755 817 2769 832 .
2814 818 2828 832 .
2869 818 2884 834 .
2928 778 2994 811 ¹²⁷

643 861 803 916 1251.
844 859 959 916 Hoc
992 878 1140 918 anno
1165 864 1301 919 obiit
1329 863 1486 936 Hugo
1519 866 1812 937 episcopus
1849 866 2213 939 Lingonensis
2247 866 2382 924 feria
2436 868 2470 923 5
2506 877 2632 923 ante
2672 868 2866 926 Letare
2894 869 3263 930 Jherusalem.
3293 871 3398 929 Cui
3432 876 3693 934 successit
3714 876 3805 934 Bo-

570 951 762 1008 bertus
785 951 853 1007 de
887 951 1105 1009 Toreta.

600 1060 603 1063 ·
643 1043 802 1098 1256.
844 1042 959 1099 Hoc
980 1060 1126 1099 anno
1155 1053 1317 1102 natus
1342 1046 1489 1103 ﬁlius
1512 1045 1761 1120 Hugonis
1782 1047 1941 1105 ducis
1965 1046 2299 1120 Burgundie.

640 1134 800 1189 1239.
841 1132 956 1191 Hoc
990 1151 1135 1190 anno
1160 1137 1413 1193 exierunt
1434 1137 1651 1193 Tartari
1677 1139 1745 1194 de
1775 1147 1922 1195 terra
1953 1154 2054 1195 sua
2084 1146 2140 1194 et
2167 1139 2557 1194 destruxerunt
2584 1135 2867 1206 Rusciam,
2903 1136 3187 1195 Poloniam
3219 1147 3274 1195 et
3310 1137 3632 1210 Ungariam.

645 1224 804 1280 1240.
847 1224 964 1280 Hoc
992 1242 1139 1281 anno
1170 1226 1397 1282 fuerunt
1426 1229 1663 1286 barones
1693 1229 1925 1285 Francie
1951 1230 2118 1285 deviti
2140 1230 2210 1264 η’
2239 1245 2335 1285 rex
2372 1228 2634 1297 Navarre,
2663 1231 2775 1285 dux
2809 1229 3151 1302 Burgundie;
3197 1247 3383 1288 comes
3407 1230 3567 1286 Barri
3598 1238 3811 1289 mortuus

573 1317 680 1372 fuit
700 1326 754 1373 et
783 1333 967 1375 comes
998 1318 1358 1377 Montisfortis
1388 1329 1443 1376 et
1467 1337 1653 1377 comes
1676 1320 2032 1378 Nivernensis
2057 1331 2111 1378 et
2135 1322 2293 1378 multi
2323 1322 2415 1377 alii
2452 1322 2684 1378 nobiles.
2970 1381 2985 1393 ,

648 1407 808 1462 1211.
845 1406 962 1464 Hoc
982 1423 1129 1464 anno
1164 1408 1300 1465 obiit
1319 1410 1461 1466 bone
1510 1412 1773 1467 memorie
1826 1412 2045 1469 donnus
2084 1413 2253 1468 abbas
2307 1411 2664 1486 Raymundus
2715 1412 2863 1469 illius
2907 1413 3157 1481 ecclesie,
3200 1415 3293 1485 qui
3328 1414 3637 1471 construxit
3681 1428 3813 1485 gran-

572 1499 784 1569 giam..
826 1541 841 1555 .
886 1542 903 1557 .
946 1541 961 1556 .
1004 1543 1017 1557 .
1063 1543 1077 1557 .
1119 1543 1132 1557 .
1179 1543 1193 1557 .
1227 1501 1371 1557 infra
1406 1504 1548 1559 hanc
1573 1505 1820 1560 abaciam
1852 1513 1907 1560 et
1939 1506 2085 1561 hanc
2123 1520 2174 1561 et

2205 1506 2414 1561 :lesiam
2451 1506 2519 1538 η’
2547 1490 2977 1562 ηοδῑτίείᾶθὶήῑὶε
3014 1506 3274 1578 aquisivit
3300 1547 3316 1562 .
3360 1546 3376 1561 .
3420 1547 3436 1561 .
3477 1546 3494 1561 .
3539 1546 3554 1560 .
3596 1545 3611 1561 .
3652 1545 3665 1559 .
3701 1545 3715 1558 .
3750 1544 3762 1559 .
3795 1543 3807 1557 .

580 1591 724 1661 fecit.
750 1591 851 1647 Cui
873 1596 1141 1651 successit
1163 1595 1401 1651 domnus
1434 1595 1774 1668 [Stephanus
1800 1595 1890 1670 ι³⁸]
1922 1604 2084 1654 natus
2111 1597 2179 1653 de
2211 1597 2349 1653 Loio
2381 1597 2542 1653 annis
2578 1597 2645 1651 12
2672 1605 2727 1652 et
2750 1597 3001 1654 dimidio.
3023 1629 3093 1639 -—
3130 1596 3245 1654 Hoc
3285 1613 3440 1653 anno
3482 1596 3616 1652 obiit
3640 1593 3811 1664 Grego-

578 1682 696 1737 rius
718 1682 868 1740 IX“.
900 1685 1168 1757 Tempore
1191 1685 1364 1755 ipsius
1391 1684 1494 1742 fuit
1522 1687 1796 1743 discordia
1825 1688 1967 1743 inter
1996 1703 2055 1743 se
2075 1695 2131 1743 et
2160 1687 2512 1744 Fredericum
2553 1687 2945 1757 inperatorem,
2977 1687 3073 1758 qui
3102 1687 3325 1743 duravit
3353 1701 3456 1756 per
3490 1699 3719 1741 anxios...
3742 1681 3809 1748 ⁸⁸¹,

573 1782 635 1830 et
667 1776 902 1832 cessavit
928 1778 1086 1834 sedes
1110 1793 1208 1848 per
1249 1776 1388 1834 duos
1416 1794 1656 1848 menses,
1681 1787 1737 1836 et
1758 1778 1982 1835 fuerunt
2018 1779 2166 1850 capti
2192 1780 2260 1811 ¹⁸¹
2296 1779 2407 1835 duo
2436 1779 2601 1851 legati
2629 1787 2685 1834 et
2723 1779 2882 1833 multi
2907 1779 3120 1850 prelati,
3152 1776 3575 1849 archiepiscopi,
3613 1773 3813 1845 episcopi

573 1875 637 1920 et
659 1866 905 1936 ahbates,
928 1877 984 1924 et
1007 1867 1453 1940 archiepiscopus
1485 1869 1857 1928 Bissuniensis
1892 1871 2056 1941 periit
2079 1872 2136 1926 in
2158 1887 2331 1927 mare.
2378 1869 2481 1926 Cui
2515 1871 2782 1927 successit
2821 1869 3149 1938 Celestinus,
3180 1878 3235 1926 et
3262 1868 3489 1926 duravit
3507 1883 3603 1938 per
3624 1866 3684 1921 15
3702 1864 3810 1933 dies,

584 1968 639 2013 et
664 1960 897 2016 cessavit
926 1961 1083 2017 sedes
1114 1976 1212 2032 per
1236 1975 1442 2016 annum
1476 1970 1531 2019 et
1555 1963 1805 2035 anplius;
1837 1964 1926 2019 cui
1967 1965 2232 2021 suscessit
2272 1962 2633 2020 Innocencius
2674 1971 2925 2034 quartus,
2953 1964 3049 2035 qui
3071 1963 3258 2019 statim
3279 1962 3517 2018 recessit
3542 1977 3575 2016 a
3602 1958 3753 2015 Roma
3772 1967 3814 2013 et

582 2051 734 2106 venit
772 2052 1063 2119 Ludunum
1099 2054 1191 2121 ω,
1222 2062 1277 2110 et
1306 2055 1604 2111 celebravit
1625 2055 1919 2112 concilium
1946 2056 2022 2111 ibi
2052 2071 2200 2112 anno
2228 2056 2470 2112 secundo
2489 2055 2844 2126 pontiﬁcatus
2869 2055 2976 2110 sui.

648 2144 807 2201 1214.
852 2146 968 2204 Hoc
992 2163 1137 2203 anno
1162 2146 1385 2202 fuerunt
1407 2164 1505 2203 rex
1534 2157 1589 2204 et
1621 2149 1811 2221 regina
1856 2148 2001 2218 apud
2032 2147 2336 2203 Divionem.
2365 2178 2435 2187 —
2458 2146 2576 2202 Hoc
2600 2161 2745 2201 anno
2770 2146 3160 2203 destruxerunt
3198 2142 3474 2199 Babilonii
3504 2150 3691 2198 terram
3717 2153 3815 2209 pro-

580 2235 865 2296 missionis
889 2247 943 2295 et
976 2240 1289 2311 sepulcrum
1317 2239 1537 2295 Domini
1554 2257 1730 2312 usque
1765 2241 1833 2296 ad
1856 2240 2047 2296 Tirum
2086 2240 2230 2295 etad
2252 2239 2363 2295 Cor
2393 2240 2462 2272 ¹⁸⁵
2494 2239 2762 2295 civitates.

654 2326 811 2383 1249.
853 2327 968 2385 Hoc
998 2345 1144 2385 anno
1170 2329 1303 2384 obiit
1329 2330 1566 2386 domnus
1588 2330 1744 2401 Hugo
1770 2329 2134 2402 Lingonensis
2164 2330 2454 2401 episcopus
2476 2338 2530 2385 et
2559 2329 2836 2400 quondam
2869 2329 3037 2385 abbas
3066 2327 3472 2393 Cluniacensis,
3501 2340 3654 2381 cruce
3672 2323 3816 2393 signa-

587 2423 679 2475 tus
703 2420 846 2476 ultra
876 2438 1047 2489 mare,
1075 2430 1129 2478 et
1149 2422 1204 2492 in
1228 2423 1479 2493 sequenti
1523 2438 1670 2478 anno
1704 2423 1973 2479 successit
2014 2421 2067 2478 ei
2094 2421 2272 2478 Guido
2306 2422 2373 2478 de
2415 2420 2735 2488 Rochefort,
2766 2421 3065 2478 canonicus
3098 2421 3343 2492 ejusdem
3366 2418 3617 2475 ecclesie.
3644 2444 3708 2455 —
3728 2412 3817 2468 Hoc

588 2524 737 2567 anno
766 2512 1108 2586 Lugdovicus
1141 2530 1238 2569 rex
1268 2530 1392 2569 cum
1420 2530 1593 2570 uxore
1622 2530 1723 2571 sua
1766 2523 1821 2570 et
1850 2512 2067 2570 duobus
2118 2512 2380 2570 fratribus
2422 2513 2537 2569 suis
2566 2512 2767 2568 Karolo
2790 2521 2844 2569 et
2872 2512 3111 2568 Roherto
3157 2512 3254 2567 ivit
3282 2512 3438 2567 ultra
3460 2523 3625 2574 mare,
3665 2513 3817 2561 contra

591 2615 832 2674 paganos
862 2616 1238 2676 pugnaturus;
1277 2607 1372 2676 qui
1396 2605 1453 2659 in
1478 2605 1658 2675 primo
1696 2606 1932 2661 adventu
1964 2620 2067 2660 suo
2092 2604 2238 2676 cepit
2280 2604 2585 2660 Damietam
2612 2612 2667 2660 et
2701 2604 2946 2675 possedit
2981 2620 3103 2660 eam
3138 2602 3252 2659 fere
3291 2619 3393 2673 per
3434 2600 3704 2657 dimidium
3738 2611 3815 2651 an-

591 2707 748 2760 num,
784 2696 877 2750 sed
902 2696 1263 2765 permissione
1287 2696 1382 2751 Dei
1408 2696 1607 2752 accidit
1626 2697 1679 2752 ei
1700 2697 1972 2767 quoddam
1998 2695 2380 2752 infortunium.
2417 2695 2554 2751 Nam
2584 2706 2827 2766 tempore
2860 2696 3105 2777 paschali
3140 2695 3329 2751 exiens
3368 2695 3442 2749 de
3477 2693 3704 2779 Damieta
3717 2704 3817 2745 cum

592 2787 783 2842 multis
804 2789 1026 2844 milibus
1058 2790 1299 2858 peditum
1323 2798 1377 2843 et
1404 2789 1663 2857 militum,
1689 2788 1953 2860 pugnavit
1975 2804 2102 2843 eum
2135 2789 2395 2859 paganis;
2419 2796 2474 2843 et
2494 2788 2747 2843 detentus
2786 2786 2964 2843 fuitin
2986 2788 3175 2858 eodem
3202 2786 3344 2841 bello
3367 2793 3428 2840 et
3446 2784 3599 2840 multi
3626 2783 3815 2836 barones

590 2892 723 2932 cum
748 2895 834 2946 eo,
864 2889 917 2933 et
947 2879 1117 2934 frater
1154 2881 1273 2950 ejus
1301 2880 1570 2937 Bobertus
1596 2881 1815 2937 occisus
1855 2888 1973 2948 est;
2002 2888 2085 2936 set
2115 2882 2375 2937 redentus
2419 2879 2522 2935 fuit
2546 2888 2601 2935 et
2625 2896 2817 2936 omnes
2847 2880 2942 2951 qui
2969 2896 3095 2936 cum
3122 2896 3188 2935 eo
3215 2894 3281 2935 eo
3315 2888 3479 2934 erant
3519 2876 3616 2932 100
3640 2874 3817 2931 milibus

596 2969 839 3024 marchis
861 2971 1005 3037 auri,
1040 2972 1135 3025 tali
1161 2973 1473 3028 conditione
1505 2974 1651 3043 quod
1675 2972 1922 3028 Damieta
1955 2973 2310 3041 redderetur;
2352 2988 2461 3044 qua
2498 2972 2730 3039 reddita,
2759 2972 3146 3028 destruxerunt
3176 2972 3243 3003 ¹⁸⁵
3282 2986 3411 3027 eam
3448 2968 3637 3043 pagani
3671 2963 3817 3021 fundi-

593 3067 708 3128 tus,
739 3062 981 3119 dicentes
1005 3064 1151 3135 quod
1177 3073 1397 3136 propter
1425 3081 1545 3120 eam
1576 3081 1793 3135 semper
1816 3064 2235 3122 infestabantur.

671 3154 830 3210 1252.
872 3154 988 3211 Hoc
1016 3173 1161 3213 anno
1182 3157 1433 3213 exierunt
1453 3166 1701 3228 pastores
1740 3174 1867 3213 cum
1920 3158 2108 3214 multis
2167 3158 2439 3229 adjunctis
2487 3158 2715 3224 eisdem,
2769 3157 3013 3213 volentes
3062 3156 3462 3223 transfretare,
3522 3162 3576 3210 et
3621 3152 3817 3208 dicentes

592 3247 746 3315 quod
770 3245 1034 3305 Dominus
1065 3250 1121 3303 in
1143 3251 1424 3305 nativitate
1462 3266 1559 3305 sua
1590 3250 1763 3305 voluit
1808 3248 2163 3305 manifestare
2191 3266 2250 3306 se
2280 3266 2378 3320 per
2407 3250 2664 3320 angelum
2710 3250 3056 3320 pastoribus,
3084 3258 3139 3305 et
3169 3250 3290 3305 ideo
3314 3249 3573 3304 volebant
3609 3244 3736 3301 adire
3754 3241 3817 3295 10-

596 3354 724 3393 cum
758 3340 851 3394 ubi
889 3350 1049 3397 natus
1070 3341 1173 3396 fuit
1197 3351 1251 3396 et
1287 3358 1599 3413 expugnare
1639 3342 1891 3397 inimicos
1919 3341 2075 3412 ejus;
2128 3350 2211 3397 set
2242 3341 2375 3397 illud
2407 3341 2745 3413 propositum
2773 3342 2830 3397 in
2870 3340 3127 3396 frivolum
3154 3341 3441 3397 redactum
3463 3338 3581 3394 fuit.

675 3431 833 3487 1254.
876 3431 991 3490 Hoc
1017 3449 1162 3488 anno
1187 3434 1321 3489 obiit
1358 3434 1632 3504 dompnus
1660 3434 1725 3464 ³³⁸
1758 3434 1825 3489 de
1854 3432 2010 3499 Loio,
2056 3432 2223 3489 abbas
2253 3433 2414 3488 istius
2446 3432 2662 3499 eclesie,
2689 3433 2774 3487 vir
2814 3432 3274 3503 prudentissimus
3300 3440 3469 3502 atque
3500 3425 3815 3510 fidelissimus.

598 3523 810 3579 scilicet
844 3525 896 3578 in
920 3526 1095 3597 capite
1111 3526 1326 3596 jejunii,
1356 3527 1502 3597 quod
1536 3535 1670 3581 tunc
1706 3524 1810 3579 fuit
1854 3526 1887 3581 5
1924 3525 2042 3580 Kal.
2072 3524 2281 3592 Marcii,
2315 3525 2412 3595 qui
2447 3532 2573 3579 ante
2604 3524 2669 3556 “"
2704 3525 2772 3581 15
2811 3526 2930 3581 dies
2970 3525 3029 3580 in
3063 3524 3307 3595 periculo
3333 3524 3531 3580 mortis
3554 3516 3815 3593 positus,'in

603 3628 768 3668 manu
790 3616 1033 3687 episcopi
1056 3616 1419 3688 Lingonensis
1442 3617 1763 3689 resignavit,
1789 3625 1845 3672 et
1876 3617 2014 3671 bene
2041 3616 2372 3673 ministravit
2396 3616 2502 3684 ibi;
2543 3616 2632 3672 die
2672 3624 2852 3673 autem
2877 3618 3119 3673 crastina
3147 3616 3517 3689 deposicionis
3544 3628 3635 3672 sue
3653 3612 3816 3669 electus

601 3699 706 3757 fuit
728 3703 985 3761 dominus
1013 3705 1209 3762 Petrus
1248 3707 1315 3762 de
1343 3706 1572 3762 Fosseto

677 3795 835 3852 1255.
876 3797 991 3854 Hoc
1017 3814 1162 3855 anno
1197 3799 1332 3855 obiit
1353 3797 1711 3855 Innocencius
1744 3813 1883 3870 papa
1915 3796 2043 3865 Illi;
2075 3798 2166 3853 cui
2198 3798 2266 3838 υ·
2297 3798 2564 3857 successit
2586 3798 2823 3856 domnus
2848 3798 3152 3856 Alexander
3180 3814 3321 3871 papa
3345 3795 3463 3869 lli],
3498 3795 3590 3870 qui
3611 3800 3711 3851 erat
3730 3787 3817 3860 epi-

604 3903 805 3961 sc0pus
828 3890 1156 3949 Hostiensis.
2992 3910 2996 3917 '

685 3982 841 4038 1259.
881 3982 994 4039 Hoc
1016 3999 1160 4039 anno
1183 3983 1287 4040 fuit
1325 3984 1615 4040 inﬁrmitas
1638 3993 1690 4039 et
1718 3983 2020 4039 mortalitas
2041 3983 2328 4038 hominum
2357 3984 2414 4040 in
2439 3992 2553 4040 toto
2574 3984 2801 4052 mundo,
2834 3984 2912 4041 ita
2938 3992 2999 4040 ut
3023 3999 3198 4055 pauce
3230 3983 3432 4041 domus
3454 3988 3631 4040 essent
3653 3973 3817 4045 inqui-

604 4071 710 4130 bus
737 4075 933 4146 aliquis
970 4092 1138 4133 sanus
1158 4076 1528 4146 inveniretur;
1564 4077 1815 4148 cepitque
1842 4076 2070 4132 inicium
2097 4077 2199 4132 hec
2229 4077 2536 4132 mortalitas
2570 4076 2627 4132 in
2657 4092 2855 4148 magna
2879 4077 3182 4134 ebdomada
3210 4085 3336 4132 ante
3356 4075 3588 4140 Pascha,
3615 4065 3813 4127 duravit-

601 4181 715 4234 que
746 4167 964 4222 circiter
991 4184 1164 4222 unum
1194 4184 1460 4225 mensem.
3780 4243 3791 4255 ο

682 4256 841 4312 1260.
884 4256 998 4312 Hoc
1026 4273 1171 4314 anno
1203 4258 1317 4315 fere
1354 4259 1413 4315 in
1454 4260 1713 4316 universo
1742 4259 1875 4315 orbe
1896 4256 2215 4316 Christiano
2245 4266 2508 4330 ceperunt
2539 4274 2599 4315 se
2620 4259 2870 4315 homines
2905 4258 3035 4317 laici
3076 4274 3204 4317 cum
3237 4257 3429 4314 multis
3457 4253 3657 4312 clericis
3681 4253 3817 4305 com~

604 4345 717 4417 giis
750 4349 1058 4416 verberare,
1096 4349 1272 4405 induti
1296 4350 1539 4406 vestibus
1568 4333 1726 4418 albis,
1773 4349 2020 4405 humeris
2050 4349 2428 4422 discoopertis.

683 4437 840 4494 126i.
880 4437 995 4496 Hoc
1020 4456 1167 4499 anno
1191 4442 1326 4498 obiit
1348 4442 1583 4499 domnus
1608 4442 1917 4498 Alexander
1937 4457 2079 4512 papa
2099 4440 2224 4509 1111,
2254 4441 2467 4498 scilicet
2489 4441 2557 4496 14
2588 4440 2707 4497 Kal.
2732 4439 2901 4496 Junii.
3120 4512 3132 4521 ο
3585 4527 3599 4531 Δ
3654 4524 3667 4531 _
3780 4516 3793 4531 ι

685 4529 843 4586 1266.
881 4530 998 4588 Hoc
1020 4534 1085 4568 ⁸³³
1111 4550 1260 4590 anno
1303 4533 1538 4590 Karolus
1567 4536 1791 4606 princes
1847 4541 2128 4602 strenuus,
2188 4533 2359 4590 frater
2405 4533 2665 4590 Ludovici
2715 4534 3095 4606 gloriosissimi
3139 4542 3194 4589 et
3233 4524 3672 4589 Christianissimi
3707 4524 3816 4590 ῐθεῖί

607 4618 862 4691 Francie,
889 4624 1024 4680 adiit
1060 4626 1358 4683 honorifice
1388 4643 1515 4683 cum
1545 4642 1716 4684 uxore
1738 4642 1838 4683 sua
1874 4634 1930 4682 et
1969 4626 2160 4682 liberis
2197 4627 2312 4682 suis
2338 4625 2591 4696 Apuliam
2620 4642 2747 4683 cum
2781 4627 2966 4682 multis
3003 4626 3224 4682 milibus
3249 4624 3599 4688 Francorum,
3629 4611 3813 4673 Μειιΐτθ-

601 4712 744 4779 dum
780 4725 1083 4786 apostatam
1107 4728 1539 4791 expugnaturus,
1567 4735 1732 4791 quem
1772 4720 1890 4776 sine
1916 4718 2069 4791 gravi
2096 4718 2333 4788 dampno
2372 4719 2573 4775 devicit
2605 4728 2660 4774 et
2692 4720 2909 4776 occidit.
2936 4718 3075 4774 Nam
3109 4734 3263 4775 arma
3287 4734 3390 4774 sua
3429 4718 3707 4773 mutaverat
3723 4718 3816 4777 pw-

604 4804 793 4862 dictus
826 4808 1138 4867 Mcnfredus
1162 4812 1220 4866 in
1247 4812 1491 4868 exercitu
1518 4828 1619 4868 suo
1658 4821 1715 4868 et
1738 4828 1770 4867 a
1802 4827 1936 4867 casu
1975 4811 2180 4877 ocisus,
2205 4810 2490 4881 ignoratur
2530 4812 2656 4881 quis
2702 4827 2829 4867 eum
2869 4813 3117 4869 ociderit.
3143 4811 3263 4880 Quo
3296 4813 3470 4878 ociso,
3502 4818 3554 4864 et
3579 4816 3723 4862 uxore
3738 4810 3813 4852 sua

607 4903 671 4951 et
694 4898 819 4954 tiliis
839 4900 962 4971 ejus
986 4902 1181 4974 captis,
1205 4911 1260 4959 et
1289 4904 1582 4961 comitibus
1609 4912 1665 4960 et
1692 4904 1992 4963 baronibus
2010 4902 2266 4976 plurimis
2290 4903 2487 4977 captis,
2515 4902 2748 4960 Karolus
2779 4919 2873 4960 rex
2904 4902 3088 4961 Sicilie
3107 4912 3162 4961 et
3189 4904 3386 4977 Apulie
3406 4910 3462 4960 et
3478 4896 3702 4958 Calabrie
3715 4889 3813 4947 επθο

604 4998 738 5047 ctus
777 5001 881 5049 est.
1480 5022 1487 5025 -

1923 5107 2158 5165 VARIA‘]
2193 5107 2598 5165 LECTIONES.

684 5220 757 5252 ⁸⁸⁸
794 5230 849 5276 et
876 5230 952 5291 to,
994 5239 1191 5296 usque,
1224 5226 1313 5291 ab,
1345 5225 1528 5292 civita,
1554 5235 1640 5282 ost
1662 5240 1732 5296 pa
1754 5225 1987 5296 abscisa.
2074 5224 2153 5296 PI
2178 5222 2369 5296 supple
2393 5238 2411 5276 :
2431 5221 2751 5296 festivitatis
2772 5226 2969 5296 sancti
2999 5226 3231 5296 Andrge.
3335 5224 3403 5257 ⁸³⁸
3435 5224 3511 5296 itg
3547 5218 3690 5296 legere
3710 5205 3809 5296 ξίέί

614 5275 3308 5367 ...τιμωρίη-,ἶ,ῥῑξηὶξξκῖξηῖεθῖηῖ...πιᾱῆ’,ςῑ-δῖεριίίινεάεξεπ,δαίτῃ...ἦἐί.’ξ.ξῖῑελῆῆθῑι.ιρ.
3336 5275 3681 5367 magis;
3716 5275 3806 5367 ig.

611 5376 673 5430 φ.
718 5359 844 5417 528.
921 5364 989 5397 ¹¹⁹
1029 5382 1132 5418 non
1171 5350 1327 5437 plane
1363 5350 1589 5421 constat.
1667 5368 1732 5400 ¹³⁶
1758 5350 1845 5423 ita
1864 5350 2124 5470 suppleri.
2201 5350 2266 5394 ί³¹
2304 5363 2382 5416 ἱια
2407 5364 2525 5418 cod.
2568 5350 2763 5434 spacio'
2789 5350 3009 5421 relicto.
3062 5367 3130 5399 ⁸³⁸
3168 5350 3486 5435 ρειιῖρῑὶὶοᾱ.
3575 5350 3634 5391 ⁸³³
3663 5350 3805 5408 Indum

611 5431 718 5470 .rnrl
836 5430 1017 5470 13"....)
1057 5434 1267 5470 Ar‘nnn9
1306 5437 1563 5470 (Mm...
1594 5437 1764 5470 Αηηηη
1888 5436 1931 5469 ιι
1991 5436 2349 5470 Λαειιιτονηηι
2387 5433 2483 5470 ρηΑ
2546 5435 2615 5467 us
2652 5434 2759 5470 nm.
2792 5452 2819 5470 ρ
2882 5438 3104 5470 πονου...
3165 5436 3288 5470 tam
3340 5436 3362 5470 ε
3433 5450 3460 5470 ι
3537 5426 3803 5470 Qtpnhanls.

610 5426 736 5509 acori.
836 5430 1017 5509 meet
1049 5426 1788 5509 ᾼςὶεριιῖνίονςαδεεςΑεοοῐι,
1888 5426 2352 5509 ίξῗόεεῑυιθιδιιῐιῑ
2386 5433 2519 5509 cod.‘
2546 5426 2761 5509 f“_Dps
2790 5452 2837 5490 c.
2878 5438 3104 5509 fortasse
3164 5426 3293 5506 Stps
3340 5436 3362 5491 ί
3432 5450 3477 5488 e.
3536 5426 3803 5509 SlﬁPhan's'

616 5498 688 5534 ‘”
724 5517 791 5556 an
818 5519 863 5556 c.
945 5505 1013 5537 ⁸³⁸
1051 5504 1130 5560 bis
1158 5498 1364 5562 duab'us
1386 5508 1539 5561 lineis
1568 5510 1845 5580 scriptum.
1921 5507 1988 5542 ¹³¹
2022 5503 2137 5561 Hoc
2158 5535 2232 5546 —
2252 5519 2378 5559 cum
2410 5504 2600 5561 multis
2628 5498 2826 5588 iri-loco
2852 5498 2972 5562 r'aso
3004 5506 3116 5561 alia
3155 5498 3317 5561 mduu
3356 5520 3509 5577 quam
3537 5498 3724 5566 reliqu-

2124 5658 2357 5719 NOTAE.

668 5752 805 5861 ’.(61)
844 5791 1233 5863 Montpeusier.
