4058 6470
172 366 272 430 891

837 355 1209 418 ROBERTUS
1243 354 1389 412 REX
1425 351 1884 411 FRANCORUM.
1920 381 1991 393 -—-
2024 346 2307 410 NOTITIA
2344 345 2738 407 HISTORICA.

3343 343 3451 402 898

239 482 398 540 1267.
432 479 551 537 Hoc
581 479 649 514 “°
679 493 826 534 anno
853 475 1030 542 Oddo,
1058 473 1457 546 primogenitus
1500 471 1660 528 ducis
1686 468 2021 542 Burgundie,
2051 468 2211 524 miles
2245 467 2427 524 bonus
2470 466 2713 537 prudens
2760 473 2926 537 atque
2962 463 3288 549 catholicus,
3314 463 3454 549 obiit

171 576 227 631 in
251 572 503 644 partibus
528 567 951 632 transmarinis;
979 567 1075 637 qui
1099 565 1155 620 in
1193 573 1368 620 morte
1404 579 1505 619 sua
1527 562 1831 617 maximum
1859 560 2020 616 nobis
2044 560 2302 615 omnibus
2331 557 2571 614 ostendit
2597 557 2928 613 humilitatis
2952 546 3286 627 exemplum.
3313 546 3451 611 Nam

171 676 290 724 octo
312 665 507 721 diebus
536 671 830 732 antequam
852 667 1162 716 moreretur
1202 656 1410 728 portari
1436 672 1495 712 se
1537 654 1668 710 fecit
1697 654 1753 708 in
1787 652 2046 724 hospitali
2072 667 2372 723 pauperum
2411 658 2565 706 extra
2606 666 2798 705 muros
2828 651 3056 705 Aucone
3098 650 3163 684 ‘“
3192 649 3450 717 civitatis,

170 760 354 830 ibique
388 756 588 813 amotis
612 755 766 810 vario
791 762 846 808 et
869 753 1018 824 griso
1044 751 1413 822 omnibusque
1455 746 1795 804 ornamentis
1846 746 2034 817 regiis,
2076 744 2209 800 fecit
2245 759 2305 799 se
2327 743 2458 815 poni
2488 743 2546 797 in
2570 743 2904 813 pauperculo
2940 742 3082 797 lecto
3103 750 3158 796 et
3182 741 3303 798 sine
3330 742 3457 811 plu-

171 867 286 917 ma,
314 857 607 919 coopertus
631 844 1011 901 tantummodo
1065 844 1132 899 de
1160 843 1399 913 quadam
1426 841 1579 906 vitta,
1610 839 1964 910 precepitque
1991 837 2259 892 militibus
2297 836 2437 899 suis,
2459 835 2822 906 jurejurando
2870 834 3166 900 mediante,
3200 833 3350 904 quod
3399 832 3456 887 in

171 952 347 999 morte
378 957 478 997 sua
510 941 589 997 nil
622 937 1044 1008 sollempnilatis
1068 943 1320 1008 ageretur
1348 942 1701 1005 preterquam
1727 931 1794 964 “'
1834 930 2084 987 divinum
2113 929 2350 986 ofﬁcium
2375 936 2430 984 et
2468 929 2585 984 sola
2614 928 2841 984 candela
2864 928 3083 983 arderet
3115 925 3171 982 in
3205 933 3381 982 morte
3404 932 3461 981 et

171 1040 224 1096 in
250 1037 630 1094 inbumatione
660 1034 857 1105 ipsius.

241 1128 404 1183 1271.
444 1125 561 1181 Hoc
591 1139 738 1180 anno
769 1122 967 1178 cecidit
1003 1119 1171 1175 turris
1194 1118 1260 1173 de
1281 1118 1452 1173 choro
1476 1125 1532 1171 et
1557 1116 1835 1172 neminem
1864 1115 2159 1187 Oppressit,
2197 1114 2394 1172 ceteris
2415 1122 2599 1171 autem
2628 1114 2937 1171 muralibus
2965 1113 3150 1186 templi
3174 1113 3375 1171 evincl.
3400 1157 3414 1170 .
3444 1154 3458 1168 .

171 1221 453 1276 indutibus
480 1234 548 1273 ex
576 1217 856 1273 voluntate
883 1213 1282 1270 monachorum
1308 1218 1364 1265 et
1386 1209 1636 1265 artificis.
1665 1249 1680 1262 .
1723 1250 1737 1264 .
1778 1249 1794 1264 .
1835 1249 1849 1263 .

239 1313 402 1369 1285.
444 1310 558 1366 Hoc
583 1326 729 1365 anno
756 1307 995 1364 surrexit
1016 1305 1303 1376 Philippus
1324 1318 1421 1358 rex
1447 1302 1677 1357 Francie
1706 1310 1900 1357 contra
1940 1301 2166 1356 Petrum
2210 1301 2445 1357 condam
2485 1316 2669 1373 regem
2710 1301 3172 1373 Aragoncnsium,
3212 1301 3468 1357 condem-

169 1413 400 1476 pnatum
427 1418 459 1458 a
496 1402 722 1457 domino
743 1416 882 1472 papa
911 1398 1146 1454 Martino
1177 1395 1289 1465 llll,
1335 1411 1463 1451 cum
1490 1395 1680 1450 multis
1718 1394 2020 1450 baronihus
2059 1393 2292 1449 Francie
2323 1402 2379 1449 et
2408 1409 2575 1449 manu
2622 1394 2800 1449 valida
2851 1394 3212 1461 bellatorum;
3261 1394 3318 1448 in
3350 1409 3463 1465 quo

171 1496 340 1552 etiam
365 1495 573 1549 exitum
602 1492 670 1525 ’⁵⁸
709 1492 917 1562 potitus
943 1489 1010 1522 “3
1038 1497 1122 1543 est
1156 1489 1272 1559 ipse
1318 1502 1414 1541 rex
1468 1484 1717 1554 Pbilipus
1753 1498 1881 1539 cum
1933 1483 2146 1538 infinita
2190 1482 2542 1538 multitudine
2595 1498 2843 1538 suorum.
2868 1480 2961 1538 Ille
3008 1483 3175 1537 etiam
3217 1490 3468 1553 apostata

171 1596 315 1642 nutu
349 1587 533 1643 divino
570 1584 763 1640 eodem
796 1597 942 1637 anno
963 1581 1131 1636 vitam
1158 1577 1351 1634 finivit.
1389 1576 1592 1632 Eodem
1629 1582 1814 1630 autem
1844 1573 2057 1644 Philipo
2103 1588 2231 1645 rege
2272 1571 2505 1626 Francie
2556 1579 2798 1637 mortuo,
2840 1571 3107 1626 successit
3136 1571 3187 1627 ei
3215 1572 3271 1626 in
3297 1586 3469 1643 regno

171 1680 323 1737 illius
355 1679 477 1749 ejus
521 1677 771 1748 Philipus
811 1675 1054 1741 nomine,
1084 1672 1279 1729 faciem
1310 1670 1696 1742 pulcerrimus,
1721 1682 1892 1739 agens
1922 1667 1993 1721 22
2039 1681 2284 1733 annum;
2329 1664 2426 1736 qui
2449 1665 2614 1720 etiam
2651 1664 2754 1718 fuit
2784 1664 2853 1697 ιιι
2873 1680 2967 1720 rex
2994 1665 3260 1721 Navarrie
3294 1674 3350 1719 et
3371 1680 3468 1720 co-

171 1788 296 1829 mes
322 1770 640 1842 Campanie,
681 1778 737 1824 et
757 1768 960 1824 multas
988 1767 1126 1822 alias
1151 1766 1218 1798 ιδδ
1240 1773 1417 1821 terras
1445 1762 1710 1835 possedit.
1749 1758 1866 1816 Hoc
1917 1760 2085 1816 etiam
2120 1774 2267 1815 anno
2303 1767 2558 1815 mortuus
2603 1756 2707 1813 fuit
2755 1756 3025 1815 Martinus
3058 1774 3199 1830 papa
3246 1756 3361 1826 llll,
3414 1765 3472 1813 et

173 1866 449 1923 successit
500 1863 798 1920 Honorius.

1466 1950 1702 2007 VABIE
1743 1947 2154 2005 LECTIONES.

250 2052 326 2085 “°
359 2050 479 2108 Hoc
504 2081 576 2092 --
608 2052 917 2122 exemplum
954 2049 1138 2104 eadem
1162 2064 1322 2122 manu
1353 2064 1459 2118 qua
1490 2047 1618 2099 anni
1652 2042 2075 2122 1266._iaitium.
2102 2044 2158 2122 in
2195 2042 2311 2122 loco
2342 2058 2470 2122 raso
2512 2042 2791 2122 scriptum.
2869 2040 2931 2072 ’δ’
2974 2041 3051 2095 ita
3090 2056 3136 2093 ε.
3176 2039 3240 2071 ’δ’
3281 2046 3474 2110 ρτεεῑθι·

175 2123 372 2195 quod?
419 2123 537 2178 cod.
644 2123 712 2154 ’⁵³
750 2119 911 2188 itum,
949 2122 1083 2175 titus
1132 2136 1234 2173 non
1263 2119 1422 2189 plane
1459 2125 1727 2171 constant.

1825 2116 1893 2147 ¹⁸⁵
1920 2114 2156 2185 supplevi
2177 2115 2296 2185 jam
2322 2130 2424 2167 non
2450 2112 2691 2184 legenda.

207 2337 517 2350 ————

1532 2461 1668 2501 ANNO
1706 2461 1891 2500 DOIINI
1932 2460 2123 2499 )lXXXI.

582 2627 1472 2863 MBER’I‘US
1570 2621 3066 2995 WMNMRUM.

1079 3105 1688 3223 NOTlTIA
1771 3106 2595 3223 HISTORICA.

449 3338 832 3412 (Msonounns
858 3332 1233 3388 chstnwsa
1263 3329 1320 3386 in
1356 3327 1650 3400 Conspectu
1680 3328 1758 3382 rei
1786 3328 2068 3385 litterariae
2102 3328 2234 3385 0rd.
2263 3328 2321 3385 S.
2350 3329 2645 3400 Benedicti,
2678 3342 2831 3404 parte
2866 3351 2903 3404 ι,
2932 3351 3054 3407 pag.
3085 3335 3236 3407 525.)

272 3606 395 3679 Quo
417 3614 662 3677 tempore
687 3603 1005 3671 Gerhertus,
1034 3617 1103 3659 ex
1134 3602 1406 3659 monacho
1427 3598 1795 3658 Auriliacensi
1822 3600 1869 3658 A
1893 3614 2015 3670 pem
2040 3613 2072 3653 e
2095 3598 2264 3655 Gallis
2292 3598 2624 3673 discipulum
2643 3642 2659 3669 ,
2691 3608 2746 3656 et
2786 3616 2926 3672 quos
2967 3600 3223 3658 Ecclesia:
3254 3602 3494 3662 honores

193 3700 398 3767 abbas,
444 3706 563 3753 tum
624 3695 870 3769 pontifex
927 3694 1245 3762 Remensis,
1300 3694 1427 3750 dein
1487 3693 1799 3758 Ravennas,
1900 3691 2156 3747 obtinuit.

189 3801 481 3867 postremo
501 3788 806 3855 Romanus,
833 3787 1020 3844 Remis
1042 3787 1146 3842 sub
1166 3787 1509 3843 Adalberone
1528 3784 1802 3855 archiepi-

194 3898 375 3954 scopo
392 3880 612 3940 scholas
640 3880 882 3952 regebat,
916 3878 1238 3945 Robcrtum,
1274 3876 1521 3949 Hugonis
1554 3875 1702 3948 regis
1733 3875 1801 3930 li-

192 3973 366 4040 lium,
395 3972 465 4027 ad
501 3955 721 4026 omnem
762 3969 1165 4025 humanitatem
1190 3984 1256 4024 ac
1281 3967 1541 4025 doctrina:
1585 3967 1805 4038 elegan-

194 4067 346 4122 tiam
375 4063 707 4120 informavit.
750 4061 828 4118 De
857 4077 969 4133 quo
993 4061 1145 4133 regio
1188 4061 1462 4132 discipulo
1488 4061 1605 4116 hate
1637 4059 1804 4115 tradit

195 4157 524 4229 Helgaudus
550 4155 915 4212 Floriacensis
945 4154 1250 4211 monachus
1274 4173 1287 4209 :
1310 4153 1567 4210 Robertus
1595 4170 1628 4207 a
1652 4160 1804 4224 patre

198 4246 408 4305 scholis
428 4240 669 4304 Remensi
704 4247 933 4301 traditus
952 4246 1165 4300 domino
1184 4244 1431 4301 Gerberto
1456 4245 1527 4300 ad
1560 4246 1806 4301 erudien-

200 4342 343 4397 dum
364 4349 442 4396 est
465 4340 646 4409 datus,
680 4340 771 4412 qui
792 4357 910 4395 eum
936 4339 1251 4409 sufﬁcienter
1270 4337 1578 4394 liberalibus
1602 4339 1806 4393 instru-

200 4433 297 4489 xit
318 4430 639 4504 disciplinis.
677 4429 824 4486 Idem
847 4437 1003 4487 notat
1041 4428 1353 4486 Chronicon
1387 4430 1580 4487 incerti
1616 4438 1809 4486 aucto-

202 4525 294 4583 ris
333 4526 406 4582 ab
440 4539 590 4581 anno
613 4522 823 4581 Christi
866 4522 971 4579 988
1018 4523 1088 4579 ad
1128 4539 1334 4579 annum
1359 4524 1499 4582 1015
1527 4523 1803 4579 desinens.

206 4616 287 4674 In
320 4616 497 4672 locum
517 4618 629 4687 ejus
647 4615 961 4689 (Arnulphi)
986 4619 1284 4672 consecrari
1307 4617 1431 4688 fecit
1459 4617 1576 4689 (rex
1599 4616 1806 4688 Galliae)

206 4712 473 4767 domuum
530 4712 838 4768 Gerbertum
889 4713 1204 4768 monachum
1260 4712 1657 4784 philosophum,
1716 4712 1808 4784 qui

213 4802 502 4860 Gerbertus
541 4807 796 4876 magister
831 4804 934 4876 fuit
962 4805 1176 4860 Roberti
1200 4806 1359 4878 regis,
1382 4806 1487 4877 ﬁlii
1506 4805 1663 4860 istius
1688 4803 1810 4859 Hu-

212 4896 393 4969 gonis,
415 4904 465 4951 et
489 4896 691 4951 domini
722 4895 983 4952 Leoterici
1006 4899 1385 4971 archiepiscopi
1407 4896 1809 4970 (Senonensis),

1972 3783 2244 3851 Quoniam
2270 3800 2403 3841 vero
2431 3784 2501 3842 ad
2532 3785 2896 3843 Benedictinae
2936 3787 3297 3844 institutionis
3330 3788 3503 3845 decus

1902 3876 2095 3931 attinet
2117 3877 2283 3947 hujus
2314 3878 2460 3949 regis
2486 3893 2596 3933 non
2628 3880 2813 3936 minus
2848 3881 3107 3951 praeclara
3135 3881 3308 3935 virtus
3332 3898 3502 3952 quam

1903 3968 2135 4041 insignis
2163 3970 2423 4039 eruditio,
2452 3970 2541 4026 hic
2564 3972 2631 4027 de
2662 3972 2961 4042 utraquein
2991 3972 3229 4027 medium
3252 3973 3500 4043 quaedam

1903 4065 2120 4121 allaturi
2151 4080 2365 4122 sumus.
2397 4063 2577 4135 Atque
2607 4072 2669 4120 ut
2708 4065 2777 4120 de
2808 4065 3025 4120 virtutis
3054 4064 3236 4120 studio
3264 4064 3507 4135 primum

1903 4158 2217 4230 loquamur,
2275 4157 2379 4213 fuit
2426 4155 2701 4213 Rohertus
2736 4158 3014 4212 catholica:
3043 4157 3170 4228 ﬁdei
3212 4157 3502 4212 acerrimus

1904 4250 2114 4316 vindex,
2141 4249 2302 4321 cujus
2320 4249 2687 4321 integritatem
2713 4265 2839 4305 cum
2861 4248 3080 4320 Lisojus
3095 4257 3150 4304 et
3171 4248 3510 4319 Stephanus,
3577 4247 3580 4249 Α

1905 4341 2033 4398 novi
2064 4340 2375 4410 Manichaei,
2397 4343 2811 4414 depravassent,
2833 4358 2927 4399 eos
2943 4359 3068 4399 cum
3088 4343 3372 4415 pravitatis
3394 4344 3507 4399 hae-

1905 4436 2089 4491 retica:
2112 4435 2350 4491 consciis
2370 4433 2684 4491 Aurelianis
2707 4435 2832 4508 igne
2852 4436 3152 4491 damnavit.
3183 4434 3517 4492 Christiania

1907 4531 2333 4586 mansuetudinis
2379 4539 2432 4585 et
2482 4531 2763 4585 cltaritatis
2804 4531 3003 4585 eximia
3052 4531 3198 4585 dedit
3245 4529 3504 4600 exempla.

1910 4620 2208 4678 Duodecim
2247 4622 2396 4679 viros
2433 4622 2838 4692 conjurationis
2864 4621 2920 4677 in
2950 4607 3166 4678 sacram
3195 4637 3355 4677 suam
3377 4637 3508 4693 per-

1910 4728 2105 4768 sonam
2154 4714 2434 4770 convictos
2463 4714 2648 4769 triduo
2677 4720 2801 4768 ante
2832 4710 3044 4768 Pascha
3074 4712 3243 4783 jussit
3274 4713 3392 4784 ipsa
3418 4714 3519 4770 die

1911 4814 2273 4862 sacrosanctae
2318 4805 2619 4862 Dominicae
2666 4804 3085 4860 resurrectionis
3121 4803 3520 4860 communione

1914 4897 2161 4968 corporis
2181 4906 2236 4953 et
2270 4897 2560 4969 sanguinis
2585 4895 2800 4953 Domini
2831 4897 3007 4953 nostri
3035 4894 3165 4953 Jesu
3188 4895 3393 4952 Christi
3415 4896 3518 4951 (ιο-ε

214 4988 541 5042 successoris
586 4985 786 5042 Sevini.
822 4985 1026 5045 Verum
1060 4998 1284 5060 praestat
1311 4990 1501 5047 audire
1538 4987 1815 5061 fragmen-
1847 4985 1891 5008 ³³
1916 4988 2069 5055 nari,
2087 4998 2142 5044 et
2172 4989 2445 5061 regalibus
2474 4989 2651 5061 epulis
2676 4989 2936 5049 recreari.
2964 4987 3224 5061 Sequenti
3246 4989 3333 5045 die
3353 5004 3508 5060 qua-

218 5084 345 5132 tum
373 5075 627 5133 Historiae
649 5077 927 5135 Francicaa
952 5095 983 5134 a
1007 5078 1281 5137 Ludovico
1302 5079 1400 5137 Pio
1424 5079 1492 5135 ad
1518 5078 1816 5135 Robertum
1918 5080 2098 5137 stione
2128 5082 2335 5149 habita,
2359 5082 2540 5152 capite
2566 5081 2813 5138 damnati
2833 5090 2982 5139 sunt.
3009 5080 3080 5136 At
3099 5082 3247 5153 ipsos
3275 5081 3515 5138 absolvit

220 5184 405 5239 usque
429 5185 631 5241 regem,
658 5170 753 5225 ubi
786 5178 841 5226 et
871 5171 1040 5242 hujus
1072 5172 1220 5244 regis
1249 5173 1523 5229 institutio
1556 5180 1612 5228 et
1639 5171 1786 5227 eccle

223 5262 469 5317 siasticze
495 5261 743 5318 Gerberti
779 5262 1076 5334 dignitates
1096 5264 1481 5322 describuntur
1514 5282 1529 5320 :
1558 5264 1816 5319 Robertus

228 5352 338 5421 fuit
368 5354 449 5407 vir
476 5364 802 5422 mansuetus,
824 5364 875 5410 et
900 5373 1005 5411 non
1028 5358 1361 5412 mediocriter
1387 5358 1633 5412 literatus
1655 5373 1719 5411 ac
1744 5371 1822 5410 re—

227 5443 476 5517 ligiosus.
501 5444 706 5501 Habuit
725 5448 866 5502 enim
884 5459 1253 5521 praeceptorem
1277 5448 1585 5506 Cerbertum
1604 5448 1811 5519 sapien-

236 5550 362 5606 tem,
380 5539 472 5611 qui
496 5548 678 5611 postea
702 5539 767 5595 ab
790 5541 970 5596 eodem
990 5559 1105 5614 rege
1116 5542 1449 5598 Remensium
1473 5542 1664 5597 meruit
1689 5557 1821 5612 pon-

238 5629 523 5699 tificatum,
551 5631 774 5703 indeque
797 5634 986 5687 merito
1002 5634 1235 5689 scientiae
1253 5642 1304 5689 et
1324 5634 1599 5705 sapientiae
1616 5649 1728 5688 sua:
1753 5632 1819 5687 ab

242 5717 435 5775 Ottone
468 5720 877 5778 Transrhenensi
909 5732 1232 5795 assumptus,
1260 5723 1645 5780 Ravennatium
1667 5723 1827 5776 sorti-

243 5818 327 5865 tus
357 5820 432 5866 est
462 5813 826 5884 presulatum.
857 5813 997 5873 Ecce
1030 5815 1158 5873 tibi!
1188 5830 1352 5888 quem
1388 5815 1580 5873 habuit
1612 5813 1819 5887 princi-

1916 5189 2014 5229 rex
2052 5175 2550 5243 mansuetissimus,
2586 5176 2775 5232 dicens
2810 5194 2823 5230 :
2858 5173 2983 5230 Non
3018 5175 3202 5230 debere
3235 5175 3515 5242 damnari,

1916 5266 2007 5337 qui
2029 5266 2239 5336 fuerant
2259 5267 2563 5337 prremuniti
2584 5268 2699 5321 cibo
2718 5276 2944 5338 potaque
2985 5265 3200 5321 caelesti.
3226 5264 3517 5336 Nusquam

1920 5358 2128 5428 absque
2154 5360 2489 5430 pauperibus
2525 5368 2643 5415 erat
2671 5359 3179 5416 Christianissimus
3214 5357 3518 5416 Bobcrtus.

1927 5446 2225 5505 Duodecim
2254 5466 2519 5521 pauperes
2539 5450 2869 5507 domesticos
2897 5450 3156 5517 habebat,
3180 5451 3276 5521 qui
3307 5451 3519 5520 ipsum,

1927 5556 2255 5613 quocunque
2287 5543 2409 5610 iret,
2443 5544 2626 5600 asellis
2651 5544 2792 5599 vecti
2817 5544 3211 5615 prmeedebant.
3244 5540 3359 5598 Hoc
3380 5558 3519 5597 san-

1926 5635 2001 5688 eti
2019 5636 2163 5706 regis
2189 5636 2525 5691 satellitium.
2554 5635 2698 5692 Mille
2716 5636 2772 5691 in
2797 5636 2962 5708 regiis
2985 5636 3276 5693 urbibusct
3294 5634 3521 5701 eaStris,

1929 5727 2137 5783 scilicet
2179 5727 2424 5795 Parisiis,
2473 5727 2827 5801 Sylvanectis,
2886 5729 3214 5795 Aurelianis,
3266 5728 3519 5793 Diviuuc,

1928 5818 2298 5890 Autisiodoro,
2346 5821 2606 5891 Avalone,
2652 5820 2973 5892 Meleduno,
3017 5820 3255 5894 Stampis
3315 5820 3523 5895 alcltat'
