4104 5260
502 208 654 266 ν899

1660 196 2029 260 ROBERTUS
2064 193 2205 249 REX
2244 189 2692 248 FRANCORUM.

3689 186 3785 245 900

544 321 1010 395 Quadragesimali
1034 327 1352 391 tempestate
1375 318 1623 375 ducentis
1646 318 1887 390 quotidie
1906 308 2123 387 panem,
2158 314 2202 371 Α
2233 328 2251 360 ‹
2295 323 2511 364 summo
2542 305 2796 378 pontiﬁce
2825 303 3051 360 missam
3075 302 3399 369 celebrante,
3425 310 3612 357 sancto
3640 302 3787 361 Petro

544 416 723 486 pisces
770 429 835 469 ac
875 413 1061 466 vinum
1109 409 1513 466 subministrari
1562 409 1805 464 curabat.
1855 407 1917 461 1n
1958 406 2127 460 C(ena

546 506 763 561 Domini
813 504 1068 559 trecentis
1108 503 1325 574 propria
1360 517 1524 556 manu
1569 516 1785 571 panem,
1830 498 2125 569 legumina:

544 598 742 668 pisces,
773 611 835 651 ac
868 595 1125 650 denarios.
1154 594 1306 649 ﬂexis
1337 592 1564 663 genibus
1587 633 1603 659 ,
1633 592 1768 646 hora
1805 591 1963 645 tertia
1999 588 2130 642 viri—

547 690 642 746 tim
666 688 1046 744 distribuebat.
1079 685 1303 740 Selectis
1329 693 1545 739 centum
1565 684 1894 754 pauperibus
1916 680 2130 736 clericis

546 776 854 831 uberiorem
902 777 1034 831 hora
1066 783 1217 830 sexta
1242 774 1502 844 erogabat
1544 773 1964 844 eleemosynam.
1990 769 2128 825 Cum

546 883 577 922 a
608 881 797 921 mensa
825 865 1173 929 surrexisset,
1215 864 1411 933 positis
1458 864 1730 923 reaalibus
1770 862 2127 926 vestimentis,

546 954 726 1009 cilicio
750 955 990 1019 indutus,
1015 968 1313 1023 pauperum
1342 952 1505 1021 pedes
1528 952 1724 1021 pietate
1749 960 1803 1006 ct
1824 936 2131 1005 humilitate

546 1044 854 1102 admirabili
885 1044 1153 1100 abluebat.
1180 1044 1377 1099 Sacras
1412 1045 1554 1099 aedes
1586 1052 1640 1098 et
1676 1043 2011 1098 monasteria
2040 1042 2127 1096 in-

548 1140 692 1211 genti
716 1152 941 1193 numero
964 1153 994 1190 a
1017 1135 1384 1191 fundamentis
1415 1135 1610 1200 erexit,
1639 1135 1705 1188 de
1727 1133 1928 1204 quibus
1954 1134 2131 1204 legen-

546 1231 649 1285 dus
680 1222 967 1298 llelgaldus
1000 1227 1053 1280 in
1086 1227 1205 1296 ejus
1244 1225 1387 1280 Vita.
1414 1223 1476 1279 In
1501 1225 1598 1279 Dei
1621 1225 1874 1280 laudibus
1903 1233 2019 1280 erat
2040 1240 2131 1279 as-

548 1321 753 1377 siduus.
787 1317 861 1373 Ex
888 1319 1208 1373 Constantia
1230 1332 1400 1373 uxore
1446 1325 1682 1387 quatuor
1717 1317 1855 1371 lilios
1892 1317 2130 1386 suscepit

548 1406 841 1478 Robertus,
872 1409 1179 1482 Hugonem,
1220 1408 1539 1475 Henricum,
1563 1407 1806 1464 Odonem
1833 1417 1886 1463 et
1918 1407 2127 1464 Rober-

547 1511 684 1569 tum,
720 1518 819 1557 nec
852 1518 961 1556 non
994 1510 1048 1557 et
1092 1500 1279 1567 ﬁliam,
1314 1500 1537 1555 nomine
1574 1499 1907 1554 Adelaidem.
1950 1498 2126 1569 Hugo,

548 1610 711 1665 quem
747 1594 801 1648 in
830 1593 983 1665 regni
1030 1592 1372 1648 consortium
1422 1590 1708 1657 asciverat,
1754 1591 1957 1661 quique
2003 1605 2128 1660 spes

2234 419 2253 451 ι
2298 401 2350 454 in
2376 400 2555 465 altari,
2579 398 2849 454 Oﬂ‘ertorii
2879 406 3138 466 tempore,
3156 411 3281 450 cum
3303 410 3497 465 magna
3519 395 3791 453 devotione

2235 512 2253 542 ι
2294 490 2513 557 obtulit;
2530 497 2875 545 accurrentes
2888 498 3068 543 autem
3080 487 3316 542 ministri
3340 488 3527 542 altaris
3557 488 3793 543 arbitrati

2235 603 2253 635 α
2300 591 2428 637 sunt
2459 581 2639 652 magni
2661 580 2877 651 pondus
2904 579 3024 634 auri
3050 577 3315 634 obtulisse
3344 577 3565 632 divitem
3588 592 3790 647 regem;

2236 694 2252 726 ι
2300 675 2395 730 sed
2444 662 2756 729 schedulam
2806 671 3140 741 reperientes
3184 669 3442 739 scriptam
3482 678 3536 724 et
3568 677 3794 723 notatam

2236 786 2254 819 ι
2295 766 2727 830 admirabantur,
2759 764 3038 835 ingenium
3075 770 3131 816 et
3162 761 3501 817 devotionem
3551 760 3795 831 principis

2236 878 2254 911 ‹
2300 858 2694 917 collaudantes.
2746 855 2885 911 Hinc
2924 871 3061 926 papa
3115 855 3354 909 decrevit
3389 855 3461 909 ob
3494 854 3795 909 memoriam

2236 973 2254 1005 ι
2301 950 2633 1008 sanctissimi
2663 949 2828 1021 regis,
2865 948 3185 1019 rugantibus
3220 948 3453 1013 clericis,
3491 955 3553 1002 ut
3588 949 3689 1002 hoc
3717 964 3797 1003 τεά

2236 1063 2254 1096 ι
2302 1042 2652 1113 sponsorium
2710 1042 2767 1095 in
2823 1042 3089 1095 honorem
3132 1040 3306 1095 sancti
3357 1039 3505 1094 Petri
3563 1039 3798 1110 deinceps

2236 1154 2255 1186 ι
2297 1141 2627 1189 cantaretur.
2657 1152 2675 1184 ι
2693 1131 2819 1188 Hinc
2833 1144 3147 1202 quanquam
3164 1133 3328 1202 paulo
3347 1131 3614 1203 longiora,
3636 1131 3800 1202 reipsa

2229 1237 2413 1283 tamen
2430 1225 2615 1280 brevia
2632 1228 2781 1288 sunt,
2805 1224 2853 1279 si
2877 1225 2945 1278 ad
2969 1224 3104 1278 tanti
3119 1223 3381 1293 principis
3400 1224 3627 1293 gloriam
3640 1232 3803 1277 transs

2230 1317 2498 1374 ferantur.
2774 1358 2779 1363 .

2299 1414 2571 1466 Gaaterum
2596 1425 2689 1464 rex
2713 1407 3007 1472 Robertus,
3034 1407 3180 1477 quod
3212 1407 3377 1463 nimis
3403 1406 3653 1462 addictus
3673 1408 3805 1463 esset

2229 1502 2447 1569 litteris,
2475 1517 2508 1557 a
2534 1499 3104 1568 nonnullisjlllusarum
3129 1498 3393 1567 sacerdos,
3416 1514 3517 1554 seu
3541 1497 3803 1552 Husardus

2231 1594 2550 1649 dicebatur:
2576 1608 2674 1646 vox
2715 1593 2854 1645 enim
2882 1592 2987 1645 ista
3010 1599 3212 1657 nostra,
3260 1590 3438 1659 inquit
3468 1589 3682 1645 Bulaeus
3716 1588 3801 1660 (‘2),

548 1692 730 1739 tantas
752 1684 818 1738 de
864 1699 922 1739 se
947 1684 1217 1738 excitabat
1251 1690 1311 1736 ut
1348 1682 1461 1752 jam
1498 1681 1722 1752 Magnus
1759 1682 2138 1752 appellaretur,
2172 1667 2216 1723 Β
2244 1684 2676 1740 Gallo-Romana
2699 1682 2907 1749 Mosen,
2947 1699 3052 1753 qua
3084 1683 3251 1736 otium
3287 1683 3671 1753 signiﬁcamus,
3691 1698 3803 1751 pro-

549 1773 685 1828 obiit
708 1788 854 1827 anno
886 1773 1024 1827 1025
1055 1781 1109 1827 et
1133 1772 1453 1842 Compendii
1490 1771 1558 1826 ad
1591 1770 1776 1826 Sancti
1801 1770 2037 1826 Cornelii
2060 1785 2143 1825 se-

550 1867 735 1936 pultus
781 1874 882 1920 est.
928 1864 1129 1935 Regem
1172 1880 1235 1919 ac
1282 1864 1525 1935 reginam
1565 1864 1891 1933 gravissimo
1923 1863 1994 1917 ob
2022 1862 2141 1933 ejus

551 1966 782 2012 mortem
811 1970 1049 2011 maerore
1075 1954 1355 2011 conlectos
1390 1954 1708 2010 consolatus
1736 1962 1822 2009 est
1843 1954 1930 2008 his
1956 1952 2142 2007 verbis

553 2057 778 2104 sanctus
820 2056 1003 2103 noster
1039 2046 1365 2102 Wilhelmus
1418 2046 1587 2101 abbas
1632 2045 1690 2100 S.
1728 2045 1975 2116 Benigni,
2008 2043 2145 2099 refe.»

552 2149 706 2197 lente
744 2142 944 2197 Glabro
973 2140 1264 2211 Rodulpho
1295 2141 1352 2195 iu
1385 2140 1506 2210 ejus
1544 2138 1667 2194 Vita
1704 2158 1716 2193 :
1751 2138 1873 2192 Non
1904 2138 2141 2208 infelices

554 2250 641 2288 vos
667 2243 853 2304 putare
874 2233 1068 2287 debetis
1117 2234 1257 2304 quod
1287 2229 1446 2287 talem
1474 2230 1773 2289 amisistis:
1805 2230 1945 2296 Quin
1966 2230 2141 2300 potius

556 2326 733 2397 [elices
758 2325 930 2392 valle,
955 2326 1079 2397 quia
1104 2325 1265 2379 talem
1288 2323 1475 2378 habere
1502 2325 1788 2378 meruistis.
1808 2322 1920 2393 Ego
1942 2338 2007 2376 ea:
2029 2319 2143 2375 ullo

555 2418 827 2472 hominum
861 2418 1032 2489 gradu
1057 2435 1159 2472 non
1201 2426 1309 2471 tam
1344 2416 1693 2488 paucissimos
1726 2414 1897 2469 salvos
1936 2414 2142 2485 futuros

557 2513 789 2576 wstimo,
828 2512 966 2564 sicut
993 2520 1042 2564 et
1079 2526 1275 2581 regum.
1303 2508 1408 2575 Qui
1440 2524 1564 2563 cum
1601 2506 1814 2562 attoniti
1846 2506 2147 2577 responde-

556 2612 716 2658 rent:
750 2603 859 2659 Cur
892 2604 987 2656 hoc
1020 2603 1175 2668 uicis,
1216 2600 1427 2655 Pater?
1458 2599 1738 2670 respondit
1770 2614 1783 2653 ε
1824 2599 1947 2654 Non
1985 2598 2145 2651 audi-

558 2698 675 2759 stis,
707 2713 856 2749 sacer
880 2694 1061 2749 Caaon
1083 2694 1338 2765 quomodo
1365 2693 1543 2763 refert,
1572 2691 1658 2746 vix
1691 2703 1793 2746 tres
1825 2692 1889 2745 de
1924 2693 2145 2763 triginta

561 2788 767 2858 regibus
792 2788 947 2840 bonos
983 2787 1284 2840 exstitisse?
1310 2784 1522 2839 Idcirco
1543 2793 1763 2851 cessate,
1787 2800 1982 2856 quaeso,
2009 2786 2147 2838 hunc

560 2879 793 2945 invenem
824 2879 949 2941 ﬂere
974 2888 1259 2943 mortuum,
1288 2878 1377 2931 sed
1403 2878 1577 2948 potius
1601 2877 2046 2948 congratulamiui
2074 2878 2143 2940 ei,

561 2972 727 3026 sicuti
754 2971 970 3041 requieti
993 2971 1179 3023 datum
1208 2979 1257 3023 et
1290 2987 1321 3023 a
1344 2969 1501 3023 malis
1529 2969 1827 3023 liberatum.

633 3063 752 3118 Non
791 3064 971 3117 minor
1015 3062 1235 3117 Roberti
1266 3063 1410 3133 regis
1455 3060 1700 3117 doctrina
1727 3071 1888 3132 atque
1915 3061 2148 3117 eruditio

563 3171 728 3225 quam
774 3154 948 3224 pietas
985 3152 1108 3219 fuit,
1161 3154 1227 3207 dc
1276 3169 1384 3223 qua
1417 3152 1748 3207 Trithemius
1795 3153 1849 3206 in
1890 3151 2148 3223 Catalogo

565 3249 892 3317 scriptorum
919 3246 1411 3301 ecclesiasticarum
1433 3246 1507 3315 (vl)
1535 3244 1836 3299 audiendus
1858 3252 1959 3299 est.
1990 3263 2008 3295 ι
2040 3243 2151 3297 Ru—

542 3359 589 3399 ,ι
635 3350 812 3410 pertus
842 3339 1003 3409 (idem
1036 3337 1323 3394 Germanis
1374 3337 1519 3407 quod
1554 3336 1723 3392 Gallis
1743 3335 2022 3405 Robertus)
2054 3352 2151 3390 rex

573 3450 591 3481 ε
637 3430 880 3486 Francim
909 3430 1132 3496 nobilis,
1158 3428 1346 3495 fortis,
1381 3429 1564 3499 justus
1584 3471 1599 3495 ,
1636 3428 1830 3484 doctus
1851 3436 1905 3483 et
1933 3428 2153 3498 religio-

574 3539 593 3570 ι
638 3535 764 3585 sus,
805 3520 944 3575 inter
983 3518 1385 3576 ecclesiasticos
1416 3520 1707 3590 scriptores
1738 3521 1914 3575 locum
1959 3521 2154 3576 merito

575 3630 594 3661 ‹
642 3611 868 3681 recipit;
906 3610 1107 3681 quippe
1137 3612 1231 3682 qui
1253 3621 1447 3667 cantus
1470 3619 1524 3666 et
1555 3611 1902 3680 responsoria
1926 3612 2071 3667 dulci
2102 3620 2156 3666 et

576 3723 595 3753 ι
638 3700 874 3774 regulari
896 3701 1262 3758 modulamine
1284 3703 1350 3758 ad
1381 3705 1643 3759 honorem
1677 3703 1937 3760 Ecclesiae
1972 3706 2157 3760 catho—

576 3812 595 3844 ι
640 3793 760 3848 lica:
789 3793 1114 3863 composuit.
1147 3792 1205 3847 in
1232 3793 1826 3859 litterishumanitatis,
1854 3794 2155 3864 praesertim

577 3904 596 3936 ‹
640 3885 693 3938 in
722 3884 928 3939 musica
961 3885 1312 3941 doctissimus
1348 3885 1490 3952 fuit;
1528 3893 1689 3940 tanta:
1718 3894 1899 3940 autem
1936 3886 2156 3956 religio-

579 3996 598 4027 ‹
645 3977 751 4042 nis,
776 3985 836 4031 ut
859 3978 1025 4031 horas
1056 3977 1348 4033 canonicas
1370 3977 1424 4031 in
1446 3977 1674 4032 ecclesia
1700 3977 2011 4032 decantaret
2031 3993 2157 4032 cum

580 4087 599 4119 ι
646 4067 880 4133 clericis,
933 4066 1069 4122 foris
1115 4070 1259 4139 apud
1300 4084 1358 4123 se
1401 4069 1601 4140 legeret
1647 4084 1773 4124 cum
1813 4069 1959 4136 suis;
1993 4077 2159 4125 tanta:

582 4176 601 4208 ‹
646 4158 866 4228 pietatis
888 4167 941 4212 et
957 4159 1326 4214 miserationis
1341 4160 1547 4214 exstitit
1576 4160 1631 4213 in
1650 4171 1935 4230 pauperes,
1964 4168 2025 4215 ut
2044 4160 2158 4215 suis

582 4268 601 4301 ι
645 4266 703 4305 se
732 4251 1024 4321 aliquando
1058 4251 1394 4307 vestimentis
1416 4244 1656 4322 spolians
1675 4268 1865 4307 eorum
1888 4253 2158 4308 nuditates

2241 1776 2328 1829 cul
2347 1777 2506 1830 dubio
2532 1793 2565 1829 a
2590 1777 2754 1829 musis
2779 1774 3005 1828 deducta
3028 1782 3105 1828 est
3124 1791 3143 1839 ;
3165 1774 3258 1843 qui
3279 1774 3424 1828 enim
3451 1789 3515 1828 se
3539 1774 3704 1828 musis
3728 1789 3809 1842 ap-

2240 1868 2462 1939 plicant,
2487 1868 2661 1923 otium
2685 1876 2739 1922 et
2761 1874 3040 1922 secessum
3067 1874 3339 1935 quaerunt,
3374 1881 3556 1935 neque
3595 1864 3805 1935 negotiis

2242 1976 2301 2016 se
2323 1959 2605 2030 implicant
2643 1978 2657 2013 :
2692 1959 2876 2028 itaque
2908 1958 2995 2012 ille
3028 1957 3264 2012 innuens
3310 1956 3530 2012 diliicile
3554 1972 3672 2012 esse
3702 1971 3809 2010 oms

2243 2052 2404 2106 nibus
2424 2052 2656 2121 placere,
2672 2050 2963 2119 respondet
2987 2049 3313 2103 Adalberoni
3337 2049 3391 2102 in
3415 2049 3657 2104 carmine
3677 2046 3808 2116 quod

2243 2144 2290 2199 si
2321 2144 2446 2214 quis
2478 2158 2665 2198 musas
2697 2142 3085 2211 amplectatur,
3123 2141 3310 2195 statim
3340 2141 3410 2196 ab
3436 2140 3639 2209 ineptis
3660 2148 3709 2193 et
3730 2138 3805 2192 im

2242 2236 2415 2291 doctis
2447 2234 2730 2288 Musardus
2753 2242 2979 2289 vocetur
3008 2252 3021 2286 :

2315 2325 2374 2382 Si
2409 2342 2588 2380 musas
2619 2325 2866 2391 celebres,
2901 2324 3137 2379 clamant
3167 2323 3421 2379 Messana
3461 2321 3745 2378 Sscznnos.

2314 2418 2459 2476 Obiit
2483 2418 2770 2473 sanctitate
2793 2427 2848 2474 et
2878 2417 3157 2472 miraculis
3186 2417 3369 2471 clarus
3394 2414 3663 2469 Robertus
3683 2426 3808 2467 anno

2244 2508 2448 2567 Christi
2495 2509 2785 2565 millesimo
2822 2509 3105 2579 trigesimo
3148 2508 3344 2577 primo.
3378 2506 3433 2560 in
3484 2507 3604 2575 ejus
3644 2503 3810 2559 funere

2247 2617 2277 2656 a
2304 2600 2537 2660 subditis
2553 2601 2911 2656 acclamatum
2939 2608 3023 2655 est
3059 2617 3071 2653 :
3108 2597 3326 2652 Roberto
3349 2598 3643 2668 imperante
3665 2605 3711 2649 et
3737 2611 3810 2648 res

2246 2703 2394 2766 gente
2429 2695 2599 2747 securi
2630 2694 2880 2759 viximus,
2912 2708 3169 2746 neminem
3200 2692 3494 2747 timuimus.
3531 2690 3681 2744 Patri
3704 2688 3809 2754 Pio,

2246 2785 2406 2839 Patri
2430 2794 2642 2840 senatus
2662 2826 2676 2851 ,
2702 2783 2861 2838 Patri
2900 2784 3134 2837 omnium
3169 2781 3444 2849 bonorum,
3487 2782 3617 2852 felix
3649 2782 3812 2834 anima

2246 2886 2297 2932 et
2320 2878 2487 2945 salus,
2525 2878 2657 2947 felix
2679 2877 2749 2930 ad
2771 2892 2997 2946 superna
3032 2891 3299 2941 ascensus,
3324 2874 3455 2944 felix
3482 2891 3601 2928 cum
3627 2872 3813 2929 Christo

2247 2968 2384 3041 Rege
2410 2988 2586 3042 regum
2614 2988 2706 3042 per
2736 2970 2931 3025 saecula
2972 2971 3316 3025 cohabitatio.
3355 2968 3474 3025 Hoc
3509 2970 3679 3040 ipsum
3713 2969 3813 3023 clo-

2251 3064 2339 3134 gio
2368 3074 2597 3119 exornat
2622 3064 2934 3136 llelgaldus.
2966 3064 3033 3118 Ei
3057 3065 3411 3119 indesinenter
3435 3066 3660 3119 adhwsit
3680 3063 3808 3117 eccle-

2250 3156 2525 3223 siasticus,
2552 3168 2601 3211 et
2628 3158 2733 3211 sibi
2763 3173 2966 3227 semper
2994 3155 3241 3211 amabilis
3268 3158 3596 3211 monasticus
3626 3156 3811 3212 Ordo...

2254 3245 2625 3303 Sermocinans
2648 3250 2765 3321 quis
2815 3265 2936 3303 cum
2962 3266 3022 3303 eo
3063 3266 3165 3303 non
3202 3258 3279 3304 est
3313 3249 3621 3320 lcetificatus
3644 3248 3814 3320 gaudio

2254 3342 2482 3410 magno?
2502 3340 2696 3396 Pacem
2721 3342 2837 3413 quis
2865 3342 3189 3410 desiderans,
3221 3343 3277 3396 in
3294 3342 3407 3413 ejus
3433 3352 3704 3415 conspectu
3729 3357 3814 3394 non

2254 3430 2529 3487 abhorruit
2572 3434 2750 3487 iram?
2808 3432 2997 3488 Vultus
3048 3434 3132 3487 sui
3175 3434 3517 3503 praesentiam
3561 3434 3812 3503 aspiciens,

2253 3526 2371 3596 quis
2397 3542 2501 3580 non
2528 3524 2817 3581 estoblitus
2842 3526 2991 3580 dolos
3012 3527 3037 3581 γ
3061 3525 3406 3581 Orationibus
3436 3526 3553 3597 ejus
3578 3527 3691 3597 quis
3716 3541 3813 3577 mo-

2255 3617 2544 3671 nachorum
2574 3634 2678 3671 non
2701 3618 2886 3672 habuit
2910 3619 3161 3689 requiem,
3189 3627 3238 3672 et
3265 3633 3367 3672 non
3389 3626 3465 3672 est
3496 3627 3719 3681 amatus,
3740 3616 3815 3668 die

2256 3706 2441 3774 lectus,
2482 3716 2532 3763 et
2577 3708 3051 3779 oeneratus?Ejus
3098 3711 3438 3763 sanctissima
3483 3709 3814 3785 admonitione

2256 3801 2373 3870 quis
2397 3799 2709 3854 clericorum
2739 3815 2844 3854 non
2889 3801 2990 3871 fuit
3022 3811 3233 3855 amator
3268 3802 3633 3858 castimoniae?
3656 3799 3810 3870 Ipsius

2259 3890 2566 3945 amicabilia
2595 3893 2770 3959 verba,
2822 3893 3011 3963 quibus
3052 3904 3155 3946 non
3204 3894 3418 3963 fuerunt
3455 3890 3814 3948 medicamina!

2257 3980 2511 4052 Aspectus
2531 3983 2677 4051 ejus,
2714 3983 2904 4054 quibus
2950 4000 3053 4037 non
3106 3985 3308 4055 profuit
3357 3986 3714 4056 insipientibus
3765 3990 3812 4035 ut

2258 4073 2443 4144 virga?
2493 4073 2687 4128 Oculos
2719 4075 2833 4145 ejus
2880 4075 3103 4130 humiles
3133 4078 3252 4147 quis
3300 4077 3581 4147 aspiciens,
3615 4090 3708 4135 non
3746 4083 3811 4127 est

2259 4166 2542 4219 meditatus
2556 4166 2828 4221 caelestia?
2855 4167 3068 4238 Pauper
3088 4177 3138 4223 et
3158 4170 3393 4224 esuriens
3414 4172 3530 4241 quis
3554 4187 3653 4223 non
3666 4167 3812 4223 satia-

2263 4265 2345 4311 tus
2378 4258 2443 4311 ab
2479 4258 2593 4328 ejus
2640 4260 2854 4313 recessit
2897 4261 3117 4314 mensa?
3150 4259 3336 4316 Vidute
3384 4271 3435 4316 et
3478 4279 3716 4335 pauperes
3752 4252 3811 4313 ad

583 4364 603 4397 ε
646 4343 835 4399 multis
887 4342 1098 4400 vicibus
1142 4345 1378 4416 operiret
1413 4364 1425 4399 :
1460 4345 1527 4400 de
1563 4345 1682 4415 ejus
1726 4346 1981 4401 manibus
2021 4345 2159 4401 liber
2190 4362 2234 4416 ι)
2258 4349 2552 4420 exemplum
2586 4351 2734 4407 bona:
2776 4351 3039 4406 Dorcadis
3080 4369 3184 4406 non
3213 4355 3278 4408 ab
3304 4371 3366 4409 eo
3405 4356 3558 4411 datas
3602 4354 3812 4409 osteadea

584 4455 603 4488 ‹
643 4451 922 4506 nunquam
966 4437 1276 4502 recedebat,
1335 4436 1468 4491 adeo
1507 4445 1567 4491 ut
1608 4452 1707 4507 pro
1753 4437 2012 4492 tribunali
2072 4453 2159 4493 se-

584 4547 604 4579 i
645 4528 779 4583 dens
830 4526 971 4583 inter
1013 4527 1344 4599 judiciorum
1385 4536 1440 4583 et
1476 4544 1768 4584 causarum
1817 4530 2076 4600 strepitus
2101 4529 2159 4584 in

586 4639 605 4671 ι
646 4621 769 4675 sinu
817 4627 1064 4690 apertum
1098 4619 1325 4676 haberet
1368 4612 1712 4676 Psalterium.
1751 4619 1907 4677 Unde
1940 4630 1995 4677 et
2035 4628 2163 4692 post

587 4730 606 4764 ε
648 4721 881 4767 mortem
913 4711 1195 4769 miraculis
1222 4729 1545 4769 coruscasse
1567 4714 1783 4784 legitur.
1809 4712 1943 4784 Ejus
1965 4722 2048 4767 est
2070 4712 2162 4768 illa

586 4823 607 4855 ‹
651 4805 867 4875 vulgata
889 4805 1171 4875 sequentia
1191 4820 1314 4876 quae
1337 4805 1789 4861 cantaturdiebus
1811 4804 2162 4860 Pentecostes

579 4916 597 4947 ε
650 4895 716 4950 de
745 4904 933 4951 sancto
957 4895 1163 4968 Spiritu
1193 4916 1207 4952 :
1244 4892 1394 4964 Veni,
1424 4905 1604 4950 sancte
1629 4892 1896 4967 Spiritus;
1930 4910 2164 4966 respon-

2266 4452 2389 4496 runt
2417 4446 2615 4499 vestes?
2639 4444 2823 4499 Omnis
2853 4446 3164 4500 miserorum
3185 4447 3467 4503 multitudo
3490 4467 3591 4503 non
3609 4465 3717 4503 eum
3737 4462 3813 4517 pan

2267 4545 2397 4590 trem
2417 4545 2468 4590 et
2491 4538 2772 4592 nutritium
2788 4537 3138 4594 inclamauit?
3165 4539 3220 4593 Ν
3221 4554 3288 4595 an
3315 4542 3418 4613 fuit
3441 4542 3490 4596 ei
3512 4540 3695 4596 similis
3714 4545 3812 4610 post

2265 4637 2507 4682 sanctum
2538 4628 2711 4684 David
2748 4630 2812 4684 de
2853 4633 3053 4685 cunctis
3090 4634 3297 4704 regibus
3347 4644 3499 4690 terra:
3538 4635 3593 4689 in
3637 4631 3810 4688 sanctis

2265 4721 2570 4788 virtutibus,
2600 4721 2934 4788 humilitate,
2966 4725 3359 4794 misericordia,
3390 4729 3599 4799 pietate,
3627 4735 3674 4781 et
3699 4724 3810 4778 cha-

2269 4819 2378 4867 tate
2404 4828 2423 4866 :
2446 4814 2573 4884 quia
2607 4829 2811 4884 semper
2843 4814 3070 4869 adhwsit
3097 4816 3344 4884 Domino,
3374 4830 3423 4874 et
3449 4837 3549 4874 non
3574 4818 3764 4874 recessit
3782 4830 3811 4867 ο

2270 4903 2540 4958 mandatis
2565 4904 2679 4974 ejus
2714 4905 2871 4959 corde
2899 4906 3148 4976 perfecto.
3177 4908 3463 4969 Fulbertus
3490 4906 3810 4967 Camotensis
