4104 5260
577 68 684 126 903

1696 60 1998 120 ROBERTI
2038 61 2242 119 REGIS
2280 20 2707 120 FRANCORUM

3727 68 3821 127 θοι

576 200 648 240 on
682 200 750 239 ne
783 196 926 238 nous
974 183 1057 238 les
1101 180 1397 251 fait'point
1443 179 1729 235 connaltre
1767 195 1837 235 en
1879 178 2070 248 détail;
2111 188 2161 234 et
2194 186 2239 242 Α
2266 173 2488 236 savants
2517 179 2585 235 de
2605 196 2694 237 ses
2715 169 2868 236 Etats
2892 177 2923 235 ὲ
2952 178 3250 236 l’instruire
3271 180 3356 235 s'il
3376 179 3508 236 était
3528 181 3715 251 jamais
3745 200 3822 242 ar-

576 274 877 346 quoiqu’on
910 289 979 330 en
1011 271 1190 330 reléve
1228 273 1280 327 la
1316 270 1530 339 beauté,
1574 272 1612 325 il
1657 289 1690 344 y
1719 271 1837 327 faut
1866 272 2167 342 cependant

577 365 756 420 moins
783 360 1049 422 chércher
1070 363 1121 418 la
1147 362 1471 419 délicatesse
1495 363 1591 417 des
1621 362 1871 433 pensées,
1905 363 1954 418 le
1979 363 2162 428 choix,

573 455 625 511 la
647 456 901 512 noblesse
919 465 973 511 et
994 456 1420 527 l‘arrangcment
1439 455 1535 511 des
1555 456 1928 526 expressions,
1952 472 2060 527 que
2086 456 2165 510 les

574 548 899 604 sentiments
923 548 990 603 de
1019 546 1179 619 piété.
1219 546 1498 603 Peut-étre
1537 563 1645 618 que
1676 547 1755 603 les
1784 548 1897 603 airs
1928 564 2024 603 sur
2058 548 2166 603 les-

574 639 732 708 quels
760 639 1014 708 l‘auteur,
1048 639 1141 710 qui
1168 638 1302 694 etait
1341 639 1523 694 habile
1554 639 1692 695 dans
1720 639 1771 694 le
1803 641 1969 696 cliant
1991 638 2166 695 ecclé—

573 728 872 800 siastique,
924 730 1004 786 les
1054 730 1202 785 avait
1256 728 1478 797 notées,
1530 729 1651 784 leur
1705 730 2004 785 donnaient
2066 728 2164 784 des

578 815 806 877 beautés
828 820 994 890 qu’on
1023 835 1091 874 ne
1115 828 1309 874 trouve
1329 834 1430 889 pas
1454 819 1594 874 dans
1612 820 1664 874 le
1693 827 1853 874 texte.

642 908 716 964 M.
749 907 979 977 IIubert,
1010 909 1149 965 dans
1166 925 1265 965 ses
1292 909 1595 980 Antiquités
1625 910 1688 963 de
1719 908 1942 980 l‘Eglise
1962 907 2163 978 Royale

571 1001 637 1056 de
666 998 1044 1073 Saint-Agnan
1057 1001 1363 1067 d‘Orléans,
1385 1018 1507 1073 pag.
1540 1002 1630 1069 59,
1652 1000 1730 1055 dit
1748 1016 1852 1071 que
1872 1001 1921 1055 le
1954 1000 2037 1054 roi
2061 998 2166 1055 Ro-

570 1090 692 1147 bert
728 1092 790 1147 (it
817 1092 969 1148 aussi
999 1108 1070 1146 un
1101 1092 1287 1147 dixain
1322 1092 1353 1146 ἐι
1388 1093 1679 1148 l‘honneur
1700 1092 1796 1147 des
1832 1092 2068 1162 reliques
2096 1092 2163 1147 de

571 1198 634 1239 ce
669 1184 831 1252 saint,
878 1185 973 1256 qui
1001 1198 1320 1240 commence
1359 1199 1573 1256 parces
1602 1192 1767 1251 mots,
1808 1182 1875 1237 In
1915 1185 2163 1237 virtutem

574 1276 790 1336 tumuli.

641 1368 696 1422 4°
736 1366 954 1434 Quelles
992 1367 1235 1438 qu’aient
1263 1366 1349 1423 été
1386 1367 1467 1422 les
1493 1374 1683 1422 autres
1712 1365 2070 1436 productions
2095 1363 2163 1420 de

568 1457 620 1512 la
650 1459 834 1528 plume
867 1458 941 1513 du
981 1459 1063 1512 roi
1108 1457 1330 1525 Robcrt,
1358 1473 1429 1513 on
1459 1472 1527 1512 ne
1562 1471 1704 1511 nous
1733 1472 1800 1510 en
1831 1471 1864 1510 a
1899 1453 2163 1511 conservé

2268 270 2379 327 rivé
2410 270 2478 326 de
2507 271 2759 342 prodiges
2787 271 3112 327 semblables
3142 271 3335 326 acette
3361 270 3525 341 pluie.

2336 364 2556 419 L‘autre
2578 365 2737 419 lettre
2764 365 2832 419 de
2858 379 2920 419 ce
2965 364 3172 435 prince,
3203 364 3542 437 qu’Helgaud
3577 382 3608 421 a
3634 366 3825 425 insérée

2263 472 2499 526 prcsque
2524 453 2732 510 entiére
2761 455 2901 510 dans
2942 470 3001 510 sa
3032 453 3149 521 Vie,
3194 465 3248 509 et
3276 472 3384 526 que
3418 455 3683 513 Baronius
3708 474 3824 529 rap—

2263 554 2420 617 porte
2457 545 2671 616 d’aprés
2713 544 2973 617 Helgaud,
3016 554 3101 602 est
3145 544 3313 602 écrite
3346 546 3379 601 ἐι
3410 546 3715 613 Leutherio,
3748 564 3827 603 ar-

2265 637 2538 706 cbevéque
2560 638 2626 692 de
2653 635 2813 704 Sens,
2837 638 3039 707 pourle
3057 637 3353 707 reprendre
3373 637 3441 692 de
3459 638 3604 693 deux
3626 652 3827 692 erreurs

2262 728 2401 782 dans
2427 728 2715 798 lesquelles
2747 728 2784 782 il
2819 727 2951 784 était
2977 727 3176 785 tombé.
3220 727 3452 783 Mézerai
3495 728 3615 800 (ib.,
3639 744 3690 799 p.
3714 728 3826 800 585)

2261 829 2315 875 et
2340 820 2602 891 quelques
2626 830 2813 877 autres
2847 820 3138 888 écrivains,
3175 822 3271 892 qui
3304 830 3572 892 prennent
3601 821 3668 876 de
3706 832 3828 876 cette

2262 914 2418 969 lettre
2458 914 2715 985 occasion
2742 915 2809 970 de
2842 915 3048 970 relever
3073 915 3126 970 la
3150 914 3396 970 doctrine
3422 921 3477 969 et
3516 913 3829 985 l’éloquenoe

2262 1005 2329 1060 de
2373 1003 2597 1069 Robert,
2632 1015 2933 1076 supposent
2965 1021 3072 1077 que
3112 1004 3404 1060 Leutheric
3447 1004 3580 1062 était
3614 1007 3743 1060 dans
3782 1006 3827 1060 la

2262 1096 2439 1151 meme
2477 1111 2669 1151 erreur
2696 1112 2802 1166 que
2841 1095 2923 1152 fut
2952 1097 3144 1166 depuis
3173 1095 3443 1168 Bérenger
3468 1097 3536 1152 de
3568 1094 3615 1150 T
3618 1112 3741 1151 ours
3768 1112 3828 1150 au

2262 1187 2405 1258 sujet
2433 1187 2501 1243 de
2529 1186 2928 1244 l’Eucliaristie.
2966 1187 3104 1243 Mais
3148 1188 3186 1242 il
3220 1204 3288 1243 ne
3330 1187 3605 1260 s’agissait
3642 1204 3742 1258 que
3770 1189 3830 1245 de

2261 1279 2436 1335 l’abus
2460 1282 2622 1350 qu‘en
2646 1279 2829 1335 faisait
2850 1279 3195 1351 quelquel‘ois
3216 1296 3278 1336 ce
3298 1281 3471 1351 prélat
3490 1298 3633 1351 pour
3652 1282 3829 1352 eprou-

2261 1388 2357 1427 ver
2378 1373 2457 1428 les
2481 1374 2774 1442 coupables
2800 1372 3014 1444 (HELG.,
3038 1372 3158 1443 ib.).
3185 1371 3297 1428 Son
3320 1384 3473 1428 autre
3493 1389 3687 1429 erreur
3707 1388 3829 1428 con-

2263 1462 2443 1518 sistait
2466 1462 2499 1517 a
2523 1464 2788 1517 attribuer
2823 1463 2854 1517 ξι
2884 1464 2935 1518 la
2972 1470 3168 1518 nature
3189 1463 3374 1517 divine
3401 1462 3481 1518 les
3512 1462 3831 1529 souﬂranccs

571 1564 680 1619 que
712 1548 857 1604 deus
878 1556 1098 1604 courtes
1124 1548 1329 1603 lettres.
1360 1546 1531 1601 L‘une
1559 1544 1657 1600 fait
1680 1546 1727 1599 la
1751 1545 2158 1616 quatre-vingt-

2263 1554 2357 1624 qui
2382 1552 2640 1610 n’étaient
2662 1553 2904 1609 tombées
2937 1570 3045 1625 que
3080 1571 3177 1610 sur
3209 1553 3549 1610 l‘humanité.
3579 1552 3660 1608 La
3692 1553 3833 1608 lettre

570 1639 886 1710 quinziéme
911 1650 1067 1696 cntre
1094 1640 1257 1696 celles
1277 1640 1345 1695 de
1366 1638 1610 1705 Fulbert,
1655 1639 1859 1709 évéque
1883 1638 1950 1693 de
1983 1635 2159 1691 Char-

569 1748 705 1805 trcs,
732 1745 787 1793 et
808 1738 964 1793 roule
994 1754 1091 1793 sur
1117 1746 1257 1794 cette
1282 1735 1478 1808 espéce
1504 1736 1571 1792 de
1600 1736 1748 1806 pluie
1770 1735 1838 1790 de
1867 1750 2002 1806 sang
2027 1734 2161 1789 dont

571 1848 643 1888 on
667 1848 698 1887 a
721 1832 872 1904 parlé
902 1835 1026 1906 plus
1055 1834 1218 1889 d’une
1244 1831 1370 1888 fois.
1404 1830 1745 1903 Quoiqu’elle
1772 1829 1880 1886 soit
1905 1826 2159 1884 adressée

571 1926 947 1985 nommément
975 1928 1005 1984 ὸ
1050 1928 1300 1997 Gauzlin,
1340 1928 1682 1999 archevéque
1712 1927 1780 1982 de
1818 1925 2081 1997 Bourges,
2118 1923 2156 1978 il

570 2021 749 2090 parait
779 2022 974 2093 qu’elle
1008 2022 1092 2077 fut
1124 2022 1432 2078 circulaire.
1479 2020 1703 2085 Robert,
1741 2018 1772 2073 ἐι
1800 2019 1850 2073 la
1882 2017 2059 2088 priere
2090 2018 2157 2072 de

569 2110 878 2169 Guillaume
906 2114 956 2168 le
981 2113 1187 2181 Grand,
1213 2121 1393 2169 comte
1414 2113 1481 2168 de
1507 2111 1759 2177 Poiticrs,
1788 2127 1821 2182 y
1849 2125 2052 2182 engage
2078 2110 2158 2165 les

577 2249 824 2287 νειμ-»τ

2263 1646 2330 1702 de
2359 1655 2515 1700 notre
2556 1645 2827 1717 généreux
2851 1646 3059 1716 prince,
3098 1646 3193 1717 qui
3235 1646 3442 1717 respire
3474 1663 3552 1701 un
3582 1645 3693 1700 zélc
3728 1654 3836 1700 tout

2263 1740 2331 1795 de
2359 1738 2448 1794 feu
2474 1755 2614 1809 pour
2635 1739 2686 1793 la
2713 1738 2902 1810 pureté
2927 1739 2995 1801 de
3018 1740 3068 1793 la
3084 1738 3344 1811 religion,
3375 1747 3469 1794 eut
3492 1754 3602 1795 son
3630 1737 3765 1803 etl'et,
3788 1747 3836 1792 et

2263 1832 2510 1903 corrigea
2559 1832 2954 1903 l‘arclieveque.
3002 1830 3085 1888 0n
3133 1849 3165 1904 y
3211 1833 3324 1888 voit
3372 1848 3478 1902 que
3526 1833 3581 1886 la
3620 1832 3835 1887 for-mule

2262 1924 2397 1981 dont
2450 1940 2521 1979 on
2578 1940 2637 1978 se
2691 1935 2803 1980 sert
2849 1941 2989 1996 pour
3065 1924 3419 1980 administrer
3464 1923 3836 1980 l'Eucharistie

2260 2015 2394 2072 était
2415 2015 2560 2071 alors
2589 2032 2664 2071 un
2694 2032 2798 2087 peu
2829 2016 3107 2073 diﬂ‘érente
3134 2016 3200 2072 de
3222 2017 3357 2072 celle
3382 2016 3477 2088 qui
3506 2025 3595 2073 est
3622 2016 3834 2088 aujour-

2263 2107 2414 2162 d’hui
2434 2123 2502 2161 eu
2528 2124 2713 2179 usage.

3643 2246 3832 2281 mn

982 2560 991 2567 η
1072 2318 2055 2588 gmnasian
2084 2308 2300 2520 (εἴη
2372 2406 3312 2521 annosum
3430 2424 3435 2429 ν

1784 2595 2288 2653 FLORIACENSIS
2319 2595 2631 2653 MONACHI

864 2754 1572 2888 EPITOMA
1666 2757 2100 2890 VITfE
2196 2757 2890 2902 ROBERTI
2986 2757 3537 2927 REGIS,

1445 2983 1561 3044 EX
1604 2980 2001 3043 ALTERIUS
2042 2978 2416 3041 MONACHI
2460 2979 2812 3041 SCRIPTIS

605 3096 926 3169 (Damasus,
966 3097 1160 3154 Rerum
1190 3100 1575 3165 Francicarum
1601 3100 1920 3171 Scriptores,
1950 3109 2083 3156 tom.
2113 3098 2204 3167 IV,
2228 3115 2354 3171 pag.
2382 3100 2472 3167 59,
2500 3115 2568 3156 ex
2589 3100 2828 3156 editione
2858 3099 3008 3157 Petri
3042 3100 3240 3160 Pithmi
3262 3145 3277 3169 ,
3316 3104 3384 3159 ad
3420 3103 3586 3160 ﬁdem
3618 3104 3810 3161 veteris

866 3170 1068 3226 codicis
1090 3187 1193 3228 ms.
1223 3174 1318 3245 qui
1347 3182 1526 3230 exstat
1548 3174 1605 3228 in
1626 3170 1955 3229 bibliotheca
1977 3171 2080 3225 viri
2111 3171 2180 3226 cl.
2207 3170 2502 3226 Alexandri
2533 3171 2759 3239 Petavii,
2791 3172 2977 3228 Senat.
3004 3171 3203 3243 Paris,
3232 3175 3542 3231 emendata.

2089 3284 2275 3303 ..-

1839 3388 2563 3482 PRO(EMIUM.

649 3521 740 3578 Vir
796 3523 1030 3589 Domini,
1070 3521 1439 3576 sanctissimus
1475 3517 1739 3585 Anianus,
1780 3519 1920 3573 inter
1956 3527 2149 3573 cwtera
2177 3523 2218 3580 C
2252 3518 2627 3572 monachorum
2647 3516 2832 3572 usibus
2860 3521 3293 3587 iri-reparandum,
3322 3517 3458 3572 dans
3483 3535 3584 3588 pro
3611 3536 3675 3575 eo
3703 3518 3840 3580 acel-

561 3633 682 3689 qua:
711 3634 743 3670 (ι
775 3615 883 3671 Deo
919 3602 1150 3686 possedit
1177 3614 1236 3667 in
1267 3614 1363 3666 hoc
1396 3610 1613 3678 saeculo,
1640 3612 1933 3682 prtecipuos
1969 3622 2020 3666 et
2048 3629 2154 3666 non

562 3723 744 3779 segnes
773 3706 842 3761 ad
867 3705 1149 3776 regendum
1183 3720 1339 3757 suum
1361 3711 1604 3756 sanctum
1630 3702 1731 3756 Dei
1759 3702 1933 3755 locum
1967 3702 2152 3756 habuit

563 3800 778 3856 Patres.
822 3798 907 3852 Ea:
947 3796 1135 3869 quibus
1169 3812 1304 3861 unus
1340 3795 1707 3866 benignissime
1740 3795 1983 3865 eﬁioruit,
2014 3794 2152 3850 Leo-

563 3889 797 3945 debodus
830 3888 1058 3953 nomine,
1090 3886 1396 3952 sanctitate,
1437 3884 1680 3951 scientia,
1724 3884 1924 3938 divitiis
1952 3883 2153 3955 pollens

562 3990 614 4037 et
639 3981 833 4052 gloria.
868 3978 973 4033 Hic
996 3988 1171 4033 autem
1209 3977 1313 4048 fuit
1337 3976 1654 4047 temporibus
1680 3974 1943 4031 Clotharii
1976 3975 2156 4030 Fran-

558 4085 747 4125 corum
792 4068 950 4139 regis,
998 4067 1170 4137 patris
1213 4064 1502 4137 Dagobcrti
1544 4062 1814 4133 Senioris,
1853 4074 1903 4119 et
1942 4066 2055 4136 ejus
2096 4066 2156 4119 in

555 4160 745 4215 diebus
796 4160 1107 4214 monasterii
1143 4157 1331 4214 Sancti
1366 4157 1566 4211 Aniani
1606 4156 1775 4211 Pater
1819 4166 1898 4211 est
1935 4156 2150 4213 electus.

558 4251 706 4309 Sane
747 4260 955 4306 mortuo
986 4250 1265 4308 Clothario
1291 4259 1343 4305 et
1378 4251 1494 4321 ejus
1525 4248 1643 4320 ﬁlio
1681 4250 1999 4322 Dagoberto,
2031 4250 2156 4307 Clo—

553 4346 754 4400 doveus
794 4343 1029 4415 inclytus
1057 4346 1105 4399 ei
1133 4345 1384 4399 successit
1412 4345 1469 4397 in
1498 4359 1675 4414 regno,
1699 4342 1935 4413 justitiaa
1959 4352 2009 4399 et
2038 4345 2152 4414 pie-

563 4439 692 4492 tatis
718 4439 945 4491 amictus
976 4446 1304 4492 ornamento.
1335 4436 1418 4490 Ad
1435 4431 1597 4507 quem
1623 4436 1873 4491 accedens
1898 4452 2160 4490 memora-

557 4536 648 4582 tus
677 4526 838 4583 abbas
866 4528 1011 4598 facto
1038 4538 1089 4582 et
1130 4527 1276 4583 dicto
1298 4528 1601 4598 impetravit
1632 4528 1804 4581 visunt
1843 4527 2155 4582 Floriacum

2255 3608 2370 3662 lum
2398 3609 2732 3663 Attiniacum
2779 3625 2900 3664 cum
2935 3611 3137 3663 cunctis
3164 3607 3265 3664 sibi
3299 3610 3670 3679 adiacentibus
3700 3628 3842 3681 super

2260 3701 2505 3757 Axonam
2531 3703 2752 3772 ﬂuvium
2773 3704 2959 3757 situm.
2993 3701 3141 3757 Unde
3163 3719 3361 3757 memor
3387 3705 3471 3758 sui
3491 3705 3561 3758 de
3580 3705 3666 3758 his
3695 3715 3844 3759 testa-

2258 3802 2493 3849 mentum
2521 3795 2780 3863 condidit,
2808 3796 2954 3866 regia
2979 3796 3296 3851 auctoritate
3322 3797 3548 3851 munivit
3572 3807 3626 3852 et
3648 3813 3769 3852 eum
3789 3798 3840 3850 in

2258 3887 2471 3941 archiva
2500 3889 2810 3943 monasterii
2835 3888 3007 3942 sancti
3035 3887 3207 3954 Petri,
3229 3888 3368 3959 quod
3387 3889 3499 3959 ipse
3516 3899 3706 3960 postea
3722 3889 3844 3944 ardi-

2258 3979 2458 4050 ﬁcavit,
2490 3980 2749 4035 custodiri
2777 3980 2920 4051 fecit.
2949 3978 3017 4033 In
3056 3996 3159 4051 quo
3188 3980 3417 4036 haeredes
3445 3981 3572 4051 fecit
3606 3979 3841 4035 FW

2258 4070 2377 4142 ﬁsci
2409 4073 2603 4143 fratres
2634 4070 3002 4128 Floriacenses
3032 4088 3101 4127 ex
3129 4080 3259 4141 toto,
3286 4073 3424 4127 sicut
3442 4082 3493 4128 et
3519 4089 3555 4127 a
3587 4089 3707 4144 rege
3727 4086 3841 4127 eam

2259 4174 2454 4219 emerat
2485 4164 2641 4219 corde
2675 4165 2880 4219 devoto.
2926 4164 3027 4225 Ubi
3060 4180 3177 4235 qua
3217 4173 3270 4219 et
3309 4173 3512 4236 quanta
3553 4166 3718 4235 regia:
3747 4179 3837 4235 μοι

2261 4259 2443 4311 testati
2467 4257 2598 4313 Iesu
2628 4256 2852 4323 Christi,
2884 4266 2934 4312 et
2964 4257 3145 4311 damni
3174 4256 3345 4322 Petri,
3366 4254 3417 4312 et
3444 4258 3619 4311 sancti
3648 4254 3837 4309 Animi

2258 4360 2310 4406 et
2342 4350 2673 4405 Francorum
2702 4353 2839 4423 regis
2862 4349 3108 4407 Clodovei
3134 4350 3457 4418 submiserit,
3488 4350 3732 4420 subjecta
3752 4347 3841 4402 do-

2260 4443 2432 4497 clarat
2454 4442 2703 4513 epistola.

1784 4723 2081 4767 EXPLICIT
2124 4723 2517 4769 PROOEMIUM.

554 4852 575 4883 π
2052 4850 2347 4913 INCIPIT

1057 4987 1951 5079 TESTAMENTUM
2026 4987 2722 5085 LEODEBODI
2798 4992 3324 5082 ABBATIS.

2015 5142 2384 5157 ῃ

636 5194 696 5253 In
735 5200 951 5256 nomine
983 5198 1185 5260 Patris.
1219 5211 1274 5258 et
1306 5199 1451 5260 Filii.
1480 5209 1534 5256 et
1567 5199 1805 5260 Spiritus
1830 5202 2026 5258 sancti.

2256 5206 2653 5260 aloriosissimo
2689 5223 2834 5260 reae.
2873 5208 2975 5260 sub
3001 5206 3089 5260 die
3125 5222 3159 5260 v
3202 5203 3319 5260 Kal.
3352 5203 3517 5260 Junii.
3545 5203 3753 5258 virtute
3783 5206 3834 5253 et
