4058 6448
238 410 339 466 003

1185 407 1363 465 “TA.
1398 440 1470 449 -——
1508 408 1782 462 TESTAM
1827 405 2207 463 LEODEBODI
2244 406 2554 463 ABBATIS.

3392 410 3495 466 τοῦ

233 528 399 584 menti
430 526 739 583 testificatio
791 526 1135 598 suffragetur.
1190 524 1257 581 Et
1294 527 1555 598 quoniam
1591 523 1663 579 ita
1703 536 1808 589 est,
1841 529 1884 582 Λ
1913 523 2120 593 integra
2136 523 2420 578 devotione
2448 522 2693 577 instituo.
2730 520 3013 593 Simulque
3035 531 3088 577 et
3109 523 3256 595 quod
3285 523 3340 577 in
3360 519 3500 597 pago

231 619 326 675 Dei
365 626 682 692 protegente
721 619 965 685 dextera,
1010 634 1111 692 ego
1157 617 1512 675 Leodehodus
1544 617 1647 671 ista
1675 633 1810 671 con-

230 709 434 777 scribo,
466 724 531 765 ac
565 709 612 764 si
658 708 914 779 indignus
967 717 1022 763 et
1057 716 1309 778 peccator
1338 707 1496 762 abba.
1532 705 1669 760 Dum
1726 721 1811 759 me

228 796 412 855 divina
457 798 632 870 pietas
655 797 895 854 basilica:
916 796 1103 852 domui
1148 795 1365 863 Auiani,
1401 795 1494 850 ubi
1520 796 1634 866 ipse
1656 795 1813 849 dom-

230 906 336 947 nus
357 892 416 946 in
456 904 686 962 corpore
723 888 1036 961 requiescit,
1068 889 1300 944 abbatiae
1334 888 1686 944 sublimatum
1716 887 1815 940 ho—

229 993 363 1035 nore
385 979 628 1051 ejusdem
656 979 760 1035 loci
793 980 1075 1035 custodem
1099 994 1222 1035 esse
1246 978 1499 1045 instituit,
1512 993 1812 1050 congruum

226 1068 361 1125 duxi
382 1078 438 1125 et
465 1070 756 1127 devotione
797 1069 1116 1141 plenissima
1147 1069 1282 1125 mihi
1312 1070 1597 1126 consensit
1623 1070 1815 1125 volun-

228 1169 338 1227 tas,
376 1169 437 1216 ut
463 1160 532 1216 de
566 1174 624 1216 re
653 1160 1001 1231 proprietatis
1041 1173 1177 1215 mem
1213 1167 1324 1214 tam
1367 1160 1421 1213 in
1444 1159 1560 1230 ipsa
1589 1158 1813 1213 basilica

226 1258 395 1324 Quam
426 1260 481 1306 et
504 1251 743 1308 basilicae
768 1251 984 1306 domnae
1006 1248 1209 1317 Mariae,
1236 1266 1400 1321 quam
1432 1248 1671 1305 Joannes
1694 1248 1815 1303 Flo-

225 1346 412 1401 riaeus
446 1360 478 1401 a
514 1350 660 1401 uva
687 1344 962 1415 quondam
993 1344 1320 1410 construxit,
1350 1341 1445 1398 ubi
1487 1341 1816 1397 venerabilis

223 1437 314 1493 vir
338 1435 634 1493 Fulealdus
675 1435 813 1492 abba
847 1442 1035 1490 custos
1060 1449 1297 1505 praeesse
1336 1432 1694 1504 dignoscitur,
1718 1448 1815 1487 seu

224 1537 282 1585 et
312 1528 369 1583 in
398 1542 530 1600 agro
556 1525 827 1593 Floriaco,
858 1539 1021 1597 quem
1056 1539 1182 1580 cum
1215 1523 1453 1595 glorioso
1486 1530 1649 1592 atque
1678 1536 1818 1591 prae-

224 1622 379 1678 celso
405 1623 610 1677 domno
636 1619 912 1675 Clodoveo
939 1634 1064 1690 rege
1087 1625 1141 1673 et
1162 1617 1400 1690 gloriosa
1424 1617 1623 1672 domna
1649 1631 1817 1670 uxore

222 1713 372 1783 ejus,
398 1711 645 1767 Bathilde
672 1711 881 1783 regina,
912 1709 1065 1766 visus
1091 1725 1213 1766 sum
1240 1709 1307 1765 de
1331 1709 1494 1765 rebus
1534 1709 1670 1764 meis
1692 1723 1819 1779 pro-

224 1805 367 1876 priis
388 1810 779 1871 commutasse,
806 1801 900 1857 ubi
945 1817 1045 1873 pro
1086 1801 1260 1857 salute
1298 1800 1467 1873 regia,
1506 1799 1589 1854 vel
1621 1807 1818 1854 cuncto

1918 610 2187 680 Biturico,
2233 613 2619 684 cognominato
2652 611 2853 680 Monte,
2896 614 2989 685 qui
3036 624 3123 669 est
3164 615 3323 685 juxta
3364 616 3501 672 Car-

1913 704 2065 760 hrias
2092 704 2231 771 vico,
2260 705 2565 775 portionem
2612 704 2850 771 terrulzn,
2896 720 3061 776 quam
3103 705 3170 760 de
3196 703 3424 764 Domolo
3449 717 3503 762 et

1915 810 2086 850 uxore
2130 810 2228 850 sua
2260 793 2474 867 Ingara,
2505 794 2586 849 vel
2632 795 2698 849 de
2736 795 2984 867 pluribus
3014 796 3331 854 hominibus
3348 798 3503 855 visus

1915 903 2038 942 sum
2069 902 2439 958 comparasse,
2463 888 2637 955 dono;
2675 889 2758 943 vel
2787 888 3153 965 quodcunque
3176 891 3377 947 ibidem
3404 908 3503 963 per

1915 978 2227 1035 donationis
2261 979 2544 1050 epistolam
2581 989 2675 1035 aut
2704 981 2947 1052 quolibet
2974 990 3257 1039 contractu
3308 983 3377 1040 ad
3411 1001 3501 1041 me

1915 1069 2178 1140 pervenit.
2215 1067 2325 1124 Seu
2364 1079 2419 1125 et
2450 1071 2596 1141 quod
2644 1070 2700 1125 in
2745 1069 2892 1139 Bria,
2924 1087 3046 1143 quae
3075 1081 3158 1129 est
3197 1088 3361 1145 super
3388 1071 3498 1129 ﬂu-

1917 1162 2066 1217 vium
2103 1160 2365 1230 Flironte,
2404 1163 2597 1232 habeo,
2638 1179 2761 1234 qua:
2790 1164 2856 1218 de
2903 1165 3150 1235 pluribus
3186 1167 3506 1226 hominibus

1916 1254 2069 1310 visus
2089 1269 2211 1309 sum
2245 1269 2594 1325 comparasse
2615 1263 2669 1311 et
2698 1256 2765 1310 ad
2790 1255 2969 1325 ipsum
3002 1267 3242 1315 montem
3272 1260 3505 1332 subjun-

1916 1344 2081 1417 gitur,
2108 1361 2237 1401 eum
2276 1346 2551 1414 domibus,
2595 1348 2860 1415 aediﬁciis,
2886 1349 3194 1420 mancipiis,
3226 1352 3380 1423 quia
3418 1368 3507 1408 ine

1917 1436 2130 1492 liberati
2176 1453 2285 1493 non
2330 1437 2552 1505 fuerint,
2588 1440 2784 1507 vineis,
2832 1440 3005 1507 silvis,
3039 1442 3270 1514 campis,
3308 1446 3502 1515 pratis,

1917 1528 2156 1598 pascuis,
2183 1545 2309 1585 cum
2351 1530 2500 1585 omni
2524 1531 2649 1601 jure
2679 1540 2733 1587 et
2754 1532 2991 1587 termino
3013 1548 3202 1588 carum
3245 1535 3506 1607 omnique

1918 1636 2116 1693 genere
2158 1622 2450 1692 pecudum,
2480 1625 2621 1679 sicut
2661 1641 2691 1679 a
2741 1641 2828 1680 me
2848 1642 3164 1697 possessum
3194 1636 3296 1693 est,
3334 1628 3502 1684 done.

1917 1704 2175 1776 Idemque
2198 1715 2253 1761 et
2280 1706 2464 1762 villam
2505 1706 2834 1776 Cambcrou,
2871 1725 2993 1780 quae
3019 1719 3102 1765 est
3129 1710 3286 1780 juxta
3319 1713 3508 1767 termio

1919 1811 2054 1850 num
2078 1795 2427 1854 Clariaceuse
2446 1798 2529 1855 vel
2544 1797 2728 1855 Ucello
2750 1800 2892 1865 vico,
2915 1816 3083 1870 quam
3106 1801 3173 1857 de
3197 1802 3508 1859 heredibus

224 1897 434 1969 populo
458 1895 817 1961 exorandum,
866 1894 1261 1950 monasterium
1295 1892 1353 1948 in
1389 1892 1598 1948 honore
1641 1890 1816 1948 sancti
1852 1903 1895 1958 Β
1918 1887 2201 1945 Mummoli
2231 1890 2360 1945 dato
2394 1891 2569 1963 pretio
2604 1908 2700 1963 per
2723 1892 3053 1947 venditionis
3092 1894 3309 1949 titulum
3355 1895 3510 1952 visus

224 1988 379 2045 Petri
424 1987 693 2044 mdificare
737 1985 997 2054 delibero,
1044 1985 1138 2041 ubi
1173 1984 1286 2057 jam
1336 1984 1516 2040 dictus
1574 1983 1656 2038 vir
1696 1980 1814 2049 Dei,

224 2087 458 2136 sanctus
478 2077 728 2134 videlicet
752 2077 951 2148 przesul
976 2076 1245 2143 Anianus,
1273 2075 1542 2146 condigne
1567 2074 1709 2145 jacet
1731 2084 1819 2127 tu-

224 2172 506 2240 mulatus,
529 2172 587 2227 in
609 2186 719 2243 quo
741 2168 994 2226 monachi
1022 2169 1181 2240 juxta
1216 2168 1458 2240 regulam
1486 2165 1819 2225 sanctissimi

1920 1996 2044 2037 sum
2067 1996 2436 2052 comparasse,
2460 1999 2584 2039 cum
2609 1984 2882 2051 domibus,
2908 1985 3173 2053 aediliciis,
3199 1987 3510 2059 mancipiis,

1918 2075 2015 2145 qui
2046 2090 2077 2130 a
2107 2090 2195 2132 me
2223 2075 2442 2131 liberati
2474 2092 2584 2132 non
2614 2077 2836 2145 fuerint,
2859 2078 3056 2147 vincis,
3077 2079 3254 2149 silvis,
3279 2082 3510 2152 eampis,

1920 2169 2111 2238 pratis,
2135 2169 2355 2239 pascuis
2378 2170 2638 2241 omnique
2664 2186 2862 2242 genere
2890 2172 3180 2242 pecudum,
3208 2189 3335 2228 cum
3359 2174 3512 2229 omni

224 2265 508 2323 Benedicti
547 2274 603 2322 et
638 2262 825 2321 domui
852 2262 1179 2321 Columbani
1225 2262 1526 2317 consistere
1566 2262 1816 2328 debeant,
1914 2258 2041 2332 jure
2066 2268 2121 2314 et
2152 2260 2415 2316 beneficio
2444 2261 2528 2316 vel
2562 2261 2797 2317 termino
2829 2263 2898 2318 ad
2932 2279 2991 2318 se
3014 2264 3343 2335 pertinente,
3368 2266 3513 2322 sicut

224 2340 607 2432 singulariter.
625 2358 694 2414 de
743 2355 1001 2413 facultate
1038 2353 1386 2426 proprietatis
1421 2367 1557 2407 mea:
1598 2349 1823 2405 Christo

227 2450 469 2521 praesule
487 2448 734 2504 conferre
772 2447 1028 2502 delibero.
1060 2444 1272 2503 Domno
1314 2443 1479 2516 igitur
1512 2450 1638 2497 ante
1663 2442 1822 2496 dictae

228 2543 479 2599 basilica:
510 2541 700 2598 domui
733 2540 932 2594 Aniani
974 2538 1061 2594 vel
1093 2538 1380 2594 monachis
1409 2535 1608 2592 ibidem
1637 2534 1825 2590 deser-

228 2637 533 2701 vientihus,
566 2636 659 2691 ubi
703 2634 771 2690 ad
812 2648 1056 2705 prmsens
1092 2630 1379 2688 divinitate
1416 2627 1652 2700 propitia
1697 2624 1822 2681 fun-

232 2737 444 2799 guntur
471 2727 667 2795 ollicio,
696 2735 752 2782 et
772 2726 839 2781 de
867 2726 992 2796 jure
1014 2738 1137 2781 meo
1170 2725 1227 2779 in
1252 2723 1345 2795 jus
1372 2720 1656 2777 antedictre
1676 2719 1825 2774 basi-

233 2821 358 2878 licae
395 2837 427 2877 a
462 2821 551 2877 die
596 2819 850 2892 praesenti
893 2816 1218 2873 trausfundo
1250 2814 1532 2887 portiones
1583 2811 1821 2877 ter-rulae,

233 2912 380 2968 infra
412 2929 605 2985 agrum
653 2911 1138 2984 Nogrometeusem
1161 2908 1316 2976 sitas,
1344 2909 1399 2964 in
1430 2905 1704 2964 territorio
1733 2904 1825 2959 Bi-

234 3006 438 3073 turico.
482 3012 826 3076 nuncupatas
868 3003 1113 3060 Litmaro
1143 3010 1199 3059 et
1238 3001 1556 3068 Mariniaeo,
1593 3014 1732 3071 quas
1757 2999 1825 3053 de

233 3098 451 3155 Aviana
508 3105 565 3155 ct
613 3095 976 3168 Prosperiana
1031 3094 1251 3151 feminis
1302 3110 1400 3165 per
1458 3094 1823 3149 instrumenta

236 3192 559 3253 chartarum
583 3191 738 3248 visus
763 3205 886 3245 sum
922 3189 1213 3259 recepisse,
1238 3202 1362 3243 cum
1391 3186 1666 3251 domibus,
1698 3184 1825 3239 aedi-

1920 2366 1952 2407 a
1985 2366 2073 2407 me
2098 2366 2415 2422 possessum
2441 2360 2542 2420 est,
2566 2353 2713 2409 dono
2740 2365 2932 2410 sancto
2962 2353 3127 2411 Petro
3152 2355 3507 2414 Floriacensi.

1921 2441 2179 2515 idemque
2217 2452 2275 2499 et
2322 2444 2379 2500 in
2424 2443 2749 2501 Rausedone
2783 2446 2933 2514 villa,
2979 2463 3102 2518 quae
3151 2457 3235 2505 est
3280 2449 3336 2504 in
3370 2465 3513 2522 pago

1922 2532 2302 2607 Magdunensi,
2336 2551 2500 2608 quam
2529 2538 2597 2592 de
2631 2537 2938 2595 hacredibus
2976 2537 3199 2611 Wagini
3227 2540 3355 2597 dato
3389 2559 3515 2613 prc-

1923 2627 2002 2682 tio
2033 2628 2370 2698 comparavi,
2395 2628 2767 2700 suprascripta
2792 2645 2925 2700 pars
2946 2639 3073 2685 ante
3094 2630 3252 2688 dictae
3273 2631 3513 2689 basilicae

1921 2718 2109 2774 domui
2136 2718 2283 2774 Petri
2327 2719 2695 2776 Floriaccnsis
2736 2720 3143 2791 perpetuojure
3176 2731 3349 2794 atque
3382 2739 3515 2795 pro-

1922 2811 2204 2881 prietario,
2250 2820 2311 2866 ut
2358 2812 2636 2882 possideat
2670 2812 2877 2883 integra
2917 2814 3218 2883 voluntate,
3256 2815 3509 2873 decerno.

1922 2900 2480 2973 ldemqueantedictzn
2504 2903 2744 2959 basilicae
2764 2890 2977 2959 domum
2998 2903 3182 2962 Marize
3201 2907 3509 2978 portionem

1924 3004 2125 3058 meam,
2166 3006 2290 3065 qua:
2335 3000 2422 3047 est
2465 2992 2623 3063 juxta
2674 2991 2959 3050 Columna:
3009 2994 3214 3063 vicum,
3261 3007 3517 3069 quartam

1923 3089 2133 3153 partem
2153 3099 2221 3138 ex
2240 3083 2361 3155 ipso
2381 3099 2515 3155 agro
2536 3083 2929 3153 Colornmensi,
2954 3102 3079 3143 cum
3106 3089 3333 3157 mansis,
3357 3105 3521 3147 acco-

1924 3174 2104 3243 labus,
2140 3176 2348 3246 campis
2394 3176 2558 3233 cultis
2591 3186 2647 3233 et
2698 3177 2941 3245 incultis,
2974 3195 3102 3235 cum
3130 3183 3280 3235 omni
3317 3198 3517 3254 genere

237 3284 400 3350 liciis,
428 3281 738 3354 mancipiis,
773 3280 923 3352 quia
966 3295 1053 3335 me
1097 3277 1311 3335 liberati
1349 3291 1460 3333 non
1496 3276 1718 3343 fuerint,
1742 3274 1825 3329 vi-
1851 3265 1892 3323 C
1924 3268 2198 3338 pecudum
2239 3270 2294 3324 in
2331 3270 2627 3343 integrum,
2670 3271 2813 3326 sicut
2854 3289 2885 3328 a
2930 3289 3017 3329 me
3046 3289 3363 3344 possessum
3406 3290 3515 3342 est,

237 3378 379 3444 neis,
404 3376 578 3444 silvis,
601 3375 831 3447 eampis,
857 3374 1050 3445 pratis,
1091 3372 1333 3444 pascuis,
1361 3387 1486 3427 cum
1529 3370 1678 3426 omni
1702 3370 1827 3441 jure

236 3479 296 3524 et
316 3468 582 3524 beneficio
621 3482 746 3535 suo,
789 3467 873 3522 vel
913 3465 1205 3537 omnigeno
1232 3462 1436 3536 pecude
1462 3462 1661 3518 ibidem
1692 3462 1830 3518 resi-

238 3561 422 3627 dente,
452 3561 595 3616 sicut
635 3575 667 3614 a
704 3574 791 3614 me
833 3556 1142 3629 professum
1183 3564 1293 3622 est;
1337 3555 1589 3610 similiter
1616 3554 1827 3625 portio-

242 3666 369 3706 nem
401 3665 601 3717 meam,
625 3664 750 3721 quzn
774 3658 861 3708 est
884 3646 1029 3707 infra
1054 3662 1245 3718 agrum
1272 3645 1535 3702 Littidum
1568 3646 1623 3700 in
1660 3645 1829 3702 Seca-

240 3740 413 3809 lonia,
441 3756 606 3815 quam
639 3742 708 3798 de
734 3741 922 3813 Agana
948 3737 1152 3796 femina
1173 3738 1303 3794 dato
1324 3737 1499 3809 pretio
1526 3752 1623 3808 per
1643 3737 1832 3793 vendi-

243 3835 410 3891 tionis
435 3835 654 3891 titulum
677 3834 830 3890 visus
863 3849 986 3890 sum
1007 3847 1378 3903 comparasse,
1404 3847 1530 3887 cum
1553 3831 1829 3898 domibus,

241 3926 510 3994 aediliciis,
566 3925 874 3996 mancipiis,
932 3931 1131 3995 praeter
1173 3937 1316 3995 quos
1370 3922 1637 3994 ingenuos
1685 3921 1831 3977 rela-

244 4030 468 4084 xavero,
494 4015 692 4082 vineis,
723 4014 896 4081 silvis,
920 4012 1150 4084 campis,
1182 4012 1384 4084 pratis,
1411 4010 1631 4083 pascuis
1656 4011 1835 4066 omni-

245 4121 355 4181 que
382 4106 648 4165 beneﬂcio
669 4121 793 4174 suo,
829 4106 974 4162 sicut
1002 4121 1035 4160 a
1063 4119 1151 4161 me
1174 4120 1496 4177 possessum
1533 4113 1649 4171 est;
1678 4102 1837 4158 item-

244 4216 355 4277 que
380 4209 437 4257 et
455 4198 760 4273 portionem
784 4213 964 4254 meam
989 4213 1112 4269 quae
1133 4206 1218 4253 est
1242 4196 1314 4252 ad
1345 4194 1594 4253 Vetulam
1626 4211 1833 4262 casam,

245 4309 415 4368 quam
442 4293 511 4348 de
548 4291 775 4347 Abbene
818 4298 874 4345 et
904 4289 1017 4345 lilio
1048 4305 1150 4345 suo
1189 4287 1455 4345 Fraterno
1502 4287 1629 4343 dato
1661 4288 1836 4359 pretio

243 4404 347 4461 per
369 4384 698 4443 venditionis
727 4383 947 4439 titulum
984 4382 1299 4453 comparavi
1343 4391 1399 4437 et
1439 4398 1562 4453 qua:
1605 4397 1698 4452 per
1718 4381 1836 4452 rpi-

245 4480 422 4537 stolas
450 4477 761 4535 donationis
803 4475 869 4531 ad
914 4491 1002 4532 me
1048 4476 1444 4546 pervcnit,cum
1476 4476 1705 4540 mansis,
1759 4473 1839 4528 vi-

245 4572 389 4639 ncis,
417 4570 645 4642 campis,
676 4569 869 4641 pratis,
900 4568 1073 4635 silvis,
1100 4567 1321 4638 pascuis
1362 4566 1621 4637 omnique
1644 4582 1839 4638 genere

246 4664 521 4737 pecudum
544 4671 598 4718 et
612 4661 877 4719 benelicio
898 4676 1021 4728 suo,
1046 4659 1189 4716 sicut
1211 4676 1242 4714 a
1273 4673 1360 4714 me
1383 4673 1696 4728 possessum
1723 4667 1834 4723 est;

243 4755 418 4813 simili
466 4755 630 4811 modo
675 4762 730 4810 et
753 4753 1060 4825 portionem
1106 4765 1307 4817 meam,
1347 4763 1469 4820 quae
1507 4755 1594 4804 est
1630 4748 1683 4802 in
1712 4747 1837 4802 villa

250 4847 494 4905 Frietoni
521 4846 576 4902 in
605 4844 910 4911 Secalonia,
942 4844 1084 4900 sicut
1116 4860 1147 4899 a
1182 4857 1270 4898 me
1299 4857 1549 4914 possessa
1576 4848 1681 4907 est,
1712 4857 1835 4896 cum

244 4934 483 5023 anausis,
503 4938 816 5004 accolabus,
847 4935 1023 5001 silvis,
1055 4936 1250 5007 pratis,
1282 4934 1510 5005 eampis,
1536 4932 1759 5006 pascuis
1784 4932 1838 4986 in

244 5036 547 5107 integrum,
581 5048 707 5089 eum
742 5033 996 5098 termino,
1028 5032 1111 5087 vel
1159 5030 1453 5102 omnigeno
1493 5030 1699 5099 pecude
1737 5028 1838 5083 ibi-

250 5126 379 5181 dem
413 5124 722 5192 residente;
774 5123 1047 5194 simulque
1072 5132 1248 5178 terras
1276 5122 1361 5176 vel
1409 5130 1584 5192 prata,
1615 5136 1736 5192 quae
1769 5120 1839 5175 ab

252 5216 469 5273 Albana
515 5216 572 5271 in
616 5231 756 5288 pago
800 5214 1287 5286 Stampensi'visus
1309 5229 1433 5269 sum
1466 5228 1835 5285 comparasse,

255 5310 397 5366 sicut
430 5325 464 5365 a
485 5325 572 5364 me
600 5324 916 5379 possessum
940 5316 1024 5363 est
1056 5307 1112 5362 in
1141 5305 1433 5376 integrum.

325 5402 452 5458 Pari
476 5402 641 5458 modo
660 5417 791 5457 vasa
820 5402 967 5458 dono
992 5408 1247 5471 argentea
1284 5399 1527 5454 anacleta
1553 5399 1839 5469 pensantia

250 5494 423 5552 libras
451 5506 549 5550 vni
589 5503 644 5550 et
675 5493 869 5549 uncias
895 5493 1034 5549 duas
1060 5509 1074 5560 ;
1102 5493 1212 5547 duo
1242 5492 1488 5548 sandalia
1514 5492 1583 5546 ad
1618 5491 1840 5556 missas,

253 5597 311 5643 et
336 5587 509 5645 oralia
531 5587 599 5642 ad
627 5601 873 5641 mensam
909 5600 1018 5641 una
1050 5600 1175 5640 cum
1201 5584 1391 5656 cappis
1417 5594 1472 5639 ct
1493 5583 1644 5638 omni
1678 5599 1845 5654 appa-

254 5686 401 5747 ratu,
420 5686 482 5735 et
521 5679 631 5734 duo
656 5677 775 5732 vela
824 5692 926 5733 aeu
969 5676 1132 5748 picta.
1182 5674 1289 5731 lsta
1319 5677 1525 5742 omnia,
1563 5684 1623 5731 ut
1654 5675 1710 5730 in
1749 5690 1844 5745 po-

252 5779 451 5826 testate
492 5779 545 5825 ct
568 5769 939 5825 dominatione
990 5768 1166 5840 ipsius
1202 5769 1522 5825 monasterii
1568 5778 1619 5822 et
1653 5784 1843 5821 mona-

213 5851 223 5865 ’
250 5862 491 5923 alterum
508 5862 712 5925 ibidem
733 5860 845 5918 Deo
857 5860 1211 5918 servientium
1237 5863 1545 5933 perenniter
1564 5871 1840 5933 maneant,

576 5958 854 6023 ινιτςιοι..
890 5955 1105 6018 CXLI.

1930 3360 2119 3433 delego
2140 3363 2527 3434 perpetualiter
2552 3365 2962 3435 possidendum.
2983 3364 3245 3439 idemque
3280 3368 3336 3423 in
3366 3367 3515 3424 Sim-

1929 3449 2266 3518 pliciaeensi,
2301 3451 2554 3523 quodest
2585 3453 2639 3506 in
2678 3452 2984 3521 Secalonia,
3021 3461 3164 3525 quod
3203 3457 3270 3512 de
3302 3458 3522 3526 homine

1931 3539 2191 3609 quodam,
2217 3541 2487 3612 Aregisilo
2524 3543 2764 3611 nomine,
2787 3545 2872 3600 vel
2894 3545 2962 3600 de
2987 3546 3141 3614 aliis,
3178 3547 3307 3604 dato
3345 3552 3522 3619 pretio

1932 3645 2030 3701 per
2054 3631 2387 3689 venditionis
2424 3633 2641 3689 titulum
2664 3635 2819 3692 visus
2846 3652 2969 3723 sum
3002 3653 3373 3710 comparasse,
3389 3634 3520 3712 pinu

1932 3722 2140 3779 tionem
2186 3722 2363 3794 ipsam
2408 3740 2534 3781 eum
2569 3728 2798 3794 mansis,
2846 3722 3019 3796 silvis,
3064 3730 3256 3799 pratis,
3290 3734 3519 3803 eampis,

1934 3814 2173 3885 pascuis,
2209 3816 2295 3870 vel
2322 3817 2480 3873 omni
2513 3833 2708 3891 genere
2734 3820 3005 3891 pecudum
3040 3831 3096 3877 et
3130 3823 3394 3880 beneﬁcio
3420 3842 3525 3883 suo

1935 3905 2080 3962 sicut
2115 3922 2151 3963 a
2189 3923 2276 3964 me
2312 3924 2632 3980 possessum
2661 3921 2768 3979 est,
2808 3914 3048 3972 basilica:
3077 3915 3294 3973 domnae
3332 3918 3524 3976 Maria:

1934 3998 2139 4067 tribuo,
2161 4009 2216 4056 ct
2240 4008 2302 4055 ut
2322 4001 2379 4056 in
2416 4012 2744 4077 perpetuum
2768 4005 3051 4079 possideat
3073 4009 3395 4081 plenissima
3423 4027 3525 4072 vo-

1932 4088 2147 4147 luntate
2174 4102 2393 4165 exopto.

2004 4181 2132 4241 Pari
2172 4186 2336 4273 modo
2361 4198 2417 4242 et
2444 4189 2513 4244 ad
2532 4200 2893 4247 memoratum
2927 4197 3349 4266 monasterium,
3381 4200 3529 4270 quod

1936 4275 1995 4331 in
2038 4276 2299 4335 honorem
2334 4281 2522 4336 domui
2562 4282 2730 4353 Petri,
2767 4287 2911 4342 sicut
2943 4289 3271 4359 praedictum
3322 4301 3426 4362 est,
3474 4294 3530 4357 in

1936 4384 2070 4440 agro
2102 4369 2354 4427 Floriaco
2374 4373 2649 4432 aedificare
2681 4377 2940 4445 delibero,
2965 4379 3057 4436 ubi
3084 4383 3340 4439 monachi
3365 4400 3530 4457 regu-

1940 4465 2127 4520 lariter
2164 4468 2474 4525 consistere
2507 4471 2760 4538 debeant,
2793 4474 2939 4529 dono
2971 4490 3001 4530 a
3026 4478 3290 4547 praesenti
3332 4478 3530 4537 iiscum

1940 4555 2269 4624 Floriacum,
2288 4576 2413 4615 cum
2434 4562 2710 4630 domibus,
2728 4565 2991 4634 aediliciis,
3014 4570 3320 4642 mancipiis,
3330 4586 3532 4642 praeter

1943 4667 2084 4722 quos
2108 4652 2243 4724 jugo
2279 4655 2559 4714 servitutis
2584 4673 2693 4712 nou
2727 4660 3064 4729 relaxavero,
3096 4663 3268 4731 silvis,
3296 4662 3527 4738 campis,

1944 4745 2136 4814 pratis,
2151 4747 2390 4817 pascuis,
2412 4749 2608 4817 vineis,
2632 4750 2813 4821 aquis,
2828 4767 3163 4822 aquarumve
3183 4756 3528 4825 decursibus,

1940 4854 2069 4893 cum
2102 4839 2378 4909 adjunctis
2398 4849 2452 4895 ct
2481 4841 2859 4912 adjacentibus
2895 4846 3013 4901 suis
3039 4848 3301 4918 omnique
3335 4867 3530 4921 genere

1944 4931 2211 5000 pecudum
2243 4948 2366 4987 cum
2404 4934 2556 4989 omni
2579 4935 2704 5004 jure
2740 4945 2794 4991 et
2821 4938 3054 4995 termino
3077 4953 3201 5007 suo,
3233 4941 3379 4998 sicut
3404 4955 3534 5001 suo

1936 5035 2189 5098 tempore
2210 5027 2278 5083 ad
2294 5027 2486 5084 fiscum
2505 5028 2613 5084 fuit
2635 5045 2950 5100 possessum
2970 5033 3129 5089 vclad
3148 5049 3249 5090 nos
3260 5036 3528 5106 pervenit.

1941 5119 2200 5193 Idemque
2231 5121 2285 5176 in
2320 5130 2587 5193 potestate
2618 5123 2863 5183 Melliaeo
2901 5128 3048 5198 quod
3087 5144 3184 5199 per
3204 5130 3531 5190 venditionis

1945 5210 2165 5266 titulum
2186 5212 2341 5269 visus
2365 5230 2486 5269 sum
2505 5229 2892 5286 comparasse,
2911 5233 3036 5274 cum
3061 5219 3338 5289 daxnibus,
3365 5222 3535 5279 avdiit

1943 5301 2069 5368 ciis,
2106 5303 2415 5375 mancipiis,
2451 5305 2545 5376 qui
2580 5323 2611 5362 a
2644 5322 2729 5363 me
2769 5308 2980 5365 liberati
3010 5326 3117 5364 non
3147 5309 3380 5382 fuerint,
3408 5330 3536 5377 cum

1946 5398 2156 5466 campis
2171 5399 2332 5453 cultis
2343 5409 2396 5453 et
2408 5399 2649 5466 incultis,
2666 5416 2761 5457 seu
2773 5402 2985 5458 ollicina
2996 5404 3463 5480 molendini,quod
3482 5410 3537 5472 in

1947 5488 2124 5547 Malva
2161 5491 2217 5546 in
2246 5491 2365 5562 ipso
2414 5494 2698 5550 territorio
2745 5511 2868 5553 esse
2904 5497 3137 5565 videtur,
3186 5498 3241 5555 in
3265 5499 3538 5574 integrum

1945 5600 2076 5639 cum
2096 5585 2331 5641 termino
2363 5602 2465 5641 suo
2487 5595 2541 5641 et
2559 5587 2668 5642 οιηί
2691 5604 2889 5660 genere
2913 5590 3207 5660 pecudum,
3230 5592 3376 5652 sicut
3397 5609 3430 5648 a
3451 5609 3542 5653 me

1947 5691 2265 5746 possessum
2289 5687 2393 5741 cst,
2445 5680 2715 5749 concedo;
2751 5696 2846 5737 seu
2891 5690 2946 5737 et
2977 5683 3125 5755 quod
3146 5683 3214 5739 de
3233 5684 3542 5744 haeredibus

1948 5766 2174 5823 Pauloni
2223 5769 2578 5839 negotiatoris
2624 5772 2897 5843 quondam
2952 5773 3104 5830 visus
3149 5791 3273 5835 sum
3316 5792 3541 5850 compa.

1948 5877 2121 5933 rasse,
2160 5879 2316 5920 areas
2357 5862 2564 5921 scilicet
2601 5866 2652 5921 in
2690 5869 2889 5939 oppido
2915 5869 3041 5923 civit
3064 5871 3148 5924 .tis
3184 5871 3544 5936 Aurelianen.

3141 5965 3221 6030 29
