4104 5260
432 202 537 259 907

1562 196 1861 255 ROBERTI
1903 198 2109 255 REGIS
2146 195 2576 255 FRANCORUM

3621 196 3729 252 908

426 336 600 387 suum,
640 335 765 378 cum
796 318 1052 375 domibus
1081 318 1316 389 desuper
1344 315 1558 389 positis,
1602 316 1895 371 aceolabus
1926 314 2030 370 ibi-
2061 319 2108 377 A
2135 315 2283 386 ipsas
2317 316 2577 371 basilicas
2601 313 2746 381 dedi,
2788 314 2943 385 juxta
2977 313 3122 386 quod
3152 328 3240 369 res
3269 312 3401 383 ipsae
3428 295 3732 369 melior-ala

436 416 560 470 dem
595 412 986 478 residentibus,
1015 410 1101 464 vel
1142 409 1331 463 vineas
1361 408 1430 463 ad
1466 407 1723 478 oppidum
1744 406 1918 479 ipsius
1953 406 2032 462 ci-

438 504 625 562 vitatis
651 504 1004 577 pertinentes,
1035 502 1130 557 seu
1151 509 1205 556 et
1232 500 1423 555 locella
1450 497 1724 567 villarum,
1748 497 2032 569 cognomi-

438 606 567 652 nata
618 596 830 662 Curuu,
879 592 1269 660 Canavarias,’
1309 589 1658 661 Simpliciaco
1706 598 1761 645 et
1817 587 2034 643 Caliace

440 691 583 746 ultra
631 688 857 743 ﬂuvium
907 686 1139 760 Ligeris,
1185 685 1333 757 quod
1377 685 1505 741 dato
1561 685 1737 756 pretio
1782 692 2033 739 anteacto

438 793 685 853 tempore
700 782 855 837 visus
870 797 992 837 sum
1006 794 1373 853 comparasse.
1389 775 1547 833 Unde
1556 785 1611 832 et
1626 775 1896 847 injudicio
1908 782 2035 831 ante

437 866 622 928 virum
652 871 1011 943 apostodcum
1041 870 1302 924 domuum
1336 868 1659 925 Audoenum
1687 867 2030 937 episc0pum,

438 973 492 1020 et
516 961 787 1018 illustrem
816 959 994 1015 virum
1021 956 1432 1014 Chrannull‘um
1462 958 1804 1029 optimatem,
1839 956 1922 1012 vel
1948 970 2036 1011 re-

440 1054 620 1126 liquos
648 1052 872 1107 abbates
902 1050 1158 1105 convenit
1178 1057 1258 1114 ut,
1284 1064 1349 1103 ex
1372 1048 1630 1103 omnibus
1655 1055 1766 1104 tam
1794 1048 1848 1102 iu
1873 1045 2036 1103 terris

439 1150 610 1219 quam
630 1146 686 1200 in
709 1143 1021 1214 mancipiis,
1050 1158 1146 1197 seu
1171 1150 1225 1196 et
1254 1141 1448 1208 vineis,
1473 1141 1819 1197 medietatem
1841 1138 2036 1195 exinde

431 1234 569 1308 pars
602 1236 843 1293 basilicze
879 1236 1095 1291 domnae
1122 1233 1306 1291 Mariae
1329 1235 1616 1302 retineret,
1643 1242 1698 1290 et
1729 1234 1889 1291 aliam
1922 1248 2037 1288 me-

439 1318 698 1385 dietatem
728 1328 784 1382 iu
831 1342 955 1382 meo
984 1326 1109 1397 jure
1138 1326 1193 1380 in
1230 1326 1440 1398 integro
1477 1326 1733 1382 deberem
1770 1324 2032 1396 recipere.

439 1421 616 1489 Quam
654 1419 1006 1475 medietatem
1051 1432 1242 1473 eorum
1279 1416 1490 1488 judicio
1533 1416 1687 1473 visus
1723 1432 1848 1473 sum
1888 1430 2038 1473 rece-

439 1514 604 1584 pisse.
640 1510 819 1583 Ipsam
846 1510 993 1566 enim
1022 1509 1077 1565 in
1110 1509 1382 1581 integrum
1411 1510 1478 1566 ad
1521 1517 1884 1567 memoratum
1913 1524 2037 1564 m3-

441 1604 745 1661 nasterium'
774 1603 831 1659 S.
858 1603 1005 1659 Petri
1032 1602 1283 1659 Floriaco
1308 1611 1685 1659 constructum
1709 1602 1898 1674 delego
1921 1618 2040 1674 per-

430 1698 736 1767 ;petualiter
765 1697 1175 1767 possidendam.
1230 1691 1515 1768 Simultlne
1541 1704 1596 1751 et
1627 1694 1910 1750 Asinarias
1936 1695 2039 1749 vil-
2058 1676 2114 1730 ’Β

442 1789 571 1855 tam,
599 1804 722 1859 quze
750 1797 834 1844 est
885 1789 940 1843 in
964 1788 1124 1855 valle,
1158 1804 1282 1859 quae
1322 1788 1391 1845 de
1424 1779 1637 1843 ratione
1680 1786 1908 1843 illustris
1935 1787 2039 1841 viri

442 1877 713 1936 Trodovei
771 1894 869 1951 per
924 1880 1371 1939 commutationis
1422 1870 1727 1953 epistolas,
1772 1888 2040 1953 quantum

440 1982 627 2030 textus
683 1984 875 2029 earum
914 1974 1172 2042 declarat,
1210 1974 1278 2031 ad
1318 1991 1407 2031 me
1461 1974 1729 2046 pervenit,
1759 1974 1888 2029 dum
1938 1990 2039 2047 ego

440 2083 473 2121 e
496 2073 686 2122 contra
712 2066 1024 2138 portionem
1056 2067 1228 2134 illam,
1260 2082 1386 2138 qua:
1415 2077 1499 2124 est
1525 2069 1581 2123 in
1615 2067 1917 2136 Suucanto,
1953 2069 2041 2124 vel

443 2156 777 2227 Warentias,
818 2158 965 2231 quOd
988 2159 1055 2215 de
1076 2158 1342 2216 Machilde
1373 2159 1576 2217 femina
1606 2162 1883 2232 quondam
1912 2162 2040 2216 dato

443 2253 619 2323 pretio
644 2268 743 2323 per
767 2251 1102 2307 venditionis
1122 2248 1340 2307 titulum
1371 2254 1683 2324 comparavi
1710 2273 1724 2321 ;
1755 2262 1812 2308 et
1841 2255 1947 2310 hoc
1972 2254 2041 2308 ad

442 2338 619 2399 vicem
651 2342 944 2399 memorati
991 2338 1259 2399 Trodovei
1286 2342 1502 2400 dedisse
1535 2344 1687 2399 visus
1717 2344 1794 2399 fui
1836 2345 1892 2399 iu
1922 2345 2040 2415 ipsa

442 2430 571 2489 villa
617 2432 921 2500 Asinarias,
976 2448 1104 2504 pars
1148 2433 1439 2488 memorati
1484 2433 1807 2489 monasterii
1855 2432 2042 2489 domui

428 2525 612 2594 ‘yPetri,
641 2524 790 2596 quod
832 2533 917 2581 est
938 2523 1190 2581 Floriaco
1232 2533 1634 2594 constructum,
1675 2527 1731 2582 in
1769 2527 2044 2598 integrum

432 2619 655 2689 ‘a'bsque
701 2615 995 2687 cujuslibet
1032 2616 1443 2689 impedimento,
1486 2633 1613 2673 cum
1659 2618 1809 2673 omni
1834 2618 1960 2689 jure
1990 2626 2043 2672 et

451 2712 713 2778 termino,
739 2709 883 2773 sicut
908 2726 939 2765 a
974 2725 1060 2765 me
1083 2726 1403 2780 possessum
1433 2720 1537 2777 est,
1578 2724 1848 2781 omneque
1870 2725 2045 2783 genus

446 2800 718 2871 pecudum
776 2797 977 2853 ibidem
1043 2798 1318 2867 residens,
1346 2799 1573 2871 recipiat
1631 2801 2039 2871 possidendum.

448 2892 623 2947 Areas
645 2906 776 2945 vero
807 2887 950 2945 infra
990 2905 1179 2945 muros
1216 2876 1562 2958 Aurelianis,
1605 2908 1745 2962 quas
1788 2892 1854 2947 de
1904 2891 2042 2946 Cro-

2135 405 2357 473 fuerint,
2392 406 2526 477 ipsis
2558 406 2848 462 abbatibus
2877 407 2959 460 vel
3002 405 3286 460 monachis
3317 404 3517 459 ibidem
3541 405 3731 461 deser-

2133 496 2407 553 vientibus
2438 495 2718 564 reformet,
2766 506 2822 551 et
2859 496 2976 552 ﬁsci
3020 495 3240 567 juribus
3268 496 3389 551 auri
3423 497 3591 552 libras
3642 513 3730 567 in,

2135 588 2344 660 argenti
2378 589 2559 659 pondo
2580 605 2652 643 ιιι
2677 597 2926 644 teneatur
2949 589 3240 645 obnoxius.
3276 586 3451 656 Quam
3475 588 3734 646 donatio-

2135 695 2281 747 nem,
2310 688 2370 736 ιιι
2391 680 2602 735 ﬁrmior
2638 679 2927 748 habeatur,
2954 681 3122 753 gestis
3166 681 3594 752 municipalibus
3608 683 3734 737 alli-

2136 785 2263 845 gare
2293 770 2529 839 decrevi,
2559 780 2613 827 et
2659 772 2798 827 duas
2823 770 3083 842 epistolas
3128 788 3239 827 uno
3270 782 3456 829 tenore
3479 773 3732 828 conscri-

2134 874 2256 934 ptas
2300 861 2405 918 feci
2452 863 2519 918 de
2566 878 2626 918 re
2683 863 2938 935 superius
2972 864 3288 932 nominata;
3350 881 3459 919 una
3504 880 3629 936 qua:
3673 864 3736 919 in

2136 956 2360 1012 archivo
2385 955 2572 1011 domui
2614 955 2851 1012 resideat
2876 955 3095 1022 Aniaui,
3127 955 3290 1009 aliam
3313 970 3443 1010 vero
3464 970 3594 1025 pars
3619 969 3737 1009 mo-

2137 1052 2363 1108 nasterii
2392 1052 2578 1107 domui
2609 1051 2752 1108 Petri
2799 1068 2895 1125 per
2926 1050 3112 1107 futura
3149 1062 3391 1124 tempora
3437 1067 3734 1107 reservan-

2138 1143 2263 1199 dam
2290 1144 2540 1214 recipiat,
2575 1144 2810 1215 qualiter
2836 1132 3094 1198 monachi
3134 1142 3333 1199 ibidem
3356 1143 3466 1199 Deo
3488 1144 3734 1199 servien-

2138 1244 2240 1305 tes,
2264 1236 2319 1292 id
2353 1237 2501 1308 quod
2546 1237 2629 1292 eis
2654 1252 2750 1306 per
2792 1236 2967 1306 ipsam
3008 1236 3131 1291 dedi
3172 1234 3458 1293 defensare
3490 1238 3730 1292 valeant.

2137 1326 2206 1384 Et
2232 1343 2476 1400 praesens
2518 1329 2875 1384 nihilominus
2924 1343 2955 1382 a
2985 1344 3074 1383 me
3112 1326 3258 1384 facta
3295 1329 3539 1396 donatio,
3572 1329 3735 1385 ﬁrma

2140 1419 2287 1475 omni
2316 1427 2559 1490 tempore
2602 1427 2657 1474 et
2703 1418 2960 1475 inviolata
3002 1428 3341 1489 permaneat,
3383 1419 3737 1490 stipulatione

2139 1511 2197 1567 in
2254 1512 2510 1568 omnibus
2549 1512 2963 1584 comprehensa.
3009 1513 3203 1566 Actum
3262 1512 3574 1567 Aurelianis
3632 1529 3736 1584 pu-

2139 1605 2299 1661 blice.
2337 1604 2475 1661 Addi
2526 1620 2656 1661 vero
2695 1606 2948 1660 convenit
2991 1605 3139 1675 quod
3183 1605 3436 1675 superius
3476 1589 3737 1660 intimare

2139 1698 2522 1765 debueramus,
2555 1707 2614 1753 ut
2638 1698 2902 1769 quidquid
2942 1696 3166 1769 praefato
3189 1700 3523 1755 monasterio
3544 1700 3736 1756 domui

2139 1788 2287 1846 Petri
2315 1789 2698 1857 Floriacensis,
2734 1791 2882 1861 quod
2933 1806 3032 1846 nos
3060 1806 3090 1844 a
3129 1805 3273 1845 novo
3298 1792 3734 1858 construximus,

2139 1882 2511 1954 delegavimus
2540 1891 2596 1938 et
2624 1898 2655 1938 a
2682 1881 2951 1938 timoratis
2990 1881 3125 1937 viris
3152 1881 3459 1953 delegatum
3480 1882 3646 1939 fuerit
3676 1884 3738 1939 in

2139 1984 2454 2046 posterum;
2501 1976 2769 2046 quidquid
2809 1976 2999 2042 abbas,
3043 1976 3138 2046 qui
3186 1975 3389 2030 ibidem
3432 1974 3737 2046 praefuerit,

2139 2068 2335 2123 exinde
2362 2067 2596 2123 voluerit
2625 2065 2832 2131 facere,
2858 2082 2959 2137 pro
2996 2083 3100 2122 usu
3143 2074 3239 2121 aut
3262 2066 3494 2121 utilitate
3536 2081 3741 2121 mona-

2141 2160 2293 2215 sterii
2323 2159 2520 2230 ipsius,
2551 2158 2636 2214 vel
2681 2159 2835 2214 lucro
2855 2158 3053 2214 animae
3088 2167 3184 2213 aut
3232 2142 3464 2214 fratrum
3496 2159 3739 2213 necessi-

2142 2260 2271 2318 tate,
2303 2250 2533 2306 liberam
2560 2251 2758 2306 habeat
2792 2258 3118 2321 potestatem
3162 2250 3372 2320 absque
3406 2250 3734 2306 detrimenta

2140 2352 2196 2399 et
2222 2344 2609 2415 impedimento
2645 2359 2788 2415 saepe
2811 2343 2940 2399 dicti
2962 2342 3299 2398 monasterii.

2215 2435 2570 2492 Leodebodus
2608 2445 2862 2506 peccator
2902 2435 3092 2502 abbas,
3134 2434 3365 2505 epistola
3393 2449 3428 2490 a
3462 2449 3549 2489 me
3570 2432 3738 2490 facta.

2213 2528 2507 2585 Audoeuus
2532 2537 2785 2599 peccator
2829 2528 3145 2599 episcopus,
3172 2536 3402 2600 rogante
3439 2528 3740 2584 venerabili

2142 2622 2283 2691 viro,
2308 2620 2633 2678 Leodebodo
2683 2621 2900 2689 abbate,
2948 2622 3093 2676 hanc
3134 2620 3423 2692 epistolam
3473 2620 3644 2692 relegi
3685 2630 3743 2676 et

2145 2716 2470 2787 subscripsi.
3341 2775 3345 2779 .
3484 2776 3491 2783 .

2211 2793 2609 2879 .Leodcgarius,
2657 2822 2723 2863 ac
2768 2806 2815 2862 si
2842 2804 3108 2879 indignus
3159 2805 3468 2878 episcopus,
3510 2812 3747 2877 rogante

2145 2899 2469 2955 Leodebodo
2515 2898 2730 2965 abbate,
2766 2898 2911 2954 hanc
2955 2898 3259 2956 devotionis
3305 2897 3428 2968 ejus
3453 2896 3743 2968 epistolam

448 2965 606 3036 nullo
626 2966 830 3038 clerico
851 2981 980 3035 dato
1007 2980 1184 3052 pretio
1220 2996 1317 3050 per
1346 2981 1676 3037 venditionis
1721 2984 1938 3038 titulum
1964 2984 2045 3039 vi-
2074 3025 2115 3083 Ο
2148 2993 2360 3047 ἢιιιῃενί
2384 2992 2439 3047 in
2467 2990 2675 3047 Christi
2710 2991 2950 3047 nomine,

382 3096 383 3099 η
452 3088 550 3127 sus
582 3088 704 3128 sum
738 3087 1114 3143 comparasse,
1146 3072 1239 3127 ubi
1272 3070 1575 3130 Lcobastns
1596 3075 1778 3130 accola
1803 3093 2045 3132 comma-

449 3179 580 3220 nere
613 3159 850 3232 videtur,
873 3164 939 3219 ad
970 3164 1287 3234 prmdietum
1321 3167 1715 3223 monasterium
1740 3168 1925 3223 domui
1946 3168 2047 3225 Pc-

449 3256 542 3324 tri,
593 3256 680 3312 vel
718 3256 1002 3312 monachis
1048 3256 1249 3312 ibidem
1299 3257 1643 3329 degentibus,
1692 3258 1901 3334 integra
1952 3278 2049 3319 vo-

451 3348 659 3404 luntate
688 3349 818 3404 dare
856 3349 1110 3406 decerno.
1163 3349 1428 3406 Similiter
1454 3359 1509 3406 et
1545 3352 1783 3408 caballos
1804 3370 1914 3409 xxx
1944 3354 2047 3410 bo-

451 3457 578 3510 nos,
613 3456 804 3514 greges
825 3444 1056 3513 equinOs
1081 3460 1115 3497 Χ
1152 3459 1278 3499 cum
1303 3444 1609 3502 emissariis
1637 3461 1852 3516 eorum,
1880 3447 2046 3503 boum

450 3550 644 3607 greges
685 3552 778 3603 XX,
798 3552 1091 3592 vaccarum
1118 3553 1172 3604 ν,
1203 3547 1580 3594 armentorum
1612 3555 1669 3595 Χ.

525 3626 843 3699 Argentum,
892 3628 1039 3698 quod
1075 3628 1142 3683 ad
1184 3629 1364 3700 ipsum
1412 3631 1806 3687 monasterium
1860 3632 2045 3688 domui

451 3716 621 3786 Petri,
646 3719 731 3774 vel
760 3721 1048 3777 monachis
1076 3721 1277 3777 ibidem
1298 3718 1747 3783 deservientibus
1765 3726 1931 3793 dono,
1951 3741 2048 3797 per

453 3809 620 3879 hujus
664 3810 797 3865 texti
856 3810 1094 3883 vigorem
1152 3810 1504 3869 inserendum
1545 3816 1765 3886 putavi,
1813 3816 1920 3872 hoc
1964 3824 2050 3872 est

451 3900 822 3956 bacchoaicha
872 3918 1006 3973 pura
1053 3902 1288 3975 sigillata
1333 3907 1702 3962 transmarina
1757 3908 2047 3978 pensantia

453 3991 635 4061 pondo
661 3992 831 4048 libras
866 4010 921 4061 ι,
973 4010 1209 4067 quorum
1251 4012 1395 4052 unus
1422 3998 1587 4053 habet
1610 3998 1666 4053 in
1707 4000 1888 4056 medio
1917 4017 2045 4056 cru-

454 4099 575 4139 cem
603 4100 846 4140 auream.
871 4085 1027 4141 Dono
1049 4096 1103 4143 et
1125 4088 1428 4158 scutellam,
1459 4103 1580 4160 quae
1602 4091 1765 4148 habet
1790 4092 1847 4146 in
1867 4094 2047 4150 medio

454 4175 685 4249 emgiem
725 4177 921 4251 capitis
946 4178 1187 4237 hominis
1209 4180 1374 4236 simili
1398 4181 1561 4237 modo
1588 4199 1843 4252 auream;
1872 4185 2047 4242 idem-

455 4284 564 4339 que
592 4279 647 4325 et
675 4269 813 4326 duas
854 4272 1110 4329 scutellas
1150 4273 1392 4330 minores
1420 4275 1796 4333 massilienses
1819 4277 2048 4333 deaura-

2219 3074 2546 3140 Beeeelenus
2573 3083 2734 3140 abba.

2218 3174 2336 3229 Ado
2360 3174 2519 3229 abba.

2221 3265 2479 3321 Salomon
2519 3266 2681 3321 abba.
2734 3314 2739 3319 .
2761 3295 2767 3304 -

2221 3355 2548 3413 Leotsindus
2573 3356 2734 3412 abba.

2218 3450 2514 3524 Burgultus
2534 3450 2839 3525 presbyter.

2222 3545 2481 3618 lligecius
2511 3546 2780 3601 diaconus
2805 3553 2859 3601 et
2883 3546 3281 3604 vicedominus.

2221 3637 2487 3694 Martinus
2510 3638 2798 3694 diaconus.

2220 3727 2363 3786 Boso
2391 3730 2675 3787 diaconus.

2215 3822 2614 3894 Agueramnus.
2644 3818 3004 3894 Dagobertus.

2219 3913 2642 3970 Mummolenus.
2676 3911 2975 3985 Vapingus.

2221 4004 2510 4078 Sigirigus.
2544 4003 2957 4060 Framesindus.

2219 4096 2535 4153 Autbertus.
2575 4096 2835 4151 Salomon
2857 4095 2971 4151 sive
2992 4094 3157 4151 Boso.

2219 4185 2511 4259 Pappolus.
2549 4184 2870 4242 Sisobaldus
2899 4186 3013 4242 sive
3041 4184 3207 4241 Saxo.

2218 4278 2588 4350 Amuegisilus
2610 4279 2795 4335 testis.

455 4369 561 4427 tas,
586 4360 945 4432 quze'habent
974 4362 1029 4417 in
1049 4363 1230 4420 medio
1259 4379 1451 4421 cruces
1469 4365 1732 4423 niellatas.
1766 4365 1899 4434 Qua:
1931 4383 2053 4439 spe-
2084 4377 2128 4432 1)
2223 4368 2523 4430 Mauasses.
2557 4370 2942 4429 Antliacarius.

452 4448 569 4508 cies
612 4454 822 4525 argenti
856 4452 911 4509 in
942 4454 1067 4525 jure
1108 4464 1164 4510 et
1199 4455 1571 4513 dominatione
1612 4459 1899 4515 memorati
1929 4475 2047 4515 mo-

454 4543 882 4602 nasteriidomni
906 4544 1049 4600 Petri
1074 4548 1388 4616 perenniter
1411 4559 1768 4622 permaneant
1786 4551 1929 4605 volo.
1970 4550 2046 4606 De

453 4639 797 4696 vestimentis
846 4654 996 4707 vero,
1047 4655 1169 4713 quae
1216 4641 1271 4697 in
1321 4652 1639 4715 paupertate
1674 4660 1797 4700 mea
1846 4644 2047 4699 habere

456 4731 665 4799 videor,
713 4741 909 4802 praeter
953 4732 1009 4786 id
1063 4733 1213 4803 quod
1271 4732 1526 4805 superius
1567 4737 1807 4793 basilicae
1856 4737 2045 4793 domui

456 4820 655 4875 Aniani
697 4821 960 4893 delegavi,
1000 4821 1276 4894 reliquum
1316 4826 1460 4896 quod
1507 4825 1856 4898 superfuerit,
1915 4841 2044 4899 pars

455 4912 642 4966 domui
676 4910 820 4966 Petri
865 4911 1229 4969 Floriacensis
1270 4915 1500 4972 recipiat
1526 4917 1593 4970 ad
1629 4918 2040 4975 MSSit‘Cndum.

2222 4461 2439 4519 Nonn'o.
2474 4462 2766 4521 llildulfus.

2170 4620 2177 4627 ,
2227 4555 2561 4613 Grimoldus.
2592 4556 2881 4628 Segouius.

2222 4645 2381 4702 Auno
2410 4646 2809 4704 lnearuationis
2839 4646 3138 4704 Dominicae
3156 4647 3281 4715 625,
3317 4646 3445 4704 data
3471 4646 3528 4702 in
3553 4662 3748 4705 mense

2151 4737 2334 4806 Junio,
2373 4754 2519 4794 anno
2570 4756 2609 4793 ιι
2655 4740 2844 4795 domui
2872 4739 3132 4813 Clodovei
3183 4739 3523 4797 Francorum
3575 4740 3744 4810 regis,

2153 4828 2249 4884 ﬁlii
2288 4828 2575 4903 Dagoberti
2626 4828 2896 4899 Senioris,
2944 4841 3261 4889 sanctorum
3283 4830 3529 4904 Dionysii
3559 4833 3743 4888 socio-

2150 4940 2384 4976 rumnue
2403 4924 2524 4976 eius
2551 4925 2659 4976 loci
2681 4925 2900 4982 miriﬁci
2931 4912 3340 4985 constructoris.

3264 5018 3418 5042 soul---
3477 5025 3736 5042 ...ι’-6....
