4058 6438
311 415 418 474 009

1863 414 2040 471 VITA.

3490 429 3596 484 9H)

311 541 367 581 tu
393 525 667 598 aliquibus
689 541 818 585 vero
860 537 970 585 tota
1006 528 1072 584 ad
1108 527 1410 584 dominium
1457 528 1764 599 perveniret
1792 528 1904 584 fra-
1936 536 1981 590 A
2009 530 2148 586 abba
2192 530 2423 600 exstitit,
2470 532 2679 590 habens
2715 533 2820 592 sub
2854 550 2912 591 se
2955 534 3312 595 Fulchaldum
3355 540 3594 602 nobilem

307 628 476 674 trum.
501 618 608 686 Qui
629 619 876 675 videlicet
889 635 1024 676 usus
1047 621 1308 677 hactenus
1335 630 1604 676 servatur.
1630 619 1897 691 Quodque

309 711 486 781 magis
521 727 648 766 eum
671 712 892 767 divitem
914 713 1082 768 fuisse
1107 715 1363 779 declarat,
1401 729 1508 767 non
1531 721 1615 767 est
1647 713 1898 768 omitten-

264 879 274 889 .
307 802 462 868 dum,
489 805 690 861 emisse
747 807 995 861 videlicet
1045 807 1197 862 illum
1232 808 1600 862 haereditatem
1646 806 1894 874 Thomte,

305 895 591 965 cujusdam
621 897 882 954 Parisiaci
903 900 1058 966 civis,
1079 901 1248 955 obrizi
1275 901 1394 954 auri
1419 900 1565 954 mille
1591 907 1644 956 et
1663 915 1891 956 sexcen-

302 981 620 1042 tis'solidis.
650 985 906 1043 Testatur
935 989 1040 1043 hoc
1061 989 1249 1044 charta
1280 989 1567 1044 memorati
1594 990 1894 1046 venditoris

302 1077 372 1131 ad
419 1079 598 1148 ipsum
643 1080 903 1135 domuum
957 1081 1341 1137 Leodebodum
1393 1081 1556 1151 facta,
1590 1083 1647 1139 in
1689 1084 1897 1142 nostris

301 1168 541 1224 archivis
567 1172 864 1238 recondita,
902 1173 1029 1227 licet
1059 1181 1329 1228 vetustate
1350 1182 1696 1245 consumpta.
1718 1173 1896 1246 Cujus

301 1259 639 1318 hzereditatis
688 1264 742 1317 in
784 1265 1063 1320 territorio
1107 1263 1528 1322 Aurelianorum
1563 1266 1683 1323 sita:
1716 1267 1896 1322 media

299 1370 430 1425 pars
455 1357 524 1410 ah
547 1372 614 1412 eo
641 1357 772 1413 huic
790 1375 950 1414 sacro
977 1359 1174 1415 collata
1199 1369 1284 1416 est
1306 1361 1449 1429 loco,
1471 1362 1580 1417 alia
1606 1363 1897 1419 medietate

298 1449 639 1503 monasterio
679 1458 883 1504 sanctae
909 1449 1093 1506 Mariae
1128 1460 1464 1520 remanente,
1495 1453 1644 1524 quod
1668 1453 1894 1525 quidam

297 1536 560 1607 Joannes,
586 1550 650 1596 ut
677 1558 841 1612 supra
871 1543 1135 1614 scriptum
1161 1552 1266 1614 est,
1295 1561 1328 1601 a
1365 1545 1738 1603 fundamentis
1763 1561 1898 1602 con-

298 1639 598 1699 struxerat,
639 1633 911 1705 cujusque
942 1636 1087 1691 idem
1131 1635 1227 1692 Dei
1266 1635 1509 1694 famulus
1539 1637 1897 1694 Leodebobus

2005 629 2206 686 virum.
2221 627 2486 698 Quartam
2499 645 2718 701 quoque
2729 639 2941 702 partem
2952 629 3019 684 de
3032 628 3313 687 Suneanto
3323 639 3489 704 atque
3503 635 3598 690 vi!-

2009 725 2118 781 lam
2134 726 2574 785 Warentiariasa
2589 727 2856 784 Machilde
2873 726 3078 784 femina
3092 743 3186 782 ccc
3209 727 3452 798 probatis
3473 730 3595 785 auri

2003 819 2214 887 solidis,
2263 819 2487 876 Rosdon
2533 821 2603 877 ab
2639 820 2968 878 Auderanno
2990 835 3054 876 cc
3093 819 3340 890 ejusdem
3386 820 3594 878 metalli

2001 912 2135 966 emit
2155 913 2364 969 solidis".
2399 912 2521 985 Ipse
2550 929 2681 970 vero
2717 928 2895 984 usque
2930 912 2999 968 ad
3037 907 3291 968 Octavum
3317 911 3594 969 decimum

2002 1016 2210 1058 annum
2239 1003 2528 1059 memorati
2544 1004 2688 1076 regis
2714 1002 2970 1060 Clodovei
3005 1002 3328 1074 perdurans,
3354 1010 3595 1074 postmo-

1997 1095 2130 1150 dum
2178 1095 2468 1152 laudabilis
2504 1097 2629 1152 vitae
2655 1112 2879 1152 cursum
2922 1103 3114 1152 sancto
3151 1094 3259 1150 ﬁne
3298 1094 3590 1151 conclusit.

1997 1186 2364 1273 Reperiuntur
2390 1197 2573 1246 autem
2596 1190 2666 1245 ab
2690 1187 3070 1245 lncarnatione
3095 1186 3315 1274 Domini
3338 1201 3449 1274 pou
3470 1186 3594 1258 plu-

1995 1295 2086 1336 res
2109 1271 2404 1352 quam620
2428 1281 2752 1353 praeteriisse
2773 1281 2924 1348 anni,
2956 1279 3132 1336 donec
3152 1262 3420 1335 a'dom'no
3445 1275 3590 1334 Leo-

1995 1372 2207 1429 debodo
2252 1372 2459 1429 fabrica
2497 1373 2664 1444 hujus
2693 1373 2836 1429 sacri
2871 1381 3047 1443 erepta
3068 1378 3155 1428 est
3196 1369 3456 1454 ccenobii,
3486 1383 3592 1425 au-

1998 1462 2225 1519 xiliante
2281 1463 2514 1519 Domino
2549 1471 2738 1520 nostro
2773 1461 2902 1519 Iesu
2949 1462 3194 1530 Christo,
3232 1460 3330 1534 qui
3364 1459 3500 1519 vivit
3533 1463 3598 1521 α

1998 1563 2211 1626 regnat.

441 1743 679 1818 Explicit
701 1756 1071 1804 testamentum
1098 1748 1396 1806 Leodebodi
1415 1749 1642 1822 gbbatis
1665 1751 1978 1822 monasterii
2005 1752 2179 1822 sancti
2203 1750 2430 1822 Amani,
2461 1752 2599 1822 quod
2622 1751 2821 1822 factum
2837 1761 2913 1806 est
2939 1751 3033 1806 sub
3051 1749 3309 1807 (ποιέοιτο
3328 1764 3450 1821 rego

1402 1820 1741 1878 Francorum
1774 1821 2204 1948 ggz‘ﬂigizb‘erti
2232 1820 2488 1877 Senioris.

305 2026 3580 2057 W

727 2170 1086 2274 INCIPIT
1159 2171 1601 2277 EPITOMA
1674 2107 1936 2276 VITIII
2046 2172 2328 2273 REGIS
2399 2171 2893 2277 BOTBERTI
2967 2171 3124 2271 PII.

1584 2371 2292 2399 *η-

1605 2518 2286 2614 PRIEFATIO.

313 2757 318 2761 .
360 2706 620 2767 Caelestis
667 2710 882 2782 imperii
925 2710 1195 2784 dignitas,
1235 2722 1323 2768 cui
1360 2713 1587 2785 spiritus
1617 2717 1888 2787 superbiae
1920 2723 1963 2778 Β
1988 2715 2224 2788 prepriis
2256 2723 2449 2772 sancto
2472 2713 2636 2770 Petro
2679 2710 3084 2781 Aurelianensi,
3137 2713 3356 2770 domnae
3397 2711 3586 2771 Maria:

295 2803 524 2874 aequalis
563 2803 735 2858 voluit
777 2818 900 2859 esse
950 2812 1214 2874 potestas,
1251 2805 1415 2877 elegit
1435 2806 1491 2862 in
1534 2807 1640 2863 hoc
1689 2808 1891 2864 saeculo

295 2901 592 2972 principes,
623 2901 716 2970 qui
738 2909 988 2972 regerent
1027 2901 1192 2972 hujus
1219 2903 1406 2958 saeculi
1456 2912 1669 2974 sceptra
1696 2913 1892 2975 poten-

295 3001 400 3045 tes.
428 2989 495 3045 Et
527 2991 670 3046 sicut
699 2998 886 3045 sancta
922 2989 1187 3058 Ecclesia,
1215 3008 1338 3063 qua:
1361 3002 1445 3049 est
1471 2990 1643 3049 mater
1684 3003 1891 3062 nostra,

297 3084 537 3141 obtinuit
569 3081 672 3139 sibi
708 3083 776 3138 ad
818 3083 1115 3155 regendum
1146 3085 1408 3168 populum
1453 3084 1550 3141 Dei
1586 3087 1891 3157 pontiﬁces,

298 3178 525 3234 abbates
549 3184 604 3230 et
641 3185 869 3232 eteteros
894 3175 1036 3230 sacri
1061 3175 1273 3232 ordinis
1299 3177 1584 3234 ministros
1600 3221 1615 3245 ,
1653 3178 1728 3233 ita
1753 3187 1808 3234 et
1837 3179 1893 3234 in

299 3269 406 3323 hoc
448 3265 654 3321 mundo
695 3265 856 3336 elegit
894 3265 1273 3334 imperatores,
1320 3281 1477 3337 reges
1520 3275 1575 3321 et
1619 3268 1895 3338 principes

304 3379 324 3411 ‹
355 3359 423 3414 ad
443 3357 742 3413 vindictam
788 3356 1206 3413 malefactorum
1237 3376 1256 3408 ι
1303 3367 1359 3412 et
1393 3359 1460 3414 ad
1491 3359 1892 3429 reprimendam

298 3451 626 3522 proterviam
653 3451 986 3521 iniquorum,
1012 3458 1075 3506 ut
1094 3450 1409 3506 laudaretur
1432 3450 1578 3507 Deus
1602 3451 1658 3506 in
1696 3454 1894 3509 steeula

299 3544 650 3601 saeculorum.
695 3542 764 3598 Et
795 3543 925 3613 quia
977 3558 1009 3598 a
1054 3543 1302 3613 patribus
1341 3543 1662 3599 monasterii
1705 3545 1895 3602 domui

299 3638 503 3694 Aniani
527 3652 709 3693 sermo
739 3636 976 3706 sumpsit
995 3636 1303 3702 exordium,
1336 3637 1710 3692 necessarium
1733 3647 1816 3693 est
1841 3645 1897 3693 et

297 3731 434 3788 utile
461 3740 523 3787 ut
555 3747 702 3786 unus
744 3730 925 3785 adhuc
969 3729 1278 3798 praecipuus
1307 3737 1462 3799 pater
1502 3738 1754 3784 sumatur
1794 3745 1896 3800 pro

297 3823 580 3892 omnibus,
614 3831 675 3879 ut
705 3822 902 3878 habeat
934 3821 1002 3876 de
1023 3835 1090 3876 eo
1135 3821 1383 3876 levamen
1417 3821 1600 3876 omnis
1631 3822 1893 3890 mundus,

294 3915 427 3985 quia
474 3929 602 3969 eum
645 3913 848 3968 bonum
893 3910 1055 3982 elegit
1095 3909 1303 3966 Christi
1353 3909 1572 3965 Domini
1622 3910 1798 3981 pietas
1841 3919 1897 3966 et

304 4031 324 4063 ι
371 4009 656 4066 constituit
711 4022 874 4077 super
923 4003 1190 4060 familiam
1255 4019 1414 4059 suam
1454 4022 1476 4056 ο
1529 4004 1713 4060 divina
1778 4021 1898 4061 ma-

293 4103 484 4174 jestas.
515 4101 596 4156 Ad
622 4100 756 4174 quid
789 4099 894 4153 ista
920 4097 1332 4168 protulerimus,
1369 4096 1639 4153 dicamus.

1993 2817 2050 2864 et
2102 2816 2294 2865 sancto
2349 2807 2513 2863 Petro
2566 2805 2904 2862 Floriacensi
2959 2806 3224 2875 contulit;
3267 2821 3416 2863 nunc
3456 2807 3587 2864 huic

1995 2901 2202 2971 scripto
2247 2900 2448 2956 addere
2497 2897 2816 2956 curavimus
2864 2898 3040 2969 quod,
3081 2898 3144 2954 in
3189 2913 3385 2954 omnes
3410 2908 3587 2957 terras

1992 3009 2164 3050 sonus
2187 2992 2376 3048 exiens
2394 2991 2616 3064 pietatis
2646 2999 2702 3048 et
2739 2991 3004 3046 bonitatis
3043 2989 3290 3046 Botberti
3310 3033 3325 3059 ,
3375 2991 3590 3048 suavis-

1992 3086 2119 3141 simi
2138 3093 2194 3141 et
2212 3085 2447 3156 piissimi
2470 3083 2615 3156 regis
2635 3083 2998 3150 Francorum,
3025 3083 3121 3138 ﬁlii
3140 3080 3391 3156 l‘lugonis
3417 3083 3586 3155 regis,

1993 3177 2142 3232 hunc
2175 3186 2452 3244 sanctum,
2478 3176 2533 3232 in
2557 3184 2823 3248 quantum
2844 3176 3043 3246 potuit,
3067 3176 3374 3243 exornavit,
3396 3175 3592 3232 dilexit

1992 3278 2048 3325 et
2079 3269 2336 3325 excoluit.
2366 3267 2489 3336 Quo
2520 3268 2874 3335 concedente,
2920 3267 3088 3322 vitam
3122 3267 3288 3338 hujus
3311 3268 3586 3323 excellen-

1993 3360 2192 3416 tissimi
2220 3361 2365 3432 regis
2388 3358 2598 3414 adoriri
2630 3360 2884 3429 cupimus
2911 3358 3275 3430 priesentibus
3304 3367 3360 3413 et
3383 3357 3587 3413 futuris

1995 3452 2337 3508 imitabilem.
2377 3451 2514 3506 Nam
2559 3452 2646 3507 hic
2679 3452 3002 3523 languentes
3040 3451 3238 3506 animae
3257 3449 3593 3521 perspicient

1995 3544 2126 3615 quid
2147 3544 2460 3610 eharitatis,
2506 3543 2836 3599 humilitatis
2863 3551 2919 3598 et
2944 3543 3338 3598 misericordia:
3372 3544 3593 3600 valeant

1995 3649 2181 3707 opera,
2209 3637 2329 3693 sine
2351 3636 2554 3708 quibus
2582 3636 2766 3691 nullus
2790 3635 2863 3690 ad
2887 3650 3054 3707 regna
3076 3636 3284 3705 poterit
3305 3634 3592 3705 pervenire

1997 3729 2262 3785 cmicstia.
2292 3729 2350 3784 in
2374 3729 2662 3801 quibusita
2690 3727 2907 3794 enituit,
2931 3736 2996 3782 ut
3022 3737 3149 3798 post
3172 3728 3587 3785 sanctissimum

1997 3837 2179 3894 regem
2227 3823 2658 3893 prophetamque
2707 3819 2878 3876 David
2917 3820 3106 3876 nullus
3145 3820 3197 3876 ei
3238 3827 3588 3892 :equaretur,

1998 3913 2271 3985 pracipue
2314 3914 2370 3968 in
2416 3922 2606 3970 sancta
2663 3912 2994 3980 humilitate,
3048 3928 3172 3984 quae
3218 3927 3434 3984 semper
3474 3910 3588 3968 Deo

1998 4006 2248 4076 proxima
2275 4014 2552 4062 amatores
2580 3997 2713 4062 suos
2743 4019 2975 4076 corpore
3014 4003 3180 4060 simul
3210 4003 3322 4061 Deo
3357 4003 3590 4074 conjun-

1916 4081 1958 4138 (ἶ
1992 4098 2070 4170 git
2103 4105 2160 4154 et
2203 4095 2423 4169 spiritu.
2481 4097 2642 4152 Initio
2693 4105 2877 4152 autem
2923 4097 3312 4168 descriptionis
3366 4111 3587 4152 omnem

371 4193 777 4264 Omnipotentia
823 4191 989 4262 igitur
1009 4189 1407 4260 omnipotentis
1451 4189 1548 4244 Dei
1592 4189 1809 4246 volente
1832 4199 1888 4245 et
1991 4190 2178 4246 vultus
2223 4191 2371 4247 illius
2416 4191 2795 4246 habitudinem
2843 4190 3163 4260 corporisve
3218 4188 3585 4261 elegantiam,

298 4288 460 4342 beato
482 4286 693 4340 Aniano
726 4283 1044 4347 auxiliante,
1085 4281 1409 4336 memoriam
1437 4281 1624 4336 domui
1649 4290 1703 4354 et
1730 4298 1889 4337 vene-
1992 4292 2158 4354 prout
2185 4284 2288 4355 ipsi
2315 4283 2718 4355 perspeximus,
2740 4282 3118 4353 propalamus,
3160 4282 3454 4354 adjuvante
3477 4279 3587 4336 Do-

299 4380 456 4435 randi
484 4377 792 4433 Leodebodi
826 4373 1041 4430 abbatis
1063 4373 1384 4429 monasterii
1411 4374 1684 4445 saepedicti
1711 4375 1890 4430 sancti

344 4471 499 4527 niani
521 4470 749 4527 fecimus
773 4482 869 4542 per
889 4473 1296 4535 testamentum»,
1319 4467 1476 4539 quod
1494 4467 1562 4524 de
1586 4467 1702 4524 suis
1725 4468 1890 4524 rebus

1995 4376 2148 4432 mino
2173 4386 2364 4433 nostro
2392 4375 2523 4432 Jesu
2545 4375 2790 4442 Christo,
2808 4375 2925 4446 qui,
2955 4375 3047 4430 ubi
3073 4376 3208 4443 vult,
3231 4383 3285 4432 et
3307 4369 3585 4447 quomodo

1998 4477 2055 4525 et
2081 4470 2170 4527 cui
2198 4471 2336 4540 vult,
2372 4470 2565 4526 inclita
2590 4469 2836 4526 bonitate
2865 4467 3090 4541 aspirat.

1643 4616 1898 4658 ειρωειτ
1939 4618 2240 4663 Ριλεγλτιο.

1444 4754 1978 4876 INCIPIT
2039 4762 2437 4880 VITA.

369 4942 432 5004 In
463 4957 730 5018 tempore,
759 4958 870 5016 quo
907 4942 1147 5012 respexit
1167 4939 1313 4995 Deus
1353 4953 1518 5009 super
1538 4939 1680 4994 lilios
1705 4940 1888 5000 homi-
1924 4949 1966 5002 D
1993 4945 2154 5014 plana
2181 4950 2234 5000 et
2273 4941 2413 5000 bene
2437 4941 2624 5008 ducta,
2651 4938 2799 4997 oculi
2830 4937 3092 5005 humiles.
3133 4951 3300 4996 nares
3325 4948 3592 5013 porrectae

303 5056 456 5107 num,
491 5047 551 5094 ut
579 5039 825 5105 videret,
871 5037 918 5091 si
949 5043 1097 5090 esset
1135 5031 1445 5103 intelligens
1481 5041 1574 5087 aut
1604 5033 1890 5103 requirens

303 5131 500 5200 Deum,
529 5131 630 5186 fuit
658 5147 753 5186 rex
779 5129 1120 5184 Francorum
1145 5125 1465 5190 Rotbertus,
1498 5127 1707 5198 origine
1728 5135 1892 5183 natus

305 5225 665 5289 nobilissima,
693 5230 848 5292 patre
866 5219 1068 5274 illustri
1097 5217 1346 5289 Hugone,
1375 5226 1550 5270 matre
1596 5216 1892 5271 Adhclaide

303 5318 577 5383 vocitata,
623 5327 745 5384 quae
797 5313 931 5368 adeo
961 5312 1100 5366 bene
1141 5310 1361 5364 laudata
1408 5309 1544 5362 tanti
1585 5307 1682 5362 ﬁlii
1727 5308 1892 5379 digna

303 5409 511 5464 exstitit
552 5406 931 5478 prterogativa.
972 5403 1105 5474 Ejus
1144 5403 1348 5474 inclyta
1374 5402 1663 5472 progenies
1684 5445 1698 5469 ,
1731 5398 1894 5458 sicuti

304 5503 420 5572 ipse
443 5500 559 5555 suis
581 5499 788 5554 sanctis
816 5506 870 5553 et
897 5495 1223 5552 humillimis
1247 5493 1544 5549 'asserebat
1593 5494 1796 5561 verbis,
1819 5493 1895 5548 ab

304 5599 562 5655 Ausonia:
602 5597 850 5668 partibus
884 5595 1259 5650 descenderat.
1307 5590 1503 5647 Probis
1554 5593 1642 5648 hic
1681 5588 1895 5648 actibus

303 5690 614 5754 decoratus,
645 5689 924 5745 crescebat
945 5687 1189 5758 quotidie
1211 5687 1534 5740 meritorum
1567 5684 1776 5739 lumine
1799 5685 1896 5754 qui

303 5795 423 5840 erat
470 5783 763 5856 insignitus
811 5781 978 5836 totius
1025 5779 1268 5834 scientiae
1314 5777 1667 5850 perfectione.
1717 5775 1894 5847 Hujus

322 5879 470 5951 gitur
492 5885 704 5934 statura
734 5873 984 5947 corporis
1012 5872 1283 5944 eminens,
1308 5871 1562 5929 caesaries
1597 5870 1895 5928 admodum
1952 5948 1957 5954 ἡ

1996 5045 2052 5094 et
2078 5036 2298 5108 patulm,
2337 5046 2400 5090 os
2425 5047 2592 5090 suave
2615 5041 2669 5088 et
2694 5029 2853 5088 dulce
2895 5031 2962 5086 ad
2997 5029 3234 5086 dandum
3265 5036 3470 5084 sanctae
3489 5045 3590 5100 pa-

1998 5129 2080 5185 cis
2117 5127 2390 5193 osculum,
2430 5125 2603 5180 harba
2649 5124 2785 5180 satis
2821 5124 3072 5188 honesta,
3104 5120 3321 5175 humeri
3344 5119 3510 5191 hujus
3535 5118 3590 5174 in

1998 5218 2168 5277 altum
2200 5219 2457 5293 perrec'ti.
2504 5213 2721 5272 Cerona
2760 5215 2926 5286 capiti
2973 5213 3233 5284 imposita
3265 5210 3596 5268 decernebat

1999 5323 2126 5367 eum
2167 5311 2285 5366 avis
2315 5317 2370 5364 et
2392 5308 2571 5363 atavis
2615 5307 2784 5376 stirpe
2812 5304 3151 5376 processisse
3181 5302 3350 5374 regia.
3379 5300 3594 5356 Sedens

1998 5415 2143 5476 equo
2171 5397 2344 5475 regio,
2376 5401 2628 5456 mirabile
2657 5401 2830 5464 dictu,
2861 5415 2999 5470 pene
3040 5397 3346 5468 iungebant
3391 5396 3593 5466 pedum

1997 5495 2150 5572 digiti
2174 5499 2452 5561 calcaneo,
2482 5504 2538 5550 et
2565 5496 2671 5549 hoc
2699 5502 2819 5548 erat
2845 5492 3154 5548 videntibus
3180 5492 3237 5544 in
3259 5491 3460 5549 saeculo
3493 5505 3597 5564 pro

2000 5590 2287 5647 miraculo.
2321 5587 2451 5642 Erat
2490 5586 2547 5640 in
2586 5600 2654 5640 eo
2698 5584 2850 5655 jugis
2897 5592 2953 5638 ct
2996 5583 3262 5654 frequens
3298 5583 3373 5638 ad
3420 5581 3592 5636 Deum

2000 5686 2200 5752 oratio,
2239 5697 2476 5755 genuum
2506 5679 2668 5734 ﬁexio
2693 5677 3117 5732 innumerabilis
3138 5685 3257 5731 erat
3287 5690 3388 5747 pro
3423 5682 3594 5739 certe,

1999 5786 2074 5842 et,
2113 5785 2174 5830 ut
2218 5773 2398 5828 verbis
2446 5769 2652 5825 Aurelii
2694 5766 2963 5823 Victorini
2986 5768 3203 5840 loquar,
3247 5767 3314 5822 ad
3337 5767 3600 5822 humana:

2001 5862 2440 5925 conversationis
2469 5858 2806 5932 exemplum,
2849 5873 2948 5931 per
2992 5857 3198 5913 laboris
3229 5869 3426 5930 genera
3467 5853 3597 5911 uni-
