4058 6390
2227 243 2257 265 Δ

492 363 591 420 911
1619 346 1917 405 ROBERTI
1951 342 2157 402 REGIS
2195 340 2626 401 FRANCORUM
3650 348 3742 402 θη

494 489 674 541 versa,
720 472 804 527 vir
842 477 1131 543 provectus
1161 468 1228 524 ad
1265 482 1501 523 summa.
1540 464 1754 520 Sistens
1796 464 1850 519 in
1893 463 2080 518 eonsi-
2113 464 2156 519 Α
2184 459 2384 526 verbis,
2414 468 2471 515 ct
2515 459 2596 515 sic
2639 474 2736 519 eos
2765 456 2966 513 illaesos
3012 457 3080 512 ad
3116 472 3216 523 sua
3255 457 3467 529 regredi
3485 459 3663 529 jussit.
3692 460 3744 518 lu

497 565 672 623 storio
699 564 954 621 clientem
981 577 1042 618 se
1077 576 1202 616 esse
1231 558 1591 615 libentissime
1617 554 1908 610 fatebatur.
1940 553 2092 611 Nun-
2194 553 2496 611 latrociniis
2508 569 2639 610 vero
2658 568 2960 624 pauperum
2972 553 3296 609 clericorum
3313 552 3639 610 etlaicorum
3654 556 3745 613 sibi

497 671 663 727 quam
695 652 896 722 injuria
924 660 1146 721 accepta
1178 649 1245 705 ad
1272 646 1648 704 ulciscendum
1679 645 1896 701 ductus.
1922 644 2091 701 Ama-
2194 650 2359 705 illatis
2383 689 2398 717 ,
2444 648 2675 719 adplene
2721 657 2841 702 erat
2879 647 3233 704 consentiens
3255 689 3270 714 ,
3307 664 3431 719 qua:
3470 663 3571 719 pro
3617 660 3749 705 certo

493 745 592 804 bat
618 744 1046 816 simplicitatem,
1079 741 1359 799 communi
1392 757 1450 795 sc
1488 738 1654 795 ali‘atu
1679 750 1732 794 et
1759 740 2016 795 convivio
2040 747 2094 795 et
2194 750 2352 796 crant
2392 742 2447 796 in
2482 755 2620 796 auro
2664 741 2751 795 vel
2793 749 3021 813 argento
3060 747 3117 795 ct
3155 740 3570 811 pretiosissimis
3605 756 3751 797 orna-

492 832 718 892 incessu
742 834 1035 907 prazbebat.
1059 832 1397 903 Eloquentia:
1421 836 1633 885 tantum
1661 829 2007 894 incumbens,
2035 836 2095 884 ut

2224 834 2414 889 nentis.
2453 831 2773 888 Volentibus
2797 846 2860 887 ea
2893 831 3222 904 investigare
3250 832 3431 888 minas
3474 832 3634 888 dabat
3660 834 3754 888 vir-

487 925 687 980 nullus
732 925 1013 981 laberetur
1061 923 1176 979 dies
1221 921 1357 992 quin
1407 921 1608 992 legeret
1640 918 1964 976 Psalterium
1985 960 2000 986 ,
2039 927 2095 974 et
2194 934 2331 993 tute,
2363 926 2557 997 juxans
2578 924 2797 980 Domini
2824 923 3005 990 tidem,
3037 939 3105 979 ne
3126 923 3415 994 perderent
3442 940 3565 995 quae
3586 940 3755 996 προς»-

484 1023 754 1069 νρχοιδαιοθι
789 1030 913 1070 cum
941 1021 1131 1069 sancto
1156 1010 1359 1066 Davide
1385 1009 1556 1065 Deum
1598 1010 1945 1068 altissimum.
1982 1008 2093 1064 Ex-
2197 1025 2464 1075 tat-erant.
2513 1014 2754 1085 Stampis
2798 1023 2982 1070 castro
3022 1013 3210 1086 regina
3258 1013 3585 1071 Constantia
3624 1016 3756 1087 ραις..

493 1105 645 1163 vim
678 1104 851 1172 milis.
890 1111 1110 1176 gratus,
1160 1101 1337 1159 θίνίιίε
1367 1102 1535 1157 animi
1568 1111 1623 1156 (δι
1666 1101 1830 1173 ιρρίὀὶ
1854 1145 1869 1169 ν
1919 1099 2095 1173 magis
2197 1112 2334 1167 tium
2366 1118 2750 1166 construxerat
2777 1107 2991 1173 nobile,
3025 1107 3190 1161 simul
3210 1122 3337 1161 cum
3358 1108 3621 1162 oratorio.
3650 1105 3755 1174 Q.:o

502 1194 787 1250 beneﬁcus
820 1209 986 1266 quam
1020 1192 1272 1248 blandus-
2197 1202 2498 1258 delectatus
2546 1214 2642 1254 rex
2685 1199 2755 1253 ad
2794 1199 3174 1269 prandendum
3221 1213 3345 1252 cum
3390 1198 3512 1253 suis
3555 1199 3757 1266 assedit,

576 1284 703 1340 Fuit
747 1286 891 1341 idem
936 1299 1030 1339 rex
1066 1284 1503 1355 sapientissimus
1548 1285 1889 1353 litterarum;
1937 1285 2097 1355 cujus
2199 1292 2411 1364 impleri
2432 1292 2656 1348 domum
2680 1291 2885 1346 sanctis
2904 1275 3234 1361 pauperibus
3254 1289 3444 1359 jussit.
3479 1288 3619 1345 Inter
3639 1306 3760 1361 quos

506 1375 938 1447 prudentissimo
976 1376 1129 1431 cordi
1160 1386 1321 1430 erant
1360 1376 1522 1431 insita
1553 1392 1585 1430 a
1617 1376 1728 1432 Deo
1754 1377 1878 1432 data
1919 1376 2098 1448 perfe-
2200 1383 2266 1439 ad
2298 1382 2462 1452 pedes
2500 1382 2620 1452 ejus
2647 1397 2793 1438 unus
2822 1396 2883 1435 se
2916 1380 3211 1445 eollocans,
3244 1381 3314 1435 ab
3342 1396 3414 1436 eo
3452 1382 3558 1437 sub
3596 1396 3762 1438 mensa

506 1477 609 1524 oue
656 1468 897 1525 scientiae
936 1468 1101 1525 dona.
1131 1466 1267 1523 Nam
1309 1486 1340 1523 a
1391 1468 1636 1539 piissima
1681 1477 1853 1523 matre
1897 1468 2099 1533 scholae
2201 1474 2433 1529 satiatus
2478 1481 2585 1527 est.
2633 1470 2740 1538 Qui
2786 1486 2899 1526 non
2934 1470 3235 1527 obliviosus
3269 1471 3453 1527 factus
3498 1486 3762 1528 ornamen-

505 1558 767 1616 Remensi
797 1561 1068 1628 traditus,
1107 1561 1313 1616 domno
1353 1560 1609 1616 Girberto
1640 1560 1706 1615 ad
1736 1560 2098 1615 erudiendum
2201 1573 2339 1631 tum,
2374 1562 2522 1635 quod
2544 1570 2663 1618 erat
2689 1562 2745 1617 in
2787 1577 2885 1617 sex
2918 1561 3099 1618 unciis
3143 1563 3263 1618 auri
3290 1562 3610 1634 dependens
3633 1579 3661 1617 a
3682 1580 3764 1634 ge-

494 1648 594 1707 cst
619 1650 802 1720 datus,
834 1653 930 1723 qui
952 1668 1078 1708 eum
1105 1653 1435 1709 sufficienter
1459 1653 1777 1708 liberalibus
1807 1653 2101 1709 instrueret
2201 1659 2384 1725 nibus,
2409 1664 2464 1712 et
2489 1655 2635 1726 quod
2662 1670 2764 1710 nos
2792 1656 2978 1727 lingua
3008 1656 3214 1712 rustica
3256 1656 3489 1713 labellos
3511 1669 3765 1722 vocamus,

499 1742 833 1813 disciplinis,
868 1753 929 1800 ut
956 1745 1012 1800 in
1043 1745 1298 1800 omnibus
1329 1743 1441 1799 Deo
1468 1744 1829 1816 omnipotenti
1861 1744 2102 1816 compla—
2132 1809 2174 1820 _
2203 1751 2322 1820 ipso
2352 1747 2743 1819 conspiciente,
2765 1747 2985 1802 cultello
3004 1747 3209 1818 diripit,
3227 1748 3564 1818 quantocius
3584 1747 3765 1803 disces-

510 1809 667 1891 ceret
690 1809 989 1892 virtutibus
1039 1838 1220 1892 almis.
1260 1836 1602 1907 Factumque
1618 1809 1755 1891 "est.
1802 1835 1853 1892 Is
1900 1809 2103 1907 quippe
2132 1809 2176 1865 Β
2208 1809 2392 1898 surus.
2437 1809 2693 1895 Liberata
2729 1809 3006 1893 vacuatur
3033 1809 3310 1894 domus-ti
3354 1853 3655 1909 pauperum
3685 1852 3766 1895 ca-

510 1926 821 1994 Girbertus,
849 1944 950 2000 pro
995 1928 1237 1983 maximo
1266 1944 1379 1984 suae
1425 1929 1704 1998 sapientia:
1733 1928 1950 1994 merito,
1996 1943 2103 1998 qua
2206 1940 2379 1998 torva,
2434 1931 2668 2001 imperat
2696 1929 2856 2000 longe
2903 1944 2935 1983 a
2976 1943 3033 1983 se
3063 1928 3282 1999 expelli,
3334 1929 3436 1998 qui
3472 1929 3588 1997 jam
3613 1929 3768 1985 satiati

510 2018 629 2075 toto
667 2019 922 2076 radiabat
968 2020 1026 2074 in
1080 2019 1322 2087 mundo,
1375 2020 1633 2077 donativo
1676 2020 1819 2090 regis
1856 2018 2105 2091 llugonis
2174 2023 2428 2078 .fuerant
2455 2020 2705 2076 carnium
2733 2035 2834 2075 esu
2861 2019 3030 2075 simul
3055 2028 3115 2075 et
3136 2018 3354 2089 poculo.
3391 2017 3641 2090 Cumque
3666 2036 3771 2075 sur—

510 2126 742 2167 munere
786 2110 1129 2181 pontificium
1170 2112 1400 2184 adeptus
1428 2110 1716 2176 Remense,
1766 2126 1876 2166 non
1918 2111 2105 2166 multis
2207 2122 2395 2186 gerent
2429 2129 2459 2168 a
2482 2128 2692 2177 mensa,
2712 2111 2906 2183 aspicit
2936 2111 3123 2183 regina
3147 2110 3445 2191 Dominum
3470 2127 3627 2166 suum
3646 2110 3772 2166 frau-

506 2202 679 2259 annis
706 2202 839 2258 illud
882 2203 1173 2258 adornavit
1223 2202 1506 2273 splendide
1542 2202 1599 2258 in
1634 2202 1719 2259 his
1757 2219 1879 2275 quae
1925 2200 2106 2258 forent
2205 2200 2393 2263 datum
2431 2194 2623 2280 gloria.
2661 2203 2728 2260 Et
2755 2192 2974 2261 turbata
3020 2214 3211 2260 contra
3251 2214 3514 2261 sanctum
3554 2204 3646 2259 Dei
3682 2220 3772 2259 non

513 2295 830 2351 necessaria
863 2293 1124 2351 Ecclesia:
1157 2303 1381 2351 sanctae.
1428 2293 1508 2350 Eo
1545 2309 1783 2366 namque
1824 2294 2102 2361 derelicto,

513 2385 914 2442 Ravennatium
936 2386 1114 2444 factus
1124 2396 1207 2443 est
1219 2396 1398 2442 rector
1413 2386 1483 2442 ab
1501 2384 1700 2442 Ottone
1712 2385 1799 2441 lll.
1819 2386 1896 2442 De
1910 2402 2021 2458 quo
2037 2388 2110 2442 ad

488 2479 881 2549 apostolatum
909 2477 1055 2535 Petri
1079 2480 1313 2549 apostoli
1340 2478 1674 2534 sanctissimi
1701 2477 1939 2535 festinus
1969 2495 2105 2534 con-

490 2570 807 2637 scendens,
835 2570 1008 2626 multa
1029 2570 1086 2625 in
1105 2586 1173 2627 eo
1190 2571 1457 2626 virtutum
1480 2578 1739 2641 Operatus
1762 2579 1845 2625 est
1870 2570 2106 2642 insignia

496 2670 573 2717 yet
602 2661 875 2733 praecipue
918 2662 975 2717 in
1013 2664 1358 2734 eleemosyna
1405 2672 1627 2728 sancta,
1678 2678 1845 2733 quam
1894 2661 2108 2719 fortiter

491 2755 715 2821 -tenuit,
736 2756 868 2812 dum
901 2756 1131 2812 fideliter
1174 2756 1334 2810 vixit.
1362 2754 1508 2810 inter
1539 2764 1735 2811 czetera
1774 2756 1842 2813 de
1866 2772 1925 2812 se
1950 2757 2108 2813 laetus

492 2858 576 2903 -ct
599 2847 793 2903 hilaris
817 2847 893 2903 ita
929 2847 985 2902 in
1022 2846 1088 2921 Ιξ.
1123 2848 1303 2903 littera
1334 2848 1466 2902 lusit
1495 2866 1510 2901 :

562 2976 566 2981 ρ
594 2935 819 2993 Scandit
838 2938 903 2993 ab
931 2937 997 2992 R.
1032 2936 1306 2993 Cirbortus
1332 2938 1385 2991 in
1406 2937 1469 2993 R.
1499 2946 1615 3008 post
1643 2953 1781 3009 papa
1805 2940 1938 3010 viget
1961 2938 2027 2995 ﬁ.

500 3026 639 3086 'Hoc
669 3038 855 3100 aperte
899 3029 1287 3086 demonstrans
1326 3030 1473 3101 quod
1516 3030 1574 3085 hi
1618 3039 1731 3087 tres
1760 3032 2109 3101 episcopatus

2206 2299 2516 2355 constantia
2538 2298 2763 2368 protulit
2782 2298 2947 2351 verba
2975 2315 2987 2350 :
3020 2316 3039 2349 ς
3081 2294 3220 2363 Heu,
3255 2297 3448 2352 senior
3478 2296 3642 2352 bone!
3668 2297 3773 2367 quis

2207 2390 2560 2447 inimicorum
2589 2387 2683 2443 Dei
2713 2404 2809 2443 vos
2845 2402 3013 2441 aureo
3042 2386 3240 2442 vestitu
3280 2386 3598 2457 deturpavit
3622 2385 3772 2441 bone-

2208 2493 2295 2540 sto
2319 2485 2342 2537 ?
2363 2481 2467 2549 Me,
2485 2480 2689 2551 inquit,
2725 2480 2925 2550 aliquis
2955 2468 3066 2533 non
3101 2476 3440 2548 deturpavit,
3475 2477 3572 2533 sed
3603 2476 3673 2531 illi
3696 2476 3772 2546 qui

2196 2575 2434 2633 abstulit
2452 2573 2823 2629 necessarium
2846 2571 3020 2643 magis
3038 2585 3203 2641 quam
3225 2570 3414 2638 nobis,
3438 2570 3645 2626 volente
3663 2567 3773 2631 Deo.

2209 2668 2474 2740 proﬁciet.
2512 2686 2530 2717 ι
2580 2664 2794 2720 Sedatis
2820 2664 2907 2718 bis
2948 2663 3194 2729 vocibus,
3231 2661 3473 2718 collocat
3506 2678 3565 2719 se
3599 2663 3651 2717 in
3673 2677 3775 2715 ora-

2212 2758 2353 2814 torio
2380 2772 2498 2822 rex,
2520 2754 2613 2810 Dei
2636 2754 2783 2810 dono
2803 2753 3086 2810 laetifieans
3116 2767 3175 2809 se
3198 2753 3266 2809 de
3293 2768 3402 2808 suo
3428 2754 3635 2825 perdito
3658 2753 3777 2807 etde

2210 2866 2327 2909 sua:
2351 2846 2603 2919 conjugis
2630 2847 2797 2913 dicto,
2826 2844 3135 2901 astantibus
3162 2844 3239 2899 ibi
3268 2844 3484 2901 domno
3520 2842 3777 2902 Guillelmo

2211 2940 2625 3001 Divionebsium
2658 2939 2871 3003 abbate,
2906 2936 3071 2993 simul
3104 2953 3160 2992 et
3179 2934 3374 2993 Odone
3405 2938 3602 2993 comite
3621 2946 3671 2992 et
3686 2951 3776 2990 non

2211 3035 2456 3096 minimis
2486 3033 2823 3091 Francorum
2852 3031 3206 3105 primoribus.
3235 3029 3505 3097 Quadam
3542 3031 3703 3087 adhuc
3724 3028 3781 3082 de

521 3120 786 3188 honores,
813 3135 955 3193 quos
992 3120 1337 3192 professione
1362 3122 1634 3194 regularis
1658 3123 1784 3177 vitae
1805 3123 1976 3192 patris
2002 3123 2109 3179 Be-
2140 3151 2182 3208 ρ
2215 3132 2336 3203 ejus
2377 3142 2489 3185 non
2531 3128 2758 3183 minima
2809 3128 3009 3198 pietate
3052 3124 3322 3185 narranda
3383 3132 3533 3186 sunt.
3581 3121 3778 3183 Prasuli

521 3212 726 3269 nedicti
760 3214 1067 3270 monachus
1110 3212 1285 3270 factus
1331 3214 1592 3285 suscepit,
1632 3215 1773 3270 rexit
1811 3222 1867 3269 et
1912 3216 2113 3285 tenuit,
2219 3223 2436 3279 cuidam
2476 3218 2841 3293 [Leotborico
2896 3217 3201 3276 Sen‘onensi
3249 3217 3687 3292 archiepiscopo]
3724 3217 3779 3273 de

522 3303 692 3374 hujus
718 3303 786 3359 Β.
820 3305 1017 3362 litterae
1046 3305 1204 3377 signo
1247 3306 1304 3360 in
1353 3306 1530 3376 capite
1557 3314 1686 3361 sunt
1726 3306 2007 3362 declarati.
2059 3307 2117 3363 In
2220 3314 2454 3370 Domino
2479 3327 2585 3367 non
2607 3312 2746 3367 bene
2778 3311 3035 3367 sentienti
3072 3321 3126 3367 et
3152 3314 3426 3383 quaerenti
3463 3326 3563 3385 pro
3583 3312 3779 3383 quibus-

520 3395 876 3452 addiscendis
921 3411 1054 3452 vero
1101 3396 1315 3452 artibus
1367 3396 1458 3452 lic
1506 3397 1591 3451 vir
1629 3396 1725 3451 Dei
1774 3398 2120 3455 humillimus
2219 3407 2345 3462 dam
2382 3404 2566 3461 causis
2594 3403 2970 3474 probationem
3012 3402 3069 3458 in
3114 3418 3344 3475 corpore
3388 3403 3604 3461 Domini
3633 3398 3779 3458 nostri

526 3487 794 3545 domuum
827 3487 1086 3560 lngonem
1126 3489 1392 3560 collegam
1428 3488 1641 3555 habuit,
1688 3504 1853 3559 quem
1901 3490 2119 3546 abbatis
2220 3497 2349 3554 Jesu
2389 3494 2596 3552 Christi
2644 3496 2864 3565 indigne
2905 3496 3031 3550 tulit
3071 3511 3167 3551 rex
3205 3503 3427 3553 amator
3464 3494 3709 3553 bonitatis
3733 3502 3778 3547 et

529 3577 589 3636 S.
623 3579 842 3635 Martini
867 3580 1256 3637 Masciaeensis
1292 3588 1725 3644 remuneratum,
1749 3591 1873 3651 post
1902 3583 2120 3638 abbatia
2221 3589 2443 3660 scripsit
2481 3588 2532 3642 ei
2586 3586 2641 3641 in
2689 3587 2776 3642 bis
2825 3586 3053 3643 verbis:
3093 3605 3113 3639 ι
3153 3586 3293 3642 Cum
3345 3588 3426 3644 sit
3467 3587 3565 3643 tibi
3610 3596 3780 3641 nomen

520 3671 590 3726 ὃ.
625 3671 883 3728 Germani
903 3671 1301 3728 Parisiacensis
1336 3671 1597 3743 inclytum
1634 3672 1837 3728 saeculo
1865 3674 2119 3741 reddidit,

2224 3680 2463 3737 scientia:
2489 3686 2547 3734 et
2581 3693 2691 3731 non
2720 3678 2900 3733 luceat
2921 3677 2975 3732 in
2996 3685 3049 3731 te
3082 3677 3268 3732 lumen
3305 3676 3611 3747 sapientiae,
3634 3673 3784 3729 miror

528 3772 593 3820 ut
614 3764 840 3821 decebat
862 3772 1073 3820 tantum
1096 3763 1296 3821 virum.
1329 3763 1606 3832 Quantum
1628 3773 1811 3820 autem
1846 3765 1900 3820 in
1926 3780 1994 3822 eo
2018 3766 2120 3821 ba-
2222 3787 2331 3843 qua
2366 3772 2577 3826 ratione
2600 3768 2885 3839 quaesieris
2922 3784 3023 3839 pro
3044 3769 3154 3825 tuis
3176 3767 3545 3838 iniquissimis
3570 3764 3783 3835 imperiis

528 3873 656 3914 rum
697 3859 965 3915 virtutum
1014 3859 1352 3915 incrementa
1397 3858 1672 3930 viguerint
1720 3876 1822 3916 nos
1870 3859 2123 3916 brevitati
2223 3873 2279 3919 et
2306 3875 2408 3933 pro
2453 3859 2708 3917 infestato
2751 3859 2878 3915 odio
2917 3860 3063 3929 quod
3107 3873 3237 3931 erga
3277 3857 3379 3914 Dei
3415 3873 3599 3915 servos
3641 3853 3784 3909 babes

528 3951 814 4009 studentes
844 3952 1036 4024 paucis
1059 3952 1325 4010 adnotare
1345 3955 1681 4009 curavimus.
2224 3954 2683 4015 examinationcm
2727 3953 2786 4009 in
2829 3967 3057 4024 corpore
3078 3962 3133 4008 et
3168 3951 3441 4023 sanguine
3484 3947 3716 4013 Domini;
3745 3950 3788 3995 et

584 4042 859 4109 Quodam
891 4051 1137 4114 tempore
1167 4044 1373 4114 palatio
1400 4041 1743 4113 Compendii,
1791 4043 1879 4099 hic
1905 4042 1990 4097 vir
2016 4042 2124 4099 mi-
2226 4063 2351 4103 cum
2391 4047 2495 4102 hoc
2529 4044 2599 4101 sit
2623 4046 2769 4117 quod
2791 4059 2821 4099 a
2853 4045 3016 4100 dante
3037 4043 3316 4099 sacerdote
3342 4042 3549 4097 dicitur
3573 4059 3585 4093 :
3606 4038 3781 4105 Corpus

528 4134 866 4201 sericordiaa,
894 4134 980 4188 vir
1010 4134 1250 4206 pietatis,
1278 4134 1509 4204 positus,
1540 4148 1710 4188 unum
1746 4133 2022 4203 quoddam
2054 4133 2125 4188 ibi

2226 4138 2443 4193 Domini
2487 4138 2656 4191 nostri
2690 4133 2819 4191 Iesu
2865 4134 3067 4191 Christi
3101 4137 3173 4189 sit
3220 4136 3317 4189 tibi
3352 4134 3505 4188 salus
3534 4133 3710 4185 anima:
3740 4133 3783 4179 et

534 4226 593 4280 in
626 4241 738 4280 uno
769 4234 1031 4296 operatus
1078 4234 1193 4292 est,
1236 4226 1386 4295 quod
1414 4226 1564 4280 omni
1614 4226 1817 4282 saeculo
1866 4226 2041 4296 patuit
2075 4236 2130 4281 et
2229 4229 2486 4299 corporis,
2531 4242 2632 4284 cur
2657 4236 2715 4284 tu
2760 4225 3050 4282 temerario
3079 4240 3176 4281 ore
3203 4233 3258 4281 et
3284 4225 3499 4296 polluto
3526 4223 3668 4279 dicas
3694 4239 3707 4274 :
3733 4217 3782 4271 Si

535 4317 752 4373 cunctis
796 4333 898 4389 pro
939 4316 1058 4388 ipsa
1106 4319 1307 4388 pietate
1353 4327 1409 4373 et
1449 4317 1829 4374 misericordia
1864 4317 2130 4374 imitabile
2230 4322 2421 4393 dignus
2467 4337 2521 4375 es
2570 4320 2769 4389 accipe,
2807 4335 2934 4375 eum
2975 4319 3048 4374 sit
3084 4319 3268 4375 nullus
3301 4318 3400 4389 qui
3429 4318 3681 4373 habeatur
3717 4311 3783 4366 di-

534 4408 775 4479 reliquit.
821 4407 1084 4466 Sanctum
1115 4408 1327 4465 Pascha
1373 4411 1466 4466 illo
1509 4410 1563 4465 in
1608 4412 1732 4466 loco
1759 4425 1855 4465 rex
1879 4410 2131 4466 amabilis
2232 4413 2407 4485 guns?
2446 4410 2560 4467 Cur
2593 4412 2864 4467 divinitati
2895 4411 3151 4467 attribuis
3174 4426 3454 4467 mrumnas
3496 4406 3719 4479 corporis
3740 4413 3782 4457 et

541 4500 921 4556 celebraturus
948 4500 1005 4555 in
1031 4500 1121 4556 die
1144 4515 1316 4555 omnm
1350 4499 1587 4567 Domini,
1631 4518 1663 4556 a
1693 4502 1981 4557 duodecim
2027 4501 2131 4554 ini-
2165 4509 2208 4563 Ι)
2235 4504 2514 4558 infirmum
2542 4504 2748 4558 doloris
2777 4503 3001 4558 humani
3032 4503 3230 4557 divina:
3254 4498 3538 4557 connectis
3569 4494 3783 4553 naturae?

538 4606 663 4659 quae
690 4589 1114 4662 conspirationis
1146 4590 1378 4646 ducibus
1403 4605 1554 4647 mors
1590 4592 1640 4647 ei
1659 4591 1973 4662 iuramento
1996 4606 2128 4669 pro-
2235 4592 2437 4649 Jurans
2469 4592 2688 4648 Domini
2722 4593 2903 4659 fidem,
2941 4593 3196 4663 princeps
3218 4591 3335 4657 Dei,
3373 4589 3678 4661 prii-aberis,
3709 4584 3779 4637 in.

526 4686 797 4753 mittitur,
819 4686 931 4741 vita
953 4685 1312 4751 abstrahitnr,
1334 4686 1514 4741 honor
1539 4685 1720 4755 regius
1740 4686 1970 4740 tollitur.
1996 4684 2129 4754 Capi
2234 4688 2374 4759 quit,
2421 4688 2635 4742 honore
2667 4686 2972 4758 pontiﬁcis,
3003 4686 3109 4741 nisi
3158 4686 3229 4740 ab
3273 4685 3360 4739 his
3396 4680 3704 4753 resipueris,
3741 4681 3784 4728 ot

526 4790 637 4831 eos
671 4784 726 4831 et
753 4774 950 4831 adduci
976 4782 1102 4830 ante
1128 4789 1187 4831 se
1207 4773 1366 4845 jubet
1393 4789 1491 4829 rex
1519 4774 1864 4833 mitissimus.
1893 4772 2133 4835 Percon-
2238 4779 2586 4836 damnaberis
2612 4794 2739 4835 cum
2777 4779 2865 4836 his
2901 4778 2995 4849 qui
3024 4778 3283 4834 dixerunt
3308 4775 3544 4831 Domino
3568 4792 3581 4828 :
3620 4766 3783 4826 Recede

542 4876 694 4922 tatus
721 4882 817 4923 eos
850 4866 1077 4922 mandat
1102 4866 1308 4923 servari
1346 4866 1512 4922 domo
1540 4866 1721 4921 Caroli
1764 4866 1942 4932 Calvi,
1972 4882 2132 4938 rega-
2240 4891 2274 4928 a
2308 4874 2457 4928 nobis
2481 4915 2497 4940 ,
2540 4880 2595 4927 et
2624 4887 2734 4929 non
2762 4870 3196 4927 communicabis
3235 4870 3322 4925 his
3346 4869 3547 4940 quibus
3578 4868 3780 4921 dicitur:

2238 4964 2700 5035 Appropinquante
2744 4961 2856 5016 Deo
2876 5002 2891 5027 ,
2935 4970 2987 5015 et
3018 4959 3461 5031 appropinquabit
3484 4956 3638 5011 nobis.
3670 4946 3783 5002 «llis

2238 5053 2422 5110 verbis
2447 5053 2646 5124 praesul
2677 5067 2787 5107 non
2827 5052 2965 5107 bene
3004 5051 3220 5117 doctus,
3250 5066 3283 5104 a
3316 5064 3443 5121 rege
3475 5048 3564 5119 pio
3584 5051 3636 5100 et
3664 5040 3783 5095 bo..o

2240 5146 2518 5216 sapienter
2565 5144 2887 5209 instructus,
2935 5142 3161 5213 quievit,
3197 5138 3471 5196 obmutuit
3512 5145 3565 5193 et
3604 5129 3731 5190 siluit
3755 5140 3782 5180 ι

2242 5239 2494 5309 dogmate
2522 5251 2799 5306 perverso,
2823 5233 2969 5305 quod
2992 5241 3112 5289 erat
3140 5232 3476 5289 contrarium
3501 5226 3641 5284 omni
3663 5223 3780 5278 bono

2244 5338 2298 5385 et
2326 5329 2441 5399 jam
2469 5327 2749 5382 crescebat
2773 5326 2831 5381 in
2865 5325 3087 5381 saeculo.

2317 5422 2378 5477 In
2401 5422 2525 5478 sinu
2551 5418 2746 5475 matris
2770 5417 3030 5474 Ecclesiae
3056 5417 3356 5473 collocatus
3374 5416 3478 5471 iste
3494 5411 3583 5467 Dei
3605 5416 3777 5464 servus

2246 5514 2427 5570 factus
2458 5519 2543 5568 est
2563 5509 2833 5565 Dominici
2866 5508 3115 5578 corporis
3143 5516 3197 5563 et
3226 5504 3508 5578 sanguinis
3532 5506 3777 5555 vasorum-

2246 5619 2353 5677 que
2375 5604 2497 5675 ejus
2523 5611 2711 5659 custos
2752 5599 3108 5656 fortissimus.
3146 5599 3229 5654 Ad
3273 5611 3506 5668 unguem
3540 5593 3606 5645 ita
3629 5596 3779 5659 petor-

2245 5697 2442 5752 dinans
2476 5703 2695 5758 cuncta,
2733 5691 2890 5762 quasi
2918 5690 3197 5745 videretur
3236 5687 3379 5743 Deus
3398 5681 3593 5753 suscipi
3623 5692 3712 5733 non
3733 5679 3778 5725 ιιι

2246 5789 2300 5844 ir
2330 5786 2573 5853 alterius,
2602 5784 2693 5840 sed
2732 5783 2786 5838 in
2830 5781 3050 5854 propria
3084 5788 3287 5837 sancta:
3310 5772 3594 5848 majestatis
3619 5763 3772 5842 ειυιὶι·

542 4959 689 5016 libus
709 4959 940 5030 dapibus
964 4959 1249 5029 opulenter
1269 4957 1420 5013 relici
1432 4967 1488 5014 et
1512 4957 1564 5012 in
1585 4957 1673 5013 die
1696 4966 1898 5013 sancta:
1921 4955 2132 5012 Resur-

534 5052 807 5108 rectionis
849 5051 1195 5123 perceptione
1238 5049 1488 5120 corporis
1515 5058 1570 5105 et
1595 5049 1878 5121 sanguinis
1919 5048 2134 5103 Domini

538 5146 722 5202 “nostri
766 5143 898 5200 Iesu
938 5143 1147 5200 Christi
1186 5142 1476 5215 insigniter
1500 5141 1840 5213 praemuniri.
1882 5139 2135 5196 Secunda

548 5246 731 5291 autem
761 5234 989 5292 Sabbati
1025 5233 1384 5308 proferuntur
1424 5233 1481 5289 in
1506 5233 1770 5299 medium,
1796 5232 2137 5303 iudicantur,

549 5328 900 5395 damnantur,
930 5335 985 5382 et
1015 5342 1179 5399 super
1217 5341 1313 5383 eos
1342 5333 1423 5381 tot
1450 5324 1735 5382 sententiae
1771 5330 1907 5393 quot
1956 5321 2138 5377 homi-

552 5440 670 5480 nes.
722 5421 944 5478 Audivit
990 5423 1095 5480 ista
1130 5422 1385 5495 princeps
1430 5419 1563 5487 Dei,
1599 5419 1725 5490 pius
1779 5426 1835 5473 et
1880 5417 2141 5490 prudens,

553 5517 737 5577 sciens
784 5526 840 5573 et
877 5518 1224 5591 intelligens,
1280 5526 1336 5572 et
1381 5517 1534 5586 ipsos
1576 5522 1798 5585 propter
1844 5511 2140 5583 benignum

554 5609 740 5665 desum
791 5610 1066 5675 absolvit,
1116 5609 1305 5664 dicens
1342 5623 1451 5662 non
1496 5605 1695 5661 debere
1748 5603 1997 5659 damnari
2047 5602 2142 5672 qui

555 5704 775 5761 fuerant
792 5702 1107 5773 prannuniti
1130 5702 1253 5757 cibo
1277 5710 1519 5773 potuque
1541 5699 1768 5756 cwlesti.
1805 5696 1907 5752 Sed
1933 5712 2000 5751 ne
2024 5712 2142 5750 am-

558 5799 703 5875 plius
732 5798 863 5856 talia
911 5797 968 5852 in
999 5795 1182 5869 aliquo
1210 5804 1478 5871 gererent,
1520 5795 1637 5851 suis
1673 5792 1877 5850 sanctis
1912 5791 2144 5862 imperat
