4058 6414
310 350 414 408 913

1846 368 2026 427 “TA.

3464 378 3568 435 9H

306 464 435 523 llzc
461 465 583 537 ejus
613 468 850 538 devotio,
878 472 993 529 haec
1021 475 1325 536 eratfortrs
1346 481 1606 549 provisio,
1640 491 1702 539 ut
1722 483 1887 539 corde
1913 491 1959 546 Α
1987 483 2242 541 mandata
2269 504 2283 539 :
2331 504 2348 538 ι
2392 484 2607 550 Recede
2645 486 2879 555 abhinc,
2928 487 3152 555 recede;
3204 488 3436 546 sufﬁciat
3468 493 3567 547 tibi

305 559 511 619 mundo
565 573 621 620 et
661 566 863 623 vestitu
905 569 1137 627 candido
1181 570 1327 628 Deus
1368 573 1742 631 immolaretur
1784 589 1886 645 pro

303 654 475 711 totius
499 657 691 714 mundi
718 659 956 728 piaculo.
984 659 1099 718 Hoc
1129 664 1408 725 servitutis
1441 665 1705 736 obsequio
1735 666 1889 722 dele-

300 746 555 802 etabatur
580 749 739 805 terris
764 751 975 821 positus
990 752 1106 823 jam
1128 754 1183 807 in
1208 755 1382 811 ccelis.
1402 754 1811 812 Jucundabatur
1830 757 1885 813 in

301 845 623 895 sanctorum
652 839 974 911 pignoribus
999 858 1031 900 a
1057 859 1117 900 se
1138 860 1277 902 auro
1304 855 1360 902 et
1384 855 1609 919 argento
1635 848 1772 905 bene
1791 863 1888 905 or-

303 926 450 988 natis
479 930 723 988 vestibus
744 932 902 1000 albis,
927 935 1356 995 sacerdotalibus
1379 938 1730 1004 indumentis,
1762 953 1895 994 cru--

300 1020 465 1076 cibus
490 1023 768 1094 pretiosis,
786 1025 1051 1091 calicibus
1080 1044 1221 1085 auro
1249 1030 1394 1086 bona
1429 1029 1730 1098 fabricatis,
1763 1034 1891 1089 thu-

301 1113 499 1173 rihulis
539 1116 772 1177 electum
811 1121 1111 1193 thymiama
1156 1121 1591 1193 proferentibus,
1632 1122 1778 1178 vasis
1798 1136 1889 1178 ar-

299 1206 514 1277 genteis
536 1208 611 1276 ad
651 1212 1101 1269 emundatiauem
1128 1230 1394 1270 manuum
1423 1213 1722 1271 sacerdotis
1745 1255 1759 1278 ,
1792 1212 1888 1283 qui

301 1296 486 1351 stabat
526 1298 615 1353 illa
646 1300 785 1357 hora
812 1300 1049 1359 fundens
1073 1319 1262 1373 preces
1288 1304 1357 1359 ad
1386 1303 1558 1361 Deum
1594 1318 1695 1375 pro
1722 1304 1891 1358 totius

300 1388 493 1458 populi
537 1389 768 1449 delictis.
810 1391 877 1449 Et
909 1394 1080 1464 quid?
1111 1393 1217 1451 Vas
1251 1395 1526 1451 vinarium
1564 1411 1631 1450 ex
1664 1403 1892 1467 argento

301 1476 533 1546 Laetum,
572 1482 723 1551 quod
751 1483 1016 1539 canthara
1051 1484 1274 1551 dicitur,
1302 1501 1336 1541 a
1371 1501 1476 1543 suo
1505 1486 1743 1558 quodam
1780 1486 1891 1541 cle-

299 1568 421 1639 rico
451 1568 631 1625 fuerat
657 1571 929 1641 furatum;
972 1576 1121 1647 quod
1152 1592 1279 1635 eum
1301 1577 1634 1634 omnimodis
1676 1577 1889 1633 tristem

300 1661 554 1718 reddidit.
593 1663 712 1735 Non
756 1666 836 1735 sic
862 1677 1045 1724 autem
1071 1679 1145 1741 ut,
1170 1671 1483 1737 turbaretur
1517 1670 1750 1726 clericus
1793 1672 1889 1743 qui

1984 576 2130 647 quod
2153 576 2448 645 abstulisti,
2468 578 2605 649 quia
2624 587 2683 634 et
2706 579 2861 634 alteri
2884 580 3263 637 necessarium
3288 583 3394 637 erit
3422 584 3569 654 quod

1986 670 2258 740 reliquum
2291 680 2393 727 est.
2445 690 2465 722 ι
2510 668 2791 727 Confusus
2810 672 2954 729 latro
2988 671 3256 730 abscessit
3281 673 3350 729 ad
3397 673 3563 746 impe-

1988 762 2131 819 rium
2154 763 2333 819 sancti
2356 761 2483 829 viri,
2514 763 2612 833 qui
2653 764 3090 834 periclitantibus
3109 772 3167 819 et
3208 766 3583 836 pauperrimis
3652 780 3657 787 '

1988 853 2093 909 hoc
2122 854 2505 913 consentiebat
2530 869 2598 910 ex
2625 870 2779 910 more
2804 871 2904 927 pro
2932 854 3029 911 Dei
3064 849 3274 922 amore,
3311 864 3373 910 ut
3413 855 3591 913 h‘abe-'

1988 951 2071 998 ret
2090 957 2185 998 eos
2214 944 2359 1014 apud
2392 943 2583 1000 Deum.
2612 945 3007 1002 intercessores
3050 960 3194 1017 quos
3224 944 3430 1002 sciebat
3459 944 3582 1018 jam

1985 1049 2109 1090 esse
2129 1034 2307 1092 factos
2326 1034 2421 1091 Dei
2447 1036 2614 1093 cives.

2059 1125 2226 1182 Sedes
2254 1128 2474 1208 regalis,
2525 1127 2811 1185 Pisciacus
2836 1129 3004 1197 dicta,
3045 1145 3212 1202 supra
3262 1129 3587 1203 Sequanam.

1988 1214 2186 1284 posita,
2221 1213 2560 1273 Francorum
2597 1218 2820 1290 regibus
2864 1218 3001 1274 satis
3035 1228 3120 1275 est
3157 1228 3482 1292 opportuna.
3517 1219 3576 1275 In

1987 1322 2053 1363 ea
2090 1309 2421 1367 monasteria
2446 1310 2549 1367 tria
2580 1310 2650 1365 ab
2666 1311 2923 1381 antiquis
2937 1311 3072 1367 viris
3093 1312 3385 1369 didicimus
3408 1312 3584 1379 facta,

1989 1413 2163 1459 unum
2222 1399 2279 1454 in
2327 1400 2594 1456 honorem
2650 1407 2855 1459 sanctae
2902 1400 3125 1471 Mariae,
3185 1403 3333 1458 aliud
3397 1406 3590 1459 sancti)

1987 1486 2238 1556 Joannis,
2258 1491 2480 1547 tertium
2504 1492 2679 1549 sancti
2700 1493 2920 1550 Martini
2944 1494 3297 1553 confessoris.
3315 1494 3357 1549 Ε
3375 1499 3593 1566 (ιυὶδυςτ

1990 1594 2163 1634 unum
2193 1579 2251 1635 in
2294 1580 2501 1637 honore
2527 1592 2728 1638 sanctae
2772 1582 2958 1638 Mariae
3001 1584 3193 1641 matris
3233 1582 3451 1640 Domini
3479 1599 3584 1640 rex

1991 1668 2168 1724 bonus
2201 1684 2494 1728 assumens
2522 1680 2579 1726 et
2600 1686 2632 1726 a
2656 1685 2797 1727 novo
2830 1671 3133 1740 aedilicans,
3164 1673 3299 1729 illud
3327 1674 3384 1728 in
3413 1688 3581 1729 orna-

299 1763 493 1823 postea
523 1754 627 1810 fuit
669 1758 744 1812 illi
775 1760 1071 1829 pretiosus.
1108 1761 1578 1829 Examinationem
1606 1761 1741 1819 furti
1784 1764 1889 1819 mi-
1926 1842 1953 1845 μ
1992 1761 2190 1818 mentis
2224 1770 2278 1817 et
2306 1761 2545 1845 clericis,
2580 1778 2717 1820 auro
2738 1772 2793 1819 et
2830 1772 3058 1835 argento
3092 1764 3227 1820 satis
3262 1765 3605 1822 honorabilia.

301 1845 489 1941 uitans
511 1863 606 1902 rex
631 1848 768 1916 ﬁeri,
789 1852 979 1911 volens
1000 1854 1192 1912 nolens
1214 1854 1468 1922 clericus,
1497 1856 1626 1913 mali
1649 1864 1894 1928 patrator
1924 1842 1968 1897 Β
1994 1853 2245 1910 reddidit.
2279 1853 2401 1922 Quo
2436 1842 2697 1913 laudandi
2729 1855 2904 1915 Deum
2956 1871 3241 1929 nunquam
3282 1859 3445 1941 finem
3476 1859 3581 1915 ha-

301 1938 509 2006 operis,
540 1941 809 2010 quasivit,
843 1943 1070 2001 redemit
1109 1954 1165 2000 et
1191 1960 1293 2001 suo
1317 1947 1449 2010 illud
1476 1948 1597 2003 loco
1629 1948 1887 2007 restituit.

304 2027 365 2083 lu
412 2031 518 2086 hoc
564 2047 657 2088 rex
705 2032 800 2089 Dei
845 2036 1058 2091 amicus
1100 2037 1348 2093 alludens
1387 2037 1588 2095 clerico
1630 2038 1889 2110 dicebat:

310 2139 349 2191 «ί
367 2118 559 2179 Melius
582 2138 706 2178 esse
734 2124 791 2180 in
821 2125 986 2181 domo
1025 2128 1245 2198 propria
1280 2138 1571 2200 apportare
1604 2146 1769 2201 quam
1797 2145 1893 2185 ex-

304 2222 549 2284 portare,
580 2231 648 2270 ne
666 2215 974 2272 efﬁceretur
999 2218 1200 2275 similis
1221 2219 1396 2288 Judm,
1424 2223 1519 2293 qui
1547 2220 1636 2279 fur
1668 2230 1815 2287 erat,
1839 2228 1895 2277 et

305 2305 518 2360 loculos
538 2307 751 2363 habens
771 2323 837 2365 ea
856 2325 980 2380 quae
995 2310 1348 2387 mittebantur
1365 2311 1891 2383 exportabatlloan.

309 2413 407 2465 xu,
443 2398 518 2468 6).
572 2420 592 2451 ι
646 2397 849 2456 llabuit
891 2402 1037 2459 enim
1088 2412 1278 2475 postea
1314 2405 1463 2461 hunc
1504 2420 1622 2461 suae
1671 2406 1895 2461 utilitati

307 2490 641 2562 proximum,
677 2502 731 2549 et
759 2495 848 2549 sui
872 2495 1002 2552 boni
1028 2497 1244 2557 consilii
1269 2498 1515 2569 dignum.
1563 2497 1781 2555 Sciebat
1808 2499 1895 2555 hic

305 2581 597 2652 piissimus
625 2583 721 2640 Dei
749 2585 952 2642 virtute
992 2603 1099 2644 sua
1128 2597 1187 2647 et
1207 2589 1385 2644 aliena
1430 2604 1625 2645 curare
1644 2589 1893 2655 vulnera,

306 2676 612 2731 secundum
640 2679 812 2748 patris
849 2678 1124 2735 Benedicti
1167 2681 1455 2749 mandata,
1494 2696 1606 2739 non
1646 2681 1896 2755 detegere

305 2775 363 2819 et
396 2766 695 2836 publicare.
732 2768 909 2840 Hujus
937 2771 1103 2843 igitur
1127 2780 1347 2842 peccata
1373 2786 1474 2844 pro
1494 2772 1592 2828 tali
1613 2772 1760 2829 facto
1793 2790 1896 2831 sua

309 2857 457 2917 Deus
485 2860 666 2917 deleat
689 2878 1011 2932 quaesumus
1045 2863 1353 2930 clementia,
1380 2872 1459 2931 ut,
1488 2866 1697 2921 sanctis
1716 2865 1897 2921 omni-

311 2949 417 3007 bus
450 2950 935 3019 interccdezuilus,
972 2955 1251 3024 possideat
1271 2956 1552 3026 justorum
1583 2957 1781 3029 gaudia
1804 2972 1895 3012 re-

310 3044 602 3118 promissa.

383 3136 702 3211 Pergratum
732 3141 869 3196 mihi
891 3150 976 3197 est
1000 3150 1056 3201 et
1087 3142 1195 3197 hoc
1222 3142 1452 3199 auribus
1482 3140 1739 3201 intimare
1766 3142 1897 3197 lide—
1943 3218 1949 3224 ί

1994 1945 2130 2000 buit.
2156 1944 2327 2002 Porro
2353 1947 2702 2006 orationibus
2751 1948 2827 2004 ibi
2866 1949 3152 2005 adhaerens
3180 1948 3324 2017 Deo,
3361 1966 3485 2006 eum
3512 1951 3593 2005 ad

1994 2034 2174 2109 lucum
2210 2040 2615 2110 repausatiouis
2643 2041 2730 2096 sui
2758 2041 3055 2097 humillimi
3100 2043 3348 2113 corporis
3397 2058 3595 2098 rever-

1994 2138 2220 2198 teretur,
2246 2139 2371 2201 post
2397 2140 2650 2188 assuetos
2682 2132 2737 2187 in
2783 2133 3034 2189 oratione
3060 2133 3429 2207 lacrymarum
3479 2133 3585 2193 im:-

1994 2222 2121 2281 brcs
2167 2223 2353 2292 fusos,
2404 2224 2614 2283 invenit
2659 2225 2733 2280 ibi
2770 2241 2929 2282 suam
2974 2225 3222 2282 lanceam
3265 2241 3297 2280 a
3347 2222 3586 2297 conjuge

1995 2314 2232 2386 gloriosa
2283 2315 2422 2372 bene
2468 2326 2696 2388 argento
2718 2327 2990 2387 paratam.
3037 2315 3193 2374 Hanc
3221 2317 3585 2379 considerans

1993 2408 2190 2478 aspicit
2210 2424 2241 2463 a
2264 2407 2399 2464 foris
2423 2408 2471 2463 si
2502 2409 2817 2487 quempiam
2860 2408 3124 2481 reperiret
3152 2418 3441 2481 argentum
3478 2409 3586 2466 hoc

1996 2500 2084 2555 cui
2112 2499 2487 2559 necessarium
2508 2499 2669 2558 foret.
2700 2500 3094 2573 lnveniensque
3118 2503 3411 2573 quemdam
3447 2516 3591 2574 pau-

1996 2591 2319 2662 perrimum,
2345 2592 2646 2665 interrogat
2671 2603 2831 2648 caute
2854 2594 2901 2649 si
2926 2592 3152 2650 haberet
3172 2594 3380 2666 aliquid
3406 2592 3587 2667 ferra-
3626 2576 3638 2586 ’

1996 2684 2167 2740 menti
2193 2700 2307 2755 quo
2351 2694 2536 2755 posset
2560 2684 2763 2741 auferri
2787 2695 3097 2760 argentum.
3135 2685 3370 2757 Pauperi
3410 2682 3587 2748 inscio

1998 2777 2066 2834 ad
2089 2778 2222 2847 quid
2251 2778 2325 2835 ita
2350 2779 2655 2849 requireret
2691 2778 2768 2833 ait
2790 2777 2884 2834 Dei
2922 2777 3162 2835 {annulus
3207 2787 3269 2833 ut
3305 2780 3588 2851 perquirat

1997 2869 2345 2939 quantocius.
2380 2869 2526 2926 Inter
2574 2871 2691 2927 haec
2717 2870 2955 2926 oratidni
2989 2871 3239 2944 vacabat.
3273 2869 3588 2935 Adveniens

1998 2962 2045 3017 is
2071 2961 2164 3032 qui
2193 2962 2400 3018 missus
2429 2962 2610 3018 fuerat
2647 2961 3042 3017 ferramentum
3098 2961 3257 3018 oﬂ‘ert
3295 2961 3391 3017 tali
3436 2961 3588 3032 operi

1998 3055 2135 3111 satis
2157 3068 2482 3125 congruum.
2511 3052 2848 3110 Obserantur
2875 3055 3016 3109 ostia
3042 3054 3239 3111 domus
3263 3064 3316 3110 et
3331 3069 3428 3109 rex
3461 3069 3589 3110 cum

1999 3160 2238 3215 paupere
2260 3134 2546 3217 argentum
2575 3160 2605 3199 a
2632 3145 2819 3200 lancea
2854 3144 3112 3201 auferens
3133 3143 3465 3216 pauperculo
3495 3145 3591 3200 dat

309 3230 471 3299 lium,
503 3233 652 3303 quod
672 3243 758 3290 est
801 3233 1028 3289 om'nino
1052 3244 1276 3291 narratu
1312 3233 1720 3306 dignissimum.
1761 3233 1898 3289 Pro-
1926 3225 1967 3282 C
2000 3238 2138 3294 bene
2171 3236 2402 3304 faciens,
2430 3247 2485 3293 et
2526 3237 2646 3293 suis
2699 3238 2814 3308 ipse
2863 3238 3070 3294 sanctis
3125 3237 3381 3293 manibus
3425 3237 3478 3292 ei
3529 3237 3588 3296 in

312 3326 532 3387 vocabit
559 3343 661 3385 nos
691 3327 863 3385 Deum
919 3335 1170 3384 amantes
1220 3328 1274 3383 in
1314 3328 1420 3385 hoc
1463 3326 1706 3385 liberalis
1738 3327 1897 3385 istius

311 3418 651 3475 serenissimi
681 3420 826 3491 regis
852 3421 1139 3485 memoria,
1175 3429 1231 3475 et
1269 3420 1391 3490 ejus
1434 3418 1681 3491 operatio
1712 3419 1896 3488 digna,

311 3525 441 3565 eum
474 3511 733 3567 cordibus
762 3511 1003 3567 fidelium
1049 3522 1104 3567 et
1132 3511 1433 3567 infidelium
1475 3510 1717 3567 tinnierit
1745 3510 1895 3574 tuba.

312 3618 423 3657 non
484 3602 576 3658 illa
609 3618 733 3674 qua:
781 3619 849 3659 ex
881 3612 1202 3671 atramento,
1229 3604 1323 3660 sed
1356 3617 1484 3672 qua:
1531 3602 1777 3673 procedit
1831 3600 1898 3657 de

310 3692 524 3749 emlesti
554 3693 836 3761 thesauro,
864 3701 920 3750 et
962 3693 1215 3764 aperiens
1255 3708 1320 3748 os
1351 3708 1514 3752 suum
1559 3692 1725 3749 dicit:
1760 3690 1898 3746 Con-

311 3783 466 3839 clude
506 3782 889 3855 eleemosyuam
912 3785 970 3839 in
998 3786 1120 3839 sinu
1149 3784 1418 3857 pauperis,
1450 3792 1499 3837 et
1546 3784 1661 3854 ipsa
1700 3798 1799 3852 pro
1850 3790 1899 3836 te

309 3876 554 3932 exorabit
583 3876 776 3949 (Eccli.
807 3892 969 3944 nix,
1007 3877 1119 3947 15).
1171 3873 1297 3932 llaec
1338 3875 1407 3930 de
1436 3874 1530 3930 tali
1581 3874 1701 3928 viro
1744 3873 1897 3945 cogi-

313 3979 524 4038 tantes,
551 3978 852 4026 occurrunt
881 3970 1040 4025 nobis
1065 3968 1220 4040 plura
1251 3968 1598 4040 cogitatione,
1634 3965 1823 4021 auditu
1845 3973 1900 4019 et

315 4077 589 4129 sermone,
612 4077 739 4132 qua:
764 4077 876 4117 non
906 4069 1139 4131 possunt
1158 4059 1361 4117 ascribi
1384 4073 1496 4129 prae
1529 4056 1896 4123 multitudine,

313 4150 445 4223 quia
477 4151 568 4206 illa
595 4151 747 4207 solus
776 4149 922 4206 Deus
950 4149 1170 4222 agnovit
1198 4165 1298 4206 sua
1344 4147 1474 4204 forti
1517 4147 1802 4220 prudentia
1845 4155 1900 4201 et

314 4240 568 4309 scientia,
601 4240 820 4314 ingenio
850 4250 906 4297 et
932 4249 1069 4307 arte,
1093 4255 1215 4312 quae
1241 4256 1350 4295 non
1383 4249 1611 4311 possunt
1645 4253 1898 4309 compre-

317 4334 479 4390 hendi
507 4334 842 4397 miserabilis
869 4333 1110 4389 hominis
1138 4333 1357 4388 virtute.
1394 4330 1461 4387 Et
1494 4331 1624 4402 quia
1666 4347 1699 4386 a
1741 4330 1899 4387 nobis

317 4427 563 4500 diligitur
583 4427 844 4494 mundus,
868 4426 1202 4483 delectamur
1225 4425 1281 4480 in
1308 4424 1475 4495 hujus
1499 4424 1896 4479 excellentissi-

317 4521 393 4576 mi
415 4521 560 4593 regis
593 4521 870 4593 operibus,
901 4520 957 4576 in
980 4520 1201 4592 quibus,
1235 4529 1293 4574 ut
1327 4520 1619 4585 credimus,
1647 4510 1899 4575 laudatur

320 4611 483 4680 Deus,
510 4611 623 4669 Rex
652 4612 947 4685 gloriosus,
985 4612 1145 4682 cujus
1192 4611 1345 4683 regni
1373 4612 1550 4667 haeres
1579 4611 1684 4666 erit
1701 4626 1895 4682 perpe-

320 4713 449 4761 tuus
494 4704 733 4775 quifuit
777 4704 979 4761 mentis
1019 4713 1075 4760 et
1120 4703 1370 4775 corporis
1398 4702 1606 4775 integra
1653 4703 1901 4759 bonitate

317 4796 670 4867 conspicuus.
708 4796 848 4864 Quia
877 4796 999 4866 ejus
1041 4796 1285 4867 jucunda
1333 4804 1390 4852 et
1433 4795 1737 4852 delectabili
1786 4796 1897 4851 vita

316 4888 497 4943 adhuc
531 4887 805 4945 frueretur
831 4888 1090 4955 mundus,
1116 4887 1304 4944 credat
1339 4887 1489 4943 orbis
1519 4888 1827 4955 universus,
1853 4888 1899 4943 si

316 4980 586 5036 voluisset
604 4979 702 5036 Dei
720 4980 891 5037 Filius
923 4996 1022 5053 pro
1052 4980 1430 5053 peccatoribus
1457 4982 1691 5038 occisus.

389 5072 696 5144 Aliquando
741 5072 1125 5143 proficiscente
1156 5088 1222 5129 eo
1261 5072 1330 5128 ad
1361 5072 1649 5129 ecclesiam
1693 5080 1748 5128 et
1773 5087 1897 5143 pro-

318 5175 494 5223 strato
519 5165 577 5220 in
603 5165 852 5221 oratione
885 5180 1072 5222 coram
1102 5163 1234 5231 Deo,
1269 5164 1531 5236 quiddam
1561 5164 1899 5220 verecundia:

319 5259 375 5314 in
401 5259 742 5316 ornamentis
780 5260 1001 5331 pellium
1025 5275 1057 5314 a
1091 5267 1283 5314 sancto
1314 5259 1455 5313 collo
1477 5257 1896 5327 dependentium

318 5350 585 5406 sustinuit
630 5366 727 5407 rex
752 5351 902 5406 mitis
935 5359 990 5405 et
1023 5350 1187 5405 corde
1223 5348 1467 5404 humilis.
1519 5346 1800 5403 Fundente
1833 5363 1899 5404 eo

318 5458 510 5514 preces
548 5443 616 5498 ad
652 5442 855 5510 Deum,
901 5451 1045 5499 astat
1087 5458 1117 5498 e
1151 5441 1403 5512 proximo,
1442 5439 1687 5510 Bapatun
1738 5440 1896 5507 latro,

320 5552 431 5592 non
482 5536 573 5591 ille
616 5535 951 5592 fortissimus
991 5536 1246 5607 princeps
1275 5534 1578 5599 latronum,
1627 5533 1722 5603 qui
1759 5540 1904 5588 tenet

318 5632 554 5687 lectione
603 5630 970 5701 principatum
1026 5629 1080 5684 in
1131 5628 1272 5683 libro
1318 5626 1547 5699 Regum.
1599 5623 1733 5680 Nam
1784 5641 1901 5680 mc-

256 5706 261 5711 "
319 5727 579 5782 dietatem
606 5727 852 5782 ﬁnalium
901 5710 1191 5780 chlamidis
1236 5721 1381 5793 regis
1409 5719 1665 5775 auferens
1695 5720 1810 5774 haec
1835 5720 1904 5774 ab

319 5832 389 5874 co
424 5818 666 5892 suscepit
716 5816 1162 5874 mansuetissima
1196 5823 1250 5871 et
1276 5813 1425 5871 omni
1464 5812 1623 5868 melle
1663 5811 1906 5868 dulciora

2001 3331 2282 3386 sacculum
2312 3330 2536 3386 mittens
2565 3331 2660 3385 dat
2705 3330 2760 3384 in
2798 3329 3091 3397 mandatis,
3115 3328 3259 3385 sicut
3298 3343 3421 3386 mos
3447 3338 3599 3396 erat,

2000 3431 2059 3476 ut
2089 3422 2191 3478 sibi
2223 3421 2278 3476 in
2327 3422 2605 3477 redeundo
2630 3420 2967 3492 prospiceret
3001 3436 3067 3476 ne
3106 3436 3245 3477 uxor
3297 3422 3417 3492 ejus
3459 3436 3606 3478 eum:

2000 3512 2185 3569 videre
2211 3520 2416 3585 posset.
2442 3510 2737 3568 Obaudivit
2775 3512 3061 3584 praeceptis
3107 3512 3253 3586 regis
3286 3511 3612 3569 necessitas.

1999 3605 2274 3676 pauperis.
2304 3603 2547 3660 Peractis
2572 3604 2680 3670 his,
2706 3603 2930 3660 advenit
2972 3604 3160 3677 regina
3188 3605 3398 3661 mirans
3440 3604 3611 3674 quod.

1999 3696 2213 3773 factum
2239 3694 2404 3750 fuerit
2441 3697 2509 3751 de
2543 3696 2754 3764 lancea,
2782 3712 2906 3766 quae
2932 3695 3013 3752 sic
3034 3706 3153 3753 erat
3181 3697 3490 3762 destructa,
3520 3696 3595 3751 de

1999 3803 2106 3857 qua
2130 3786 2381 3856 sperabat
2412 3786 2698 3841 dominum
2730 3801 2894 3842 suum
2926 3783 3053 3841 forti
3088 3786 3352 3842 laetificari
3388 3785 3609 3857 glorier

2000 3882 2080 3939 Ad
2131 3883 2247 3938 haec
2282 3880 2500 3937 Domini
2542 3880 2703 3936 fidem
2755 3881 2952 3950 jurans
2988 3894 3083 3935 rex
3117 3880 3247 3951 joco
3301 3879 3469 3949 hujus
3528 3892 3590 3932 se

2000 3990 2109 4028 non
2145 3989 2269 4029 esse
2300 3972 2431 4029 facti
2483 3973 2799 4039 conscium,
2838 3972 2981 4027 inter
3023 3988 3118 4028 eos
3165 3969 3467 4027 amicabilis
3503 3976 3593 4025 est

1999 4075 2188 4122 exorta
2222 4065 2501 4122 contentio
2522 4065 2724 4136 quibus
2748 4065 3107 4136 eleemosynae
3136 4062 3354 4135 largitio
3382 4058 3592 4132 profuit

1999 4168 2054 4215 et
2082 4159 2348 4230 proderit,
2387 4157 2621 4215 faciente
2643 4157 2777 4225 Deo,
2792 4156 3025 4213 mortuis
3040 4157 3262 4223 saeculo,
3279 4153 3603 4210 viventibus.

2000 4249 2133 4306 Deo.
2167 4249 2427 4317 Quaedam
2467 4250 2647 4306 adhuc
2693 4250 2760 4305 de
2809 4249 2930 4321 ejus
2967 4264 3076 4304 non
3127 4245 3356 4306 minima
3390 4245 3613 4317 pietate.

2001 4342 2275 4400 narranda
2311 4352 2459 4411 sunt.
3032 4380 3035 4381 ν

2069 4431 2318 4488 Clericus
2362 4432 2585 4503 quidam
2623 4432 2988 4503 pauperculus
3035 4430 3103 4486 de
3139 4444 3307 4502 regno
3341 4428 3607 4485 Lotharii;

2002 4523 2221 4589 exiens,
2253 4524 2319 4576 ad
2373 4524 2523 4578 hunc
2572 4523 2641 4578 de
2697 4539 2807 4592 quo
2862 4523 3141 4595 loquimur
3210 4536 3430 4576 servum
3494 4519 3597 4575 Dei

2003 4612 2248 4677 veniens,
2282 4622 2367 4668 est
2413 4621 2684 4683 receptus.
2728 4611 2778 4666 Is
2815 4626 3010 4682 nempe
3041 4611 3273 4667 clericus
3323 4608 3601 4681 Oggerius

1999 4703 2301 4759 dicebatur.
2326 4702 2430 4770 Qui
2465 4719 2591 4758 eum
2615 4702 2789 4758 nimia
2830 4703 3072 4758 bonitate
3119 4700 3447 4770 suscipiens,
3485 4713 3592 4754 suo

2001 4805 2318 4852 sanctorum
2376 4795 2604 4865 collegio
2664 4794 2895 4851 sociavit
2961 4793 3286 4849 clericorum
3350 4799 3406 4847 et
3461 4804 3590 4845 eum

2001 4886 2331 4943 sufﬁcienter
2373 4886 2429 4939 in
2470 4886 2557 4939 bis
2606 4901 2728 4956 quae
2773 4883 2980 4950 debuit,
3013 4882 3332 4947 adornavit,
3362 4896 3590 4952 sperans

2004 4994 2190 5036 secum
2239 4977 2618 5034 habitaturum
2661 4992 2773 5032 non
2806 4977 2998 5048 paucis
3051 4975 3246 5032 diebus
3296 4982 3351 5030 et
3405 4974 3585 5029 annis.

2005 5070 2210 5128 Verum
2248 5068 2303 5125 in
2340 5070 2428 5126 his
2451 5085 2573 5140 qua:
2617 5069 2914 5140 praevidere
2960 5068 3137 5123 noluit
3186 5067 3443 5122 inventus
3482 5075 3586 5123 est.
3612 5094 3629 5112 ι

2004 5162 2141 5220 Nam
2169 5178 2334 5234 super
2360 5177 2487 5219 eum
2510 5161 2666 5217 dicta
2692 5160 2859 5216 David
2885 5161 3168 5231 prophetae
3214 5159 3410 5215 merito
3444 5158 3589 5213 dicta

2005 5262 2169 5309 sunt:
2211 5252 2376 5307 Verba
2412 5254 2522 5307 oris
2548 5252 2663 5322 ejus
2699 5252 2953 5321 iniquitas
2979 5260 3027 5306 et
3058 5249 3233 5308 dolus.
3284 5247 3474 5306 Noluit
3502 5248 3569 5300 in.

2006 5347 2258 5418 telligere,
2289 5354 2345 5399 ut
2394 5344 2517 5398 bene
2574 5352 2767 5415 ageret.
2805 5341 3153 5413 Iniquitatcm
3193 5340 3479 5399 meditatus
3513 5346 3590 5391 est

2008 5440 2063 5493 in
2101 5438 2262 5492 cubili
2297 5454 2411 5491 suo.
2454 5436 2638 5491 Astitit
2676 5436 2816 5489 omni
2845 5435 2942 5491 vita
2977 5451 3076 5489 non
3118 5432 3286 5501 bonae,
3323 5430 3590 5487 malitiam

2010 5541 2185 5586 autem
2224 5546 2325 5584 non
2379 5529 2582 5583 audivit
2620 5527 2796 5600 (Psal.
2841 5544 3003 5594 xxxv,
3033 5527 3099 5593 ιι,
3146 5527 3221 5597 5).
3264 5522 3591 5595 Splendebat

2010 5624 2210 5694 quippe
2234 5622 2290 5676 in
2316 5636 2381 5676 eo
2425 5621 2636 5691 Species
2692 5618 2846 5675 Judze
2879 5619 3160 5675 traditoris
3204 5617 3423 5673 Domini
3450 5658 3465 5683 ,
3494 5631 3589 5685 qui

2010 5714 2219 5770 loculos
2264 5712 2511 5776 habens,
2557 5726 2620 5768 ca
2676 5727 2798 5781 quae
2847 5710 3200 5767 mittebantur
3249 5707 3585 5780 exportabat.

2014 5805 2147 5863 Nam
2190 5805 2424 5880 quodam
2454 5816 2694 5879 ttmpore
2745 5804 3229 5883 advesperascente
3275 5803 3408 5859 hora
3450 5800 3586 5867 diei,
