4104 5260
455 202 567 259 915

1582 208 1885 269 ROBERTI
1913 211 2121 271 REGIS
2156 211 2582 272 FRANCORUM

3625 217 3732 276 916

452 332 611 374 cinna
643 333 774 376 cum
813 320 934 378 suis
966 332 1206 395 sumpta,
1229 322 1676 384 incumbentibus
1711 327 1830 399 jam
1857 330 2037 387 noctis
2065 334 2114 392 Α
2135 330 2245 387 die.
2268 329 2383 388 Nec
2400 329 2675 387 immerito
2696 344 2830 386 sane
2850 337 3032 402 potest
3067 329 3373 389 existimari
3408 334 3555 406 quod
3575 337 3734 407 pals-

404 408 407 411 ’
453 410 726 479 tenebris,
776 412 907 469 dum
957 414 1027 471 ad
1077 416 1433 489 complenda,
1478 426 1536 475 et
1576 435 1702 491 quae
1745 431 1875 479 sunt
1922 421 2037 479 Deo

451 500 729 560 reddenda
777 505 1065 579 cogitaret,
1102 507 1171 565 ad
1215 508 1440 565 domum
1475 509 1574 567 Dei
1601 511 1670 568 de
1713 527 1869 569 more
1912 529 2039 586 pro-

450 595 637 663 cessit,
663 597 1034 671 praeeuntibus
1054 608 1182 657 ante
1207 617 1269 657 se
1287 601 1502 659 clericis
1538 618 1664 659 cum
1687 604 2038 664 ceroferariis

449 700 564 742 non
604 687 821 744 minimi
862 690 1142 761 ponderis.
1201 690 1413 760 Quibus
1446 694 1661 765 positis,
1709 696 2041 770 signiﬁcavit

449 794 548 835 rex
572 780 800 839 humilis
829 798 899 840 ne
932 784 1254 855 accederent
1288 786 1357 842 ad
1406 788 1641 844 excelsa.
1695 787 1815 846 Stat
1844 806 1942 846 rex
1978 790 2036 848 in

447 873 743 946 angulo,et
761 877 928 934 corde
948 878 1118 935 tacito
1145 878 1258 935 Deo
1283 895 1387 936 suo
1416 882 1595 938 reddit
1619 891 1746 939 vota
1765 884 2030 955 jucundo.

446 963 719 1024 Meditans
764 983 898 1042 ergo
945 969 1004 1026 in
1062 980 1357 1043 conspectu
1409 972 1649 1044 Domini,
1677 976 1874 1047 aspicit
1916 978 2035 1050 jam

444 1056 654 1117 dictum
690 1059 984 1134 Oggerium
1033 1064 1103 1121 ad
1154 1065 1327 1122 altare
1371 1068 1660 1137 accedere,
1709 1084 1928 1127 cereum
1964 1070 2034 1128 ad

443 1162 651 1212 terram
675 1155 968 1229 deponere,
1000 1159 1395 1218 candelabrum
1420 1160 1544 1219 sinu
1563 1171 1872 1236 contegere.
1899 1162 2036 1220 Tur-
2066 1160 2079 1167 “

442 1255 647 1311 mutor
674 1248 879 1318 clerici,
915 1251 1014 1323 qui
1036 1253 1203 1325 hujus
1239 1254 1519 1312 latrocinii
1567 1256 1872 1313 debuerant
1907 1273 2034 1315 esse

442 1340 724 1399 custodes.
782 1342 1075 1416 luq-uirunt
1127 1346 1413 1404 dominum
1481 1365 1663 1422 regem
1729 1349 1798 1405 de
1847 1349 2029 1420 furto;

437 1433 643 1505 quibus
689 1453 751 1494 se
806 1440 1095 1512 respondit
1141 1443 1356 1499 nescire
1389 1444 1504 1501 ullo
1558 1444 1744 1500 modo.
1779 1443 2033 1502 Pervenit

436 1526 544 1583 hoc
579 1529 648 1586 ad
684 1547 850 1588 aures
881 1532 1222 1592 Constantia:
1268 1536 1473 1609 regina:
1508 1537 1629 1609 ejus
1663 1538 1934 1612 conjugis,
1961 1540 2032 1596 de

434 1634 545 1689 qua
582 1621 808 1694 quidam
836 1625 905 1681 ad
934 1641 1135 1683 nomen
1159 1626 1280 1698 ejus
1313 1628 1446 1684 lusit
1478 1629 1707 1687 dicens:

520 1711 828 1772 Constans
853 1726 911 1773 et
936 1717 1118 1787 fortis,
1140 1735 1265 1792 quae
1291 1736 1403 1778 non
1425 1720 1748 1779 Constantia
1776 1720 1933 1779 ludit.

506 1798 638 1864 Haec
687 1824 919 1867 accensa
950 1810 1137 1868 furore
1166 1812 1320 1884 jurat
1350 1829 1449 1885 per
1488 1815 1730 1871 animam
1764 1814 2025 1873 Willelmi

430 1899 520 1955 sui
557 1901 824 1973 genitoris
858 1906 1182 1963 custodibus
1216 1906 1362 1963 mala
1399 1922 1460 1964 se
1494 1908 1863 1981 irrogaturam
1885 1908 2024 1978 fore,

430 1992 736 2054 luminibus
772 1998 977 2069 privari
1006 2008 1062 2055 et
1088 2000 1253 2057 malis
1298 2002 1422 2059 aliis
1458 2002 1763 2074 deturpari,
1802 2003 1861 2059 ni
1897 2004 2027 2059 red-

430 2086 565 2144 dant
610 2089 760 2160 quod
807 2092 1052 2149 ablatum
1093 2091 1275 2150 fuerat
1319 2095 1388 2151 de
1443 2095 1706 2152 thesauro
1756 2097 1932 2153 sancti
1970 2105 2027 2152 et

429 2179 583 2251 justi.
624 2181 743 2240 Hoc
777 2184 869 2240 ubi
904 2186 1115 2243 audivit
1144 2187 1201 2243 in
1240 2202 1357 2259 quo
1370 2196 1494 2244 erat
1517 2188 1741 2260 requies
1774 2189 2024 2265 pietatis,

428 2285 559 2327 cum
614 2273 710 2344 qui
739 2282 861 2330 erat
895 2275 1248 2332 latrunculos
1296 2276 1608 2345 advocans,
1647 2278 1721 2334 ita
1773 2279 1843 2335 ad
1893 2294 2024 2335 eum

428 2365 650 2423 locutus
686 2377 773 2424 est
809 2386 822 2424 :
869 2386 890 2421 α
936 2368 1127 2427 Amice
1144 2368 1363 2444 Oggeri,
1403 2372 1493 2428 abi
1529 2372 1660 2428 hinc
1687 2371 1826 2444 jam,
1860 2387 1932 2428 ne
1967 2381 2023 2429 te

426 2468 721 2517 consumat
766 2460 1089 2519 inconstans
1138 2461 1464 2521 Constantia
1510 2479 1654 2520 uxor
1712 2478 1855 2520 mea.
1894 2461 2025 2521 Suf-

425 2551 619 2608 ficiunt
671 2553 822 2610 enim
876 2570 1004 2627 qua:
1041 2554 1241 2623 habes,
1279 2556 1456 2614 donec
1508 2555 1685 2613 intres
1722 2556 1779 2612 in
1814 2565 2019 2614 terram

426 2643 732 2701 nativitatis
792 2654 919 2703 tuae.
983 2644 1070 2702 Sit
1130 2645 1398 2704 Dominus
1459 2656 1643 2704 tecum
1704 2647 2020 2720 ubicunque

425 2739 759 2810 perrexeris.
808 2758 827 2792 ι
857 2738 1105 2798 Ubi.hoc
1124 2740 1332 2797 audivit
1352 2740 1484 2798 furti
1513 2740 1790 2809 dominus,
1813 2740 2019 2799 cadens

424 2832 494 2889 ad
511 2832 677 2904 pedes
694 2832 931 2904 piissimi
952 2833 1099 2907 regis
1121 2834 1476 2890 volutabatur
1496 2833 1772 2891 clamans:
1811 2852 1831 2885 ι
1879 2831 2017 2891 Suc-

422 2942 586 2984 curre
622 2927 779 2996 mihi,
805 2927 1048 2996 domine,
1104 2944 1387 2986 succurre.
1433 2946 1454 2982 »
1494 2927 1615 3000 ipse
1641 2942 1774 3000 vero
1823 2928 2014 2986 volens

2139 426 2277 481 tium
2298 424 2431 481 illud
2463 423 2736 496 frequenti
2760 423 2914 495 regio
2936 434 3212 481 conventu
3226 426 3299 484 sit
3311 426 3693 486 honorandum
3710 473 3730 500 ,

2135 517 2284 590 quod
2305 517 2490 574 divina
2532 517 2712 572 virtus
2737 516 2832 572 tali
2860 516 3140 573 decoravit
3169 518 3437 574 miraculo
3467 528 3524 574 et
3545 521 3732 592 populi

2135 609 2375 666 sacravit
2396 607 2595 679 jubilo,
2606 607 2739 665 dum
2752 607 2904 666 vesci
2929 607 3100 664 voluit
3122 607 3202 664 ibi
3219 609 3610 668 devotissimus
3634 627 3728 668 rex

2135 698 2226 755 die
2250 698 2453 770 primo.

2207 786 2409 861 Vigore
2462 787 2691 861 justitize
2745 787 2936 863 vigens
2984 787 3127 846 idem
3191 806 3291 847 rex.
3342 791 3736 851 serenissimus

2135 882 2396 941 studebat
2446 899 2555 939 non
2598 883 2913 939 continuari
2954 899 3019 940 os
3067 899 3234 940 suum
3280 886 3595 955 mendacio,
3630 889 3731 945 sed

2134 977 2422 1033 veritatem
2462 975 2630 1043 corde
2663 985 2721 1031 et
2753 992 2849 1031 ore
2875 976 3144 1047 proferre,
3177 977 3394 1035 Domini
3441 978 3535 1036 Dei
3560 981 3733 1039 ﬁdem

2128 1067 2327 1139 jurans
2352 1069 2594 1127 assidue.
2636 1065 2791 1125 Unde
2825 1068 3088 1126 nimirum
3125 1086 3300 1140 suos,
3328 1089 3359 1128 a
3393 1073 3598 1144 quibus
3630 1090 3733 1131 sa-

2132 1169 2474 1216 cramentum
2502 1161 2820 1233 recipiebat,
2835 1160 3029 1217 volens
3043 1162 3351 1232 justillcare
3364 1165 3734 1235 quemadmo-

2131 1253 2265 1310 dum
2299 1254 2574 1326 seipsum,
2616 1254 2824 1313 fecerat
2858 1271 3029 1311 unum
3069 1255 3466 1328 phylacterium
3518 1257 3731 1315 olocri-

2132 1345 2441 1414 stallinum,
2480 1347 2538 1402 in
2587 1363 2722 1420 gyro
2772 1363 2910 1404 auro
2942 1365 3085 1421 puro
3130 1348 3478 1419 adornatum,
3514 1350 3732 1423 absque

2131 1438 2370 1511 alicujus
2428 1441 2606 1497 sancti
2651 1441 2946 1513 pignorum
2993 1442 3324 1512 inclusionc,
3371 1459 3541 1515 super
3572 1442 3727 1515 quod

2126 1530 2391 1603 jurabant
2413 1532 2502 1590 sui
2522 1534 2811 1606 primates,
2840 1535 2946 1592 hac
2981 1536 3072 1607 pia
3107 1535 3300 1593 fraude
3336 1537 3530 1594 nescii.
3557 1537 3725 1595 Aliud

2132 1637 2351 1695 quoque
2377 1623 2549 1695 jussit
2592 1624 2779 1696 parari
2809 1633 3059 1698 argento,
3092 1625 3148 1682 in
3190 1641 3303 1698 quo
3335 1627 3524 1698 posuit
3554 1644 3722 1686 ovum

2062 1724 2107 1782 Β
2133 1714 2426 1785 cujusdam
2463 1717 2584 1772 avis
2615 1732 2741 1788 quae
2803 1726 3035 1774 vocatur
3069 1717 3304 1789 grippis,
3342 1733 3511 1790 super
3570 1720 3723 1791 quod

2127 1806 2316 1863 minus
2344 1814 2595 1878 potentes
2645 1816 2701 1864 et
2746 1808 2989 1866 rusticos
3038 1808 3232 1880 jurare
3270 1810 3641 1882 praecipiebat.
3672 1811 3724 1868 0

2125 1913 2295 1970 quam
2326 1899 2468 1955 bene
2491 1907 2547 1956 et
2563 1914 2806 1973 congrue
2841 1901 2972 1958 huic
2999 1910 3194 1959 sancto
3223 1902 3345 1958 viro
3378 1904 3725 1960 concordant

2126 1990 2276 2048 illius
2313 1992 2489 2049 sancti
2524 1992 2673 2049 dicta
2726 1994 3009 2065 propheta:
3043 1994 3279 2051 dicentis
3306 2014 3320 2050 :
3354 1995 3641 2053 Habitabit
3661 1998 3722 2053 in

2126 2081 2533 2137 tabernaculum
2581 2082 2882 2151 Altissimi,
2917 2085 3009 2157 qui
3050 2084 3287 2156 loquitur
3327 2088 3604 2144 veritatem
3659 2090 3723 2146 in

2124 2175 2282 2230 corde
2326 2191 2423 2230 suo
2448 2191 2466 2230 :
2489 2177 2581 2248 qui
2609 2193 2715 2231 non
2738 2178 2843 2248 egit
2879 2177 3061 2232 dolum
3097 2180 3157 2233 in
3189 2178 3403 2252 lingua,
3443 2198 3539 2237 nec
3588 2183 3719 2254 fecit

2121 2267 2365 2339 proximo
2394 2284 2493 2325 suo
2527 2268 2751 2337 malum,
2791 2279 2841 2324 et
2864 2270 3205 2342 opprobrium
3242 2289 3348 2328 non
3381 2275 3585 2346 accepit
3617 2278 3721 2333 ad-

2120 2375 2329 2415 versum
2361 2361 2667 2431 proximum
2711 2378 2868 2416 suum
2911 2362 3087 2434 (Paul.
3125 2365 3242 2431 x'rv,
3269 2366 3347 2437 5).
3383 2366 3486 2424 Cui
3522 2369 3720 2442 utique

2120 2452 2268 2509 bono
2303 2452 2459 2509 illum
2508 2454 2811 2511 adhaesisse
2841 2463 2957 2511 tota
3007 2457 3193 2512 cordis
3240 2457 3544 2518 intentione
3595 2476 3718 2519 cer-

2119 2544 2399 2601 tissimum
2436 2553 2544 2613 est,
2571 2555 2634 2602 ut
2677 2555 2983 2603 mereretur
3011 2563 3138 2604 esse
3167 2548 3225 2604 in
3259 2566 3501 2623 superna
3539 2554 3718 2612 hatre—

2116 2637 2292 2694 ditate
2310 2637 2600 2694 beatorum
2627 2638 2898 2696 colueres.
3758 2704 3761 2705 ν

2187 2732 2405 2803 Quanta
2441 2748 2574 2790 vero
2598 2733 2926 2791 humilitatis
2954 2735 3131 2793 virtus
3152 2737 3208 2792 in
3237 2752 3304 2794 co
3332 2737 3498 2795 fuerit
3522 2741 3718 2811 paucis

2114 2825 2438 2883 edicendum
2463 2834 2548 2883 est
2565 2826 2767 2882 verbis.
2801 2825 3148 2898 Colloquium
3173 2844 3299 2883 cum
3323 2830 3599 2902 episcopis
3625 2832 3714 2888 sui

2114 2917 2270 2992 regni
2296 2917 2506 2975 habens
2552 2933 2648 2975 rex
2681 2919 2927 2986 humilis,
2965 2920 3107 2975 inter
3148 2920 3481 2992 colloquium
3513 2939 3717 2979 unum-

421 3034 550 3076 cum
583 3020 798 3093 eripere
821 3061 837 3089 ,
866 3020 1123 3078 dicebat:
1158 3040 1179 3075 ι
1224 3019 1456 3089 Transi,
1507 2998 1716 3089 transi,
1769 3020 1883 3077 noli
1920 3021 2013 3077 hic
2113 3025 2388 3084 quemque
2439 3011 2741 3082 aspiciens,
2794 3010 2931 3067 vidit
2972 3012 3264 3083 quemdam
3314 3028 3507 3069 eorum
3566 3014 3713 3072 mole

420 3126 767 3183 permanere,
811 3132 832 3167 ι
867 3113 1009 3172 dans
1043 3113 1094 3171 ei
1119 3122 1175 3171 et
1203 3113 1312 3170 alia
1345 3129 1472 3171 cum
1509 3113 1598 3171 his
1630 3130 1756 3186 qua;
1789 3114 2014 3186 κυδροτ-
2037 3094 2080 3154 C
2111 3105 2296 3163 carnis
2328 3114 2637 3178 gravatum,
2665 3105 2831 3176 pedes
2853 3120 2987 3161 suos
3006 3105 3311 3176 dependere
3333 3107 3405 3163 ab
3428 3107 3558 3163 alto.
3583 3106 3713 3164 Pie-

420 3213 654 3274 taverat,
684 3222 754 3264 ne
784 3197 1044 3265 deﬁceret
1070 3207 1128 3263 in
1155 3207 1266 3264 via.
1289 3206 1424 3264 Post
1456 3207 1675 3280 aliquot
1706 3207 1825 3264 dies
1866 3207 2010 3262 idem

419 3294 516 3353 Dei
534 3296 775 3356 famulus
799 3299 1029 3356 credens
1055 3299 1209 3357 illum
1230 3300 1346 3373 jam
1371 3315 1536 3372 posse
1566 3316 1730 3356 suum
1762 3299 2012 3372 attigisse

417 3388 625 3462 solum,
658 3406 961 3450 conversus
1014 3392 1082 3448 ad
1122 3407 1256 3448 suos
1291 3392 1468 3463 lepide
1517 3401 1574 3448 et
1611 3391 2012 3463 jucundissime

416 3479 599 3536 dixit:
646 3499 665 3536 α
709 3481 756 3538 0
807 3482 951 3538 bone
980 3480 1212 3539 Theudo
1242 3483 1358 3556 (hic
1401 3483 1547 3539 enim
1597 3484 1648 3539 ei
1686 3491 1806 3539 erat
1847 3481 2012 3566 fami-

416 3567 597 3645 liaris)
624 3580 687 3629 ut
718 3574 852 3646 quid
885 3581 1101 3630 tantum
1149 3575 1372 3633 laboras
1395 3575 1452 3630 in
1496 3576 1791 3647 quaerendo
1809 3575 2012 3631 cande-

413 3662 595 3732 labro,
622 3680 750 3722 cum
799 3664 945 3723 Deus
993 3667 1347 3739 omnipotens
1387 3668 1519 3724 illud
1566 3683 1671 3724 suo
1699 3667 2010 3724 attribuerit

413 3756 792 3828 pauperculo?
823 3756 980 3815 Scias
1011 3759 1213 3815 etenim
1257 3768 1313 3816 tu
1345 3768 1403 3816 et
1439 3760 1522 3815 tui
1578 3760 1723 3831 quod
1767 3760 1844 3816 illi
1883 3761 2008 3831 plus

414 3862 585 3919 quam
631 3848 791 3905 nobis
822 3852 1197 3907 necessarium
1242 3852 1451 3918 fuerat,
1484 3867 1610 3907 cum
1658 3851 1803 3908 Deus
1848 3853 2008 3909 nobis

414 3940 801 3998 peccatoribus
831 3942 1018 3998 omnia
1066 3958 1192 4015 quae
1226 3952 1357 3999 sunt
1381 3944 1438 3999 in
1475 3943 1637 3999 terris
1674 3944 2004 4013 attribuerit,

414 4040 479 4089 ut
499 4033 892 4091 subveniamus
912 4035 1267 4107 pauperibus,
1280 4036 1565 4108 orphanis,
1580 4036 1757 4093 viduis
1780 4045 1838 4093 et
1855 4039 2007 4094 omni

411 4125 622 4198 populo
652 4124 769 4182 Dei.
814 4145 834 4182 ι

470 4216 759 4289 Palatium
805 4220 1042 4294 insigne,
1076 4221 1227 4294 quod
1275 4231 1360 4278 est
1407 4221 1687 4293 Parisius,
1728 4239 1834 4281 suo
1867 4238 2004 4281 con-

413 4320 737 4367 struxerant
775 4312 937 4384 jussu
974 4314 1233 4372 olllciales
1277 4314 1419 4387 ejus.
1465 4314 1623 4383 Quod
1651 4316 1843 4374 volens
1866 4333 2006 4388 prte-

413 4401 593 4457 sentia
619 4402 707 4459 sui
736 4402 826 4460 die
858 4414 1052 4462 sancto
1073 4404 1301 4464 Pascha:
1324 4405 1626 4475 nobilitari,
1649 4424 1804 4465 more
1833 4409 2000 4481 regali

406 4494 580 4563 jussit
600 4511 850 4553 mensam
879 4498 1084 4569 parari.
1118 4498 1371 4572 Cumque
1391 4515 1591 4572 aquam
1614 4501 1681 4556 ad
1705 4501 2004 4557 abluendas

411 4604 615 4647 manus
658 4600 863 4663 praesto
919 4592 1167 4661 haberet,
1217 4594 1374 4650 adest
1399 4609 1579 4651 caecus
1608 4593 1832 4665 quidam
1862 4595 2008 4650 inter

410 4697 715 4753 pauperum
766 4683 1176 4741 multitudinem
1222 4700 1410 4741 coram
1468 4701 1536 4742 eo
1591 4686 1999 4755 assistentium,

409 4773 505 4842 qui
530 4773 675 4830 illius
709 4784 868 4832 erant
924 4776 1245 4832 memoriale
1282 4778 1630 4843 continuum,
1673 4777 1771 4849 qui
1818 4786 1880 4833 ut
1922 4778 2000 4833 illi

408 4882 611 4937 aquam
637 4868 870 4939 jactaret
892 4869 949 4925 in
969 4868 1167 4926 faciem
1197 4870 1561 4927 humillimam
1583 4871 1739 4928 eﬂert
1755 4887 1996 4943 precem.

406 4956 590 5012 Atille
613 4960 899 5028 continuo,
914 4960 1064 5017 velut
1085 4975 1189 5032 pro
1202 4959 1332 5031 joco
1353 4962 1563 5018 ducens
1587 4964 1845 5034 pauperis
1872 4981 1999 5037 pre-

408 5062 550 5115 cem,
573 5050 704 5106 dum
732 5052 971 5122 primum
992 5054 1047 5109 in
1074 5054 1332 5111 manibus
1363 5056 1575 5126 accepit
1594 5072 1818 5127 aquam,
1848 5059 1997 5117 illius

406 5139 640 5207 projecit
660 5140 716 5197 in
749 5142 966 5202 faciem.
993 5145 1099 5215 Qui
1129 5147 1607 5215 mox,videntibus
1627 5149 1841 5206 cunctis
1856 5152 1999 5224 opti-

408 5228 647 5260 Iﬁnl:|1nao
681 5233 771 5260 ιιι-ξ
792 5237 974 5260 Α-ι-ῑ.-

2110 3205 2223 3254 tate
2250 3198 2449 3255 ductus
2486 3212 2519 3253 a
2560 3197 2722 3269 longe
2761 3212 3016 3269 quaerens
3055 3197 3464 3268 subpedaneum
3509 3199 3713 3270 reperit

2111 3308 2305 3349 unum.
2341 3291 2498 3360 Quod
2524 3291 2781 3348 manibus
2815 3290 2929 3347 Deo
2955 3299 3011 3346 et
3044 3290 3363 3347 hominibus
3385 3292 3590 3349 cbarus
3612 3309 3714 3364 ap—

2109 3383 2473 3456 prehendens,
2501 3383 2633 3439 illud
2670 3391 2823 3439 tanto
2851 3383 3097 3454 pontiﬁci
3121 3382 3318 3440 oll‘erre
3345 3399 3455 3440 non
3478 3400 3710 3441 recusa-

2108 3478 2267 3533 vitet
2296 3477 2402 3535 sub
2432 3477 2663 3549 pedibus
2687 3477 2807 3548 ejus
2827 3492 3032 3548 ponere
3071 3492 3182 3533 non
3226 3485 3313 3534 est
3358 3478 3707 3551 dedignatus.

2108 3567 2241 3625 Erat
2277 3576 2459 3626 autem
2502 3569 2594 3625 hic
2622 3570 2913 3641 episcopus
2953 3569 3336 3642 Lingonensis,
3372 3569 3710 3630 'Lambertus

2109 3660 2332 3717 nomine
2376 3661 2579 3728 dictus,
2628 3662 2881 3730 scientia,
2928 3661 3191 3734 religione
3218 3672 3273 3718 et
3302 3663 3546 3719 bonitate
3587 3665 3711 3735 pol—

2108 3755 2246 3811 lens.
2285 3754 2346 3810 ln
2383 3771 2580 3829 magna
2608 3756 2809 3812 etenim
2835 3772 2902 3812 ex
2930 3756 3035 3811 hoc
3053 3756 3420 3815 admiratione
3463 3774 3567 3830 pro
3607 3760 3707 3815 tali

2107 3846 2254 3905 facto
2283 3864 2478 3906 omnes
2503 3848 2741 3921 episcopi
2788 3858 2844 3905 et
2872 3850 3148 3922 principes
3194 3851 3436 3908 habuere
3477 3853 3711 3924 saepeia-

2106 3949 2225 3997 tum
2247 3940 2569 3998 Botbertum
2599 3941 2964 3997 humillimum
2999 3950 3054 3996 et
3079 3942 3342 4014 inclytum
3376 3957 3580 4014 regem.

2174 4032 2228 4090 ls
2253 4035 2456 4105 quippe
2480 4049 2577 4090 rex
2601 4032 2713 4089 Deo
2744 4033 2978 4089 dilectus
3002 4032 3302 4090 Rotbertus
3336 4049 3554 4105 semper
3587 4050 3707 4091 me-

2106 4125 2268 4183 minit
2308 4135 2516 4184 sanctae
2559 4125 2713 4198 legis,
2754 4126 2882 4197 quia
2919 4141 3135 4182 memor
3159 4125 3265 4182 fuit
3289 4126 3473 4197 operis
3500 4126 3597 4183 Dei
3644 4128 3702 4183 in

2105 4218 2363 4275 omnibus
2382 4219 2488 4276 viis
2508 4218 2646 4276 suis.
2672 4217 2891 4275 Sciebat
2910 4212 3112 4274 etenim
3134 4219 3396 4289 scriptum
3426 4236 3441 4272 :
3471 4237 3493 4270 ι
3511 4216 3707 4274 Scien-

2106 4313 2201 4383 tia,
2239 4313 2444 4382 virtus';
2479 4321 2666 4370 custos
2704 4313 2944 4380 virtutis,
2986 4312 3271 4369 humilitas
3307 4320 3517 4368 sancta.
3557 4331 3579 4365 ι
3633 4310 3705 4368 Et

2107 4406 2241 4463 illud
2263 4407 2407 4464 beati
2428 4422 2584 4479 papa:
2604 4405 2851 4478 Gregorii
2883 4425 2896 4461 :
2933 4426 2952 4458 ι
2982 4404 3088 4473 Qui
3108 4407 3229 4462 sine
3248 4406 3556 4462 humilitate
3580 4406 3701 4460 vir-

2107 4506 2250 4554 tutes
2274 4505 2587 4570 congregat,
2618 4496 2779 4569 quasi
2809 4496 2865 4552 in
2897 4505 3118 4552 ventum
3144 4496 3426 4568 pulverem
3442 4492 3650 4567 portat.
3673 4516 3693 4549 ι

2105 4595 2334 4668 Legerat
2368 4594 2501 4667 quid
2529 4594 2728 4651 dixerit
2751 4594 2974 4666 quidam
3005 4610 3072 4649 ex
3119 4591 3375 4649 Patribus
3403 4611 3417 4647 :
3455 4612 3475 4645 α
3501 4590 3699 4647 Omnis

2102 4689 2259 4745 labor
2291 4689 2411 4744 sine
2431 4688 2738 4744 humilitate
2761 4704 2936 4744 vanus
2961 4697 3077 4755 cst;
3115 4687 3440 4744 humilitatis
3473 4688 3697 4759 signum

2101 4781 2196 4837 dat
2222 4796 2451 4855 regnum
2484 4780 2770 4837 caelorum.
2803 4799 2822 4833 ι
2864 4778 2977 4836 Nos
3012 4795 3144 4851 ergo
3175 4794 3399 4836 oremus
3440 4780 3694 4850 omnipo.

2100 4882 2303 4930 tentem
2328 4873 2521 4940 Deum,
2557 4882 2619 4929 ut
2648 4874 2739 4930 hic
2764 4874 2993 4939 electus,
3026 4873 3120 4944 qui
3150 4873 3402 4943 deposito
3432 4873 3581 4928 omni
3604 4883 3695 4928 tu-

2099 4960 2255 5027 more
2281 4968 2551 5039 superbize
2583 4966 2913 5038 conjunctus
2958 4973 3043 5022 est
3081 4964 3305 5021 Christo
3347 4964 3461 5021 Deo
3491 4974 3694 5021 sanctae

2100 5061 2426 5118 humilitatis
2465 5060 2688 5129 virtute,
2720 5060 2794 5115 ita
2820 5060 2896 5115 illi
2918 5059 3184 5131 jungatur
3225 5058 3282 5112 in
3326 5057 3527 5114 saeculo
3553 5073 3690 5113 ven-

2098 5164 2244 5222 turo,
2277 5161 2339 5208 ut
2380 5153 2435 5208 in
2471 5151 2682 5223 judicio
2716 5168 2747 5207 a
2782 5151 3004 5207 sinistra
3029 5158 3179 5221 parte
3202 5148 3530 5220 disjunctus,
3576 5164 3689 5203 non

2737 5242 2797 5260 AI
2853 5243 2865 5254 ⁸
2902 5251 2916 5260 Α
2948 5258 2953 5260 .
3028 5258 3047 5260 ..
3076 5240 3158 5260 .-1
3190 5240 3398 5260 1-------Α
3427 5240 3473 5260 2--
3506 5255 3532 5260 -.
3558 5255 3657 5260 --_.-
