4058 6388
299 308 402 418 9ιᾶ

1851 360 2031 418 ΥΙΤΑ.

3470 339 3575 409 eis

367 477 697 536 Jactantiam
732 470 980 551 superbae
1009 477 1207 534 mentis
1238 492 1271 532 a
1300 492 1358 533 se
1381 476 1635 548 reiiciens
1670 492 1763 531 rex
1787 478 1884 532 hu-
1910 481 1958 537 Α
1985 495 2105 534 rum
2127 481 2327 547 amico,
2357 480 2519 535 beato
2553 476 2801 533 videlicet
2831 470 3112 546 Dionysio,
3148 471 3399 529 casulam
3433 469 3575 525 nriw

296 571 445 628 ralis
477 580 530 626 et
557 587 682 626 cum
710 570 997 642 multiplici
1037 571 1235 642 pietate
1261 567 1629 625 nominandus
1656 567 1887 624 Rotber—

296 672 391 721 tt's
414 662 665 719 studebat
693 662 769 717 illi
802 677 1016 734 semper
1036 662 1249 732 placere
1275 659 1579 733 virtutibus
1600 660 1760 716 bonis
1792 660 1889 732 qui

296 757 509 812 habitat
525 757 580 811 in
590 757 839 812 excelsis.
858 756 1110 811 Devitans
1128 754 1389 811 sublimes
1406 753 1737 824 suscipiebat
1751 768 1888 825 quos

294 856 513 920 poterat
553 833 810 915 humiles,
845 847 939 919 qui
982 847 1147 904 certis
1180 846 1517 917 temporibus
1554 861 1712 900 veras
1758 859 1889 900 vero

292 940 412 998 Deo
447 941 733 997 redderent
756 941 963 996 laudes.
1006 938 1257 1010 Suscepit
1285 938 1340 995 in
1368 939 1471 994 hoc
1497 946 1551 994 ct
1580 939 1888 1010 exemplum

293 1035 371 1091 ab
416 1033 710 1089 Ambrosio
764 1032 1250 1088 Mediolanensium
1308 1033 1544 1089 civitatis
1596 1032 1889 1087 venerabili

291 1126 578 1197 episcopo,
608 1125 703 1198 qui
744 1126 904 1181 binos
950 1124 1210 1181 Ecclesia:
1245 1140 1377 1189 suae,
1414 1126 1501 1181 cui
1545 1123 1886 1195 prmsidebat,

290 1218 528 1274 clericos
564 1232 664 1289 pro
707 1218 922 1274 incessu
958 1218 1193 1288 superbo
1241 1217 1499 1289 gravibus
1546 1216 1766 1272 tradidit
1806 1217 1889 1272 la-

290 1309 519 1377 mentis,
538 1310 733 1378 donec,
762 1310 972 1367 calcato
998 1319 1215 1366 tumore
1243 1309 1892 1381 superbiae,addiscerent

288 1402 603 1458 humilitate
634 1418 878 1473 pergere,
921 1403 1017 1474 qui
1049 1412 1207 1459 erant
1254 1403 1488 1459 correcti
1528 1402 1680 1474 virga
1715 1417 1892 1458 sacer-

287 1494 494 1550 dotalis
519 1493 841 1564 disciplinae.
879 1493 1025 1549 ldem
1050 1509 1287 1564 namque
1312 1493 1506 1549 beatus
1534 1490 1800 1564 pontifex,
1833 1491 1891 1547 in

288 1594 532 1643 tractatu
581 1584 658 1642 De
691 1585 897 1642 diluvio
931 1595 986 1641 et
1021 1602 1147 1642 area
1189 1584 1325 1653 Noe,
1357 1586 1575 1642 habitus
1601 1585 1705 1641 hoc
1727 1584 1890 1641 modo

287 1677 673 1751 arrogantium
698 1671 914 1737 curavit
939 1681 1172 1747 edicere,
1197 1680 1407 1737 scilicet
1441 1679 1631 1751 quales
1677 1677 1888 1734 descri-

289 1774 374 1829 bit
392 1772 565 1831 lsaias
585 1772 786 1831 Iudaeae
806 1774 970 1841 tilias,
1002 1774 1291 1830 oculorum
1304 1775 1571 1830 micantes
1585 1773 1813 1829 nutibus
1835 1780 1893 1828 et

289 1865 406 1921 alta
436 1880 496 1921 se
530 1865 740 1921 cervice
768 1865 1060 1936 iactantes.
1105 1864 1247 1920 Sunt
1269 1864 1415 1921 enim
1438 1864 1756 1936 huiusmodi
1780 1863 1889 1919 eri-

288 1965 486 2029 gentes
511 1956 824 2028 supercilia,
860 1956 1050 2013 inflato
1081 1957 1264 2025 corde,
1300 1958 1445 2013 elato
1483 1965 1724 2028 pectore,
1770 1972 1889 2012 cer-

289 2050 416 2105 vice
448 2049 723 2121 resupina,
762 2048 858 2120 qui
898 2049 1077 2104 solum
1120 2049 1342 2121 quidem
1379 2049 1575 2120 pedum
1605 2048 1889 2119 prazstrin-

290 2146 428 2210 gant
472 2138 753 2210 vestigiis,
806 2146 921 2195 toto
967 2147 1150 2196 autem
1191 2154 1251 2196 se
1298 2139 1501 2194 librant
1551 2152 1782 2209 corpore
1837 2147 1894 2195 et

293 2230 447 2285 inani
484 2231 829 2302 suspendunt
872 2231 1166 2287 texamine.
1214 2229 1275 2286 ln
1317 2231 1501 2302 priora
1534 2247 1724 2304 gressu
1763 2243 1892 2302 pro-

291 2325 487 2392 deunt,
531 2324 587 2380 in
632 2324 937 2397 posteriora
982 2324 1240 2381 verticem
1293 2325 1642 2392 reclinantes,
1690 2324 1892 2381 ctelum

293 2428 545 2490 spectant
577 2439 592 2474 :
626 2428 829 2475 terram
866 2428 1049 2475 autem
1075 2417 1384 2487 fastidiunt,
1414 2426 1681 2490 tanquam
1713 2419 1893 2475 cervi-

293 2512 379 2567 cis
399 2511 587 2566 dolore
616 2511 814 2578 sullixi,
839 2519 901 2567 ut
921 2527 1042 2567 eam
1073 2511 1338 2567 inclinare
1375 2527 1483 2566 non
1511 2511 1744 2582 possint.
1779 2509 1894 2567 Hos

295 2603 465 2677 igitur
485 2603 682 2658 delevit
706 2601 851 2658 Deus
879 2603 946 2658 de
970 2603 1112 2658 libro
1144 2603 1289 2671 vita},
1325 2602 1511 2659 dicens
1538 2622 1550 2657 :
1588 2600 1772 2658 Omnis
1804 2602 1896 2675 qui

294 2714 350 2751 se
372 2693 602 2761 exultat,
628 2694 1004 2749 humiliabitur
1024 2694 1176 2765 (Luc.
1203 2712 1313 2761 xlv,
1339 2693 1449 2765 ll).
1474 2692 1585 2750 Nec
1614 2693 1761 2749 inter
1783 2709 1896 2749 me-

293 2789 401 2844 rita
443 2796 760 2844 sanctorum
811 2787 1138 2843 commentis
1187 2785 1308 2859 [al.,
1357 2784 1715 2858 eommeritis]
1766 2783 1897 2842 facit

292 2884 576 2939 adhaerere
605 2881 941 2939 ctelestibus.
982 2880 1109 2937 Πεεο
1143 2881 1346 2937 idcirco
1393 2880 1655 2948 diximus,
1698 2887 1759 2936 ut
1801 2896 1917 2943 (ιο-τ

294 2985 567 3047 gnoseant
596 2992 788 3032 omnes
824 2976 949 3046 quis
986 2974 1042 3030 in
1079 2982 1232 3031 tanto
1277 2974 1616 3032 Francorum
1656 2975 1895 3047 impera—

290 3078 417 3125 tore
462 3068 650 3124 mundi
685 3068 852 3124 fuerit
892 3070 1212 3140 despectus,
1244 3067 1339 3139 qui
1365 3067 1670 3124 humilitate
1708 3075 1896 3124 sancta

294 3161 569 3217 calorum
606 3160 856 3233 possedit
894 3177 1080 3234 regna.
1373 3164 1386 3181 '

369 3295 548 3368 Hujus
573 3296 743 3369 igitur
763 3298 950 3371 inclyti
981 3298 1125 3371 regis
1159 3315 1295 3356 avus
1325 3297 1504 3371 Hugo,
1534 3314 1634 3371 pro
1669 3298 1892 3371 pietate,

294 3390 574 3456 bonitate,
605 3388 925 3446 fortitudine
977 3389 1209 3462 Magnus
1249 3391 1460 3459 dictus,
1498 3392 1895 3448 monasterium

295 3481 360 3538 S.
395 3481 644 3555 Maglorii
673 3481 1011 3561 confessoris
1040 3481 1247 3539 Christi
1289 3483 1345 3538 in
1387 3482 1605 3540 civitate
1649 3482 1897 3541 Parisios

295 3576 467 3632 simul
494 3591 619 3630 cum
661 3575 774 3630 lilio
800 3582 1127 3632 construens
1154 3576 1428 3644 nobiliter,
1461 3575 1764 3633 monachos
1792 3577 1899 3634 sub

295 3670 489 3741 regula
513 3670 685 3741 patris
710 3669 989 3726 Benedicti
1013 3670 1194 3726 vivere
1218 3679 1440 3742 paratos
1466 3670 1539 3727 ibi
1565 3671 1816 3740 collocat,
1844 3680 1900 3727 et

296 3764 357 3818 in
379 3779 518 3819 auro
545 3764 632 3819 vel
660 3773 889 3836 argento
922 3765 1107 3823 locum
1151 3765 1331 3835 ipsum
1376 3764 1542 3831 dicat,
1592 3773 1660 3820 et.
1686 3764 1899 3822 caeteris

297 3856 663 3924 ornamentis,
685 3871 786 3927 pro
807 3857 983 3914 salute
1018 3873 1117 3913 sua
1150 3865 1205 3913 et
1226 3857 1323 3913 ﬁlii
1352 3874 1418 3914 ac
1443 3856 1651 3915 futurae
1665 3858 1900 3929 posteri-

298 3953 449 4009 tatis.
490 3951 661 4008 Mater
693 3967 913 4023 quoque
938 3953 1058 4024 eius
1096 3953 1417 4024 supradicta
1438 3953 1777 4021 Ailhelaidis,
1808 3954 1902 4011 ad-

300 4047 552 4103 miranda
574 4046 712 4104 satis
733 4046 788 4101 in
810 4054 1001 4105 sancta
1027 4047 1313 4105 devotione
1357 4048 1565 4120 regina,
1608 4046 1737 4104 fecit
1780 4063 1902 4104 mo-

299 4138 605 4195 nasterium
658 4138 835 4196 sancti
892 4137 1209 4195 Frambaldi
1265 4140 1333 4195 in
1375 4140 1594 4197 civitate
1651 4139 1901 4197 Silvane-

300 4232 498 4299 ctensi,
530 4232 623 4286 ubi
655 4231 941 4290 duodecim
977 4232 1045 4288 ad
1073 4232 1422 4305 serviendum
1468 4233 1702 4290 Domino
1740 4235 1902 4291 cleri-

300 4340 400 4381 cos
425 4325 578 4382 misit
605 4333 659 4380 et
687 4325 754 4380 de
777 4325 980 4397 quibus
1008 4312 1255 4382 viverent
1277 4328 1493 4383 abunde
1512 4328 1903 4386 subministra-

302 4420 399 4474 vit.
456 4419 777 4476 Construxit
804 4427 859 4475 et
891 4419 1287 4476 monasterium
1336 4421 1393 4475 in
1440 4422 1720 4478 territorio
1746 4420 1902 4481 Pari—
1936 4444 1943 4449 τ

1974 572 2177 629 itidem
2200 588 2365 644 opere
2407 571 2607 627 factam
2651 568 2901 626 contulit.
2941 566 3043 623 Cui
3068 574 3125 621 et
3152 565 3328 630 aliud,
3358 573 3418 619 ut
3455 571 3581 617 tan-

1991 672 2105 718 tam
2139 661 2365 720 decebat
2394 663 2678 730 feminam,
2701 668 3083 717 ornamentum
3105 657 3410 722 contexuit,
3424 655 3577 727 .quo‘d

1990 765 2216 812 vocatur
2245 756 2395 812 orbis
2428 764 2720 820 terrarum,
2760 753 2839 809 illi
2877 751 3061 808 Caroli
3088 748 3240 805 Calvi
3272 744 3577 803 dissimilli-

1992 865 2163 904 mum.
2207 848 2473 919 Sperabat
2495 847 2644 904 enim
2684 861 2743 903 se
2784 844 2894 900 Deo
2923 842 3098 899 ﬁdelis
3140 839 3328 912 regina
3368 845 3579 908 partem

1992 941 2302 997 habituram
2340 957 2464 997 cum
2514 955 2601 1007 eo,
2639 939 2729 996 cui
2765 931 3286 1008 promiser‘abDeus
3329 943 3583 986 sermone

1991 1047 2103 1087 non
2123 1048 2283 1089 casso
2303 1033 2718 1105 impetraturum
2744 1044 2844 1102 pro
2864 1029 3282 1101 quibuscunque
3314 1020 3579 1094 petiisset.

1991 1123 2203 1180 Etenim
2235 1126 2382 1182 illius
2415 1125 2669 1181 universa
2706 1121 2992 1194 progenies
3037 1117 3298 1174 famulam
3342 1130 3402 1170 se
3446 1112 3583 1167 tanti

1992 1218 2248 1290 martyris
2291 1219 2346 1273 in
2382 1216 2532 1273 omni
2568 1230 2733 1287 opere
2777 1212 3169 1285 proclamabat,
3205 1208 3440 1265 reddens
3479 1204 3589 1261 Do-

1993 1308 2143 1364 mino
2174 1326 2275 1367 suo
2295 1326 2418 1381 quae
2441 1317 2570 1367 sunt
2598 1308 2749 1365 servi
2772 1306 2969 1365 debita:
2986 1303 3268 1362 servitutis
3293 1297 3581 1371 obsequio.

1992 1400 2171 1460 Erant
2208 1402 2478 1473 siquidem
2531 1402 2661 1457 huic
2706 1397 3049 1473 generationi
3088 1394 3354 1467 speciales
3400 1391 3586 1456 amici,

1993 1508 2182 1558 sancta
2215 1497 2465 1554 videlicet
2496 1494 2685 1562 Maria,
2711 1500 2942 1564 et‘pater
2973 1498 3030 1547 et
3048 1491 3160 1546 dux
3188 1486 3588 1545 monachorum

1995 1600 2219 1651 sanctus
2246 1589 2595 1655 Benedictus,
2629 1594 2856 1643 sanctus
2881 1599 3105 1656 quoque
3143 1581 3433 1644 Martinus,
3466 1592 3591 1633 sane

1992 1695 2115 1743 ctus
2145 1699 2247 1739 nec
2271 1697 2340 1738 ne
2365 1681 2612 1736 Anianus
2639 1687 2803 1750 atque
2827 1676 3109 1733 vietoriosi
3132 1681 3400 1746 martyres
3429 1669 3592 1725 Chri-

1994 1778 2066 1835 sti
2093 1775 2383 1832 Cornelius
2408 1781 2463 1829 et
2488 1771 2834 1845 Cyprianus;
2885 1767 3268 1840 optatissimus
3316 1778 3448 1819 vero
3480 1762 3593 1835 glo-

1994 1872 2179 1927 riasus
2215 1875 2426 1939 martyr
2453 1864 2750 1937 Dionysius
2786 1877 2852 1918 ac
2877 1860 3078 1933 inclyta
3116 1861 3274 1931 virgo
3300 1857 3462 1913 beata
3486 1853 3593 1910 Ge-

1992 1960 2209 2019 novefa.
2234 1960 2431 2015 Fertur
2445 1965 2631 2015 autem
2660 1955 2866 2012 dixisse
2900 1954 3147 2009 moriens
3184 1951 3365 2007 bonus
3395 1945 3605 2003 Pater:

2070 2077 2088 2108 ι
2118 2054 2164 2111 Ο
2198 2054 2404 2125 optime
2433 2051 2534 2120 fili,
2563 2065 2660 2122 per
2690 2056 2940 2105 sanctam
2967 2055 3024 2103 et
3050 2043 3387 2101 individuam
3408 2039 3599 2096 .Triui-

1994 2157 2162 2206 tatem
2197 2155 2250 2202 te
2289 2144 2553 2210 obtestor,
2604 2156 2676 2197 ne
2715 2139 2939 2212 quando
2965 2138 3186 2193 animus
3208 2134 3478 2204 subripiat
3499 2147 3593 2188 ac-

1993 2242 2275 2316 quiescere
2323 2235 2570 2293 consiliis
2605 2231 2969 2298 adulantium,
2998 2230 3085 2285 vel
3122 2227 3446 2316 muneribus
3496 2223 3599 2279 do-

1995 2315 2191 2401 nisque
2232 2325 2520 2384 venenatis
2557 2331 2611 2379 te
2644 2321 2713 2378 ad
2747 2328 2876 2376 vota
2917 2335 3015 2376 sua
3045 2318 3281 2389 maligna
3327 2315 3599 2375 adducere

1992 2418 2333 2492 cupientium
2361 2432 2429 2472 ex
2454 2414 2544 2471 his
2584 2411 2818 2469 abhatiis
2855 2425 2980 2481 qum
3000 2408 3101 2464 tibi
3127 2414 3253 2478 post
3274 2405 3442 2461 Deum
3474 2418 3598 2474 per-

1997 2512 2284 2585 petualiter
2309 2508 2535 2580 delego;
2558 2518 2693 2561 neve
2729 2501 2899 2558 animi
2929 2500 3148 2556 levitate
3176 2497 3378 2554 ductus
3416 2492 3568 2565 quoii
3587 2519 3601 2530 -

1997 2606 2089 2660 bet
2121 2603 2285 2659 modo
2310 2599 2607 2666 distrahas,
2637 2595 2866 2667 diripias
2891 2603 2987 2650 aut
3019 2593 3101 2648 ira
3123 2590 3399 2647 excitante
3436 2585 3600 2647 dissi-

1998 2709 2114 2767 pes.
2161 2691 2481 2765 Specialiter
2500 2704 2633 2745 vero
2665 2688 2766 2744 tibi
2794 2686 3013 2742 iuculco
3044 2683 3196 2740 nullo
3219 2689 3379 2753 pasto
3390 2678 3601 2734 ducem

2000 2785 2267 2851 omnium,
2295 2783 2515 2840 Patrem
2544 2780 2670 2837 dico
2695 2778 3073 2844 Benedictum,
3103 2792 3142 2831 a
3164 2784 3218 2832 te
3250 2772 3477 2845 patiaris
3515 2771 3603 2826 d-i-

1999 2880 2148 2946 velli,
2195 2878 2352 2933 illum
2400 2874 2545 2946 apud
2583 2868 3243 2938 eommunemnludicemu
3267 2865 3461 2951 salutis
3503 2864 3602 2919 ad-

2001 2973 2161 3039 itum,
2199 2966 2616 3041 tranquillitatis
2649 2973 2869 3037 portum
2890 2970 3141 3037 .postque
3176 2958 3361 3017 carnis
3386 2956 3600 3014 obitum

2000 3060 2315 3119 securitatis
2350 3058 2583 3132 asylum.
2608 3075 2653 3109 »ρ

2073 3153 2208 3222 Quae
2230 3161 2414 3209 autem
2436 3151 2557 3208 hac
2588 3148 2785 3206 ancilla
2827 3145 2944 3214 Dei,
2980 3155 3157 3202 mater
3188 3138 3608 3227 prudentissimi

1998 3247 2145 3319 regis
2169 3245 2439 3312 Rotbcrti,
2470 3258 2640 3315 opera
2686 3243 2825 3297 bona
2857 3240 3066 3307 fecerit,
3099 3237 3291 3309 paucis
3336 3238 3616 3294 adnotare

1996 3342 2148 3398 libet.
2187 3338 2326 3411 lpse-
2344 3336 2563 3409 juvenis
2585 3330 3027 3390 laborabat‘farti
3062 3328 3378 3385 infirmitate
3415 3341 3627 3397 corpo-s

1997 3436 2115 3503 ris,.
2134 3434 2201 3490 de
2225 3448 2356 3504 qua-
2373 3439 2493 3486 erat
2519 3427 2662 3500 patri
2684 3434 2740 3483 et
2766 3424 2931 3481 matri
2953 3423 3009 3479 in
3048 3422 3245 3478 timore
3270 3418 3599 3492 periculum.

1998 3526 2253 3597 Prii-quo
2293 3523 2424 3580 fecit
2448 3522 2505 3577 in
2533 3518 2739 3578 seniori
2768 3516 3001 3575 ecclesia
3028 3511 3443 3570 Aurelianensis
3470 3510 3604 3566 civi-

2000 3616 2148 3685 tatis,
2177 3631 2343 3687 quam
2374 3620 2599 3670 sanctus
2631 3608 2891 3665 Evurtius
2924 3623 3022 3680 per
3043 3604 3139 3660 Dei
3163 3604 3446 3660 dexteram
3476 3599 3604 3659 fun-

1997 3709 2149 3765 davit
2186 3716 2242 3763 et
2283 3721 2438 3762 more
2484 3700 2860 3761 ecclesiastico
2899 3697 3178 3756 benedixit
3211 3697 3267 3752 in
3313 3702 3515 3752 sancta:
3540 3701 3629 3752 et.

1998 3801 2229 3859 viviﬁca:
2247 3799 2445 3857 Crucis
2465 3799 2674 3854 honore
2685 3793 2981 3867 imaginem
2998 3790 3215 3847 Domini
3232 3799 3287 3845 et
3303 3786 3621 3844 Salvaton‘s

2001 3896 2176 3953 nostri
2204 3893 2332 3950 Jesu
2356 3891 2563 3948 Christi
2589 3888 2877 3961 pendentis
2897 3886 2955 3941 in
2977 3900 3165 3952 cruce,
3185 3898 3259 3939 ex
3280 3896 3416 3938 auro
3440 3895 3603 3952 puro,

2000 3998 2064 4045 ut
2104 3989 2437 4045 liberaretur
2463 4001 2494 4040 a
2520 3982 2716 4039 mortis
2745 3979 3012 4052 periculo,
3048 3992 3212 4048 quem
3249 3974 3395 4032 Deus
3425 3973 3606 4029 omni-

2000 4090 2196 4153 potens
2219 4079 2334 4150 iam
2354 4076 2511 4148 apud
2535 4091 2596 4131 se
2616 4074 2935 4130 decreverat
2963 4076 3325 4142 regnaturum
3350 4065 3407 4121 in
3443 4079 3603 4121 mun-

2003 4174 2096 4230 do.
2138 4169 2274 4226 Nam
2303 4169 2504 4239 eteius
2553 4166 2754 4222 virtute
2780 4163 3044 4221 liberatus
3072 4168 3177 4216 est.
3235 4157 3466 4213 Dederat
3501 4171 3603 4210 au-

2004 4271 2196 4327 tem-et
2234 4268 2389 4333 pater
2427 4273 2527 4330 pro
2557 4257 2668 4313 lilio
2704 4254 2871 4311 unico
2899 4260 3103 4310 sancta:
3129 4248 3325 4306 Crucis
3363 4249 3484 4303 loco
3510 4261 3606 4301 ur-

2003 4371 2162 4412 ceum
2216 4361 2538 4424 argenteum
2586 4348 3014 4420 pensantemu
3044 4344 3247 4410 libras,
3296 4341 3393 4413 qui
3427 4354 3613 4410 usque

2004 4447 2074 4503 ad
2102 4448 2218 4503 llth
2245 4453 2432 4501 nostra
2458 4452 2705 4511 tempora
2736 4437 3041 4511 permansit
3066 4438 3122 4492 in
3149 4435 3314 4491 domo
3344 4432 3441 4489 Dei
3471 4448 3616 4489 san--~

301 4514 494 4580 siensi,
516 4514 647 4569 villa
668 4529 790 4585 quae
815 4513 1016 4569 dicitur
1057 4513 1427 4586 Argentoilus,
1474 4515 1569 4570 ubi
1608 4531 1896 4574 numerum

2004 4547 2110 4594 cta.
2150 4537 2417 4593 Crescens
2458 4532 2659 4604 quippe
2699 4540 2860 4586 aetate
2894 4538 2949 4585 et
2976 4529 3062 4581 vir
3083 4526 3262 4581 factus
3288 4524 3491 4579 virtute
3515 4531 3603 4577 to-

301 4608 626 4665 ancillarum
652 4607 755 4662 Dei
781 4622 892 4663 non
920 4607 1345 4664 minimumsub
1370 4624 1564 4665 norma
1597 4610 1774 4668 sancti
1797 4609 1899 4665 Be-

303 4701 505 4758 nedicti
541 4700 721 4756 vivere
744 4707 968 4770 paratas
1002 4698 1289 4766 adunavit;
1323 4698 1393 4754 ad
1418 4699 1637 4755 laudem
1686 4706 1744 4757 et
1781 4699 1899 4771 glo-

302 4794 443 4849 riam
475 4793 747 4849 bonorum
787 4793 1037 4849 omnium
1082 4791 1436 4864 lnspiratoris
1470 4800 1525 4848 et
1554 4792 1659 4850 sub
1688 4791 1900 4848 honore

303 4892 507 4941 sancta:
553 4883 651 4939 Dei
698 4885 981 4957 genitricis
1023 4896 1071 4941 et
1123 4894 1399 4955 perpetuae
1443 4883 1671 4956 virginis
1717 4882 1901 4940 Mariae

218 5021 227 5028 .
302 4974 666 5044 omnipotenti
713 4974 948 5031 Domino
981 4975 1223 5031 dedicari
1256 4983 1312 5031 et
1348 4975 1663 5031 consecrari
1706 4973 1895 5030 voluit.

302 5065 455 5122 Fecit
478 5066 835 5124 nihilominus
867 5077 1060 5125 sancto
1091 5067 1337 5138 pontifici
1378 5067 1614 5124 Martino
1654 5067 1900 5123 casulam

300 5175 442 5215 auro
471 5168 753 5231 operatam
792 5161 1021 5232 optimo,
1071 5161 1215 5217 inter
1258 5161 1511 5232 scapulas
1558 5160 1901 5232 maiestatem

302 5252 420 5308 veri
470 5253 747 5322 pontificis
788 5255 1183 5321 continentem,
1225 5252 1522 5311 Cberubim
1567 5268 1789 5324 quoque
1835 5268 1903 5309 ac

304 5345 594 5416 Seraphim
633 5347 775 5402 colla
816 5347 1159 5404 Dominatori
1201 5346 1449 5403 omnium
1499 5344 1895 5403 submittentia.

300 5437 365 5494 In
418 5446 638 5509 pectore
674 5455 808 5495 vero
853 5440 1069 5513 Agnum
1105 5439 1223 5507 Dei,
1248 5448 1474 5497 nostrae
1508 5438 1900 5509 redemptionis

300 5530 577 5598 hostiam;
604 5540 895 5603 quatuore
923 5534 1142 5605 regione
1179 5532 1463 5604 praefigens
1497 5531 1755 5589 animalia
1791 5530 1901 5587 Do-

304 5623 519 5681 minum
541 5624 730 5696 gloria:
762 5626 1066 5683 adorantia.
1116 5625 1270 5682 Fecit
1296 5633 1350 5681 et
1379 5626 1554 5681 eidem
1583 5625 1745 5681 beato
1775 5640 1903 5680 con-

300 5716 498 5775 fesmri
528 5732 757 5789 eappam
794 5734 960 5772 unam
996 5718 1259 5776 intextam
1298 5734 1467 5785 auro;
1506 5718 1645 5774 duas
1676 5733 1806 5773 vero
1831 5732 1898 5773 ex

299 5818 550 5884 argento.
595 5809 830 5883 Speciali
861 5820 1042 5869 autem
1076 5826 1179 5871 suo
1208 5820 1333 5884 post
1366 5811 1658 5869 Dominum
1691 5810 1898 5867 amico-

2001 4641 2117 4688 tam
2147 4639 2352 4686 terram
2391 4635 2597 4683 sanctae
2630 4623 2851 4689 Crucis,
2888 4635 3057 4691 quam
3094 4617 3262 4673 Fulco
3311 4616 3611 4685 episcopus

2004 4737 2105 4794 pro
2148 4718 2422 4790 adiutorio
2464 4716 2554 4773 sui
2606 4713 2823 4786 Hugoni
2862 4708 3247 4783 potentissimo
3282 4704 3604 4793 Belvacensi

2005 4814 2257 4878 dederat;
2293 4810 2386 4866 hic
2417 4809 2502 4864 vir
2522 4806 2644 4873 Dei,
2673 4805 2769 4876 qui
2798 4803 2961 4859 laude
2981 4813 3035 4858 et
3053 4800 3222 4856 verbo
3241 4794 3603 4869 omnipbtenti

2006 4903 2380 4975 eomplacebat
2411 4896 2547 4967 Deo,
2577 4882 2985 4955 nimstofactus
3025 4894 3231 4960 animo,
3270 4907 3369 4967 per
3403 4887 3605 4946 saecula

2007 4987 2333 5053 celebrando
2362 4991 2657 5051 salutiferae
2679 4988 3018 5045 Crucisloeo
3042 5001 3148 5041 suo
3180 4981 3412 5039 reddidit
3437 4980 3599 5037 dono.

2006 5086 2163 5143 Hunc
2183 5086 2419 5157 denique
2436 5087 2643 5151 locum,
2670 5079 3129 5136 Aurelianensem
3153 5074 3363 5132 scilicet
3394 5071 3603 5135 sedem,
3629 5128 3639 5134 _

2005 5181 2300 5254 specialius
2327 5193 2545 5249 semper
2567 5175 2778 5254 dilexit,
2807 5172 2937 5243 quia
2975 5171 3029 5225 in
3059 5184 3124 5225 ea
3148 5175 3310 5223 natus
3348 5163 3603 5227 adolevit,

2004 5252 2212 5347 etpost
2255 5252 2613 5346 regeneratus
2643 5266 2713 5324 ei
2760 5280 2903 5336 aqua
2950 5272 3004 5318 et
3042 5260 3497 5332 Spiritu-sancto,
3530 5254 3604 5310 ibi

2005 5365 2402 5438 assumptionis
2431 5377 2549 5419 sua:
2577 5361 2634 5416 in
2663 5357 2868 5429 Regem
2911 5354 3214 5410 solemnem
3252 5349 3441 5420 utique
3480 5360 3604 5417 per-

2006 5452 2150 5531 cepit
2197 5454 2658 5515 ben'edictionem.
2716 5449 2963 5503 Domnus
3015 5445 3180 5500 etiam
3233 5438 3604 5529 Theodericum

2004 5552 2253 5627 eiusdem
2288 5538 2532 5608 civitatis
2560 5547 2875 5618 episcopus,
2907 5541 3067 5625 cujus
3096 5554 3202 5594 vox
3242 5535 3460 5627 laudem
3485 5531 3602 5627 Du:

2005 5621 2141 5703 mini
2160 5621 2324 5716 digne
2350 5649 2405 5697 et
2436 5636 2783 5694 laudabiliter
2829 5622 3133 5696 eructahat,
3182 5627 3371 5682 volens
3411 5621 3600 5716 haberi

2005 5737 2328 5795 memoriam
2356 5733 2442 5790 sui
2467 5729 2709 5787 nominis
2724 5728 2780 5782 in
2806 5722 3137 5781 monasterio
3158 5728 3362 5778 sancta:
3383 5715 3599 5780 Crucis,

2002 5831 2153 5893 iubet
2175 5843 2272 5885 vas
2301 5826 2419 5884 fieri
2449 5841 2514 5883 ex
2555 5830 2775 5880 centum
2801 5818 2992 5876 solidis
3018 5814 3136 5881 auri
3161 5813 3372 5893 optimi,
3406 5810 3460 5865 in
3490 5823 3601 5881 quo
