4104 5260
493 102 597 159 flii

1618 110 1913 167 ROBERTI
1955 111 2160 169 REGIS
2194 112 2619 171 FRANCOBL‘M

3652 111 3755 167 020

494 222 912 270 consecraretur
957 216 1180 286 sanguis
1218 217 1431 275 Domini
1478 223 1650 279 nostri
1693 223 1823 280 Jesu
1857 222 2080 281 Christi.
2114 227 2161 284 Α
2186 236 2240 282 et
2270 242 2482 298 semper
2518 235 2750 282 amatus.
2781 224 2879 280 Die
2917 233 3096 280 autem
3122 223 3300 301 primo
3324 223 3561 295 perlecta
3587 224 3753 281 bene-

490 305 761 364 Jnnxerat
797 325 857 364 se
900 306 1052 365 tanta
1088 313 1332 382 pontiﬁci
1385 332 1479 371 rex
1524 310 1704 374 mente
1739 319 1950 385 humili,
1978 320 2071 391 qui

493 416 732 470 superna
755 412 937 471 tactus
974 420 1161 462 amore
1182 405 1312 463 fecit
1336 408 1390 464 in
1432 410 1550 480 ipso
1573 422 1764 467 sancto
1788 413 1957 471 calice
1979 429 2075 486 pa-

494 495 680 544 tenam
717 491 786 545 ad
824 490 1224 549 conﬁciendum
1262 495 1318 550 in
1352 511 1417 553 ea
1460 514 1658 569 corpus
1697 500 2075 573 Redemptoris

492 582 703 650 mundi,
741 592 800 638 ut
826 593 973 641 esset
1005 586 1054 641 ei
1093 589 1274 645 crucis
1322 591 1661 662 signaculum
1711 594 1765 650 in
1812 597 2074 651 auxilium

492 682 757 760 rtsancta
790 676 976 746 passio
998 692 1128 734 vera
1169 680 1365 737 animae
1413 684 1706 757 carnisque
1749 687 2072 760 redemptio.

495 759 860 823 Nihilominus
909 778 964 824 et
1001 769 1262 826 damnum
1302 769 1612 832 Odolricum
1658 778 1975 850 episcopum
2023 781 2077 835 in

496 855 820 925 sacerdotali
840 859 1162 916 vestimento
1179 861 1259 917 sic
1280 863 1591 934 honoravit,
1621 876 1679 923 ut
1701 877 1890 925 astans
1911 868 1965 923 in
1989 884 2078 924 sa-

496 947 706 1004 criﬁcio
726 947 942 1005 Domini
965 951 1353 1012 circumtectus
1376 972 1444 1013 ex
1488 959 1637 1014 omni
1674 969 1829 1030 parte
1858 976 1993 1016 aura
2026 969 2081 1017 et

470 1038 737 1112 purpura
777 1042 1070 1100 videretur.
1113 1044 1403 1104 Urceolum
1447 1066 1515 1106 ex
1563 1052 1823 1109 onichino
1852 1053 2079 1120 factum,

496 1134 645 1202 quod
673 1147 1082 1206 comparaverat
1107 1154 1204 1195 rex
1239 1140 1543 1199 ditissimus
1573 1146 1748 1214 pretio
1794 1162 1863 1201 1.x
1907 1146 2080 1202 libra-

480 1237 644 1291 rum,
679 1224 874 1311 iterum
916 1227 1019 1299 ipsi
1064 1241 1265 1288 sanctae
1292 1232 1485 1291 Crucis
1513 1235 1636 1293 loco
1667 1239 1894 1295 contulit
1919 1239 2082 1295 simul

499 1332 625 1372 cum
648 1317 758 1374 alia
777 1332 1035 1392 argenteo
1068 1332 1123 1379 et
1151 1327 1448 1396 manipulo.
1490 1327 1645 1384 Dedit
1686 1329 1850 1385 etiam
1880 1340 1935 1385 et
1967 1332 2084 1402 pal-

502 1408 570 1468 lEa
605 1410 707 1465 tria
733 1412 970 1481 pretiosa
993 1415 1049 1470 in
1081 1427 1276 1477 ornatu
1302 1420 1564 1485 ecclesiae,
1589 1438 1687 1492 pro
1713 1439 1809 1478 sua
1830 1438 2085 1478 suorum-

468 1539 472 1543 .
498 1515 607 1569 que
627 1500 863 1558 ﬁliorum
899 1506 1095 1574 salute,
1126 1519 1180 1564 et
1211 1510 1317 1565 alia
1364 1513 1533 1568 multa
1574 1529 1696 1584 quae
1722 1530 1829 1568 non
1858 1526 2085 1584 possunt

2182 320 2420 375 dictione
2444 319 2705 385 mirabili,
2735 326 2890 389 pater
2914 317 3070 373 laetus
3099 316 3276 373 factus
3305 318 3371 372 de
3406 317 3536 383 ﬁlia,
3574 320 3754 374 exsul-

2182 414 2329 468 tabat
2358 413 2555 484 gaudia
2584 412 2868 466 immenso.
2897 408 3210 464 Admonitio
3232 409 3402 478 patris
3431 424 3496 464 eo
3520 410 3609 465 die
3633 410 3754 466 talis

2181 501 2323 557 facta
2355 501 2513 558 estin
2543 501 2655 556 tilia
2685 501 2830 556 bona
2864 518 2877 554 :
2918 518 2935 551 ι
2960 496 3111 565 Vide,
3149 498 3246 565 ﬁli,
3283 514 3500 570 semper
3535 500 3614 557 sis
3643 516 3756 556 me—

2180 609 2303 648 mor
2325 592 2441 659 Dei,
2470 592 2565 664 qui
2595 602 2646 648 te
2672 592 2835 647 hodie
2867 590 3184 662 participem
3223 591 3307 651 sui
3332 590 3461 646 fecit
3487 592 3662 663 regni,
3694 603 3756 648 ut

2180 687 2455 759 :eqnitatis
2495 695 2549 741 et
2589 685 2817 757 justitite
2863 684 2917 738 in
2964 683 3175 740 semitis
3220 683 3522 739 delecteris.
3576 682 3752 752 Quod,

2181 795 2389 851 quaeso,
2421 778 2681 834 attribuat
2709 777 2844 831 mihi
2874 775 3016 831 Deus
3047 783 3109 831 ut
3127 774 3359 838 videam,
3382 784 3436 830 et
3457 776 3554 830 tibi
3589 786 3647 829 ut
3675 772 3756 828 fa-

2172 872 2299 927 cias
2329 870 2487 941 juxta
2516 869 2637 941 ejus
2663 868 3019 933 voluntatem,
3071 881 3195 936 qua:
3240 864 3495 920 omnibus
3544 865 3757 920 deside-

2182 963 2432 1019 rantibus
2461 976 2581 1016 eam
2614 974 2825 1030 semper
2850 958 3021 1013 adest.
3061 977 3078 1009 ι
3116 955 3258 1010 Inter
3294 956 3409 1011 haec
3444 954 3635 1011 festiva
3668 968 3757 1011 so-

2184 1054 2387 1110 lemnia
2415 1052 2636 1125 quidam
2667 1051 3012 1116 clericorum,
3044 1063 3245 1104 vesano
3275 1048 3437 1103 corde
3468 1047 3758 1103 meditatus

2184 1161 2458 1218 perversa,
2498 1145 2765 1201 accelerat
2806 1142 3065 1213 perﬁcere
3110 1155 3193 1196 ea.
3234 1139 3478 1211 Speciem
3517 1138 3663 1194 cervi
3691 1154 3757 1194 ex

2186 1244 2412 1309 argenta
2436 1249 2588 1289 mero
2626 1232 2753 1290 facti
2784 1233 2869 1288 vir
2896 1231 2991 1287 Dei
3022 1231 3228 1286 habens
3251 1232 3304 1285 in
3336 1230 3609 1286 thesauris
3643 1229 3760 1285 suis

2185 1342 2252 1382 ea
2292 1325 2662 1381 delectabatur
2711 1323 3046 1379 solemnibus
3090 1320 3264 1377 festis.
3311 1320 3610 1391 Aceeperat
3658 1321 3761 1377 hoc

2187 1431 2389 1472 munus
2423 1431 2452 1470 a
2475 1417 2613 1471 duce
2638 1410 3078 1468 Normannorum
3109 1410 3380 1488 Richardo
3413 1411 3482 1465 ad
3508 1425 3642 1465 usus
3665 1410 3763 1464 hu.

2187 1524 2401 1576 manus,
2430 1508 2575 1579 quod
2596 1506 2864 1579 benignus
2893 1520 3007 1571 ore,
3030 1504 3299 1575 benignus
3311 1502 3494 1569 corde,
3526 1502 3763 1574 benigna

466 1630 472 1635 .
499 1590 678 1647 littera
715 1597 890 1651 notari
916 1613 1016 1653 nec
1045 1615 1274 1656 numero
1308 1604 1713 1674 comprehendi.
1755 1604 2083 1664 Sanctorum
2118 1586 2160 1661 Β
2188 1617 2295 1655 non
2317 1600 2530 1656 distulit
2560 1597 2808 1654 conferre
2836 1596 2966 1651 Deo.
3005 1595 3134 1651 Erat
3167 1595 3295 1650 huic
3318 1600 3638 1649 ornamento
3668 1591 3763 1646 ad-

495 1680 644 1739 enim
687 1700 913 1757 corpora
956 1700 1254 1763 martyrum
1299 1694 1661 1764 pretiosarum
1709 1695 1986 1754 Saviniani
2031 1709 2086 1756 et

497 1774 824 1847 l'otentiani,
868 1781 964 1851 qui
998 1783 1150 1853 passi
1192 1793 1323 1840 sunt
1363 1788 1627 1843 acerrime
1676 1788 1732 1843 in
1782 1787 2083 1847 Senonensi

498 1869 654 1935 urbe,
697 1886 853 1938 aura,
890 1884 1137 1945 argento,
1174 1877 1403 1947 gemmis
1432 1878 1506 1934 ita
1529 1880 1747 1936 vestivit
1792 1890 1854 1936 ut
1897 1882 1950 1936 in
1997 1883 2084 1939 his

498 1961 856 2019 delectaretur
882 1966 1061 2024 omnis
1081 1968 1339 2035 mundus,
1362 1985 1502 2041 quos
1527 1972 1580 2026 in
1606 1972 1766 2028 terris
1785 1988 1879 2029 rex
1905 1973 2083 2029 bona-

502 2052 827 2121 riﬁcaverat,
860 2056 1021 2113 laude
1065 2058 1264 2130 dignis.
1304 2059 1572 2119 Praeterea
1621 2062 1769 2120 Patri
1796 2064 2085 2124 Benedicto

500 2153 554 2198 et
577 2145 712 2211 suis,
740 2148 829 2203 cui
856 2164 1072 2220 semper
1107 2152 1236 2208 totis
1270 2154 1575 2210 adhaeserat
1600 2157 1946 2226 praecordiis,
1983 2174 2083 2230 pro

464 2272 469 2275 -
501 2252 599 2291 una
638 2236 692 2292 in
722 2246 837 2294 tota
858 2241 1047 2296 mundi
1075 2242 1361 2299 latitudine
1392 2246 1700 2302 admirabili
1737 2249 1876 2316 vita,
1906 2250 2085 2320 pisca-

501 2326 702 2382 toriam
754 2326 999 2400 Ligeritti
1048 2329 1290 2390 ﬂuminis
1337 2335 1766 2408 benignissimus
1797 2339 2080 2405 attribuit,

500 2418 706 2487 scripto
736 2419 975 2477 ﬁrmavit
1005 2432 1061 2478 et
1101 2439 1167 2479 ex
1209 2426 1298 2482 his
1328 2428 1405 2481 nil
1429 2428 1577 2483 aliud
1622 2445 1790 2501 quam
1820 2431 2083 2488 interces-

500 2508 676 2565 sionis
702 2508 851 2567 illius
872 2513 1126 2583 quaesivit
1150 2515 1427 2589 suﬁ‘ragia.
1447 2519 1553 2576 Sed
1577 2530 1631 2577 et
1658 2534 1986 2595 praeceptum
2017 2528 2085 2582 de

466 2642 471 2643 κ
500 2600 849 2662 immunitate
878 2603 1115 2661 Flariaci
1142 2608 1270 2674 laci,
1309 2624 1405 2665 seu
1433 2612 1500 2667 de
1533 2614 1621 2670 his
1660 2632 1785 2686 quae
1815 2625 2086 2673 monaste-

502 2690 572 2744 rii
600 2702 913 2763 competunt
937 2697 1286 2765 utilitatibus,
1312 2703 1637 2761 auctoritate
1672 2707 1818 2777 regia
1849 2708 2085 2764 ﬁrmavit

505 2790 560 2835 ct
588 2782 767 2883 sigillo
795 2795 995 2883 suo-unt
1024 2787 1203 2846 bonus
1233 2800 1287 2847 et
1314 2794 1535 2863 sapiens
1570 2797 1870 2869 insignivit.
1903 2799 1962 2856 ln
1989 2816 2082 2856 ar-

505 2875 779 2928 nameutis
821 2875 1021 2946 quippe
1048 2879 1447 2939 ecclesiasticis
1481 2884 1697 2942 Patrem
1734 2887 2083 2946 Benedictum

506 2961 809 3033 honorans,
854 2980 966 3036 qua
1010 2982 1077 3023 ea
1126 2985 1313 3029 amore
1362 2975 1614 3032 dilexerit
1640 2978 2085 3038 manifestissime

506 3052 737 3121 aperuit.
775 3052 913 3111 Nam
969 3059 1140 3116 altare
1184 3072 1390 3121 sanctae
1432 3065 1529 3122 Dei
1576 3070 1854 3140 genitricis
1904 3071 2088 3129 Maria:

466 3194 475 3199 ,
506 3141 675 3210 pallia
714 3145 1116 3214 pretiosissima
1148 3161 1274 3221 post
1311 3153 1512 3226 ignem,
1549 3160 1645 3229 qui
1677 3159 1782 3216 fuit
1820 3162 2086 3220 immensa

508 3232 682 3335 nostri
711 3236 888 3291 sancti
916 3237 1021 3294 loci
1048 3240 1355 3311 calamitas,
1387 3250 1733 3318 cooperuitet
1763 3252 2089 3325 thymiama-

506 3332 649 3417 terio
684 3342 1082 3417 usquequaque
1122 3335 1258 3391 satis
1291 3336 1549 3408 mirabili,
1584 3358 1720 3399 auro
1763 3351 1817 3400 et
1859 3347 2089 3417 gemmis

508 3410 647 3487 bene
680 3414 891 3471 elevato
923 3418 979 3474 in
1011 3421 1250 3492 sublimi,
1277 3425 1424 3484 hunc
1456 3440 1707 3488 sanctum
1742 3410 2089 3493 devotissime

508 3503 837 3562 nobilitavit.
883 3505 1015 3564 Erat
1052 3513 1199 3568 enim
1246 3526 1301 3572 ct
1347 3518 1453 3577 hac
1492 3522 1721 3593 adplene
1759 3528 2092 3587 conveniens

511 3597 1010 3670 thymiamaterium
1044 3604 1324 3667 thuribulo
1355 3628 1521 3671 aureo
1540 3632 1571 3671 a
1598 3615 1863 3673 Gauzlino
1896 3620 2093 3677 abbate

509 3687 843 3747 mirabilinm
892 3691 1096 3751 factore
1118 3708 1353 3771 patrato,
1385 3705 1544 3774 cujus
1583 3721 1722 3776 opus
1765 3709 2095 3778 splendescit

510 3798 624 3852 pra:
671 3787 928 3842 omnibus
962 3803 1086 3858 quae
1112 3791 1350 3850 vidimus
1376 3796 1481 3866 ipsi
1511 3798 1603 3867 qui
1635 3799 1750 3854 haec
1778 3801 2093 3870 scribimus,

512 3874 571 3929 in
586 3874 851 3951 ‘Floriaco
871 3881 1012 3937 loco.
1031 3883 1419 3941 Monasterium
1447 3886 1505 3942 S.
1531 3886 1782 3945 Cassiani
1807 3890 2093 3949 confesso-

512 3965 593 4021 ris
624 3970 826 4023 summi
854 3971 907 4025 in
931 3970 1120 4030 Hedua
1155 3975 1394 4043 civitate,
1416 3993 1538 4048 quae
1557 3988 1613 4034 et
1644 3980 2093 4051 Augustodunus,

511 4058 685 4115 nimia
718 4060 958 4119 dirutum
995 4075 1265 4123 vetustate
1291 4086 1323 4124 a
1362 4084 1504 4125 navo
1540 4071 1826 4129 aediﬁcavit
1854 4074 1991 4128 etin
2029 4089 2097 4130 eo

513 4147 612 4205 Dei
637 4151 923 4210 ministros
955 4156 1232 4215 collocans
1252 4161 1550 4229 abbatiam,
1584 4162 1726 4220 sicut
1763 4165 1935 4234 prius,
1960 4183 2093 4222 oon-

2180 1693 2406 1764 junctus
2431 1693 2670 1765 scyphus
2698 1705 2952 1756 corneus,
2977 1704 3088 1760 qua
3109 1680 3453 1743 deferebatur
3475 1686 3663 1740 vinum
3695 1686 3765 1739 ad

2185 1785 2569 1842 celebrandum
2624 1781 2975 1838 sacriﬁcium.
3034 1779 3158 1836 llaec
3216 1778 3487 1849 aspiciens
3539 1777 3764 1847 quidam

2174 1876 2409 1949 pestifer
2437 1885 2492 1932 et
2525 1890 2761 1947 nequam
2791 1874 3045 1939 clericus,
3085 1872 3297 1941 arripit,
3338 1869 3527 1941 caligis
3565 1884 3764 1923 recon-

2183 1971 2280 2035 dit,
2303 1970 2413 2026 huc
2449 1969 2688 2038 illucque
2732 1966 2937 2021 vadens
2978 1980 3089 2018 non
3132 1962 3338 2017 invenit
3362 1961 3448 2016 cui
3477 1976 3540 2015 ea
3571 1959 3765 2014 vendi-

2184 2062 2331 2118 tione
2361 2060 2751 2124 contribueret,
2769 2056 2852 2112 vel
2870 2055 3148 2128 quomodo
3178 2053 3322 2108 illam
3360 2051 3597 2123 speciem
3617 2050 3765 2106 cervi

2183 2154 2464 2209 destruere
2506 2158 2712 2222 posset.
2745 2147 3091 2204 Credendum
3121 2154 3205 2201 est
3233 2143 3445 2201 cunctis
3467 2158 3532 2198 ea
3569 2141 3645 2213 pii
3679 2157 3768 2195 re-

2184 2247 2267 2317 gis
2295 2254 2508 2301 servata
2535 2243 2775 2309 meritis,
2806 2241 2901 2312 qui
2924 2249 3039 2295 toto
3067 2240 3230 2295 corde
3265 2246 3385 2294 erat
3416 2236 3529 2293 Deo
3567 2234 3764 2291 ﬁdelis.

2183 2336 2319 2392 Nam
2358 2337 2518 2392 tertia
2555 2334 2780 2390 Sabbati
2813 2335 2866 2388 in
2896 2331 3139 2387 oratorio
3163 2329 3358 2384 Turris
3379 2328 3562 2383 Caroli
3594 2326 3779 2382 collo-

2185 2444 2363 2499 quens
2389 2444 2516 2484 cum
2553 2425 2789 2498 quodam
2835 2422 3203 2479 familiaritate
3224 2419 3464 2493 perfecta
3489 2416 3595 2474 sibi
3626 2432 3765 2474 con-

2180 2522 2395 2592 juncta,
2421 2535 2548 2574 ecce
2570 2517 2658 2572 l‘ur
2677 2516 2901 2573 veniens
2923 2524 3049 2570 ante
3077 2514 3251 2568 altare
3274 2528 3333 2568 se
3368 2510 3618 2577 collocat,
3639 2524 3767 2581 pre-

2185 2630 2278 2670 ces
2301 2611 2520 2668 inutiles
2549 2610 2759 2682 spargit
2777 2618 2830 2665 et
2853 2609 3013 2680 longa
3047 2607 3373 2678 protrahens
3394 2603 3652 2675 suspiria,
3680 2601 3768 2657 fa-

2184 2706 2439 2778 cistergia
2483 2704 2674 2759 altaris
2711 2702 2924 2774 prolixo
2950 2701 3146 2771 operit,
3173 2698 3335 2754 simul
3372 2712 3498 2753 cum
3537 2695 3764 2767 scypho,

2182 2809 2238 2856 et
2260 2798 2340 2855 sic
2368 2796 2709 2854 verecundus
2725 2794 2876 2860 abiit,
2906 2792 3159 2848 nesciens
3180 2790 3347 2846 miser
3361 2803 3597 2860 quorum
3617 2786 3765 2842 oculi

2114 2924 2155 2983 ο
2188 2909 2353 2965 super
2372 2906 2499 2947 eum
2522 2897 2679 2944 erant
2704 2887 2884 2943 deﬁxi.
2916 2885 3151 2942 Cessans
3186 2898 3280 2937 rex
3308 2897 3340 2936 a
3360 2879 3632 2951 colloquio
3667 2893 3767 2932 va-

2187 2986 2268 3040 dit
2297 2983 2364 3039 ad
2385 2983 2555 3038 altare
2580 2979 2714 3050 pede
2738 2978 2842 3032 levi
2871 2992 2998 3031 cum
3029 2975 3208 3029 amico
3231 2988 3384 3037 vero,
3413 2979 3469 3026 et
3488 2984 3587 3025 sua
3620 2967 3768 3025 acci-

2187 3078 2342 3148 piens
2383 3072 2559 3129 reddit
2590 3072 2747 3128 lzetus
2789 3070 3064 3129 ministra.
3095 3065 3453 3121 interminans
3488 3061 3641 3118 socio
3673 3075 3764 3127 ne,

2187 3171 2315 3227 dum
2348 3167 2644 3231 adviveret,
2681 3178 2878 3219 nomen
2921 3161 3041 3232 ejus
3080 3158 3280 3215 saaculo
3308 3157 3672 3211 innotesceret
3712 3161 3769 3210 ct

2190 3268 2342 3315 tanta
2367 3259 2484 3314 viro
2516 3254 2894 3313 verecundiam
2927 3252 3147 3309 faceret.

2267 3352 2463 3407 Verum
2507 3349 2636 3421 quia
2672 3346 2896 3419 opponit
2945 3361 3003 3401 se
3055 3350 3254 3398 nostrae
3288 3336 3587 3396 narrationi
3629 3351 3771 3408 quo-

2189 3445 2439 3501 rumdam
2462 3456 2729 3514 perversze
2753 3438 2952 3495 mentis
2974 3436 3221 3501 intentio,
3245 3433 3340 3505 qui
3368 3446 3528 3487 omne
3559 3430 3769 3486 bonum

2190 3535 2336 3607 quod
2363 3534 2466 3603 ipsi
2491 3541 2769 3604 nequeunt
2791 3530 3007 3601 assequi
3036 3527 3154 3584 aliis
3182 3526 3421 3581 invidere
3438 3532 3492 3579 et
3512 3522 3769 3593 maligni-

2193 3627 2320 3682 tatis
2361 3626 2640 3690 caleaneo,
2668 3631 2829 3695 prout
2868 3627 3118 3693 possunt,
3161 3632 3405 3688 premere
3445 3630 3554 3670 non
3582 3614 3772 3669 erube-

2193 3725 2373 3785 scunt,
2398 3732 2622 3790 quique,
2643 3715 2690 3770 si
2712 3714 2840 3785 quid
2857 3726 3116 3769 excessus
3131 3709 3446 3764 humanitus
3466 3705 3768 3761 admissum

2192 3824 2296 3881 est,
2328 3828 2395 3870 ea
2433 3818 2627 3869 cuncta
2651 3808 2781 3864 boni
2815 3805 2997 3876 aperis
3024 3799 3369 3860 succedentia
3404 3798 3646 3873 germina
3677 3812 3772 3854 ca—

2194 3907 2325 3962 nino
2356 3904 2518 3960 dente
2550 3902 2822 3956 oblatrant
2856 3895 3141 3961 suffocari,
3175 3895 3321 3949 hunc
3361 3890 3770 3948 sanctissimum

2193 3997 2373 4053 virum
2390 3995 2631 4051 lacerare
2660 4008 2769 4049 non
2798 3991 3246 4061 pertimescentes
3273 4006 3286 4040 :
3318 3984 3458 4051 Non,
3492 3983 3768 4054 inquiunt,

2195 4090 2312 4146 bzec
2341 4103 2463 4160 quae
2488 4085 2701 4158 prolata
2723 4090 2849 4139 sunt
2879 4083 3020 4136 bona
3058 4080 3124 4135 de
3159 4094 3224 4133 eo
3247 4092 3412 4148 opera
3433 4075 3498 4131 ad
3535 4075 3770 4130 salutem

2196 4180 2344 4234 illius
2364 4176 2685 4248 provenient
2715 4173 2932 4238 animat,
2955 4170 3214 4242 quoniam
3246 4184 3352 4222 nan
3382 4165 3665 4222 exhorruit
3693 4163 3775 4219 fa-

513 4241 736 4340 struxit,
764 4246 1021 4340 praebens
1049 4258 1302 4320 sumptus
1329 4251 1416 4307 his
1439 4253 1535 4322 qui
1554 4252 1752 4308 ibidem
1778 4254 1888 4311 Dea
1911 4257 2085 4315 deser-

2197 4274 2356 4328 cinus
2399 4267 2764 4340 copulationis
2788 4263 3007 4330 illicitm,
3036 4263 3165 4317 dum
3209 4267 3561 4316 commatrcm
3587 4266 3640 4311 et
3666 4255 3772 4312 sibi

509 4332 710 4388 virent.
760 4332 876 4392 lloc
919 4338 969 4392 ei
1009 4340 1273 4409 studium,
1313 4340 1430 4405 haec
1461 4342 1581 4413 ejus
1633 4359 1849 4416 semper
1899 4346 2003 4402 fuit
2037 4350 2091 4403 in

511 4440 676 4496 apere
706 4425 802 4484 Dei
838 4431 1107 4489 voluntas.

585 4516 792 4575 Palatia
821 4519 1141 4594 Compendii
1181 4512 1442 4584 damnum
1477 4530 1675 4587 accidit
1702 4534 1817 4605 regi
1857 4534 1914 4589 in
1946 4534 2090 4592 furto

508 4607 701 4664 nobili.
729 4607 973 4668 instabat
1002 4622 1134 4672 tunc
1174 4616 1291 4673 dies
1318 4616 1686 4689 Pcntecastes,
1716 4639 1828 4694 quo
1857 4624 2092 4696 Spiritus

510 4714 737 4761 sanctus
770 4708 986 4778 replens
1031 4711 1243 4767 animas
1281 4714 1508 4770 mundat
1544 4715 1785 4772 ﬁdelium
1814 4719 1998 4783 corda,
2031 4729 2091 4775 ut

505 4797 759 4865 placeant
781 4796 926 4855 Patri
961 4809 1016 4856 et
1044 4800 1201 4869 Filia,
1227 4805 1426 4873 quibus
1444 4808 1669 4877 aequalis
1696 4806 1932 4878 Spiritus
1960 4825 2089 4866 san-

513 4889 586 4942 rti
618 4889 815 4960 partio.
849 4890 1051 4949 Valens
1085 4895 1178 4950 illo
1205 4896 1292 4951 die
1313 4905 1466 4966 pater
1505 4914 1598 4953 rex
1623 4900 1892 4969 gloriosus
1918 4901 2088 4957 ﬁlium

508 4997 673 5035 suum
697 4992 934 5041 statuere
961 4986 1017 5040 in
1047 5003 1250 5057 regem,
1279 4990 1496 5044 nomine
1515 4988 1818 5061 Hugonem,
1834 4994 2093 5049 strenuis-

510 5072 553 5125 si
566 5088 664 5128 mae
693 5075 991 5133 nobilitatis
1006 5079 1283 5148 juvenem,
1309 5096 1406 5151 pra
1433 5081 1696 5138 immensa
1723 5084 1893 5153 patris
1916 5093 1971 5141 et
1997 5086 2091 5140 ﬁlii

511 5162 778 5260 bonitate,
807 5183 930 5237 qua:
958 5172 1371 5243 eratidivulgata
1395 5182 1510 5229 toto
1539 5182 1807 5229 terrarum
1836 5176 1989 5242 orbe,
2021 5178 2089 5233 ad

2197 4360 2687 4435 consanguinitatis
2710 4357 2929 4413 vincula
2954 4370 3148 4409 nexam
3176 4349 3329 4407 duxit
3356 4364 3601 4405 uxorem.
3617 4346 3774 4413 Quo-

2199 4473 2320 4513 rum
2354 4450 2881 4510 irrationabilitatem
2917 4448 3092 4519 placet
3125 4444 3355 4500 evidenti
3384 4450 3584 4499 saneta:
3618 4439 3774 4496 Scri-

2197 4557 2373 4620 ptura:
2401 4544 2601 4601 indicio
2645 4541 2987 4598 convincere.
3042 4535 3169 4601 Sed,
3219 4550 3288 4591 ne
3334 4534 3470 4590 forte
3513 4533 3775 4604 loquendi

2198 4639 2540 4712 proclament
2580 4634 2786 4690 aditum
2830 4630 2933 4687 sibi
2975 4627 3282 4694 intercludi,
3324 4627 3455 4682 dent
3488 4625 3647 4680 nobis
3672 4625 3778 4679 ali-

2195 4745 2360 4803 quem
2381 4729 2501 4785 sine
2527 4724 2873 4799 prolapsione
2907 4720 3109 4777 delicti.
3136 4718 3273 4786 Quis
3311 4733 3441 4773 vero
3470 4723 3683 4772 castum
3714 4728 3776 4771 se

2193 4822 2395 4878 habere
2436 4833 2533 4874 cor
2554 4812 2909 4888 gloriabitur?
2949 4828 3074 4868 cum
3103 4826 3205 4866 nec
3244 4809 3413 4865 unius
3441 4806 3547 4863 diei
3590 4803 3774 4861 infans

2194 4912 2436 4968 mundus
2479 4923 2604 4964 esse
2654 4905 2949 4975 Scriptura:
2997 4902 3309 4959 testimonia
3355 4896 3776 4970 comprobetur?

2198 5001 2480 5072 Siquidem
2516 4998 2587 5053 ob
2610 4995 2862 5051 inertiam
2894 4993 3276 5064 desipientium
3308 4986 3771 5061 comprimendam

2197 5094 2314 5148 haec
2352 5089 2606 5151 dixerim,
2656 5103 2764 5142 non
2808 5095 2870 5141 ut
2894 5086 2994 5141 viri
3022 5086 3167 5140 ultro
3205 5082 3518 5154 paenitentis
3553 5079 3769 5149 culpam

2195 5183 2485 5239 aecultem.
2524 5178 2680 5234 Sicut
2720 5179 2864 5233 enim
2894 5185 3118 5233 sanctus
3144 5175 3337 5240 David,
3384 5175 3501 5245 lege
3527 5168 3765 5243 prohibi-
