4058 6390
253 305 359 359 82!

1799 298 1980 353 VITA.

3423 309 3529 366 923

251 426 412 485 noxii
437 439 571 481 nece
605 420 835 478 incurrit
860 419 1059 489 duplex
1095 425 1399 489 peccatum.
1435 414 1574 473 Huic
1600 416 1843 487 profecto
1873 419 1916 476 Α
1944 429 2050 485 gua
2072 412 2285 484 justitia
2307 412 2376 471 de
2407 415 2549 472 cosio
2578 418 2987 501 prospicientis,
3015 398 3440 492 quaprocessu
3461 424 3530 479 de

155 539 215 613 ’ἦ
250 518 437 593 magis
462 516 624 573 libuit
657 514 831 571 Deum
853 511 1174 613 edendisse,
1220 525 1390 582 quam
1416 524 1448 565 a
1482 510 1711 613 muliere
1730 509 1838 613 (ιά-

247 613 389 685 plici
416 609 523 667 sibi
550 611 668 680 lege
710 605 985 678 prohibita
1029 612 1213 659 torum
1258 617 1477 659 servare
1521 602 1840 658 immacula-

248 715 397 760 tum.
442 701 550 757 Sed
579 700 871 769 utriusque
896 696 1107 768 peccati
1150 696 1351 751 vulnus
1396 709 1562 750 verus
1609 695 1836 751 humanl

245 796 475 869 generis
493 794 728 865 benigna
748 790 1108 862 dispositione
1133 789 1348 845 sanavit
1374 787 1615 844 Medicus
1642 806 1654 842 :
1681 788 1837 844 illum

245 907 352 962 per
392 887 607 944 Nathan
651 884 974 957 prophetam
1020 896 1206 948 suum,
1257 881 1389 937 dum
1431 882 1688 953 pauperis
1731 882 1835 937 viri

246 982 422 1037 unius
439 978 667 1037 oviculie
677 986 731 1035 et
740 975 925 1033 divitis
941 974 1125 1032 ovium
1141 975 1836 1031 abundantis‘multitudine

244 1074 632 1146 paradigmate
670 1071 884 1142 objeeto
906 1113 920 1137 ,
947 1085 1007 1128 se
1040 1084 1197 1125 reum
1223 1083 1526 1140 agnoscens
1552 1068 1689 1123 dixit
1716 1084 1837 1139 pec-

244 1182 444 1236 casse;
467 1166 635 1222 istum
659 1178 814 1235 atque
836 1179 935 1234 per
969 1163 1229 1218 domuum
1256 1170 1312 1217 et
1336 1160 1697 1216 venerabilem
1728 1162 1836 1218 Ab-

244 1259 476 1326 bonem,
505 1256 937 1312 Floriacensium
969 1271 1000 1310 a
1038 1253 1152 1310 Deo
1186 1254 1531 1325 praiclcctum
1558 1252 1830 1323 abbatem,

243 1367 422 1419 nunc,
467 1349 674 1407 Christi
696 1348 911 1405 favente
938 1347 1132 1421 gratia,
1192 1346 1470 1403 miraculis
1515 1361 1831 1414 coruscum,

242 1453 436 1515 spreta
463 1443 657 1500 mortis
704 1440 997 1497 formidine
1026 1441 1162 1497 dure
1203 1428 1545 1510 increpatum
1576 1440 1834 1512 privatim

240 1547 300 1592 et
336 1536 573 1607 publice.
597 1534 771 1606 Cujus
794 1533 977 1591 sancti
991 1534 1096 1589 viri
1121 1534 1420 1604 increpatio
1452 1541 1562 1588 tam
1591 1532 1683 1587 diu
1704 1547 1832 1603 pcr-

239 1629 388 1686 stitit
429 1628 602 1685 donec
639 1644 737 1685 rex
763 1628 1090 1684 mitissimus
1125 1635 1336 1683 reatum
1382 1641 1543 1681 suum
1570 1641 1833 1697 agnosce-

239 1732 350 1790 ret,
377 1731 435 1779 et
470 1738 637 1794 quam
678 1723 819 1778 male
852 1722 957 1778 sibi
990 1722 1338 1791 copulaverat
1360 1720 1643 1776 mulierem
1668 1734 1830 1790 pror-

1943 512 2101 561 utero
2124 504 2343 563 intacta:
2370 505 2631 580 Virginis.

2011 594 2193 654 Unum
2236 613 2369 655 vero
2417 600 2678 672 quiddam
2725 602 2989 679 memoria
3030 603 3257 676 dignum
3303 620 3334 660 a
3373 613 3528 676 patre

1939 689 2106 762 hujus
2147 690 2335 764 inclyti
2376 692 2522 764 regis
2551 702 2605 749 et
2634 708 2666 749 a
2700 692 2812 750 Deo
2858 695 3014 752 electi
3066 705 3363 768 patratum,
3396 697 3528 754 huic

1938 781 2161 838 lectioni
2186 783 2429 839 inserere
2455 784 2681 856 dignum
2706 785 2858 842 duxi.
2892 785 2954 841 In
2982 802 3050 842 eo
3074 802 3312 859 namque
3338 803 3523 845 sacer-

1936 873 2092 930 dotes
2117 874 2363 941 veridici,
2400 875 2624 932 abbates
2667 885 2722 933 et
2762 877 3039 945 monachi,
3073 888 3278 935 sanctae
3318 894 3535 959 norma:

1938 981 2046 1021 non
2099 966 2296 1034 nescii,
2342 967 2620 1039 exemplar
2648 967 2936 1036 virtutum,
2984 970 3131 1041 quod
3187 986 3297 1026 non
3344 970 3524 1027 solum

1937 1058 2161 1126 imitari,
2192 1060 2287 1116 sed
2320 1060 2486 1116 etiam
2508 1060 2774 1117 admirari
2806 1062 3041 1129 valeant,
3066 1062 3361 1119 invenient.
3384 1062 3527 1120 Ante

1936 1151 2121 1205 omnia
2163 1158 2347 1206 autem
2398 1152 2617 1223 pietatis
2652 1161 2707 1207 et
2738 1153 3132 1210 misericordia:
3178 1154 3329 1210 omni
3364 1154 3539 1238 laude.

1934 1243 2243 1299 extollenda
2279 1243 2537 1317 insignia.
2577 1241 2823 1311 Quodam
2860 1261 3098 1317 namque
3125 1255 3368 1318 tempore
3398 1262 3524 1302 san-

1935 1341 2085 1388 ctum
2118 1332 2264 1388 diem
2311 1331 2538 1390 Pascha
2564 1332 2618 1389 in
2648 1334 2870 1391 civitate
2913 1335 3160 1392 Parisius
3206 1328 3525 1392 solemniter

1934 1424 2239 1490 celebrans,
2286 1424 2526 1481 secunda
2563 1424 2790 1483 Sabbati
2830 1427 2899 1484 ad
2928 1428 3152 1484 domum
3185 1444 3342 1485 suam
3379 1429 3523 1500 apud

1937 1512 2545 1588 SanctumZDionysium
2574 1516 2732 1573 laetus
2762 1533 3047 1590 regressus
3087 1526 3193 1585 est,
3220 1519 3404 1590 ibique
3432 1533 3524 1575 so-

1934 1607 2144 1663 lemnes
2170 1608 2350 1680 exegit
2375 1609 2513 1664 dies.
2536 1606 2716 1665 Tertia
2744 1620 2926 1666 autem
2958 1609 3179 1666 Sabbati
3202 1611 3524 1669 adveniente

1933 1700 2091 1768 hora,
2141 1715 2249 1772 qua
2295 1701 2551 1759 laudibus
2590 1701 2908 1759 laudaretur
2956 1719 3055 1775 per
3093 1703 3280 1759 omnia
3320 1702 3522 1760 saecula

241 1772 350 1790 --η
381 1772 433 1779 --
474 1772 637 1794 γη-
679 1772 818 1778 -__--
853 1772 957 1778 --__
996 1772 1336 1791 --μω-η-
1669 1772 1719 1790 Γ
1744 1772 1789 1775 η

239 1834 343 1875 sus
365 1816 788 1887 derelinqueret,
811 1822 865 1870 et
892 1815 1099 1884 peccati
1123 1815 1394 1869 maculam
1420 1821 1572 1885 grata
1601 1811 1712 1868 Deo
1742 1827 1820 1867 sa-

1931 1791 2098 1860 Deus,
2136 1792 2313 1865 surgit
2361 1808 2392 1849 a
2441 1795 2583 1850 lecto
2604 1803 2660 1851 et
2704 1795 2772 1851 ad
2807 1772 3095 1852 ecclesiam
3134 1796 3215 1853 ire
3256 1796 3517 1868 disponit.

239 1907 558 1964 tisfactione
575 1907 825 1965 dilueret.
843 1904 1087 1978 Uterque
1108 1906 1275 1977 igitur
1304 1921 1396 1961 rex
1412 1904 1523 1960 Deo
1550 1913 1825 1976 acceptus,

234 2011 434 2073 utpote
467 2003 537 2056 ab
564 2001 658 2057 illo
698 2008 1016 2057 coronatus.
1055 1999 1207 2067 Quos
1248 1999 1425 2055 nudos
1471 1999 1684 2070 peperit
1726 2014 1828 2053 na-

231 2104 364 2150 tura
382 2093 613 2161 mundo,
631 2101 819 2150 sancta
847 2093 1205 2165 dispositione
1234 2092 1599 2164 suigloriosos
1624 2092 1829 2148 habere

232 2188 415 2243 voluit
439 2195 495 2242 et
523 2187 753 2259 inclytos
795 2187 1013 2243 saeculo.
1048 2186 1114 2241 Et
1137 2187 1290 2258 quia,
1322 2195 1384 2241 ut
1415 2186 1491 2241 ait
1521 2185 1825 2258 Scriptura,

230 2280 506 2352 permittit
540 2279 684 2337 Deus
734 2280 851 2336 ﬁeri
894 2281 1041 2353 quod
1094 2296 1208 2335 non
1259 2281 1396 2347 vult,
1437 2281 1684 2351 permisit
1729 2280 1825 2336 be-

230 2374 406 2445 nigna
433 2373 768 2444 dispensatio
795 2373 874 2430 sic
897 2389 993 2429 eos
1027 2373 1354 2429 occumbere
1385 2381 1635 2444 peccato,
1668 2383 1729 2429 ut
1767 2390 1827 2430 sc

230 2465 580 2519 humanitate
606 2465 843 2535 atquales
864 2464 1126 2534 subjectis
1160 2473 1633 2536 recognoscerent,
1659 2473 1713 2520 et
1741 2481 1826 2521 re-

229 2554 447 2624 liquum
467 2553 592 2610 vitae
623 2562 835 2626 tempus
855 2554 1055 2626 vigiliis
1077 2563 1130 2609 et
1155 2554 1495 2610 orationibus
1511 2554 1825 2610 inhaerendo

228 2643 633 2716 transigerent,
678 2645 860 2700 varias
897 2660 1193 2715 corporum
1247 2645 1536 2715 passiones
1587 2644 1824 2699 sustine-

229 2743 383 2802 rent,
419 2743 483 2790 ut
514 2735 907 2807 adimpleretur
935 2737 989 2790 in
1019 2737 1100 2794 eis
1135 2752 1308 2791 sacrie
1340 2736 1636 2808 Scriptura:
1671 2736 1823 2790 testi-

227 2826 508 2895 monium,
531 2842 655 2897 qua:
684 2827 761 2882 ait
794 2845 807 2882 :
838 2824 1074 2897 Corripit
1104 2825 1245 2882 Deus
1275 2844 1429 2899 quem
1467 2827 1668 2898 diligit,
1712 2828 1821 2896 ﬂa-

225 2915 395 2988 gellat
419 2926 592 2971 autem
611 2932 814 2972 omnem
833 2918 1007 2988 ﬁlium
1027 2934 1179 2989 quem
1200 2919 1383 2988 recipit
1408 2916 1594 2990 (Hebr.
1625 2934 1720 2983 xii,
1740 2918 1816 2987 6).

228 3006 477 3080 Uterque
497 3008 760 3080 peccavit,
786 3010 932 3081 quod
957 3011 1135 3067 solent
1158 3026 1345 3083 reges;
1373 3012 1467 3067 sed
1488 3026 1519 3066 a
1544 3009 1655 3065 Deo
1682 3010 1817 3065 visi-

225 3100 328 3156 tati
355 3103 749 3172 ptenitucrunt,
772 3104 1056 3171 ﬂeverunt,
1100 3103 1507 3175 ingemuerunt,
1536 3099 1682 3173 quod
1706 3116 1813 3156 non
1844 3134 1886 3191 ο

227 3194 415 3250 solent
431 3210 607 3268 reges.
635 3194 916 3267 Siquidem
940 3197 1187 3268 exemplo
1206 3197 1350 3253 beati
1368 3195 1558 3263 David,
1577 3196 1816 3251 domnus

227 3288 336 3343 iste
370 3297 559 3343 noster
594 3288 890 3345 Ilotbertus
935 3287 1223 3345 confessus
1256 3296 1340 3345 cst
1370 3288 1606 3358 culpam,
1658 3288 1817 3343 obse-

225 3380 406 3436 cravit
430 3380 842 3453 indulgentiam,
873 3381 1174 3453 deploravit
1194 3380 1813 3451 acrumnam,jejunavit,

226 3471 411 3527 oravit
439 3481 494 3528 et
524 3472 887 3529 confessionis
913 3490 1027 3531 sua:
1060 3473 1432 3530 testimonium
1461 3474 1516 3528 in
1555 3482 1814 3544 perpetua

225 3564 432 3620 saecula
464 3565 682 3636 vulgato
707 3566 896 3621 dolore
931 3566 1251 3623 transmisit.
1284 3564 1441 3633 Quod
1466 3581 1577 3622 non
1616 3566 1814 3623 erube-

227 3664 393 3713 scunt
424 3654 601 3713 facere
642 3657 840 3728 privati
879 3673 973 3713 rex
1012 3674 1118 3713 non
1154 3658 1375 3714 erubuit
1401 3658 1667 3715 conﬁteri.
1709 3658 1815 3726 Qui

224 3756 486 3804 tenentur
515 3749 726 3821 legibus
748 3751 951 3821 audent
973 3767 1133 3806 suum
1161 3767 1359 3823 negare
1385 3761 1696 3823 peccatum,
1720 3751 1815 3807 dc-

224 3840 524 3912 dignantur
572 3856 765 3915 rogare
812 3842 1202 3915 indulgentiam
1247 3859 1410 3914 quam
1450 3844 1667 3914 petebat
1719 3844 1813 3916 qui

228 3932 396 3988 nullis
443 3932 655 4005 legibus
701 3934 989 3990 tenebatur
1033 3935 1306 3992 humanis.
1366 3935 1522 4004 Quod
1569 3937 1815 4008 peccavit

229 4023 563 4080 conditionis
600 4033 712 4092 est;
755 4022 902 4096 quod
943 4026 1269 4096 supplicavit
1296 4029 1675 4085 correctionis.
1708 4026 1813 4083 La-

222 4130 363 4188 psus
383 4115 710 4185 communis,
735 4118 828 4174 sed
857 4118 1130 4175 confessio
1158 4121 1430 4192 specialis.
1454 4122 1682 4192 Culpam
1711 4123 1813 4178 ita-

227 4225 337 4281 que
363 4210 623 4268 incidisse
661 4220 873 4270 natura:
905 4223 1010 4282 est,
1058 4215 1285 4273 diluisse
1318 4217 1557 4273 virtutis.
1594 4216 1676 4273 Ob
1706 4218 1812 4275 hoc

228 4302 490 4358 nimirum
545 4304 650 4360 ista
702 4304 884 4361 facere
930 4322 1042 4362 non
1090 4308 1368 4380 despexit,
1428 4311 1559 4381 quia
1606 4310 1813 4367 sciebat

227 4392 401 4449 Deum
427 4396 642 4465 pusillis
664 4406 717 4453 et
740 4398 951 4469 magnis
983 4398 1099 4455 fore
1126 4402 1427 4458 timendum
1456 4412 1510 4458 et
1534 4411 1809 4474 potentem

225 4501 501 4558 quemque
539 4488 722 4545 divina
771 4491 1052 4547 admoneri
1085 4491 1369 4564 Scriptura
1402 4512 1417 4550 :
1452 4494 1663 4561 Quanto
1692 4513 1809 4551 ma-

222 4596 359 4651 gnus
381 4596 456 4647 es,
483 4581 711 4637 humilia
738 4592 785 4638 te
813 4585 869 4639 in
890 4584 1130 4640 omnibus
1158 4595 1207 4641 et
1230 4603 1412 4641 coram
1443 4587 1551 4642 Deo
1582 4589 1810 4642 invenies

221 4668 479 4739 gratiam.
515 4669 611 4726 llis
652 4672 817 4744 igitur
849 4689 945 4730 rex
974 4674 1220 4743 humilis,
1249 4675 1464 4748 legibus
1504 4677 1809 4738 absolutus.

208 4778 339 4828 sure
358 4781 539 4830 tamen
568 4791 695 4833 rcus
724 4775 827 4832 fuit
859 4777 1227 4835 conscientiae.
1259 4777 1470 4847 Quibus
1494 4781 1728 4842 vinculis
1752 4801 1811 4844 se

220 4876 482 4934 edomare
523 4880 875 4949 desiderans,
909 4883 1157 4942 divinum
1202 4885 1307 4943 sibi
1353 4897 1612 4958 precatur
1651 4894 1816 4950 auxi-

221 4981 385 5053 lium,
412 4994 473 5041 ut
507 4986 577 5043 ab
611 4989 763 5045 omni
799 4989 1050 5049 criminis
1093 4992 1215 5051 labe
1256 4997 1572 5055 mundetur.
1616 4998 1684 5057 Et
1718 5019 1807 5060 re-

219 5099 372 5153 vera,
400 5101 528 5143 cum
550 5088 700 5146 mitis
719 5098 773 5146 et
794 5091 961 5148 corde
986 5104 1311 5154 mansuetus
1343 5100 1561 5172 egregia
1589 5117 1805 5175 semper

220 5188 475 5246 habuerit
503 5200 727 5249 sanctus
756 5209 853 5250 rex
889 5210 1004 5253 suae
1033 5200 1471 5258 mansuetudinis
1500 5211 1555 5259 et
1588 5204 1805 5275 pietatis

221 5292 479 5366 insignia,
514 5295 589 5351 ita
615 5306 674 5352 ut
701 5299 1030 5357 adversariis
1065 5304 1180 5360 suis
1208 5303 1520 5377 frequenter
1539 5309 1807 5382 ignoverit

220 5401 383 5465 atque
408 5393 479 5449 ab
504 5409 692 5452 eorum
718 5414 849 5456 nece
873 5402 1254 5461 abstinendum
1274 5409 1566 5480 putaverit,
1592 5426 1702 5468 non
1718 5422 1805 5470 est

218 5493 420 5549 mirum
455 5496 601 5568 quod
633 5507 741 5553 tam
767 5501 1002 5572 graviter
1025 5503 1209 5573 doleat
1238 5509 1466 5565 noxium
1501 5510 1605 5568 sibi
1641 5513 1801 5570 obre-

215 5595 394 5667 psisse
417 5608 719 5667 peccatum.
753 5600 819 5657 Et
847 5601 968 5660 ideo
991 5620 1021 5660 a
1046 5608 1286 5676 peccatis
1318 5611 1643 5668 mortalibus
1665 5613 1801 5670 libe-

214 5695 327 5749 rari
354 5711 413 5752 se
438 5700 751 5767 postulavit,
801 5702 1045 5761 laudavit
1084 5705 1377 5766 Dominum
1408 5708 1579 5768 Deum
1614 5729 1798 5783 suum,

213 5793 484 5868 justitiam
520 5800 735 5857 Domini
762 5806 1095 5878 priedicavit,
1126 5818 1181 5866 et
1215 5812 1507 5869 exsultavit
1544 5815 1662 5886 ejus
1690 5816 1797 5874 lin-

1930 1880 2217 1951 Aspiciens
2244 1897 2376 1954 ergo
2414 1882 2562 1939 videt
2604 1884 2745 1940 duos
2792 1899 2860 1940 ex
2912 1884 3144 1942 adverso
3170 1887 3417 1958 jacentes
3464 1887 3521 1942 in

1930 1972 2154 2043 angulo,
2193 1974 2344 2043 operi
2380 1974 2700 2031 insistentes
2737 1975 2968 2033 nefario.
2997 1975 3206 2033 Horum
3238 1976 3520 2049 fragilitati

1931 2066 2248 2133 condolens,
2287 2076 2673 2123 ornamentum
2700 2069 2945 2139 pellium,
2989 2072 3137 2141 quod
3167 2080 3287 2127 erat
3316 2072 3522 2142 pretio-

1929 2158 2235 2225 sissimum,
2270 2159 2414 2214 tollit
2446 2175 2477 2214 a
2517 2160 2659 2215 collo
2686 2169 2740 2216 et
2767 2176 2932 2231 super
2956 2172 3274 2233 peccatores
3302 2163 3523 2234 projieit

1928 2249 2092 2307 corde
2138 2247 2395 2322 benigno.
2464 2249 2587 2317 Quo
2634 2249 2799 2318 facto,
2856 2252 3144 2307 ecclesiam
3199 2262 3518 2308 sanctorum

1927 2340 2356 2410 omnipotentem
2411 2338 2584 2397 Deum
2627 2350 2923 2413 rogaturus
2973 2343 3229 2407 intravit,
3272 2343 3367 2399 ubi
3418 2359 3521 2416 pro

1926 2426 2062 2497 ipsis
2101 2429 2483 2498 peccatoribus
2533 2446 2602 2487 ne
2649 2431 2895 2503 perirent
2944 2433 3140 2488 oravit.
3187 2432 3519 2506 Prolongata

1926 2531 2057 2573 vero
2085 2518 2330 2576 oratione
2358 2528 2413 2576 et
2442 2535 2668 2591 sperans
2684 2522 2798 2593 jam
2827 2522 3027 2580 abiisse
3054 2533 3305 2580 mortuos
3325 2540 3520 2596 pecca~
3560 2600 3561 2603 η

1923 2617 2093 2676 tores,
2117 2611 2213 2682 qui
2240 2612 2560 2683 pmnitentia
2584 2613 2831 2669 viverent
2870 2612 3003 2683 Deo,
3039 2624 3234 2672 evocat
3273 2615 3360 2672 sui
3395 2630 3516 2671 cor-

1921 2701 2073 2770 potis
2095 2703 2402 2770 custodem,
2426 2711 2483 2759 et
2514 2711 2574 2757 ut
2597 2703 2744 2760 aliud
2762 2703 2872 2760 sibi
2902 2705 3149 2775 ejusdem
3174 2707 3391 2779 generis
3417 2705 3513 2762 de-

1921 2790 2064 2846 ferat
2084 2802 2469 2849 ornamentum
2505 2795 2832 2853 humillimis
2856 2797 3039 2854 verbis
3070 2798 3322 2869 imperat,
3360 2815 3517 2854 inan-

1920 2882 2061 2940 dans
2087 2884 2194 2939 hoc
2221 2883 2392 2941 minis
2415 2885 2819 2956 imperialibus,
2848 2897 2911 2945 ut
2936 2904 3117 2961 neque
3148 2890 3369 2964 conjugi
3396 2890 3517 2963 gloo

1918 2971 2102 3039 riosm,
2127 2987 2306 3044 neque
2334 2974 2663 3032 alicuiistud
2698 2993 2942 3049 unquam
2977 2980 3441 3041 manifestaretur.
3470 2982 3518 3039 0

1918 3079 2087 3134 quam
2136 3063 2430 3135 perfectus,
2480 3067 2577 3138 qui
2622 3068 2707 3125 sic
2757 3085 2861 3125 suo
2907 3080 3224 3142 peccatores
3273 3072 3513 3143 protexit

1921 3155 2276 3213 vestimento!
2304 3173 2472 3229 quam
2508 3168 2734 3218 sanctus
2756 3162 3045 3220 sacerdos!
3082 3179 3247 3235 quam
3278 3164 3403 3235 pius
3426 3163 3520 3221 ab-

1919 3245 2019 3301 bas
2048 3246 2449 3320 religiosusque
2490 3252 2828 3309 monachus!
2873 3269 3039 3324 quam
3070 3256 3376 3313 rectissima
3402 3258 3519 3314 vir-

1922 3339 2055 3395 tutis
2085 3347 2140 3395 et
2156 3338 2509 3413 perfectionis
2543 3358 2760 3410 norma,
2785 3345 2876 3399 cui
2906 3345 3064 3400 inniti
3087 3355 3265 3416 potest
3287 3347 3518 3418 justitia:

1918 3430 2319 3500 concupiscens
2354 3433 2615 3490 semitas!
2666 3432 2783 3489 Tali
2826 3435 3028 3507 quippe
3056 3437 3282 3493 mandat
3316 3454 3513 3495 mona-

1918 3521 2149 3578 chorum
2187 3531 2342 3593 pater
2389 3532 2445 3579 et
2477 3524 2590 3580 dux
2640 3524 2889 3581 conﬁteri
2930 3536 3175 3598 peccata,
3212 3529 3307 3600 qui
3350 3531 3516 3587 sciret

1918 3628 2019 3669 sua
2046 3621 2103 3668 et
2155 3614 2335 3671 aliena
2370 3630 2567 3673 curare
2593 3616 2844 3685 vulnera,
2889 3635 3000 3675 non
3050 3629 3233 3677 autem
3263 3622 3514 3694 detegere

1916 3713 1972 3759 et
1990 3704 2289 3775 publicare.
2323 3704 2369 3763 Ο
2391 3705 2521 3766 felix
2550 3708 2972 3780 participatione
2995 3710 3091 3768 Dei
3127 3713 3305 3783 pietas
3325 3724 3380 3769 et
3403 3715 3511 3769 mi-

1917 3797 2234 3865 sericonlia,
2259 3814 2386 3870 quae
2409 3799 2492 3857 sic
2519 3800 2829 3856 ﬂoruerunt
2866 3803 2922 3857 in
2958 3812 3112 3859 tanto
3146 3813 3202 3860 et
3227 3805 3321 3860 tali
3354 3806 3511 3862 viro!

1915 3904 2055 3959 quas
2104 3897 2159 3944 et
2214 3890 2334 3961 ipse
2366 3891 2665 3950 Rotbertus
2713 3902 2904 3951 noster
2953 3897 3113 3968 quasi
3165 3897 3512 3954 lucreditario

1910 3979 2036 4051 jure
2071 3995 2102 4035 a
2128 3990 2284 4052 patre
2312 3981 2531 4040 relictas
2556 3985 2820 4055 possedit.

1985 4070 2116 4144 lngo
2137 4088 2369 4131 summa:
2399 4074 2755 4147 ingenuitatis
2788 4078 2876 4134 vir
2913 4087 2969 4135 et
3010 4078 3295 4149 bonitat's,
3334 4081 3509 4138 abbas

1916 4160 2106 4219 Sancti
2134 4163 2395 4222 Germani
2415 4166 2663 4225 Parisius
2686 4169 2907 4226 civitate
2927 4171 3207 4228 constituti
3233 4182 3513 4231 monaste-

1913 4255 2003 4321 rii,
2030 4256 2268 4314 adhunc
2294 4257 2392 4315 Dei
2419 4258 2689 4318 famulum
2723 4277 2825 4334 pro
2858 4278 2959 4319 sua
2995 4272 3051 4319 et
3078 4264 3309 4321 fratrum
3354 4265 3512 4321 utili-

1910 4354 2022 4401 tate
2044 4347 2354 4408 Aurelianis
2386 4351 2528 4409 duos
2559 4353 2693 4409 boni
2724 4355 3029 4411 testimonii
3061 4357 3263 4414 direxit
3287 4346 3503 4416 fratres.

1912 4434 2018 4502 Qui
2056 4438 2127 4493 ab
2149 4454 2216 4495 eo
2247 4441 2350 4497 visi
2376 4444 2527 4513 pacis
2557 4444 2815 4502 honorati
2843 4457 2973 4503 sunt
2999 4448 3210 4516 osculo,
3236 4458 3296 4505 ut
3315 4450 3367 4505 ei
3389 4466 3509 4506 mos

1844 4519 1888 4574 D
1913 4539 2048 4597 erat,
2083 4531 2509 4606 interrogatique
2536 4547 2666 4594 sunt
2688 4539 3084 4612 benignissime
3113 4556 3220 4614 qua
3250 4558 3417 4600 causa
3440 4544 3509 4600 ad

1913 4637 2041 4677 eum
2078 4637 2484 4695 properassent.
2517 4628 2864 4688 Vocabantur
2888 4643 3070 4690 autem
3117 4636 3355 4707 propriis
3401 4651 3509 4692 no—

1911 4713 2158 4772 minibus
2181 4714 2481 4775 Herbertus
2501 4735 2666 4789 unus,
2685 4721 2822 4778 alter
2837 4740 2967 4781 vero
2988 4724 3508 4803 Gauzfredus,haud

1914 4803 2087 4860 intimi
2107 4807 2318 4864 ordinis
2342 4811 2636 4867 monastici
2667 4813 2794 4869 viri.
2836 4814 3049 4882 Quibus
3103 4817 3194 4888 pio
3240 4817 3309 4874 de
3353 4829 3512 4874 more

1914 4896 2146 4967 imperat
2170 4907 2233 4955 ut
2263 4908 2388 4970 post
2431 4903 2730 4962 matutinos
2783 4905 3019 4978 hymnos
3073 4923 3172 4965 sua
3216 4909 3508 4980 prmsentia

1908 4989 2232 5046 assisterent
2274 5000 2330 5047 ct
2373 4992 2441 5049 de
2480 4995 2682 5066 quibus
2728 4999 2930 5055 vellent
2969 5000 3304 5057 audientiam
3336 5002 3507 5058 habe-

1906 5090 2047 5136 rent.
2072 5081 2286 5149 Quibus
2305 5086 2462 5156 jussa
2486 5087 2904 5149 observantibus
2928 5092 3157 5166 contigit
3178 5102 3241 5149 ut
3287 5093 3343 5149 in
3385 5094 3505 5166 ipsa

1905 5175 2157 5244 ecclesia,
2187 5177 2242 5232 in
2275 5193 2385 5248 qua
2416 5180 2799 5250 consederant,
2835 5185 2920 5240 his
2960 5184 3333 5253 cernentibus,
3366 5200 3503 5242 can--

1904 5263 2026 5319 dela
2045 5266 2506 5338 exstingueretur.
2546 5269 2666 5339 Qua
2718 5275 3009 5342 exstincta,
3051 5275 3373 5349 religiosum
3423 5276 3504 5333 vi-

1906 5372 2049 5423 rum,
2078 5356 2430 5416 Theudonem
2455 5363 2716 5421 clericum
2747 5370 3062 5438 proximum
3091 5387 3252 5428 suum
3285 5389 3315 5428 a
3359 5373 3506 5430 lecto

1902 5458 2097 5505 evocat
2116 5450 2513 5524 candelamque
2535 5458 2824 5529 porrigens
2871 5462 2939 5516 ad
2982 5464 3373 5535 requirendum
3411 5465 3503 5521 lii-

1902 5555 2028 5595 men
2063 5544 2393 5612 quantocius
2436 5546 2642 5618 dirigit.
2701 5548 2910 5608 Interea
2961 5554 3351 5614 devotissimus
3403 5573 3501 5614 rex

1903 5633 2129 5703 psalmis
2155 5642 2209 5689 et
2235 5637 2582 5695 orationibus
2610 5656 2836 5711 vacans,
2863 5645 2993 5701 dum
3022 5648 3117 5719 qui
3143 5649 3349 5705 missus
3387 5648 3500 5705 fue-

1904 5733 1989 5780 rat
2012 5726 2333 5795 revertitur,
2367 5730 2511 5787 videt
2543 5733 2725 5789 virum
2751 5734 2965 5793 Domini
2988 5740 3268 5797 candelam
3295 5740 3497 5797 arden-

1903 5829 2008 5875 tem
2053 5829 2233 5880 tenere
2255 5823 2310 5881 in
2351 5826 2634 5898 manibus,
2662 5831 2759 5902 qui
2796 5833 3020 5891 tenebat
3065 5835 3386 5892 charitatem
3436 5835 3495 5892 in

3590 4614 3603 4661 κν

3602 4668 3615 4749 l

3609 4758 3623 4838 l

3619 4840 3629 4885 ἱ
