4058 6386
620 384 728 442 923

1752 377 2053 434 ROBEllTl
2086 378 2291 436 REGIS
2326 379 2749 437 FRANCORUM

3751 390 3834 446 9'31

619 517 890 575 moribus.
919 518 1076 586 Quom
1107 517 1388 574 admirans
1412 527 1465 572 et
1498 516 1666 572 Deum
1692 515 2037 587 hymnisonis
2058 516 2210 571 voei-
2239 498 2285 555 Α
2311 511 2435 587 Tum
2459 496 2728 564 άοθίτίιην
2747 512 2913 567 quam
2943 499 3244 570 assumpsit
3270 515 3335 555 ει
3366 500 3529 556 dicm
3568 509 3835 561 εδητιοηιηι

620 611 726 667 bus
747 611 972 667 laudare
997 608 1245 682 cupiens,
1274 609 1606 665 omnimodis
1638 607 1790 662 illum
1838 608 2108 679 prohibet,
2143 618 2205 665 ut

619 714 651 757 a
668 703 932 774 iactantia
959 704 1207 774 superbae
1236 702 1433 757 mentis
1457 717 1526 756 ex
1569 708 1686 756 toto
1723 716 1783 756 se
1805 701 2064 767 liberans,
2107 699 2205 755 Dei

620 795 679 851 in
710 797 967 853 omnibus
991 797 1310 853 collaudans
1334 796 1585 850 virtutem
1608 795 1813 849 diceret
1841 810 1966 849 cum
1996 793 2162 849 David
2189 812 2202 849 :

620 885 737 959 Ego
760 904 878 943 sum
913 889 1099 957 vermis
1124 896 1175 943 et
1204 903 1305 941 non
1346 887 1533 953 homo,
1564 887 1901 956 opprobrium
1936 885 2207 939 hominum

617 989 669 1033 et
702 978 928 1050 abjectio
957 979 1121 1051 plebis
1155 978 1331 1051 (Psal.
1358 994 1475 1044 xxx,
1512 976 1585 1047 7).
1618 977 1685 1032 Et
1711 978 1911 1032 iterum
1941 995 1955 1032 :
2007 975 2206 1031 Humi-

619 1070 783 1126 liatus
816 1087 933 1125 sum
955 1086 1344 1143 usquequaque,
1369 1069 1627 1135 Domine;
1656 1068 1862 1139 viriﬁca
1895 1085 1975 1122 me
2016 1083 2206 1122 secun-

617 1163 747 1218 dum
770 1164 980 1218 verbum
1014 1172 1162 1217 tuum
1187 1162 1362 1235 (Psal.
1385 1177 1572 1229 cxvm,
1599 1160 1745 1233 107).

584 1290 593 1326 ³
692 1304 949 1375 Legimus
978 1302 1034 1357 in
1057 1302 1259 1357 divinis
1282 1300 1669 1357 Voluminibus
1693 1300 1840 1371 quod
1871 1299 2063 1354 servire
2096 1298 2206 1353 Deo

619 1410 838 1465 regnare
858 1402 955 1448 est.
984 1393 1140 1460 Quod
1170 1408 1272 1463 pro
1306 1400 1456 1449 certo
1485 1390 1741 1463 cognovit
1767 1390 1863 1461 qui
1902 1390 2203 1456 admonuit,

616 1487 847 1543 dicens:
884 1484 1088 1542 Serrite
1138 1485 1366 1539 Domino
1400 1486 1456 1539 in
1510 1485 1699 1538 timore
1754 1482 1931 1556 (Psal.
1982 1499 2042 1549 ll,
2093 1480 2202 1552 ll).

616 1580 775 1647 Quod
808 1580 997 1650 utique
1035 1580 1138 1635 iste
1172 1587 1381 1644 noster,
1404 1578 1473 1633 de
1496 1593 1608 1648 quo
1637 1576 1937 1646 loquimur,
1960 1575 2042 1630 vir
2071 1575 2205 1630 bea-

615 1685 708 1730 tus
735 1673 1051 1744 adimplevit
1083 1688 1182 1744 pro
1210 1688 1371 1743 posse
1412 1680 1469 1728 et
1506 1671 1662 1726 velle.
1704 1669 1773 1725 Et
1812 1670 1954 1725 sicut
1992 1669 2205 1742 Moyses

616 1764 714 1823 Dei
752 1763 1013 1834 famulus,
1042 1766 1297 1837 precibus
1330 1765 1685 1832 humillimis,
1711 1764 1967 1820 manibus
2013 1768 2206 1821 exten-

2308 586 2553 644 Patrum.

2379 677 2516 745 Quis
2558 688 2738 736 autem
2781 680 2830 735 ei
2869 697 2990 737 mos
3024 681 3192 738 fuerit
3226 682 3416 739 dandae
3441 684 3765 755 eleemosyna
3790 688 3833 742 in

2308 769 2394 825 sui
2438 770 2592 849 regni
2628 772 2851 829 sedibus
2887 789 2994 828 non
3027 775 3514 844 praetermittimus.
3549 774 3605 829 ln
3634 774 3834 832 Parisios

2309 859 2549 927 civitate,
2584 858 2929 928 Silvanectis,
2960 865 3290 931 Aurelianis,
3321 864 3581 931 Divione,
3606 865 3833 923 Autissio-

2306 950 2461 1018 doro,
2493 951 2754 1020 Avalone,
2781 952 3101 1021 Meloduno,
3147 953 3404 1025 Stampis.
3455 956 3512 1009 in
3560 972 3835 1028 unaquaque

2308 1043 2504 1098 harum
2528 1043 2675 1110 sede,
2694 1045 2975 1113 trecentis,
2992 1046 3096 1114 vel,
3117 1048 3264 1117 quod
3276 1056 3360 1104 est
3373 1047 3578 1114 verius,
3589 1048 3719 1102 mille
3731 1064 3836 1118 pan-

2306 1135 2533 1206 perihus
2552 1135 2785 1192 dabatur
2804 1138 2964 1208 panis
2985 1147 3040 1194 et
3060 1138 3172 1194 vini
3198 1140 3617 1205 abundantia,ct
3636 1140 3725 1194 hoc
3741 1156 3836 1211 spe-

2306 1227 2501 1283 cialius
2522 1227 2644 1298 ipso
2672 1243 2785 1298 quo
2818 1229 2887 1285 ad
2914 1227 3086 1284 Deum
3115 1230 3334 1286 transiit
3357 1246 3526 1297 anno,
3552 1228 3641 1300 qui
3664 1238 3737 1284 est
3770 1231 3836 1285 in-

2306 1320 2643 1378 carnationis
2674 1320 2973 1378 Dominica:
3006 1322 3331 1379 millesimus
3359 1322 3661 1378 tricesimus
3678 1338 3834 1378 secun-

2306 1412 2430 1469 dus.
2457 1411 2661 1469 Praeter
2681 1413 2818 1480 hmo,
2846 1428 2958 1484 quo
2994 1414 3106 1469 ibat
3135 1415 3380 1485 quotidie
3427 1414 3484 1468 in
3523 1422 3695 1469 sancta
3720 1411 3836 1480 Qua-

2306 1511 2615 1582 dragesima
2636 1526 2667 1567 c
2692 1519 2789 1566 aut
2814 1526 2876 1566 cc
2896 1510 3124 1580 iubebat
3162 1509 3496 1580 pauperibus
3523 1506 3634 1562 dari
3655 1522 3837 1577 panem,

2304 1602 2541 1673 piscium
2564 1610 2620 1657 et
2639 1602 2753 1657 vini
2775 1601 3003 1657 cibaria.
3035 1599 3095 1655 In
3117 1601 3206 1656 die
3228 1608 3412 1655 autem
3433 1598 3614 1654 Coena:
3646 1597 3837 1663 Domini,

2305 1707 2416 1748 non
2447 1692 2756 1747 videntibus
2787 1691 3125 1757 incredibile,
3152 1690 3467 1776 v'dentibus
3502 1704 3626 1745 vero
3659 1697 3707 1743 et
3743 1704 3834 1744 ser-

2304 1786 2581 1843 vientibus
2600 1786 2655 1840 in
2678 1785 2773 1841 tali
2803 1784 3022 1857 negotio
3051 1784 3185 1841 satis
3223 1783 3566 1848 admirabile,
3607 1798 3716 1837 cum
3753 1798 3836 1836 non

615 1859 693 1916 sis
719 1861 1017 1931 prostravit
1038 1859 1326 1927 Amalech;
1360 1859 1434 1914 ita
1456 1867 1512 1914 et
1538 1859 1627 1914 hic
1654 1873 1819 1950 verus
1841 1857 1936 1913 Dei
1956 1858 2169 1914 amicus
2186 1899 2201 1925 ,
2237 1875 2281 1931 Β
2306 1877 2491 1934 minus
2518 1894 2684 1950 quam
2711 1878 2942 1933 ιηεεηιί
2973 1877 3092 1948 ipsa
3126 1877 3213 1932 die
3240 1892 3339 1931 sua
3370 1874 3693 1947 providenti,
3731 1889 3835 1930 ωε..

614 1954 733 2011 suis
763 1953 992 2010 devictis
1019 1953 1271 2009 hostibus
1302 1951 1503 2007 virtute
1537 1951 1712 2008 sancti
1755 1949 2010 2021 Spiritus,
2052 1965 2203 2006 sem-

612 2059 713 2114 per
736 2044 907 2100 Deum
931 2043 1123 2099 habuit
1155 2043 1479 2115 adiutorem,
1501 2042 1596 2113 qui
1629 2049 1715 2098 est
1759 2042 1907 2098 salus
1930 2040 2197 2097 omnium.

614 2136 1016 2209 Besplcndebat
1045 2136 1247 2208 quippe
1270 2136 1326 2193 in
1345 2151 1411 2192 eo
1440 2135 1612 2191 animi
1637 2135 1869 2191 dulcedo
1888 2176 1902 2201 ,
1926 2150 2036 2205 qua
2081 2149 2202 2188 om-

612 2247 738 2287 nem
781 2231 885 2287 sibi
928 2231 1255 2287 coneiliahat
1314 2229 1615 2285 hominem.
1670 2227 1801 2283 Erat
1838 2229 1891 2283 ei
1937 2226 2200 2298 sapientia

613 2323 892 2390 salutaris,
916 2340 1025 2394 qua
1053 2323 1426 2379 delectabatur
1447 2339 1573 2379 cum
1595 2322 1735 2378 suis.
1763 2320 2002 2395 Docebat
2032 2335 2203 2391 quos-

612 2417 738 2473 dam
777 2418 833 2472 in
877 2418 1228 2485 lectionibus,
1253 2417 1392 2473 alios
1442 2416 1499 2471 in
1549 2415 1770 2487 hymnis
1822 2425 1877 2471 et
1924 2414 2198 2479 laudibus,

610 2515 665 2561 et
686 2508 753 2562 ad
781 2508 909 2563 talia
938 2523 1154 2579 semper
1178 2507 1496 2573 exhortans,
1526 2521 1689 2562 omne
1730 2504 2032 2561 secundum
2069 2518 2203 2573 apo-

611 2598 814 2653 stolum
873 2597 1131 2653 omnibus
1197 2596 1379 2663 ﬁebat,
1442 2604 1502 2652 ut
1568 2604 1795 2651 cunctos
1855 2592 2203 2650 lucrifaceret

612 2691 668 2763 (Ι
704 2691 827 2747 Cor.
858 2709 935 2760 ix,
958 2690 1071 2763 22).
1099 2691 1365 2750 Caeterum
1403 2691 1550 2762 quod
1586 2688 1873 2760 pontiﬁces
1898 2687 2003 2758 ipsi
2033 2687 2204 2743 abba-

608 2792 804 2854 tesque
835 2783 1015 2839 facere
1041 2783 1393 2854 pigritabant,
1418 2797 1653 2854 quorum
1691 2788 1776 2835 est
1802 2787 2049 2835 errantes
2073 2794 2202 2833 cor-

610 2874 789 2945 rigere
817 2882 873 2928 et
896 2874 1071 2929 honos
1097 2887 1349 2944 quosque
1392 2872 1644 2944 exemplo
1696 2886 1800 2928 suo
1847 2870 1915 2926 ad
1973 2870 2218 2955 meliora.

610 2979 931 3036 provocare,
960 2965 1078 3036 ipse
1098 2980 1263 3020 verus
1289 2962 1384 3020 Dei
1406 2963 1619 3020 amicus
1648 2963 1910 3031 audebat;
1948 2963 2016 3018 de
2043 2962 2201 3033 cuius

611 3056 793 3112 cordis
824 3057 1086 3113 thesauro
1107 3056 1437 3127 procedebat
1467 3070 1575 3111 vox
1601 3053 1985 3111 exsultationis
2016 3059 2073 3107 et
2107 3067 2201 3107 sa-

2303 1967 2611 2042 gregati,de
2638 1967 2758 2038 eius
2782 1975 2971 2022 sancta
2996 1982 3162 2021 manu
3194 1965 3335 2021 ﬂexo
3362 1965 3567 2036 peplite
3589 1965 3638 2018 in
3658 1973 3833 2030 terram,

2301 2059 2683 2131 unusquisque
2727 2058 3001 2130 legumen,
3051 2058 3282 2128 piscem,
3324 2073 3557 2128 panem,
3604 2056 3834 2112 denarium

2301 2166 2474 2205 unum
2503 2150 2754 2206 sumebat
2789 2149 2847 2204 in
2875 2149 3150 2203 manibus.
3182 2147 3250 2203 Et
3277 2149 3384 2203 hoc
3407 2148 3542 2203 hora
3569 2147 3667 2204 diei
3694 2150 3833 2203 tertia.

2302 2241 2450 2299 liora
2472 2242 2656 2298 itidem
2691 2250 2865 2299 sexta.
2904 2240 3094 2297 ltidem
3129 2249 3348 2297 centum
3389 2240 3601 2297 clericis
3635 2240 3834 2312 pauperi-

2300 2335 2406 2391 bus
2441 2335 2785 2406 praabendam
2822 2334 3001 2406 panis,
3033 2333 3226 2404 piscis,
3253 2340 3310 2387 et
3356 2334 3476 2388 vini
3526 2333 3830 2397 concedebat;

2300 2430 2589 2486 duodecim
2611 2442 3055 2498 unumquemque
3074 2442 3265 2481 eorum
3312 2425 3593 2481 honorans
3626 2423 3833 2491 denariis,

2302 2525 2465 2582 corde
2488 2532 2544 2580 et
2562 2540 2657 2581 ore
2679 2523 2967 2579 Davidieos
3008 2538 3225 2593 semper
3272 2522 3573 2578 deeantans
3625 2521 3831 2593 psalmos.

2300 2619 2433 2676 Post
2463 2633 2711 2673 mensam
2744 2631 2879 2672 vero
2906 2631 3224 2687 prmparans
3256 2631 3317 2671 se
3354 2616 3427 2670 ad
3469 2613 3564 2669 Dei
3605 2614 3830 2670 servitium

2301 2728 2395 2768 rex
2420 2710 2647 2766 humilis
2668 2709 2906 2780 ponebat
2931 2708 3256 2764 vestimenta
3279 2723 3404 2775 sua,
3436 2707 3649 2764 indutus
3666 2706 3720 2762 ad
3741 2721 3832 2761 car-

2300 2818 2428 2860 nem
2451 2801 2650 2867 cilicio,
2675 2799 3043 2870 adiunctoque
3068 2798 3397 2868 clericorum
3426 2797 3643 2869 collegio
3661 2803 3829 2851 centum

2301 2894 2585 2966 sexaginta
2613 2901 2669 2949 et
2687 2907 2753 2949 eo
2787 2891 3023 2963 amplius
3049 2905 3301 2957 numero,
3330 2892 3402 2947 ad
3439 2890 3719 2961 exemplum
3747 2887 3829 2943 Do—

2301 2984 2438 3039 mini
2467 2998 2658 3039 eorum
2694 2981 2860 3053 pedes
2894 2981 3083 3036 lavans
3116 2979 3330 3051 capillis
3366 2980 3561 3052 capitis
3590 2980 3666 3035 sui
3699 2988 3831 3049 terge-

2300 3073 2414 3140 bat,
2441 3081 2495 3129 et
2525 3072 2594 3128 ad
2619 3072 2941 3127 mandatum
2962 3070 3182 3127 Domini
3226 3071 3481 3142 singulos
3514 3085 3684 3126 eorum
3720 3068 3827 3123 duo-

609 3146 759 3215 lutis,
785 3164 893 3219 qua
934 3146 1191 3204 delectari
1219 3147 1489 3220 gaudebat
1512 3162 1638 3204 cum
1670 3146 1928 3201 omnibus
1972 3145 2198 3211 sanctis,
2238 3229 2264 3233 _
2302 3164 2408 3220 bus
2441 3163 2631 3220 solidis
2660 3178 3043 3229 remunerans,
3068 3161 3218 3217 ειετο
3257 3169 3529 3233 prasente
3565 3170 3615 3217 et
3648 3160 3829 3215 δίποηο

610 3241 911 3296 secundum
974 3241 1293 3311 Apostolum
1361 3255 1583 3297 carnem
1633 3255 1789 3295 suam
1827 3237 2199 3309 ενυοίηεθηάο
2224 3229 2267 3286 C
2300 3263 2531 3321 astante,
2555 3253 2648 3326 qui
2676 3254 2965 3309 lectionem
2989 3253 3190 3325 legeret
3211 3229 3513 3308 secundum
3539 3251 3764 3308 Joannem
3787 3249 3828 3303 in

610 3348 737 3388 cum
762 3333 908 3389 vitiis
942 3342 994 3389 et
1030 3333 1491 3406 concupiscentiis
1521 3332 1712 3389 mundi
1744 3332 1911 3403 huius
1961 3331 2107 3404 (Gal.
2140 3348 2194 3399 v,

608 3426 726 3498 2.5),
751 3427 1069 3483 delectabile
1112 3442 1329 3499 semper
1373 3425 1646 3482 divinitati
1695 3427 1937 3497 seipsum
1982 3440 2197 3498 praepa-

609 3534 740 3574 rans
771 3518 1049 3589 templum.
1084 3519 1164 3574 Ad
1188 3519 1434 3576 divinum
1456 3518 1694 3574 cilicium
1716 3519 1949 3589 primus,
1977 3519 2043 3573 ad
2076 3518 2202 3574 lau‘.

608 3610 848 3665 dandum
882 3610 1052 3665 Deum
1077 3611 1318 3666 sedulus.
1345 3608 1688 3680 Quocunque
1712 3608 1790 3664 illi
1813 3617 1931 3663 erat
1957 3607 2199 3663 eundum

608 3701 1019 3771 praeparabatur
1072 3700 1406 3768 vehiculum,
1453 3700 1602 3772 quod
1661 3700 1975 3770 deportaret
2028 3697 2200 3753 divini

609 3791 903 3847 ministerii
934 3791 1388 3859 tentorium.Quo
1410 3775 1468 3846 in
1491 3799 1691 3847 terram
1715 3789 2203 3861 ﬁxo,deponeban-

608 3892 702 3936 tur
724 3882 797 3937 ibi
820 3892 1031 3951 sancta,
1055 3892 1117 3939 ut
1138 3883 1268 3954 quia
1308 3883 1610 3939 secundum
1639 3880 1991 3938 Psalmistam
2027 3898 2041 3935 :
2090 3879 2203 3934 Do-

608 3975 740 4028 mini
762 3984 840 4029 est
868 3983 1009 4029 terra
1026 3985 1076 4029 et
1096 3975 1369 4046 plenitudo
1397 3975 1534 4045 ejus,
1560 3974 1702 4029 orbis
1728 3983 1992 4029 terrarum
2004 3981 2056 4027 et
2080 3974 2203 4027 uni-

610 4067 745 4120 versi
773 4068 863 4137 qui
902 4066 1144 4121 habitant
1177 4068 1231 4121 in
1262 4083 1321 4122 eo
1347 4066 1708 4138 (Psal.,xxm,
1744 4066 1819 4137 1),
1845 4065 2099 4137 proderet
2142 4080 2203 4121 se

608 4159 865 4213 devotum
888 4158 1176 4227 famulum,
1208 4160 1405 4231 quovis
1439 4160 1495 4213 in
1521 4159 1644 4215 loco
1675 4158 1789 4213 Deo
1823 4159 2049 4214 devotas
2076 4173 2202 4229 per-

610 4251 821 4305 solvere
846 4251 1053 4305 laudes.
1080 4251 1251 4306 Erant
1274 4252 1417 4306 enim
1446 4251 1553 4306 ﬁxa
1581 4259 1637 4307 et
1667 4251 1805 4306 bene
1844 4251 2088 4322 plantata
2145 4249 2201 4304 in

609 4343 776 4397 corde
825 4344 1256 4399 mansuetissimi
1300 4352 1356 4399 et
1402 4334 1575 4399 Deum
1624 4343 1763 4399 bene
1787 4344 2023 4399 amantis
2058 4342 2203 4413 regis

610 4433 916 4490 beatissimi
938 4434 1160 4490 Antonii
1186 4436 1349 4491 verba
1379 4454 1392 4489 :
1426 4454 1446 4488 ί
1476 4434 1663 4491 Jesum
1687 4434 1966 4491 Christum
1990 4450 2205 4504 semper

607 4526 944 4594 desiderate,
968 4528 1097 4599 quia
1138 4528 1192 4583 in
1233 4529 1383 4585 omni
1421 4530 1549 4585 sede
1588 4538 1862 4585 terrarum
1904 4531 2203 4584 constituta

608 4628 741 4674 sunt
770 4636 937 4690 regna
960 4620 1246 4677 caelorum.
1288 4640 1306 4673 ι
1340 4620 1572 4677 Sanctas
1613 4629 1822 4688 noctes,
1849 4621 1953 4676 hoc
1983 4628 2067 4676 est
2100 4636 2202 4675 na-

608 4712 840 4769 tivitatis
874 4712 1110 4781 Domini,
1136 4714 1311 4771 sancti
1335 4713 1562 4770 Pascha:
1600 4723 1655 4769 et
1701 4713 2071 4781 Pentecostes,
2121 4714 2203 4769 sic

609 4813 755 4860 totas
776 4805 1010 4861 ducebat
1041 4805 1321 4862 insomnes
1351 4822 1527 4878 usque
1549 4807 1615 4862 ad
1643 4822 1919 4863 summum
1949 4822 2111 4863 mane
2140 4814 2202 4862 ut

610 4912 711 4951 nec
741 4897 938 4953 sedens
972 4899 1057 4954 vel
1090 4907 1244 4955 stans
1266 4915 1518 4955 somnum
1551 4907 1789 4970 caperet,
1816 4899 1990 4955 donec
2031 4916 2199 4970 quam

608 4989 961 5057 exspectabat
996 4997 1051 5044 et
1075 4989 1418 5045 desiderabat
1465 4989 1803 5046 salutiferam
1851 4991 2098 5060 corporis
2147 4998 2223 5046 et’

610 5078 896 5149 sanguinis
931 5077 1150 5134 Domini
1192 5080 1368 5135 nostri
1397 5078 1527 5136 Jesu
1553 5079 1760 5136 Christi
1797 5082 2223 5151 perceptionem

611 5172 934 5243 p:rcipcret.
958 5171 1195 5229 Probata
1216 5174 1283 5230 de
1304 5189 1371 5229 eo
1397 5189 1485 5230 res
1514 5174 1619 5231 ista
1649 5182 1705 5230 et
1730 5174 1786 5229 in
1819 5177 1972 5230 omni
2003 5176 2204 5231 saeculo

610 5260 981 5319 manifestata.
1057 5262 1412 5321 Solemnitate
1475 5281 1608 5321 vero
1665 5266 1971 5322 nativitatis
2027 5268 2203 5323 sancti

608 5352 840 5410 Joannis
876 5354 1153 5427 Baptistae,
1200 5358 1344 5439 hanc
1372 5375 1538 5430 quam
1568 5359 1624 5414 in
1668 5359 1955 5415 nativitate
1984 5358 2203 5414 Domini

607 5447 829 5502 tenebat
850 5452 1306 5533 consuetudinem
1332 5461 1393 5507 ut
1416 5460 1541 5523 post
1561 5452 1929 5508 laudationem
1961 5450 2200 5519 Domini,

607 5556 732 5613 qua:
753 5550 838 5597 est
868 5542 924 5597 in
950 5544 1153 5616 hymno
1199 5545 1272 5602 Te
1307 5546 1475 5601 Deum
1504 5545 1811 5612 laudamus,
1841 5545 2009 5601 missa
2057 5545 2225 5600 cele-°

607 5633 861 5691 braretur
881 5636 1096 5705 devote,
1128 5654 1249 5709 qua:
1272 5639 1476 5695 sanctis
1497 5647 1581 5694 est
1601 5638 1758 5694 libris
1788 5646 2110 5709 praenotata,
2148 5637 2203 5692 in

608 5726 791 5797 primo
813 5743 994 5784 mane.
1037 5728 1151 5785 lloc
1174 5738 1361 5786 sancta
1398 5729 1685 5785 constituit
1729 5729 2029 5784 auctoritas
2071 5728 2205 5783 Gre-

609 5821 750 5892 gorii
783 5821 962 5895 Magni
985 5831 1036 5880 et
1058 5822 1293 5879 aliorum
1322 5824 1377 5878 in
1417 5822 1619 5890 missa;
1648 5821 1908 5877 Amalarii
1937 5837 2066 5878 vero
2106 5821 2206 5878 ite-

2299 3348 2469 3405 Cmna
2498 3347 2715 3403 Domini
2745 3346 2947 3402 dictam
2979 3353 3033 3401 et
3057 3344 3277 3401 factam.
3310 3344 3537 3400 Talibus
3582 3343 3717 3398 factis
3757 3357 3828 3396 oc-

2299 3438 2537 3512 cupabat
2564 3455 2623 3495 se
2656 3455 2753 3495 rex
2794 3438 3007 3494 meritis
3058 3438 3353 3510 gloriosus,
3400 3439 3516 3492 loca
3574 3442 3841 3503 sanctorum,

2299 3530 2681 3604 perlustrando
2708 3538 2822 3586 toto
2846 3530 2933 3586 die
2984 3538 3176 3586 sancto
3228 3528 3530 3585 Parasceve
3573 3535 3622 3584 et
3659 3537 3826 3580 crucem

2301 3622 2518 3679 Domini
2539 3620 2818 3677 adoranda
2858 3635 3036 3691 usque
3072 3619 3127 3674 iu
3176 3619 3365 3692 vigilia
3398 3626 3593 3674 sanctae
3613 3613 3824 3671 Resone-

2300 3716 2521 3782 ctionis,
2550 3714 2604 3769 in
2637 3729 2746 3784 qua
2767 3711 3083 3768 assumebat
3108 3712 3290 3767 statim
3326 3710 3647 3767 sacriﬁcium
3671 3704 3824 3766 laudis.

2301 3823 2425 3879 qum
2448 3822 2558 3861 non
2584 3804 2757 3861 defuit
2788 3803 2858 3860 ab
2881 3803 3001 3873 eius
3023 3794 3119 3858 ore
3150 3803 3204 3857 in
3242 3804 3500 3858 omnibus
3527 3799 3730 3857 saeculis.
3757 3793 3826 3848 lﬁs

2301 3907 2356 3955 et
2384 3896 2763 3969 huiuscemodi
2796 3895 3063 3950 virtutum
3095 3895 3309 3950 meritis
3338 3895 3695 3961 bonorumque
3726 3900 3824 3955 ope-

2302 4007 2427 4049 rum
2467 3988 2900 4045 exhibitionihus
2933 3987 3208 4059 gloriosus
3243 3994 3299 4041 et
3345 3992 3463 4041 toto
3512 3984 3632 4039 orbe
3673 3976 3823 4051 prndi-

2302 4082 2513 4141 candus
2533 4078 2832 4137 Rotbertus
2860 4095 2955 4135 rex
2980 4094 3039 4135 se
3064 4078 3371 4133 mirabilem
3394 4076 3593 4132 mundo
3616 4067 3823 4145 prebo“.

2302 4174 2518 4232 cunctis
2544 4173 2781 4245 posteris
2813 4170 3133 4227 imitabilem
3156 4170 3469 4239 dereliquit.

2375 4267 2476 4324 Hic
2503 4275 2684 4322 autem
2715 4273 2839 4336 post
2873 4264 3044 4320 Deum
3073 4262 3329 4335 specialis
3362 4262 3529 4334 gloria
3549 4273 3729 4331 regum,
3752 4268 3823 4325 pro

2304 4367 2521 4415 sacrato
2554 4350 2871 4413 sanctorum
2901 4355 3275 4426 apostolorum
3303 4368 3548 4417 numero,
3574 4364 3694 4421 quos
3724 4359 3825 4402 sem-

2304 4467 2400 4522 per
2424 4451 2641 4506 amabat
2666 4449 2831 4505 corde
2858 4442 3097 4520 benigno
3116 4455 3170 4501 et
3191 4462 3428 4518 quorum
3450 4446 3694 4501 solemnes
3711 4436 3822 4492 festi-

2236 4578 2280 4633 υ
2304 4543 2500 4599 vitates
2528 4544 2712 4598 votivo
2746 4540 3114 4612 praeveniebat
3127 4539 3361 4611 ieiunio,
3385 4539 3452 4594 ad
3488 4539 3665 4593 horum
3690 4543 3823 4585 exem-

2308 4637 2459 4706 plum
2480 4635 2766 4691 duodecim
2791 4648 3058 4704 pauperes
3084 4648 3271 4687 secum
3299 4631 3548 4697 ducebat,
3579 4640 3698 4699 quos
3729 4635 3820 4691 spe-

2307 4729 2502 4784 cialius
2539 4728 2814 4799 diligebat.
2841 4725 3053 4794 Quibus
3079 4724 3193 4795 ipse
3215 4734 3332 4779 erat
3356 4739 3481 4779 vera
3511 4717 3701 4790 requies
3732 4716 3825 4783 Po“.

2307 4820 2544 4875 labores.
2589 4816 2727 4873 Nam
2786 4817 2874 4873 his
2925 4815 3132 4873 sanctis
3184 4815 3512 4886 pauperibus
3562 4814 3817 4876 comparans

2308 4912 2641 4967 fortissimos
2659 4911 2943 4967 asinorum
2964 4909 3164 4980 pullos,
3189 4916 3315 4964 ante
3335 4922 3413 4973 se,
3439 4905 3712 4970 ubicunque
3730 4906 3818 4963 P9"

2306 5006 2486 5077 gebat,
2519 5005 2787 5070 laetantes,
2836 5001 3009 5057 Deum
3057 5001 3345 5056 laudantes
3368 5008 3423 5054 et
3450 4995 3664 5052 animam
3701 4996 3815 5042 suam

2305 5098 2691 5155 benedicentes
2725 5095 3015 5166 dirigebat.
3047 5093 3105 5148 In
3129 5092 3223 5149 his
3239 5107 3433 5163 nempe
3456 5098 3507 5145 et
3550 5084 3656 5141 aliis
3692 5081 3815 5172 iam:

2306 5190 2662 5247 merabilibus
2687 5187 3021 5259 pauperibus
3049 5185 3359 5241 recreandis
3390 5190 3644 5249 nunquam
3673 5166 3814 5226 habuit

2306 5283 2472 5349 nolle,
2497 5282 2591 5339 sed
2620 5295 2837 5351 semper
2856 5280 3014 5347 velle.
3041 5276 3322 5333 Morituris
3344 5274 3428 5331 his
3440 5270 3585 5327 fortis
3608 5270 3704 5320 erat
3722 5269 3813 5354 Ρτίξ·

2305 5377 2469 5444 visio,
2503 5391 2571 5431 ne
2601 5375 2727 5446 quis
2774 5373 3113 5429 minueretur
3151 5371 3221 5426 de
3262 5381 3503 5432 numero,
3533 5367 3720 5449 eratque
3746 5360 3811 5449 fis

2307 5470 2561 5542 vivorum
2593 5444 2873 5523 successio
2898 5473 2953 5519 et
2974 5463 3118 5534 apud
3138 5461 3309 5518 Deum
3340 5458 3470 5515 tanti
3492 5452 3619 5524 regis
3641 5444 3805 5501 οὺιειιὶο·

2310 5541 2427 5620 Hoc
2456 5560 2721 5626 studium,
2749 5559 2866 5614 hazc
2894 5558 3013 5629 eius
3044 5571 3259 5627 semper
3297 5552 3398 5610 fuit
3434 5552 3563 5606 bona
3599 5541 3805 5630 voluntaf.

2312 5636 2401 5710 cui
2432 5667 2645 5723 semper
2667 5627 2993 5715 adhzeserat,
3026 5644 3437 5721 participatione
3473 5632 3646 5695 summi
3688 5627 3803 5723 110313;

2312 5761 2441 5802 vera
2497 5743 2735 5811 bonitas,
2780 5740 2835 5796 in
2889 5756 2997 5811 qua
3051 5718 3388 5795 clarissimus
3424 5726 3710 5788 versiﬁcator
3744 5711 3803 5765 his

2317 5844 2567 5904 versibus
2606 5849 2687 5911 est
2716 5840 3016 5898 delsctatus
3043 5851 3054 5891 :
