4058 6388
648 329 753 387 M7

1787 331 2085 389 ROBERTI
2122 330 2326 388 REGIS
2363 329 2790 389 FRANCORUM
3782 332 3862 391 938

646 446 788 500 riam
811 442 1057 501 nominis
1097 442 1204 510 tui,
1232 442 1291 501 S.
1320 443 1519 503 Anianl
1550 444 1753 502 virtute
1803 446 2040 502 mirabili
2070 444 2243 518 patris
2273 445 2317 504 Α
2342 442 2472 503 Iesu
2508 446 2714 504 Christi
2756 443 3234 503 resurrectionem.
3280 440 3409 497 Erat
3451 452 3504 497 et
3542 444 3640 499 hoc
3678 450 3864 504 amatori

650 537 844 609 patriae
883 537 954 594 ab
995 537 1236 594 inimicis
1274 538 1604 594 mirabiliter
1644 539 1906 594 liberatas.
1949 557 1967 591 ι
2014 538 2240 595 Peracta

650 631 924 697 oratione,
956 631 1026 686 ad
1053 646 1151 686 sua
1174 631 1409 702 quisque
1430 632 1586 688 laetus
1620 631 1926 703 regreditur
1947 641 2002 686 et
2030 631 2097 687 de
2125 630 2241 687 suis

651 723 900 779 donariis
951 722 1072 794 ipso
1109 723 1198 779 die
1226 724 1383 780 locus
1437 724 1728 796 insigniter
1779 724 2125 792 nobilitatur,
2186 724 2241 778 in

653 823 893 883 quatuor
921 816 1133 871 scilicet
1180 815 1364 886 palliis
1405 816 1840 887 pretiosissimis,
1867 826 1923 873 et
1957 833 2124 873 urceo
2150 834 2242 872 ar-

655 915 852 977 g-utteo
904 915 961 963 et
1015 907 1247 978 capella,
1306 924 1474 980 quam
1515 917 1641 980 post
1692 910 1901 965 obitum
1934 924 2098 965 suum
2131 908 2244 981 Deq

655 997 1019 1070 omnipotenti
1079 1008 1133 1055 et
1201 1002 1555 1058 sanctissimo
1619 1001 1923 1059 confessori
1978 1002 2245 1074 delegavit

656 1090 893 1147 Auiano.
936 1090 1158 1163 Capella
1194 1102 1377 1150 autem
1410 1094 1577 1166 hujus
1615 1096 1874 1167 piissimi,
1925 1096 2243 1167 prudentis-

656 1176 805 1248 simi,
840 1181 1210 1252 potentissimi
1236 1183 1382 1255 regis
1409 1182 1682 1252 Rotberti,
1719 1186 1847 1241 talis
1877 1184 2016 1241 fuit:
2047 1184 2246 1256 Coppa:

656 1271 964 1345 octodecim
1022 1272 1198 1340 bonae,
1251 1274 1472 1345 optima:
1517 1284 1574 1332 et
1624 1276 1763 1332 bene
1824 1284 2046 1348 paratae.
2096 1276 2246 1333 Libri

658 1357 1080 1431 Evangeliorum
1125 1362 1279 1416 aurei
1325 1363 1459 1432 duo,
1489 1365 1731 1436 argentei
1758 1364 1888 1429 duo.
1915 1373 1970 1420 et
1998 1365 2090 1421 alii
2135 1366 2246 1422 duo

658 1451 834 1521 parvi,
879 1466 1006 1507 cum
1042 1452 1254 1509 missali
1298 1471 1409 1511 uno
1453 1458 1848 1523 transmarino,
1884 1458 2023 1514 bene
2054 1467 2247 1530 parato

654 1542 824 1597 ebore
854 1551 911 1599 et
955 1553 1206 1617 argento.
1234 1545 1565 1605 Philacteria
1607 1564 1771 1605 aurea
1804 1550 2111 1607 duodecim.
2150 1552 2247 1608 Al-

658 1645 775 1689 tarc
810 1650 982 1691 unum
1025 1650 1164 1694 auro
1218 1648 1274 1695 et
1314 1649 1542 1714 argento
1599 1642 1924 1699 mirabiliter
1969 1654 2243 1715 paratum,

657 1725 951 1783 continens
979 1728 1036 1783 in
1063 1730 1246 1787 medio
1276 1741 1488 1803 petram
1526 1734 1875 1805 laudabilem,
1905 1752 2027 1808 quae
2047 1737 2249 1794 dicitur

657 1819 974 1879 onichinus.
1002 1823 1210 1882 Cruces
1232 1840 1415 1883 aureae
1434 1836 1569 1883 tres.
1595 1827 1772 1900 Major
1801 1845 1867 1884 ex
1890 1829 1977 1886 bis
2007 1832 2251 1888 continet

659 1910 714 1966 in
742 1926 801 1970 se
828 1913 999 1973 libras
1030 1918 1149 1972 auri
1173 1918 1298 1988 puri
1321 1927 1548 1990 septem.
1584 1918 1752 1992 Signa
1772 1921 2036 1994 quinque.
2066 1921 2249 1979 Unum

657 2020 726 2059 ex
762 2005 851 2063 his
896 2009 1032 2065 satis
1080 2010 1355 2079 mirabile,
1404 2012 1458 2068 in
1496 2028 1609 2084 quo
1640 2015 1752 2070 duo
1792 2015 2099 2073 millcnaria
2130 2031 2250 2074 me-

656 2097 771 2153 talli
803 2111 859 2156 ct
886 2110 1159 2158 sexcenta:
1201 2103 1353 2159 librae
1384 2104 1629 2172 fuerunt,
1675 2107 1764 2161 cui
1813 2107 2054 2179 imprimi
2085 2108 2253 2179 jussit

660 2190 881 2261 signum
922 2193 1180 2256 baptismi
1216 2195 1285 2252 de
1328 2197 1451 2253 oleo
1493 2205 1549 2253 et
1581 2198 1880 2255 chrismate
1927 2199 2079 2268 facti,
2109 2199 2254 2257 sicut

658 2283 794 2340 ordo
818 2284 1064 2356 deposcit
1084 2288 1509 2356 ecclesiasticus,
1537 2299 1666 2346 etut
1698 2301 1989 2348 vocaretur
2020 2292 2252 2350 Rotber-

661 2387 750 2431 tus
806 2380 1129 2438 attribueret
1168 2382 1407 2454 Spiritus
1463 2393 1707 2442 sanctus.
1758 2385 1918 2443 Dedit
1986 2388 2154 2443 etiam
2198 2397 2254 2445 et

661 2469 789 2526 huic
819 2481 1014 2528 sancto
1043 2475 1307 2533 ecclesias
1350 2477 1510 2543 duas,
1546 2476 1904 2535 Sentiliacum
1943 2488 1997 2535 ot
2019 2480 2252 2537 Rutina-

660 2577 812 2630 gum,
841 2578 967 2619 cum
992 2566 1137 2622 villis
1156 2577 1211 2622 et
1237 2568 1496 2624 omnibus
1535 2585 1659 2641 quae
1688 2570 1756 2625 ad
1786 2570 1934 2641 ipsas
1956 2572 2252 2643 pertinent,

660 2670 800 2744 quas
830 2668 1103 2729 praecepto
1133 2661 1300 2732 regali
1335 2661 1576 2717 ﬁrmavit
1601 2670 1658 2717 et
1689 2663 2038 2744 corroborari
2063 2664 2250 2735 jussit.

662 2743 975 2803 Promeruit
1003 2758 1185 2806 autem
1213 2760 1269 2807 et
1298 2767 1330 2807 a
1355 2753 1561 2809 domno
1587 2743 1931 2810 Theodorieo
1958 2757 2255 2812 venerabili

662 2836 1083 2897 Aurelianorum
1114 2844 1373 2915 episcopo
1407 2845 1603 2901 altaria
1630 2845 1877 2915 ipsarum
1898 2846 2254 2904 ecclesiarum

663 2946 793 2986 eum
830 2932 1130 3002 pontiﬁcali
1156 2935 1443 3008 privilegio
1471 2935 1539 2992 de
1579 2937 1722 3008 ipsis
1751 2952 1783 2992 a
1816 2953 1876 2994 se
1904 2937 2073 3007 facto,
2106 2941 2256 3011 quod

664 3031 858 3079 sancto
886 3026 1122 3082 contulit
1144 3025 1361 3084 Aniano
1392 3035 1450 3084 et
1477 3030 1594 3102 regi
1623 3030 1849 3103 inclyte,
1898 3032 1995 3102 qui
2028 3048 2157 3088 eum
2199 3034 2255 3089 in

2344 539 2615 595 bonorum
2639 540 2693 594 in
2727 539 2991 611 religione
3015 552 3116 608 pro
3143 551 3364 592 suarum
3402 535 3761 593 emundatione
3775 542 3865 595 cal-

2344 647 2538 703 parum
2573 633 2740 704 quod,
2778 648 2809 687 a
2842 640 3034 688 sancto
3083 628 3499 700 Septuagesimo
3524 644 3687 699 usque
3724 631 3769 686 in
3790 649 3866 704 pa-

2345 725 2498 790 scha,
2522 725 2670 780 nulla
2702 740 2837 781 usus
2857 724 3053 781 culcita
3088 722 3402 792 frequenter
3427 737 3553 776 eum
3593 724 3864 794 suscipiebat

2345 819 2413 873 ad
2439 811 2731 888 jacendum
2761 816 3060 873 fortissima
3084 825 3251 880 terra,
3281 814 3589 871 tendentem
3611 814 3865 872 indesinen.

2343 919 2429 965 ter
2448 909 2515 965 ad
2563 910 2785 965 aethera.
2815 908 3001 965 Prosit
3031 917 3213 963 tamen
3236 922 3335 977 pro
3383 906 3474 962 his
3503 914 3555 961 et
3576 906 3687 962 aliis
3713 910 3864 965 anima

2346 1002 2466 1072 ejus
2495 1001 2804 1071 subscripta
2838 1009 2894 1055 et
2925 999 3107 1055 brevis
3151 998 3328 1054 oratio
3358 1016 3371 1052 :
3417 996 3659 1053 Priorum
3695 1009 3863 1055 aetum

2345 1095 2467 1163 ejus
2514 1092 2761 1149 maculas
2802 1088 2946 1148 Deus
2979 1099 3177 1162 terget,
3220 1089 3485 1145 oblivioni
3514 1097 3761 1160 perpetua:
3782 1099 3863 1147 tra-

2346 1187 2460 1253 dat,
2491 1193 2705 1256 partem
2730 1185 2782 1240 ei
2818 1185 2873 1239 in
2904 1182 3309 1240 resurrectione
3346 1181 3526 1252 prima
3550 1181 3863 1254 concedatqni

2349 1288 2432 1335 est
2456 1278 2790 1334 resurrectio
2811 1286 3153 1333 mortuorum
3188 1273 3349 1331 Iesus
3381 1272 3633 1330 Christus
3653 1273 3808 1331 vivens
3826 1285 3864 1331 et

2347 1386 2585 1443 regnans
2614 1370 2668 1426 in
2692 1371 2891 1427 saecula
2918 1368 3264 1428 szeculorum.

2418 1463 2585 1522 Cordi
2614 1479 2739 1520 meo
2771 1463 2904 1534 quid
2946 1461 3184 1526 dulcius,
3237 1459 3371 1530 quid
3408 1457 3691 1529 jucundius
3734 1466 3865 1528 petra

2345 1557 2503 1630 jungi
2546 1572 2713 1628 quam
2766 1564 2829 1611 ut
2866 1562 3283 1625 praeceptorem,
3309 1551 3611 1621 adjutorem
3641 1548 3864 1615 meum,ia

2350 1650 2606 1708 omnibus
2639 1649 2734 1704 Dei
2756 1645 3019 1719 operibus
3043 1644 3385 1701 collaudem?
3436 1641 3633 1708 Redeo,
3656 1640 3790 1697 redeo
3809 1649 3862 1704 et.

2351 1741 2496 1797 sicut
2516 1739 2761 1795 solebam
2806 1738 2863 1791 in
2907 1735 3102 1790 diebus
3125 1733 3329 1805 quibus
3351 1746 3458 1788 nos
3485 1730 3640 1786 simul
3670 1730 3867 1799 respiciev

2354 1832 2549 1887 bamus
2574 1871 2590 1896 ,
2630 1829 2752 1900 ejus
2800 1826 2937 1882 mihi
2981 1824 3276 1880 amabilem
3323 1830 3380 1879 et
3418 1820 3864 1878 desideratissim-

2351 1922 2557 1995 recipio
2581 1920 2903 1977 bonitatem.
2929 1916 3177 1972 Delector
3196 1915 3367 1971 etiam
3401 1914 3459 1969 in
3484 1914 3573 1969 illa
3599 1920 3649 1968 et
3676 1912 3867 1982 experior

2351 2013 2485 2086 quid
2517 2010 2770 2068 utilitatis
2803 2008 2940 2064 mihi
2988 2006 3083 2061 illa
3132 2004 3317 2060 fuerit.
3363 2002 3427 2057 In
3458 2002 3569 2068 illa,
3601 2009 3656 2056 ut
3679 2007 3867 2055 mest

2352 2102 2768 2169 recordationis,
2802 2099 2880 2156 nil
2906 2098 3136 2169 accipio,
3161 2097 3239 2152 nil
3269 2095 3456 2153 sentio
3475 2110 3635 2165 quam
3662 2101 3716 2148 ut
3737 2093 3867 2151 bonus

2355 2195 2498 2252 ﬁlius
2531 2196 2599 2250 de
2628 2203 2781 2265 patre
2828 2192 2994 2256 bono,
3027 2190 3243 2245 amicus
3287 2187 3359 2244 de
3392 2187 3589 2251 amico,
3617 2182 3867 2240 dileeutsde

2353 2289 2574 2346 dilecto.
2612 2286 2895 2342 Erubesce
2920 2295 3105 2339 tamen
3141 2281 3299 2336 valde
3333 2280 3396 2334 in
3420 2278 3585 2349 hujus
3604 2275 3868 2332 admirabilis

2352 2382 2460 2436 viri
2480 2394 2707 2451 operum
2736 2377 3004 2433 bonorum
3030 2372 3375 2438 narratione,
3405 2382 3532 2427 cum
3561 2370 3614 2424 in
3633 2383 3693 2424 eo
3710 2381 3869 2437 semper

2355 2471 2644 2529 ﬂoruerint
2669 2485 2793 2540 qua:
2821 2476 2953 2525 sunt
2980 2467 3087 2522 lixa
3134 2465 3374 2521 summis
3414 2462 3684 2528 cmlorum,
3706 2475 3785 2530 pro
3807 2457 3865 2512 lu-

2356 2566 2603 2623 cratione
2625 2563 2934 2619 animarum
2965 2567 3023 2615 et
3063 2573 3385 2629 corporum.
3415 2553 3713 2624 Quempiam
3729 2549 3867 2607 vident

2355 2657 2623 2715 desudare
2677 2656 2734 2710 in
2785 2652 2884 2709 Dei
2903 2667 3100 2723 opere,
3152 2652 3301 2706 hunc
3359 2646 3727 2704 exhortabatur
3756 2657 3865 2707 voce.

2356 2750 2606 2808 clanculo
2647 2748 2891 2804 allevans
2919 2759 3172 2809 munere,
3202 2743 3365 2814 cujus
3417 2748 3535 2797 erat
3560 2740 3739 2795 donum
3776 2749 3866 2806 μὀ·

2358 2841 2545 2900 missis
2574 2837 3003 2911 pauperrimum,
3035 2835 3166 2890 da'to
3205 2832 3626 2905 permaximum.
3663 2828 3712 2884 In
3743 2823 3868 2883 fundo

2356 2932 2677 2993 monasterii
2720 2926 3089 2985 Floriaeensis
3116 2926 3221 2982 loci
3252 2933 3489 2997 paterna
3536 2914 3866 2978 imitabilisab-

2358 3028 2504 3085 batis
2540 3025 2646 3081 mei
2682 3022 2933 3079 Gauzliui
2973 3019 3227 3091 iussione
3267 3016 3561 3074 ecclesiam
3602 3004 3868 3082 empiadii-

665 3126 799 3170 voce
821 3116 1209 3173 exsultationis
1245 3133 1460 3190 semper
1490 3119 1758 3177 dilexerat
1789 3122 1858 3178 de
1892 3123 2060 3180 corde
2085 3124 2251 3181 bono.
2282 3140 2324 3200 ο
2359 3132 2505 3182 care,
2533 3113 2808 3170 modicam
2830 3110 3075 3181 quidem.
3110 3107 3208 3163 sed
3241 3105 3535 3172 fﬁliiﬁlii;
3565 3103 3626 3159 ad
3646 3113 3781 3200 ςιιξιω
3800 3110 3865 3150 οε·

731 3204 990 3264 Castrum
1013 3208 1331 3282 Crispiacus
1342 3212 1550 3269 dictum
1569 3230 1600 3270 a
1613 3213 1855 3271 Waltero
1864 3216 2075 3287 potenti
2090 3217 2253 3272 nobi-

664 3298 790 3355 liter
811 3310 1191 3361 constructum
1205 3303 1561 3363 Sucssionico
1581 3307 1634 3362 in
1652 3308 1948 3375 territorio,
1965 3308 2252 3365 Abbatiam

664 3393 844 3450 sancti
876 3392 1090 3451 Arnulii
1132 3412 1164 3451 a
1194 3412 1255 3453 se
1283 3395 1485 3454 factam
1538 3400 1743 3456 nobilis
1793 3401 2034 3456 nobilem
2076 3409 2132 3456 et
2157 3416 2256 3472 per

666 3485 866 3540 sucula
894 3485 1430 3545 reddiditillustrem.
1447 3485 1645 3546 Nostra
1665 3492 1813 3547 enim
1826 3500 1985 3547 aetate
2001 3492 2077 3547 ibi
2093 3492 2258 3549 abba-

667 3584 778 3632 tem
803 3577 1118 3648 quemdam,
1144 3577 1494 3638 Lezceiinum
1519 3583 1762 3647 nomine,
1788 3584 2097 3650 constituit,
2121 3584 2252 3640 boni

669 3668 968 3724 testimonii
993 3670 1196 3739 virum,
1224 3671 1569 3742 professione
1598 3674 1864 3745 regularis
1903 3674 2030 3730 vita:
2057 3688 2252 3730 mona-

620 3802 637 3821 .
667 3760 856 3827 chum,
871 3762 1168 3831 quotannis
1190 3764 1498 3819 venientem
1521 3764 1590 3821 ad
1607 3765 1753 3821 hunc
1774 3764 1868 3821 Dei
1890 3765 2092 3821 virum.
2114 3763 2252 3821 Sus-

669 3850 973 3919 cipiebatur
1016 3853 1086 3908 ab
1113 3868 1180 3909 eo
1216 3853 1399 3910 ut-Dei
1442 3871 1664 3923 servus,
1706 3865 1763 3912 et
1796 3856 2131 3928 colloquium
2151 3856 2252 3929 ha-

668 3939 860 3998 bentes
891 3938 960 3997 de
996 3944 1333 4012 caelestibus,
1380 3955 1506 4016 post
1544 3938 1601 4001 ἥι
1628 3946 1906 4002 redeundo
1941 3947 2252 4003 honoraba-

670 4039 763 4086 tur
782 4032 853 4089 ab
881 4047 949 4089 eo
974 4033 1390 4094 bonorabilibus
1414 4038 1736 4094 muneribus
1763 4054 1929 4110 quam
1955 4040 2253 4111 splendide,

671 4138 795 4194 quia:
827 4133 985 4181 erant
1001 4125 1192 4196 juncta
1215 4128 1532 4186 cmlestibus
1556 4127 1809 4200 perfecta:
1835 4130 2119 4188 chazitatis
2145 4132 2257 4185 vir-

673 4225 808 4272 tute.
849 4214 1098 4283 Quodam
1146 4228 1330 4276 autem
1365 4229 1609 4292 tempore
1637 4230 1843 4278 sanctae
1888 4220 2255 4295 Quadragesi-

674 4320 779 4367 mae
808 4305 1056 4365 Piseiaco
1088 4310 1159 4366 ad
1201 4326 1382 4382 regem
1411 4311 1479 4367 de
1510 4326 1663 4367 more
1686 4327 2008 4383 properans,
2047 4323 2257 4384 tempo-

673 4398 820 4461 rales
845 4398 1012 4456 simul
1035 4409 1091 4456 et
1122 4402 1396 4472 spiritales
1430 4414 1783 4473 sumpserunt
1807 4405 1979 4460 cibos.
2004 4404 2161 4460 Avita
2196 4421 2257 4461 se

2356 3208 2612 3270 currebat
2634 3203 2870 3276 populus
2890 3216 3079 3257 amore
3101 3214 3339 3271 quorum
3368 3205 3488 3254 erat
3526 3190 3757 3252 sacranda
3770 3202 3866 3244 oon-

2356 3303 2520 3374 digna
2566 3295 2962 3353 benedictione.
2992 3290 3145 3348 Licet
3186 3297 3334 3347 esset
3387 3283 3864 3374 imperiecta,quam-

2355 3370 2443 3452 vis
2487 3393 2689 3462 lignea,
2734 3397 2916 3443 tamen
2958 3382 3233 3455 promovit
3282 3398 3344 3439 se
3382 3397 3481 3438 rex
3518 3380 3598 3434 vir
3632 3370 3863 3432 celestinln

2356 3483 2760 3545 desideriorum
2806 3494 2838 3533 a
2888 3476 3134 3532 V’itriaco
3179 3482 3369 3530 castro
3389 3516 3405 3539 ,
3454 3470 3751 3558 desiderans
3778 3475 3862 3558 aut

2354 3578 2541 3634 videre
2561 3581 2785 3645 aspectu
2810 3568 3181 3627 sanctissimo.
3211 3565 3418 3621 Fuerat
3435 3564 3547 3635 jam
3567 3555 3863 3653 jussu

2355 3680 2409 3727 et
2431 3667 2683 3725 amabilis
2707 3662 2947 3720 Odolrici
2989 3658 3266 3732 pontiﬁcis
3316 3673 3352 3712 a
3408 3651 3684 3712 venerabili

2356 3762 2605 3820 sensium
2658 3756 3076 3827 archiepiscopo
3118 3751 3389 3808 Gauzlino
3438 3746 3714 3805 benedicta,
3750 3738 3864 3794 dant:

2354 3872 2421 3913 eo
2459 3856 2516 3910 in
2571 3850 2804 3909 circuitu
2842 3845 3161 3919 plenissime
3190 3852 3395 3899 terram
3432 3839 3532 3911 ipsi
3568 3832 3866 3900 ecclesiaper-

2357 3947 2566 4003 utilem.
2591 3943 2809 3999 latrans
2845 3941 2902 3996 in
2924 3954 2990 3995 ea
3017 3953 3111 3994 rex
3134 3945 3190 3992 et
3230 3950 3401 3991 orans
3448 3930 3656 4002 pallium
3692 3928 3864 3995 quam

2357 4040 2624 4096 librarum
2652 4050 2817 4106 super
2837 4032 3009 4087 altare
3036 4028 3250 4101 posuit;
3295 4024 3448 4098 quod
3483 4023 3604 4094 quia
3651 4018 3864 4075 laborm

2358 4140 2679 4189 sanctorum
2702 4125 2970 4198 Dionysii,
2999 4121 3209 4178 Rustici
3242 4129 3297 4176 et
3328 4113 3865 4180 Eleutherii,consem‘

2357 4235 2477 4281 tum
2523 4222 2655 4289 fuit,
2704 4218 2897 4292 procul
2940 4216 3109 4273 dubio
3150 4215 3274 4285 ejus
3325 4212 3481 4269 cordi
3520 4211 3590 4266 ita
3627 4199 3865 4298 insedit.“

2360 4314 2476 4370 suis
2515 4312 2619 4383 [iis
2656 4291 3047 4380 aspicientibus
3084 4303 3282 4367 oculis,
3312 4300 3523 4373 postad
3548 4311 3659 4353 eum
3686 4291 3863 4385 Parisiis

2360 4421 2449 4465 me
2478 4376 2750 4468 veniente,
2771 4400 2840 4456 de
2872 4396 3122 4467 reliquiis
3157 4395 3406 4465 ipsorum
3448 4397 3733 4461 martyrum,

673 4488 918 4560 posthaec
948 4466 1346 4564 conjun-gentes
1390 4466 1656 4561 bonitate,
1686 4494 1844 4550 oﬂ’ert
1876 4496 1988 4567 regi
2016 4497 2258 4552 charita—
2289 4490 2333 4545 D
2359 4497 2568 4554 scilicet
2621 4466 2865 4564 Dionysii
2890 4532 2905 4557 ,
2956 4466 3170 4546 Rustici
3220 4495 3277 4542 et
3316 4481 3626 4546 Eleutherii,
3654 4466 3862 4567 splendid.

674 4589 786 4637 tem
811 4578 908 4637 Dei
936 4581 1105 4638 abbas
1151 4583 1348 4651 bonus,
1376 4599 1476 4654 pro
1498 4585 1831 4642 relevationc
1860 4586 2107 4658 corporis
2137 4586 2259 4657 ejus

675 4673 992 4743 humillimi,
1032 4685 1095 4732 ut
1124 4676 1348 4733 haberet
1377 4678 1626 4734 levamen
1654 4679 1926 4744 ciborum,
1957 4679 2054 4750 qui
2077 4678 2258 4750 preci-

673 4765 780 4823 bus
803 4766 1030 4838 pulsans
1064 4769 1206 4825 ostia
1255 4770 1519 4825 caelorum
1570 4769 1724 4826 fleret
1766 4786 1999 4827 consors
2045 4780 2262 4828 sancto-

674 4873 823 4914 rum.
854 4857 970 4916 lloc
990 4875 1231 4918 renuens
1261 4862 1343 4917 vi:
1370 4861 1589 4932 pietatis
1628 4871 1681 4918 et
1707 4863 2031 4919 incumbens
2057 4878 2118 4919 se
2151 4871 2260 4921 ter-

675 4950 756 5007 ris
779 4951 1112 5009 omnimodis
1140 4953 1334 5009 orabat
1372 4970 1442 5010 ne
1478 4954 1532 5010 vi
1577 4969 1703 5010 eum
1744 4956 2099 5025 opprimeret,
2130 4957 2261 5028 quia

677 5042 881 5102 talibus
926 5044 1189 5101 obediens
1222 5045 1434 5101 nullum
1480 5045 1663 5102 adhuc
1688 5044 1800 5103 Deo
1820 5046 2020 5118 jejunii
2072 5056 2261 5105 votum

676 5137 991 5195 obtulisset.
1034 5136 1191 5194 Abba
1216 5138 1322 5195 hoc
1348 5137 1578 5195 audiens
1622 5138 2014 5196 taciturnitatis
2042 5140 2261 5197 vincula

676 5229 940 5302 suscepit,
970 5239 1027 5287 ct
1071 5229 1345 5287 meditans
1399 5229 1563 5286 corde
1606 5229 1755 5301 quod
1787 5239 1936 5288 esset
1986 5229 2264 5301 perlectus

677 5323 899 5389 virtute,
925 5337 1026 5393 pro
1055 5322 1251 5394 jejunii
1297 5321 1418 5393 ejus
1439 5322 1846 5390 observatione,
1868 5322 2111 5394 suscepit
2133 5339 2259 5379 eum

679 5412 737 5470 in
768 5413 1148 5471 multimodam
1179 5423 1236 5471 et
1282 5431 1394 5471 non
1429 5430 1781 5472 numerosam
1815 5416 2113 5473 missarum
2170 5432 2245 5473 ce-

677 5506 1063 5574 lebrationem,
1121 5516 1180 5564 ut
1233 5508 1555 5564 attribueret
1588 5509 1640 5565 ei
1664 5507 1810 5565 Deus
1841 5509 1896 5564 in
1933 5509 2020 5563 his
2052 5509 2265 5565 ﬁrmam

682 5598 1050 5663 devotionem.
1094 5599 1190 5657 liis
1219 5601 1377 5663 laetus
1405 5618 1498 5659 rex
1528 5602 1689 5660 donis
1717 5618 1745 5657 a
1784 5610 1977 5658 sancto
2002 5601 2122 5658 viro
2146 5617 2270 5672 per-

683 5691 880 5761 ceptis,
920 5690 1031 5748 Deo
1060 5693 1265 5765 gratias
1289 5695 1399 5766 git
1425 5706 1478 5750 et
1504 5705 1755 5752 sanctum
1803 5694 2099 5751 celebravit
2133 5708 2268 5748 eon-

689 5785 848 5859 tinuo
899 5784 1195 5859 jejunium,
1246 5796 1573 5860 exspectans
1614 5788 1706 5846 Dei
1748 5796 1803 5845 et
1833 5786 2051 5845 Domini
2097 5786 2271 5844 nostri

2365 4594 2675 4653 exornaret,
2703 4563 3190 4640 intercessionibus
3212 4578 3431 4634 ditaret.
3468 4563 3860 4653 Protectionistf

2366 4693 2491 4735 rum
2516 4646 2672 4734 dona,
2684 4675 2803 4730 haec
2823 4679 2981 4728 sunt:
3014 4668 3290 4725 Decasula
3315 4666 3491 4724 sancti
3537 4654 3759 4730 Dionysii,
3776 4646 3854 4705 dal—

2366 4769 2565 4827 matica
2591 4766 2771 4825 sancti
2832 4762 3066 4829 Rustici,
3093 4759 3282 4818 casula
3332 4756 3506 4815 sancti
3533 4742 3793 4841 Eleutheriit
3815 4737 3860 4792 ἀο

2367 4859 2711 4919 vestimentis
2743 4871 2936 4914 eorum
2957 4853 3225 4925 sanguine
3280 4848 3539 4921 aspersis,
3582 4843 3642 4899 de
3678 4840 3857 4927 carmen

2369 4969 2561 5010 eorum
2587 4952 2811 5024 pulvere
2838 4956 2895 5006 et
2934 4945 3179 5002 funiculo
3235 4941 3455 5014 triplici,
3496 4951 3600 5010 quo
3634 4929 3719 5024 iuit

2370 5055 2492 5103 ctus
2515 5012 2810 5117 Dionysius
2838 5030 3045 5112 martyr
3068 5036 3286 5094 Domini
3306 5012 3599 5107 pretiosus.
3617 5023 3697 5080 liis
3718 5012 3857 5117 et

2370 5103 2684 5195 sanctorum
2707 5103 3033 5207 pignoribus
3078 5146 3110 5186 a
3140 5144 3269 5200 rege
3292 5103 3505 5182 amante
3542 5120 3689 5175 Deum
3713 5103 3854 5211 nobili:

2369 5242 2453 5289 ter
2474 5229 2771 5303 insignitus
2813 5227 3098 5283 estlocus.
3141 5221 3418 5292 Suscepts:
3440 5223 3563 5274 sunt
3585 5217 3751 5303 autem.
3766 5207 3854 5303 ῑρξξ

2371 5296 2688 5382 sanctorum
2742 5336 2909 5392 supra
2947 5319 3220 5374 dictorum
3267 5307 3651 5384 pretiosissima

2368 5419 2423 5474 in
2446 5416 2697 5473 Floriaco
2747 5385 3082 5469 monasterio
3126 5424 3157 5463 a
3192 5408 3393 5464 domno
3432 5385 3849 5489 Gauzlineabb‘f:

2370 5512 2424 5567 in
2450 5510 2630 5566 dando
2673 5516 2727 5564 et
2768 5504 3089 5575 accipiendo
3147 5501 3283 5557 satis
3330 5486 3622 5554 honorabili
3646 5483 3755 5583 viro,
3791 5481 3850 5583 iis

2372 5604 2736 5660 Kalendarum
2767 5596 3107 5661 Octobrium,
3139 5609 3251 5665 quo
3281 5588 3501 5648 celebris
3540 5581 3693 5654 agitur
3709 5576 3847 5625 i009“

2372 5697 2533 5751 nibus
2560 5691 2777 5749 saeculis
2825 5697 3147 5744 sanctorum
3200 5680 3472 5746 Germani,
3500 5666 3700 5739 Remigii
3723 5665 3841 5723 alii”

2371 5784 2593 5842 Vedasti
2676 5779 2998 5840 solemnitas
3066 5774 3461 5834 confessorum.
3538 5765 3659 5820 Sane
3717 5756 3845 5824 καθ’
