4058 6456
146 400 262 458 ως)

1710 381 1863 439 \‘l'l‘A
1877 424 1895 443 .

3349 390 3454 445 ῡεο

149 516 226 569 tis
249 509 608 568 existentibus
645 508 761 578 ipsa
811 504 1043 561 ecclesia
1089 509 1213 574 post
1263 500 1482 572 ignibus
1521 498 1717 555 adusta
1739 540 1754 566 ,
1788 505 1830 561 Α
1858 498 2087 553 naribus
2113 497 2299 554 muli
2333 514 2461 554 eum
2493 499 2776 557 honorans
2808 501 3056 558 attribuit
3108 503 3188 559 illi
3212 486 3457 561 honores

153 608 359 662 iterum
381 619 411 658 a
434 618 521 658 me
542 602 768 667 misero,
793 596 1136 653 auxiliatrice
1163 609 1329 650 manu
1368 591 1583 647 Domini
1619 606 1753 662 ope-

154 706 338 764 rante,
362 703 565 751 sanetae
598 691 781 748 Mariae
807 689 1001 747 matris
1044 686 1284 754 Domini,
1329 684 1508 740 Patris
1531 698 1756 755 quoque

157 786 441 844 Benedicti
465 794 519 841 et
540 783 858 839 earumdem
884 790 1207 837 sanctorum
1230 777 1621 848 adjuvantibus
1639 791 1758 832 meo

156 882 304 945 ritis,
337 892 460 949 qua:
511 887 628 931 erat
674 875 853 945 lignea
882 871 1026 928 facta
1052 880 1136 927 est
1163 869 1395 941 lapidea,
1440 884 1604 939 quam
1633 884 1755 923 ma-

159 989 286 1045 gna
329 968 590 1026 bonitatis
635 966 908 1038 gloriosus
955 964 1246 1034 episcopus
1292 958 1581 1017 Odolricus
1632 975 1755 1026 sua,

160 1080 276 1121 non
299 1062 550 1128 alterius,
596 1070 655 1115 ut
703 1059 877 1130 prius,
924 1072 1093 1112 manu
1146 1053 1382 1109 Domino
1417 1052 1529 1108 Deo
1556 1062 1611 1108 et
1642 1052 1761 1108 suis

159 1155 374 1214 sanctis
396 1152 637 1209 dedicari
666 1158 721 1206 et
748 1148 1062 1206 consecrari
1091 1147 1282 1203 voluit.
1322 1145 1475 1201 Fecit
1518 1154 1579 1200 ut
1602 1145 1760 1200 dece-

160 1251 255 1304 bat
278 1248 445 1303 talem
467 1244 666 1299 virum.
710 1241 923 1313 Quippe
944 1240 1042 1312 qui
1080 1239 1162 1295 sic
1188 1254 1274 1294 me
1310 1238 1545 1309 protexit
1575 1240 1764 1292 amore

163 1339 324 1395 omni
349 1352 460 1409 quo
492 1336 700 1391 advixit
722 1342 987 1404 tempore,
1017 1340 1278 1403 operante
1323 1328 1420 1386 Dei
1442 1330 1661 1396 virtute,
1703 1336 1766 1385 ut

163 1433 220 1487 in
248 1432 342 1487 his
383 1444 724 1501 quacunque
765 1426 913 1483 volui
966 1441 1253 1496 nunquam
1301 1425 1423 1496 ejus
1472 1424 1765 1480 habuerim

163 1522 343 1589 nolle,
397 1520 493 1576 sed
548 1535 765 1589 semper
832 1517 981 1589 quod
1040 1525 1127 1574 est
1180 1516 1474 1573 honestum
1508 1523 1566 1572 et
1610 1514 1762 1570 utile.

165 1615 550 1673 Hereditatem
571 1621 887 1668 sanctorum
916 1607 1282 1675 sacerdotum,
1327 1624 1496 1679 quam
1552 1623 1768 1678 semper

167 1707 260 1767 hic
293 1705 555 1762 sacerdos
604 1703 838 1775 inclytus
877 1702 1088 1757 honore
1113 1700 1468 1772 pontificatus
1502 1698 1769 1769 consequi

165 1798 538 1865 desiderabat,
587 1798 731 1852 hanc
773 1810 1097 1866 quaesumus
1131 1795 1182 1849 ei
1231 1793 1475 1849 tribuere
1513 1793 1771 1863 dignetur

167 1891 426 1948 Pontifex
455 1905 728 1955 summus,
776 1887 922 1945 Deus
965 1896 1021 1944 et
1069 1885 1339 1943 Dominus
1374 1894 1564 1941 noster
1607 1885 1769 1942 lesus

168 1984 451 2049 Christus.
488 1982 663 2054 llujus
697 1989 919 2053 peccata
947 1980 1216 2046 destruat,
1249 1978 1481 2034 collocet
1518 1978 1574 2032 in
1599 1978 1765 2035 cmic-

171 2077 377 2142 stibus,
400 2076 596 2148 jungat
621 2074 889 2131 ctelorum
932 2072 1144 2126 civibus
1182 2069 1511 2140 Redemptor
1546 2078 1601 2124 et
1620 2067 1770 2124 Con-

171 2171 342 2237 ditor,
373 2178 429 2223 et
455 2175 767 2222 sanctarum
792 2164 1105 2219 animarum
1128 2162 1459 2218 mitissimus
1487 2161 1767 2216 liberator.

175 2264 452 2318 intrantes
482 2260 625 2314 hanc
666 2256 957 2314 ecclesiam
998 2270 1111 2325 prae
1155 2254 1330 2310 oculis
1383 2253 1588 2309 habent
1647 2254 1775 2308 sub-

176 2334 415 2426 scriptus
470 2348 791 2415 versiculos,
845 2348 1168 2404 memoriam
1215 2347 1392 2401 sancti
1447 2345 1690 2417 Dionysii
1720 2352 1775 2400 et

177 2445 410 2504 factoris
450 2442 559 2497 loci
594 2440 916 2506 retinentes,
955 2454 1099 2510 quos
1149 2438 1298 2493 binis
1342 2437 1592 2508 partibus
1636 2435 1776 2492 divi-

177 2555 274 2596 sos
304 2542 610 2608 agnoscunt
649 2532 865 2595 altaria,
898 2546 1133 2601 quorum
1178 2540 1304 2585 sunt
1341 2530 1548 2584 honore
1585 2544 1774 2584 sacra-

180 2641 257 2686 ta.
290 2629 377 2684 Ad
400 2626 682 2683 sinistram
738 2635 947 2695 partem
985 2622 1175 2678 altaris
1225 2621 1402 2677 sancti
1443 2619 1686 2693 Dionysii
1718 2619 1775 2675 bi

183 2727 347 2777 sunt:

185 2812 305 2869 ls:a
333 2810 624 2880 Dionysius
647 2815 976 2879 penetrantes
1003 2804 1194 2859 limina
1216 2814 1453 2869 sanctus,

255 2902 478 2958 Auxilio
507 2910 692 2955 sancto
716 2898 976 2953 consociet
998 2893 1245 2950 Domino.

186 2994 359 3063 Quem
379 2993 674 3065 quicunque
699 2991 832 3061 petis
860 2976 1140 3043 Dominum
1174 2986 1391 3057 deposce
1420 2995 1709 3051 lonaucm,

263 3084 537 3153 Quatenus
565 3080 616 3136 Η
623 3080 903 3154 algaudum
926 3087 1091 3134 servet
1114 3095 1291 3132 amore
1312 3095 1484 3131 suum.

188 3176 358 3247 Cujus
391 3192 544 3229 amor
564 3172 776 3230 Christo
803 3172 880 3226 sic
908 3171 984 3225 sic
1012 3169 1300 3225 venerabile
1326 3169 1573 3239 templum

265 3265 581 3323 Construrit
618 3263 846 3317 Domino
868 3271 1026 3333 atque
1059 3260 1336 3331 Dionysio.

190 3359 328 3415 item
350 3358 420 3413 ad
440 3356 719 3413 dexteram
749 3373 761 3409 :

194 3451 293 3507 Est
314 3451 504 3504 donius
542 3449 647 3503 ista
668 3446 776 3501 Deo
797 3448 908 3502 sine
934 3446 1038 3517 [ine
1054 3445 1234 3500 dicata
1256 3460 1501 3514 superno,

268 3540 542 3612 Helgaudi
569 3540 746 3594 studio
772 3539 1092 3611 consilioque
1119 3537 1260 3592 boni.

197 3634 345 3689 Hinc
371 3633 705 3703 paradisiaci
730 3632 975 3703 pulsatur
987 3630 1161 3702 janua
1177 3630 1321 3701 regni
1340 3645 1358 3682 :

272 3722 415 3777 Hinc
450 3724 543 3792 pia
575 3722 718 3793 plebs
744 3722 970 3776 Domino
1011 3721 1304 3791 conjulilat
1331 3736 1538 3789 supero.

199 3815 475 3871 latrantes
505 3816 708 3885 pariter
736 3813 980 3871 Christus
1002 3823 1264 3868 conservet
1291 3811 1467 3866 Iesus.

199 3906 402 3975 Dicite,
427 3907 623 3974 cuncti,
670 3921 790 3961 race
808 3905 955 3975 ﬁdeli
989 3921 1141 3961 omne
1167 3922 1259 3975 per
1283 3920 1481 3960 azvum:

200 3995 299 4052 Sic
325 3996 453 4053 fiat:
481 3996 674 4063 Amen,
698 4012 878 4065 amen,
911 4011 1091 4051 amen.

273 4086 453 4159 Hujus
476 4096 621 4144 certe
640 4088 999 4159 temporibus,
1036 4088 1195 4158 cujus
1242 4088 1534 4160 adjuvante
1571 4087 1683 4144 Deo
1712 4088 1794 4144 fa-

197 4189 292 4235 eta
347 4178 732 4248 describimus,
775 4178 929 4236 fulsit
971 4180 1028 4234 in
1065 4181 1400 4236 monasterio
1458 4179 1795 4239 Floriacensi

200 4273 331 4329 loco
354 4271 553 4327 celebri
582 4271 899 4342 splendidus
919 4272 1126 4327 mundo
1156 4271 1456 4329 Cauzlinus
1484 4273 1654 4328 abbas
1678 4290 1794 4331 me-

201 4361 353 4427 rito,
399 4360 606 4417 sanctis
662 4359 775 4416 Deo
838 4360 1169 4431 conjunctus
1230 4363 1521 4432 operibus,
1584 4363 1796 4432 pollens

203 4451 442 4508 scientia
489 4452 720 4537 spiritali
755 4452 921 4509 simul
981 4463 1035 4508 et
1095 4454 1355 4510 humana.
1404 4453 1622 4511 Inerant
1675 4457 1797 4527 ejus

1857 606 1968 646 non
1990 589 2272 657 minimos,
2306 590 2579 648 abbatiam
2607 590 2666 648 S.
2700 590 3001 661 Benedicti,
3028 609 3153 665 qua:
3173 604 3260 653 est
3290 607 3457 672 caput

1857 683 2025 738 totius
2050 681 2263 739 ordinis
2286 683 2581 741 monastici
2612 692 2666 739 et
2709 683 3089 756 episcopatum
3140 684 3452 744 Bituricen-

1858 791 1974 833 sem
2034 776 2210 832 sancti
2260 775 2684 848 protomartyris
2738 775 3026 848 Stephani,
3084 777 3455 849 principatum

1858 868 2097 925 tenentis
2119 868 2291 925 totius
2313 867 2644 940 Aquitaniae,
2683 869 2781 940 qui
2839 867 2944 925 fuit
2968 879 3024 927 et
3053 878 3138 926 est
3186 870 3366 927 honor
3403 878 3462 926 et

1859 960 2029 1018 decus
2051 960 2314 1018 Francia.
2354 961 2413 1017 In
2436 962 2638 1033 quibus
2667 977 2792 1032 quae
2836 962 3081 1033 peccavit
3101 977 3229 1018 vera
3276 961 3460 1019 chari—

1861 1064 1947 1110 tas
1974 1063 2030 1110 ct
2052 1054 2422 1127 eleemosyna,
2450 1070 2574 1125 quae
2614 1054 2671 1110 in
2714 1069 2844 1110 eum
2898 1054 3204 1113 floruerunt
3259 1054 3466 1111 virtute

1862 1166 2081 1221 magna,
2127 1159 2404 1221 perpetuas
2477 1150 2694 1206 tradent
2732 1150 2997 1208 oblivioni
3038 1151 3254 1209 actione
3284 1149 3467 1207 felicis

1864 1243 2016 1308 boni,
2047 1243 2194 1313 quod
2231 1241 2426 1299 habuit
2468 1241 2890 1313 participatione
2940 1242 3145 1298 summi
3194 1241 3348 1299 boni.
3402 1239 3465 1299 la

1865 1335 2060 1392 diebus
2085 1334 2289 1407 quippe
2334 1334 2763 1407 Septuagesimze
2800 1334 3052 1391 residens
3086 1349 3187 1390 rex
3232 1333 3466 1392 illustris

1866 1427 2112 1484 Parisios
2137 1428 2357 1484 civitate
2381 1428 2535 1484 misit
2546 1428 2614 1484 ad
2642 1443 2771 1482 eum
2798 1427 2968 1484 abbas
2992 1426 3219 1483 humilis
3241 1441 3311 1482 ex
3338 1440 3464 1483 mo-

1866 1536 1927 1577 re
1952 1535 2052 1591 pro
2075 1519 2439 1575 sacratissimi
2496 1518 2603 1575 loci
2663 1518 2917 1574 utilitate.
2975 1517 3082 1586 Qui
3124 1517 3284 1575 missi
3308 1526 3471 1575 erant

1869 1611 1958 1668 bis
1996 1610 2238 1683 propriis
2280 1610 2698 1682 appellabantur
2747 1609 3067 1667 nominibus
3100 1629 3114 1665 :
3178 1609 3470 1667 Albericus

1870 1720 2016 1761 unus
2042 1704 2338 1760 sacerdotii
2364 1701 2539 1775 gloria
2568 1703 2895 1771 decoratus,
2921 1703 3186 1775 largifluae
3229 1701 3471 1760 Charita-

1873 1797 1945 1851 tis
1971 1797 2086 1863 vir;
2120 1796 2210 1853 cui
2256 1796 2552 1867 adjunctus
2598 1794 2694 1852 Dei
2723 1795 2872 1851 dono
2919 1804 2974 1852 et
3026 1793 3473 1853 excellentissimi

1871 1890 2044 1960 patris
2081 1888 2335 1945 Gauzlini
2388 1888 2642 1959 imperio,
2690 1886 2862 1945 frater
2902 1889 2972 1945 de
3009 1889 3235 1946 nomine
3289 1888 3475 1947 dictus

1871 1978 2205 2051 Helgaudus,
2260 1994 2423 2049 quem
2448 1979 2550 2035 iste
2593 1979 2851 2050 princeps
2875 1978 2973 2034 Dei
3000 1979 3195 2035 all'ectu
3213 1977 3479 2050 diligebat

1872 2078 2134 2140 paterno;
2182 2068 2405 2125 tertium
2454 2083 2644 2125 secum
2671 2068 2940 2126 habentes
2970 2058 3026 2125 in
3054 2069 3320 2141 obsequio
3363 2068 3477 2138 fra—

1873 2160 2145 2217 ternitatis
2166 2160 2529 2229 laborantem,
2547 2158 2952 2217 liisembertum
2973 2160 3219 2230 nomine,
3242 2176 3478 2219 conver-

1875 2252 2031 2309 sione
2056 2252 2281 2324 dignum
2318 2253 2525 2308 factum
2559 2253 2916 2310 monachum.
2969 2254 3099 2312 Dies
3126 2264 3309 2311 autem
3344 2269 3477 2311 san-

1876 2352 1978 2400 etin
1996 2342 2440 2415 Quadragesima:
2490 2342 2739 2400 Pisciaco
2765 2344 3161 2414 celebraturus,
3187 2345 3291 2402 iter
3317 2360 3477 2401 acce-

1877 2436 2017 2492 lerat
2036 2436 2330 2492 nobiscum
2381 2436 2857 2507 proficiscentibus
2900 2437 3022 2507 ejus
3049 2437 3338 2508 praeceptis
3368 2436 3477 2491 im-

1878 2527 2194 2598 perialibus,
2215 2527 2270 2582 in
2290 2542 2402 2598 quo
2422 2536 2543 2583 erat
2581 2527 2855 2584 rationem
2894 2529 3233 2597 redditurus,
3262 2528 3331 2585 de
3351 2529 3479 2600 qni-

1880 2618 1985 2674 bus
2006 2634 2131 2674 eum
2156 2619 2491 2674 adicramus.
2533 2617 2673 2674 Cum
2700 2634 2828 2675 ecce
2853 2620 3135 2677 venientes
3172 2619 3241 2676 ad
3260 2626 3480 2690 portum

1882 2707 2173 2779 Sequanae,
2197 2708 2291 2780 qui
2318 2709 2519 2765 dicitur
2541 2709 2928 2778 Carolivenna,
2977 2710 3083 2767 hoc
3120 2718 3210 2768 est
3238 2712 3483 2784 piscato-

1881 2801 1984 2867 ria,
2041 2816 2165 2871 quae
2220 2809 2340 2857 erat
2390 2800 2706 2857 dillicultate
2757 2803 3188 2872 transmeabilis,
3232 2804 3485 2876 jussiono

1882 2894 2003 2965 ejus
2046 2902 2235 2949 sancta
2258 2894 2361 2950 soli
2399 2894 2710 2951 naviculam
2758 2895 3106 2964 intravimus,
3158 2896 3281 2968 ipso
3332 2884 3483 2967 aspio

1884 2988 2061 3044 ciente
2127 2996 2183 3043 et
2219 2988 2603 3044 consideraate
2646 2989 2773 3060 quis
2817 2989 2945 3045 finis
2985 3005 3099 3044 non
3152 2998 3483 3058 assumeret,

1885 3097 2026 3151 quos
2056 3081 2124 3137 ad
2148 3096 2207 3136 se
2237 3080 2422 3136 venire
2463 3082 2674 3137 alacres
2697 3090 2750 3136 ct
2776 3081 3082 3138 incolumes
3106 3082 3485 3155 exspectabat.

1813 3196 1854 3255 ο
1886 3171 2054 3227 Alfuit
2079 3172 2238 3227 nobis
2271 3172 2486 3228 miseris
2521 3173 2686 3243 hujus
2740 3173 3135 3228 intercessione
3187 3172 3354 3244 regis,
3388 3173 3491 3244 qui

1887 3263 2163 3330 laudatur,
2233 3263 2571 3320 benedicitur
2634 3271 2688 3319 et
2757 3264 3021 3319 adoratur
3076 3262 3278 3334 ubique
3318 3262 3485 3317 Deus.

1887 3356 2283 3429 Navigantibus
2321 3356 2481 3413 nobis
2511 3365 2565 3411 et
2601 3372 2774 3427 equos
2804 3364 3027 3412 nostros
3063 3356 3223 3427 juxta
3264 3354 3489 3410 lintrem

1889 3448 2059 3505 frenis
2092 3448 2459 3514 trahentibus,
2483 3447 2711 3518 contigit
2740 3462 2911 3502 unum
2960 3446 3300 3519 senipedem,
3323 3446 3488 3501 indo—

1891 3542 2087 3596 mitum
2115 3549 2170 3596 et
2206 3556 2489 3611 nunquam
2511 3540 2641 3595 talia
2671 3540 2725 3595 id
2747 3550 2953 3608 actum,
2981 3540 3038 3596 in
3079 3539 3275 3598 mediis
3317 3538 3495 3595 ﬂucti-

1893 3635 1995 3690 bus
2023 3634 2162 3689 duos
2208 3632 2265 3687 in
2299 3633 2426 3688 navi
2480 3634 2784 3689 anteriores
2809 3633 3064 3705 posuisse
3094 3633 3292 3706 pedes;
3321 3632 3492 3704 cujus

1891 3726 2021 3782 forti
2058 3724 2211 3781 rabie
2244 3726 2402 3780 navis
2439 3725 2876 3795 periclitabatur,
2905 3726 3134 3782 trahens
3153 3739 3258 3783 nos
3283 3725 3402 3796 jam
3428 3726 3488 3781 in

1891 3816 2245 3891 profundum.
2323 3814 2634 3873 lnclamans
2701 3834 2798 3873 rex
2873 3827 2998 3889 post
3055 3816 3225 3874 Deum
3286 3818 3495 3874 altissi-

1892 3926 2044 3965 mum
2072 3924 2197 3967 cum
2223 3908 2340 3965 suis
2384 3916 2439 3965 et
2483 3910 2712 3966 virtutes
2759 3911 3046 3976 cwlorum,
3075 3910 3169 3966 dat
3188 3925 3352 3967 voces
3397 3909 3499 3964 im-

1896 4017 2116 4058 mensas
2171 4002 2243 4058 ad
2277 4001 2478 4057 coelum
2501 4012 2693 4058 nostro
2708 4017 2817 4072 pro
2851 4002 3119 4074 periculo.
3164 4000 3497 4059 Pronuntiat

1895 4095 2089 4169 grandi
2113 4109 2246 4153 voce
2277 4093 2431 4149 frena
2454 4093 2784 4166 relinquere,
2814 4102 2871 4150 et
2890 4107 3065 4164 equos
3107 4093 3271 4164 longe
3303 4109 3335 4150 a
3364 4094 3496 4149 navi

1896 4188 2091 4245 arceri.
2131 4188 2212 4243 Ad
2248 4187 2410 4258 cujus
2438 4187 2731 4242 amabilem
2774 4201 2966 4241 vocem
2991 4185 3191 4242 laxatis
3216 4184 3408 4253 frenis,
3433 4195 3496 4240 ut

1891 4281 2154 4352 jusserat,
2198 4288 2254 4335 et
2274 4280 2401 4350 equi
2461 4279 2692 4350 pedibus
2728 4278 2795 4334 de
2834 4278 2959 4334 navi
2982 4279 3194 4350 ejectis,
3227 4262 3499 4351 caipimus

1898 4373 1965 4429 ad
1994 4373 2146 4429 littus
2201 4372 2379 4427 evehi.
2429 4370 2551 4442 Ipse
2603 4386 2824 4443 quoque
2865 4379 3118 4427 sanctum
3172 4370 3498 4444 Dionysium

1901 4475 2260 4536 sanctumque
2294 4463 2648 4519 Benedictum
2688 4473 2743 4519 et
2791 4480 2985 4519 omnes
3016 4471 3238 4521 sanctos
3292 4461 3391 4519 Dei
3440 4463 3498 4518 in

204 4544 362 4601 cordi
414 4544 624 4601 Abonis
690 4545 938 4617 magistri
991 4547 1187 4615 prolati
1240 4555 1445 4602 sancta:
1499 4546 1797 4619 Scriptura:
1830 4543 1873 4597 D
1899 4556 2237 4629 a'ljutorium
2266 4565 2516 4610 nostrum
2559 4557 2913 4626 provocabat,
2944 4557 3204 4628 lacrymis
3237 4553 3500 4627 perfusus

203 4637 375 4693 liores
390 4637 541 4704 boni,
570 4636 641 4692 de
665 4637 863 4708 quibus
890 4637 1278 4693 honestissime
1300 4638 1543 4694 imbutus
1577 4640 1652 4694 ita
1671 4656 1796 4694 ern-

205 4729 394 4785 ctabat
421 4729 697 4796 omnibus,
731 4738 791 4785 ut
814 4738 1037 4800 possent
1067 4729 1325 4785 delectari
1350 4731 1406 4785 in
1460 4732 1794 4789 caelestibus.

205 4820 497 4877 lnsanctis
526 4821 885 4893 eleemosynis
923 4822 998 4877 ita
1044 4821 1411 4894 largissimus,
1452 4831 1513 4878 ut
1561 4823 1675 4894 ipse
1702 4840 1800 4894 po-

207 4916 354 4972 situs
398 4914 454 4969 in
504 4910 824 4971 fortissimis
873 4913 1170 4986 frigoribus
1199 4930 1230 4970 a
1255 4931 1313 4971 se
1354 4923 1531 4971 vestes
1575 4916 1798 4987 pellium

208 5007 496 5077 abjiciens,
527 5022 793 5077 pauperes
827 5005 1032 5064 Christi
1068 5007 1338 5075 indueret,
1383 5017 1503 5063 uta
1540 5024 1799 5065 remune-

209 5106 398 5153 ratore
419 5097 687 5151 bonorum
738 5096 1025 5167 praemium
1051 5099 1372 5169 perciperet,
1402 5099 1469 5155 de
1492 5115 1603 5170 quo
1640 5101 1800 5156 andi-

212 5196 331 5244 ret:
393 5187 586 5243 Nudus
633 5188 733 5259 fui,
767 5197 819 5242 et
845 5205 931 5243 ros
972 5190 1253 5260 operuistis
1306 5206 1407 5245 me.
1437 5190 1590 5257 Quod
1624 5194 1802 5248 unica:

184 5279 452 5335 ‘vminimis
497 5281 624 5333 meis
664 5280 886 5349 fecistis,
936 5280 1067 5334 mihi
1105 5281 1339 5352 fecistis:
1399 5281 1598 5350 Venite,
1650 5284 1803 5340 bene-

213 5371 350 5428 dicti
393 5370 580 5426 Patris
607 5373 730 5437 mei,
754 5372 1006 5443 percipite
1058 5390 1275 5445 regnum
1307 5375 1446 5446 quod
1476 5375 1617 5430 vobis
1639 5392 1802 5447 para-

219 5474 333 5518 tam
389 5472 467 5518 est
525 5464 594 5518 ab
648 5465 851 5535 origine
886 5464 1069 5519 mundi
1112 5464 1330 5536 (Matth.
1386 5483 1530 5533 xxv,
1586 5469 1799 5541 54-38).

219 5552 378 5612 nunc
402 5554 676 5626 perfectus
700 5571 792 5611 rex
818 5556 893 5611 ita
920 5558 1036 5613 suis
1061 5556 1228 5613 allixit
1254 5558 1558 5627 obtutibus,
1591 5570 1652 5616 ut
1677 5575 1803 5616 cum

218 5661 337 5720 pra
375 5649 594 5705 caneris
625 5648 859 5720 diligens
894 5649 1013 5705 suis
1046 5664 1175 5705 eum
1212 5650 1521 5721 specialiter
1547 5653 1804 5708 devince-

219 5751 368 5803 eeret
413 5740 680 5806 consiliis,
714 5756 839 5810 qua:
881 5739 1046 5799 abeo
1081 5741 1252 5810 probe
1291 5743 1542 5812 probata,
1593 5760 1810 5814 semper

1900 4650 2095 4706 oculis.
2121 4647 2293 4719 Cujus
2316 4663 2533 4719 precem
2563 4638 2774 4703 audivit
2798 4648 2844 4704 is
2867 4649 2962 4718 qui
2988 4656 3071 4704 est
3094 4649 3151 4703 in
3177 4647 3379 4703 szecula
3402 4647 3500 4702 be-

1899 4742 2149 4798 nedictus
2175 4738 2339 4796 Deus.
2365 4738 2593 4795 Factum
2623 4749 2708 4796 est
2729 4749 2789 4795 ut
2815 4740 3008 4806 voluit,
3034 4749 3090 4795 et
3117 4739 3353 4796 deducta
3398 4754 3500 4794 na-

1899 4833 1953 4888 vi
1976 4833 2043 4888 ad
2064 4842 2287 4898 terram,
2303 4833 2545 4903 suscepit
2567 4848 2670 4887 nos
2690 4849 2788 4903 per
2807 4832 2902 4887 Dei
2915 4832 3149 4903 gratiam
3171 4832 3498 4899 incolumes,

1902 4927 1997 4998 qui
2023 4940 2245 4981 eramus
2277 4924 2442 4979 simul
2473 4939 2598 4979 cum
2621 4940 2687 4981 eo
2724 4924 3033 4981 mirabilem
3068 4922 3239 4980 Deum
3264 4924 3498 5001 laudan-

1905 5030 2007 5075 tes.
2043 5017 2123 5073 Ex
2155 5033 2267 5090 quo
2289 5016 2434 5073 facto
2455 5017 2647 5073 habuit
2677 5034 2780 5074 nos
2807 5017 2953 5074 Deus
2975 5018 3326 5088 omnipotens
3347 5015 3500 5073 Omni

1903 5121 2150 5181 tempore
2171 5110 2506 5165 laudatores.
2543 5108 2849 5166 Mansimus
2872 5119 3053 5166 autem
3085 5125 3209 5166 cum
3256 5110 3377 5180 ipso
3404 5098 3500 5165 Dei

1903 5202 2024 5258 viro
2047 5202 2140 5256 ilio
2164 5201 2217 5255 in
2240 5201 2363 5256 loco
2387 5200 2591 5267 triduo,
2616 5201 2869 5257 delectati
2893 5200 3038 5256 dulci
3057 5201 3178 5271 ejus
3200 5200 3499 5271 colloquio,

1904 5292 2049 5348 sicut
2070 5302 2121 5347 et
2144 5298 2369 5361 aspectu
2387 5289 2655 5360 jucundo.
2682 5289 2874 5361 Cujus,
2906 5306 3245 5364 quaesumus,
3269 5289 3505 5346 sanctis~

1904 5384 2101 5439 simam
2126 5383 2367 5438 animam
2403 5398 2506 5438 suo
2531 5382 2764 5439 collocet
2790 5382 2847 5439 in
2870 5398 3060 5455 regno,
3085 5381 3181 5454 qui
3206 5396 3329 5438 eam
3354 5382 3506 5437 rede-

1906 5473 2006 5530 mit
2033 5489 2090 5529 sa
2104 5473 2297 5544 iguine
2340 5472 2615 5545 pretioso!

1912 5562 1915 5565 ’
1978 5564 2174 5620 Adhuc
2195 5564 2252 5619 in
2296 5564 2495 5635 majori
2523 5582 2692 5637 quam
2739 5565 2971 5638 ingressi
3003 5582 3199 5622 sumus
3242 5565 3364 5621 loco
3389 5564 3497 5635 plan

1910 5665 1996 5712 cet
2024 5671 2226 5727 ponere
2285 5657 2499 5727 pedem,
2552 5658 2619 5713 ad
2662 5658 2782 5728 ejus
2825 5658 3128 5730 gloriosum
3181 5657 3506 5715 festinants

1914 5749 2207 5803 transitum
2231 5749 2286 5802 in
2313 5748 2694 5816 describendo,
2720 5767 2884 5822 quem
2930 5752 3185 5808 laudibus
3214 5749 3505 5808 veracissi-

220 5835 497 5897 ealtabuit
534 5832 787 5900 honesta,
818 5840 1103 5903 nunquam
1124 5842 1304 5889 tamen
1334 5835 1556 5905 iniusta.
1595 5836 1653 5890 ln
1712 5838 1812 5892 ho-
1915 5839 2022 5894 mis
2043 5850 2095 5895 et
2120 5853 2226 5894 non
2251 5838 2435 5908 falsis,
2477 5843 2683 5913 apertis
2717 5853 2768 5899 et
2802 5840 2913 5900 no.1
2944 5844 3105 5914 fictis,
3136 5844 3366 5901 Domino
3404 5857 3478 5898 no
