4104 5260
1039 272 1070 296 Ι

659 323 718 374 3|
1754 302 2051 361 ROBERTi
2083 301 2288 360 REGIS
2328 304 2758 364 FRANCORUM

3790 311 3902 368 932

617 447 732 492 stre
769 435 1089 492 audebimus
1111 434 1516 499 commendare,
1547 427 1723 488 Sancti
1770 427 2007 500 Spiritus
2029 427 2204 482 virtu-
2233 439 2279 496 Α
2314 474 2316 477 .
2376 425 2434 478 In
2469 423 2922 479 aediﬁcationibus
2949 437 3077 478 vero
3103 423 3459 480 ecclesiarum
3491 423 3585 481 Dei
3625 424 3717 482 hic
3757 437 3902 482 tem-

618 540 670 584 te
691 541 749 584 ut
770 539 1043 585 mereatur
1065 529 1292 584 evadere
1314 527 1456 582 diem
1511 524 1737 580 ultionis
1758 531 2035 590 extremm,
2066 522 2202 596 insi-

616 623 800 694 gnitus
827 623 1108 694 signaculo
1131 621 1412 677 Trinitatis
1443 629 1664 676 saneta.
1704 616 1811 672 Sed
1854 617 1984 688 quia
2022 614 2202 670 adhuc

616 716 865 787 quadam
905 715 972 770 de
1005 715 1122 785 ejus
1175 713 1314 768 mira
1345 711 1682 782 Operatione,
1717 724 1839 780 quae
1887 716 2017 763 sunt
2060 722 2202 762 verte

617 807 912 864 humilitati
955 807 1190 873 sociata,
1235 821 1336 860 nos
1373 804 1695 874 scripsimus
1746 811 1802 857 et
1843 816 1965 872 quae
2013 800 2200 856 multis

617 911 846 972 prosunt
863 908 918 955 et
937 899 1234 970 proderunt
1259 899 1325 952 ad
1353 898 1606 962 salutem,
1641 906 1810 951 restat
1857 905 1937 962 ut,
1968 894 2053 950 his
2076 910 2198 948 ma-

614 994 916 1059 nifestatis,
943 1007 1053 1046 non
1093 999 1271 1046 teneat
1293 1006 1392 1044 nos
1423 991 1631 1045 otiosos
1672 989 1790 1059 ejus
1815 988 2198 1044 sanctissimus

612 1089 815 1155 obitus,
849 1086 941 1156 qui
963 1085 1106 1139 dono
1130 1083 1224 1138 Dei
1260 1084 1467 1139 exstitit
1519 1082 1806 1137 laudabilis
1831 1091 1884 1136 et
1906 1081 2194 1153 gloriosus.

614 1179 833 1236 Habens
855 1177 1186 1233 desiderium
1239 1177 1376 1231 mori
1421 1177 1620 1231 saeculo
1669 1186 1721 1229 et
1768 1175 1952 1230 vivere
1975 1173 2197 1229 Christo

614 1269 745 1335 Deo,
783 1267 895 1322 [lex
918 1266 1335 1322 strenuissimus
1358 1282 1504 1330 eum,
1529 1267 1617 1320 cui
1650 1273 1734 1320 est
1755 1279 1916 1319 omne
1943 1265 2090 1334 quod
2113 1273 2199 1319 est

611 1371 665 1416 et
692 1361 780 1415 cui
810 1359 1163 1414 attribuimus
1224 1374 1385 1414 omne
1427 1357 1573 1428 quod
1627 1357 1941 1424 scribimus,
1984 1356 2198 1412 deside-

609 1471 740 1510 rans
766 1454 969 1520 videre,
1004 1453 1177 1508 voluit
1215 1454 1375 1508 terris
1399 1453 1598 1506 habere
1621 1452 1853 1518 socium,
1880 1465 2042 1520 quem
2083 1465 2196 1504 non

609 1557 788 1618 potest
812 1563 1007 1618 capere
1029 1548 1252 1604 ccelum.
1278 1547 1663 1602 Proﬁciscente
1683 1561 1749 1600 eo
1772 1547 2008 1616 quadam
2042 1545 2194 1612 Qua-

605 1641 916 1712 dragesima
951 1641 1020 1694 ad
1057 1649 1299 1706 sanctos,
1343 1639 1438 1694 Dei
1467 1639 1689 1694 servitio
1717 1638 1820 1694 sibi
1849 1638 2193 1708 conjunctos,

609 1741 741 1804 adit,
786 1748 926 1803 orat,
959 1739 1213 1804 honorat,
1251 1752 1412 1792 aures
1432 1751 1622 1792 eorum
1656 1734 1910 1805 precibus
1955 1734 2196 1787 humilli-

609 1832 714 1886 mis
737 1840 791 1885 ct
822 1829 1156 1885 salutaribus
1176 1829 1359 1900 pulsat
1383 1836 1442 1883 ut
1464 1843 1590 1884 cum
1613 1827 1748 1898 ipsis
1769 1834 1825 1880 et
1850 1826 2055 1882 sanctis
2075 1840 2198 1880 om-

607 1925 771 1978 nibus
811 1923 1045 1976 inveniri
1082 1931 1266 1992 posset
1290 1920 1343 1976 in
1370 1920 1463 1976 Dei
1501 1920 1755 1975 laudibus
1775 1919 1992 1991 dignus.
2017 1917 2198 1973 Labo-

606 2018 766 2071 rabat
790 2016 846 2069 in
886 2016 990 2070 hoc
1021 2016 1204 2070 carnis
1227 2023 1280 2071 et
1298 2015 1522 2086 spiritus
1567 2013 1904 2079 fortitudine,
1933 2020 1996 2066 ut
2041 2011 2195 2066 evin-‘

607 2117 755 2164 ceret
781 2106 876 2161 Dei
923 2108 1142 2162 virtute.
1170 2107 1384 2164 Intrans
1425 2107 1561 2162 ﬁnes
1607 2105 1908 2160 Bituricum
1964 2103 2198 2175 suscipit

605 2218 732 2256 eum
792 2211 1015 2257 sanctus
1056 2210 1425 2274 protomartyr
1461 2199 1772 2270 Stephanus
1824 2213 1950 2253 cum
2003 2205 2196 2252 saneto

607 2295 805 2350 Maiolo
837 2293 1044 2350 meritis
1071 2295 1363 2365 praecipuo,
1395 2302 1582 2348 sancta
1612 2290 1802 2358 Maria,
1842 2305 1968 2345 cum
1993 2289 2195 2343 celebri

604 2387 823 2442 Juliano
847 2397 1084 2459 martyre
1109 2403 1346 2453 summo,
1376 2387 1569 2441 iterum
1597 2385 1714 2454 ipsa
1735 2383 1983 2454 piissima
2026 2381 2196 2453 virgi-

607 2496 738 2535 num
766 2481 918 2551 virgo
965 2478 1154 2545 Maria,
1216 2495 1340 2533 eum
1408 2488 1598 2534 sancto
1648 2476 1839 2547 Egidio
1883 2473 2198 2530 confessore

607 2587 827 2646 magno.
848 2571 1086 2644 Iuelytus
1107 2589 1238 2627 vero
1269 2571 1598 2626 Saturninus
1624 2586 1749 2624 cum
1799 2568 1926 2624 forti
1964 2566 2198 2622 Vincen-

609 2667 707 2731 tio,
757 2665 955 2737 dignus
976 2665 1285 2720 Antoninus
1339 2680 1462 2719 cum
1512 2663 1628 2717 Fidi
1673 2671 1928 2734 martyre,
1974 2669 2196 2716 sanctus

611 2757 827 2810 Domini
852 2757 1106 2812 Giraldus
1127 2757 1304 2826 ipsum
1350 2757 1465 2826 jam
1507 2763 1862 2809 revertentem
1887 2754 1953 2808 ad
1979 2753 2194 2822 propria

609 2857 800 2903 sancto
840 2850 1036 2903 iterum
1070 2849 1248 2903 reddit
1275 2849 1604 2902 incolumem
1633 2845 1910 2916 Stephano
1933 2846 2192 2916 gloriaso,

607 2955 866 3010 cumquo
898 2941 1060 2996 terris
1108 2940 1291 2995 laetum
1333 2941 1608 2995 deducens
1658 2939 1800 2994 diem
1855 2938 2191 3004 Palmarum,

608 3041 861 3103 prOperat
883 3033 1213 3099 Aurelianis,
1257 3033 1328 3087 ibi
1357 3033 1410 3087 in
1460 3032 1666 3088 Pascha
1701 3046 2059 3103 percepturus
2082 3035 2192 3084 Au-

2303 516 2476 587 porali
2507 516 2674 571 simul
2707 524 2762 570 et
2799 516 3028 586 spiritali
3064 516 3185 570 oleo
3220 516 3478 570 inunctus
3508 530 3605 571 rex
3631 558 3646 582 ,
3688 526 3902 572 sanctae

2302 611 2695 667 benedictionis
2727 611 2874 666 dono
2914 625 3072 666 suam
3114 609 3415 679 potentiam
3457 617 3511 664 et
3550 608 3898 664 voluntatem

2301 703 2599 774 adimplere
2628 703 2948 758 desiderans
2977 714 3032 758 et
3057 703 3123 756 ad
3149 709 3366 756 aeternae
3391 699 3752 755 beatitudinis
3773 700 3898 770 pal-

2301 812 2448 852 mam
2486 797 2926 867 consequendam
2978 796 3244 852 anhelans
3267 836 3283 862 ,
3323 795 3464 850 inter
3497 795 3605 850 alia
3647 795 3900 866 cogitare

2300 891 2467 962 erepit
2488 899 2542 946 et
2572 899 2696 960 post
2723 892 2960 962 cogitata
2984 891 3052 945 ad
3083 889 3335 944 eﬁectum
3363 888 3684 958 perducere,
3713 887 3896 944 sancti

2300 981 2396 1037 Dei
2423 1025 2438 1050 ,
2475 983 2634 1054 cujus
2666 984 3020 1040 sublimitatis
3044 1027 3058 1051 ,
3091 983 3253 1054 cujus
3289 982 3468 1038 meriti
3496 998 3676 1052 quave
3705 990 3896 1038 essent

2299 1077 2606 1131 honorandi
2651 1085 2707 1132 et
2747 1077 3041 1132 extollendi
3093 1077 3252 1131 laude
3274 1113 3291 1143 »,
3331 1077 3398 1131 de
3425 1077 3626 1147 quibus
3655 1075 3806 1129 nulla
3835 1075 3889 1130 ei

2299 1171 2513 1227 eunetis
2541 1173 2879 1242 temporibus
2923 1171 3181 1242 loquendi
3216 1171 3542 1226 laudandive
3579 1169 3687 1226 fuit
3726 1171 3893 1227 satie-

2298 1271 2402 1318 tas.
2436 1261 2726 1319 Enimvero
2756 1264 3036 1335 apparebit
3069 1264 3122 1317 in
3157 1263 3242 1317 his
3271 1279 3395 1332 quae
3420 1263 3608 1318 subter
3637 1274 3771 1319 sunt
3796 1265 3892 1320 ad-

2258 1427 2264 1436 .
2298 1371 2457 1424 nexa,
2494 1357 2766 1428 descripta
2797 1368 2852 1414 et
2884 1359 3260 1428 superioribus
3291 1359 3501 1429 juncta,
3529 1358 3662 1430 quia
3701 1360 3889 1414 omnia

2297 1469 2515 1525 semper
2552 1453 2773 1510 fuerunt
2809 1456 2859 1510 ei
2896 1470 3060 1521 curae,
3101 1454 3308 1509 scilicet
3342 1471 3464 1525 qua:
3497 1463 3626 1510 sunt
3663 1454 3886 1525 pudica,

2296 1563 2419 1617 quae
2457 1555 2585 1603 sunt
2619 1556 2770 1603 casta
2797 1590 2812 1615 ,
2853 1564 2975 1618 quae
3013 1557 3142 1603 sunt
3176 1558 3365 1605 saneta
3394 1590 3408 1615 ,
3461 1557 3516 1603 et
3549 1563 3674 1618 qua:
3725 1547 3891 1603 habet

2294 1641 2450 1713 virgo
2497 1657 2622 1696 vere
2668 1650 2844 1696 mater
2887 1641 3129 1698 Ecclesia
3185 1651 3397 1696 saneta.
3435 1642 3688 1696 Attamen
3741 1660 3887 1698 nun-

2297 1749 2462 1804 quam
2487 1733 2591 1788 fuit
2617 1734 2695 1789 illi
2720 1733 2864 1790 Deus
2886 1735 3205 1791 obliviosus.
3231 1734 3288 1788 In
3313 1735 3429 1804 ipsa
3459 1744 3642 1790 autem
3667 1737 3890 1792 civitate

2296 1826 2607 1882 Aurelianis
2630 1827 2920 1884 aediﬁcavit
2947 1828 3344 1885 monasterium
3375 1829 3428 1883 in
3463 1829 3671 1884 honore
3709 1829 3889 1884 sancti

2297 1921 2517 1989 Aniani,
2561 1930 2624 1978 ut
2669 1922 2930 1991 diximus;
2975 1925 3101 1978 item
3130 1965 3146 1991 ,
3184 1923 3332 1978 aliud
3360 1921 3414 1976 in
3443 1923 3654 1977 honore
3681 1932 3892 1980 sancte

2297 2014 2482 2070 Maria:
2496 2016 2691 2072 matris
2712 2015 2929 2073 Domini
2945 2018 3130 2090 nostri.
3144 2017 3273 2074 Jesu
3297 2019 3503 2075 Christi
3529 2030 3583 2076 et
3601 2021 3661 2076 S.
3691 2020 3888 2077 Hilarii

2297 2106 2632 2164 confessoris
2660 2109 2881 2164 summi.
2909 2109 3126 2167 Sanctre
3157 2112 3342 2168 itidem
3381 2112 3564 2170 Maria:
3600 2118 3888 2187 genitricis

2297 2199 2415 2268 Dei,
2444 2209 2807 2271 cognomento
2841 2201 3160 2259 Fabricatte.
3197 2203 3345 2260 Fecit
3368 2206 3498 2260 inibi
3522 2216 3578 2262 et
3606 2219 3890 2265 monaste-

2297 2293 2440 2349 rium
2458 2294 2632 2349 sancti
2653 2293 2923 2350 Vincentii
2940 2297 3195 2369 martyris
3219 2297 3452 2366 Christi;
3487 2304 3887 2358 monasterium

2300 2384 2357 2440 S.
2391 2384 2547 2440 Pauli
2572 2389 2803 2457 apostoli
2830 2430 2845 2456 ,
2881 2389 2937 2444 in
2964 2389 3249 2462 Cantogilo
3280 2392 3447 2460 villa;
3484 2397 3888 2451 monasterium

2299 2480 2356 2536 S.
2383 2481 2643 2550 Medardi,
2667 2484 2721 2537 in
2747 2483 2988 2541 Vitriaco
3019 2494 3228 2554 castro;
3253 2489 3648 2542 monasrerium
3669 2488 3727 2544 S.
3748 2489 3890 2546 Leo-

2295 2577 2522 2648 degarii,
2558 2579 2612 2631 in
2640 2578 2774 2633 silva
2800 2578 3052 2649 Aquilina
3079 2581 3504 2647 ;monasterium
3538 2592 3746 2638 sanctae
3774 2583 3890 2639 Ma-

2293 2670 2392 2726 ria:
2417 2671 2472 2725 in
2504 2669 2767 2725 Miliduno
2797 2680 2976 2727 castro
3012 2688 3137 2728 cum
3177 2672 3283 2728 alia
3307 2675 3571 2742 ecclesia;
3607 2687 3889 2733 monaste.

2297 2763 2439 2817 rium
2468 2761 2524 2817 S.
2547 2762 2692 2818 Petri
2718 2771 2772 2818 et
2797 2763 2854 2818 S.
2878 2763 3090 2836 Reguli,
3115 2766 3170 2820 in
3193 2765 3412 2822 civitate
3443 2766 3839 2827 Silvanectcnsi
3865 2789 3883 2837 ;

2296 2857 2688 2912 monasterium
2708 2866 2911 2913 sanetaa
2926 2857 3107 2914 Mariae
3125 2859 3179 2913 in
3197 2857 3503 2930 Stampensi
3521 2870 3734 2930 castro;
3755 2864 3887 2920 item

2297 2951 2352 3005 in
2378 2951 2497 3022 ipso
2515 2960 2718 3020 castro,
2743 2954 3027 3009 ecclesiam
3043 2971 3230 3022 unam,
3259 2954 3312 3010 in
3339 2954 3569 3026 palatio;
3590 2955 3646 3010 in
3664 2958 3888 3015 civitate

2295 3045 2563 3114 Parisius,
2603 3048 2891 3106 ecclesiam
2923 3049 2980 3104 in
3007 3050 3217 3105 honore
3253 3049 3308 3104 S.
3355 3048 3562 3105 Nicolai
3607 3052 3885 3122 pontiﬁcis

607 3138 816 3184 ctorem
859 3138 1060 3185 nostra:
1103 3130 1316 3185 salutis.
1373 3130 1492 3198 Quo
1548 3131 1760 3198 itinere,
1810 3132 1979 3186 multa
2031 3132 2100 3185 ab
2128 3147 2192 3186 eo
2221 3163 2261 3218 C
2296 3140 2352 3193 in
2381 3139 2602 3210 palatio;
2633 3141 3026 3196 monasterium
3067 3139 3124 3196 s,
3149 3139 3406 3196 Germani
3427 3141 3881 3198 Ληιίεείοάοι-εη-

607 3218 831 3275 fuerunt
854 3220 997 3275 dona
1019 3222 1224 3275 sanctis
1265 3222 1412 3289 data,
1446 3239 1474 3277 a
1513 3219 1844 3294 pauperibus
1898 3237 2026 3277 vero
2075 3222 2194 3291 ejus

608 3327 805 3367 manus
847 3328 1128 3382 nunquam
1154 3312 1254 3368 fuit
1275 3330 1468 3369 vacua.
1505 3313 1642 3370 Nam
1669 3314 1784 3385 ipsa
1815 3323 1959 3368 terra
1994 3314 2194 3369 multos

607 3403 818 3459 habens
847 3404 1096 3460 inﬁrmos
1137 3415 1191 3460 et
1225 3407 1496 3478 praecipue
1530 3408 1796 3478 leprosos,
1845 3407 1946 3462 hos
1989 3406 2073 3460 vir
2100 3405 2194 3460 Dei

595 3502 717 3550 'non
745 3497 1051 3564 abhorruit,
1075 3497 1204 3568 quia
1232 3498 1286 3552 in
1313 3496 1610 3568 Scripturis
1633 3500 1838 3554 sanctis
1859 3499 1990 3570 legit
2008 3497 2195 3551 Domi-

606 3589 818 3642 minum
844 3589 1123 3644 Christum
1153 3591 1426 3646 multoties
1472 3591 1528 3644 in
1571 3591 1808 3660 speciem
1847 3591 2192 3660 leprosorum

608 3680 846 3750 hOSpitio
881 3692 1215 3753 susceptum.
1244 3683 1326 3738 Ad
1361 3684 1457 3738 hos
1479 3683 1635 3738 avida
1680 3691 1859 3738 mente
1896 3697 2194 3753 properans

606 3785 660 3827 et
682 3774 912 3839 intrans,
933 3792 1094 3829 manu
1116 3776 1334 3846 pr0pria
1358 3777 1523 3831 dabat
1547 3776 1897 3830 denariorum
1921 3790 2192 3830 summam

607 3877 661 3921 et
717 3883 812 3922 ore
877 3869 1098 3938 preprio
1187 3868 1359 3940 ﬁgens
1403 3855 1599 3924 eorum
1651 3868 1908 3923 manibus
1965 3867 2190 3934 oscula,

607 3958 664 4012 in
718 3960 974 4014 omnibus
1019 3959 1190 4015 Deum
1229 3962 1575 4016 collaudabat
1599 4003 1613 4028 ,
1654 3977 1866 4016 memor
1899 3961 2192 4016 verborum

608 4052 826 4107 Domini
862 4054 1092 4110 dicentis
1123 4073 1136 4109 :
1176 4054 1435 4109 Memento
1466 4056 1593 4126 quia
1625 4053 1796 4125 pulvis
1821 4071 1874 4107 es
1903 4062 1953 4108 et
1986 4055 2042 4108 in
2069 4053 2193 4124 pul-

608 4161 776 4197 verem
811 4148 1083 4200 reverteris
1111 4145 1262 4218 (Gen.
1289 4164 1410 4214 χιιι,
1448 4147 1555 4216 l9).
1592 4147 1818 4202 Caeteris
1851 4154 2034 4202 autem
2061 4147 2192 4201 mit-

609 4237 753 4290 tebat
787 4237 981 4292 devote
1009 4254 1109 4308 pro
1138 4239 1235 4293 Dei
1269 4239 1656 4309 omnipotentis
1689 4255 1894 4307 amore,
1931 4239 2026 4311 qui
2061 4255 2191 4309 ope-

610 4337 1004 4401 raturlmagna
1043 4331 1137 4384 ubi
1174 4339 1277 4386 est.
1321 4330 1551 4386 Tantam
1606 4319 1807 4403 quippe
1853 4332 2086 4404 gratiam
2138 4331 2191 4385 in

610 4421 888 4478 medendis
933 4425 1258 4494 corporibus
1303 4424 1543 4496 perfecto
1587 4427 1706 4481 viro
1751 4428 1982 4483 contulit
2008 4427 2191 4483 divina

2295 3231 2373 3287 sis
2398 3273 2414 3298 ,
2460 3229 2517 3286 S.
2550 3231 2826 3287 Michaelis
2865 3233 3182 3299 ecclesiam,
3219 3234 3274 3288 in
3319 3234 3454 3289 silva
3491 3237 3883 3306 cognominata

2294 3323 2494 3391 Bieria;
2524 3323 2654 3378 item
2686 3325 3081 3380 monasterium
3109 3325 3166 3380 S.
3197 3325 3452 3380 Germani
3479 3325 3882 3384 Parisiacensis

2294 3432 2420 3470 cum
2449 3416 2679 3472 ecclesia
2711 3415 2768 3471 S.
2797 3414 3086 3484 Vincentii,
3113 3417 3170 3472 in
3201 3419 3337 3473 silva
3366 3419 3751 3489 cognominata
3779 3420 3881 3476 Le-

2293 3509 2403 3575 dia;
2435 3509 2491 3562 in
2521 3509 2670 3575 villa,
2702 3524 2824 3580 quae
2842 3510 3043 3564 dicitur
3065 3509 3356 3578 Comedus,
3385 3511 3674 3567 ecclesiam
3696 3513 3755 3567 in
3781 3513 3881 3568 ho-

2295 3616 2428 3655 nore
2473 3599 2529 3654 S.
2575 3601 2816 3668 Aniani;
2856 3601 2984 3656 item
3017 3603 3073 3656 in
3105 3604 3231 3659 villa
3265 3603 3429 3659 Faida
3451 3645 3466 3672 ,
3495 3605 3786 3660 ecclesiam
3823 3607 3879 3660 in

2294 3693 2500 3748 honore
2527 3693 2582 3748 S.
2613 3693 2847 3762 Aniani;
2886 3696 3278 3751 monasterium
3310 3705 3511 3752 sancta:
3553 3696 3743 3753 Maria:
3766 3741 3782 3764 ,
3822 3699 3878 3754 in

2292 3783 2562 3856 Pisciaco;
2591 3788 2983 3843 monasterium
3022 3787 3076 3843 S.
3105 3787 3358 3845 Cassiani
3378 3790 3439 3863 in
3464 3788 3876 3863 Augustiduno.

2293 3876 2399 3935 Pro
2423 3880 2510 3934 his
2539 3880 2796 3934 omnibus
2835 3889 2890 3933 et
2915 3881 3038 3936 aliis
3077 3881 3568 3938 innumerabilibus
3612 3899 3740 3954 quae
3784 3903 3880 3956 per

2294 3969 2511 4026 Domini
2532 3973 2788 4027 virtutem
2808 3981 3064 4042 operatus
3087 3982 3172 4029 est
3195 3974 3375 4043 bonis,
3397 3990 3618 4031 oremus
3649 3978 3880 4048 singuli,

2293 4077 2512 4120 oremus
2541 4079 2732 4120 omnes
2767 4073 2822 4120 et
2853 4065 3100 4122 dicamus
3135 4085 3148 4120 :
3193 4087 3211 4118 ι
3237 4066 3401 4133 Deus,
3443 4068 3540 4138 qui
3585 4069 3730 4124 inter
3752 4086 3882 4126 san-

2295 4155 2568 4212 ctissimos
2595 4173 2750 4229 reges
2776 4157 3041 4213 famulum
3074 4167 3228 4213 tuum
3254 4157 3551 4215 Robertum
3583 4164 3752 4233 regali
3796 4161 3877 4220 fe-

2293 4247 2413 4303 cisti
2441 4249 2701 4320 dignitate
2725 4251 2924 4320 vigere,
2948 4259 3166 4321 praesta,
3193 4269 3528 4322 quaesumus,
3554 4264 3615 4309 ut
3640 4271 3882 4325 quorum

2291 4339 2465 4394 vicem
2491 4340 2556 4394 ad
2586 4341 2776 4395 horam
2802 4342 3023 4412 gerebat
3061 4343 3117 4396 in
3161 4344 3338 4412 terris,
3366 4345 3732 4402 intercedente
3758 4349 3880 4419 glo-

2291 4431 2440 4486 riosa
2489 4432 2585 4488 Dei
2625 4434 2889 4504 genitrice
2932 4434 3102 4490 Maria
3143 4451 3268 4491 cum
3316 4439 3570 4495 omnibus
3624 4443 3882 4513 sanctis,

608 4512 783 4568 virtus
823 4523 884 4568 ut
907 4531 1052 4582 ,sua
1097 4517 1346 4588 piissima
1381 4535 1548 4574 manu
1584 4517 1817 4575 inﬁrmis
1849 4519 2032 4576 locum
2065 4527 2192 4577 ωτι-
2226 4507 2271 4562 Ῑ)
2295 4539 2482 4578 eorum
2527 4540 2744 4595 quoque
2774 4533 3034 4597 perpetuo
3058 4527 3335 4582 consortio
3355 4528 3564 4583 laetetur
3597 4529 3655 4584 in
3699 4507 3876 4588 cmth

608 4620 742 4674 gens
765 4606 1010 4663 vulneris
1035 4617 1090 4663 et
1116 4609 1225 4665 illis
1250 4611 1568 4682 imprimens
1593 4613 1808 4685 signum
1841 4623 2041 4670 sancta:
2065 4630 2192 4671 cru-

607 4695 724 4762 cis,
756 4711 971 4751 omnem
1014 4697 1254 4754 auferret
1295 4702 1364 4756 ab
1411 4703 1492 4758 eis
1541 4703 1781 4759 dolorem
1828 4703 2187 4759 inﬁrmitatis.

604 4784 904 4843 Charitatis
940 4790 1164 4862 integra:
1195 4809 1302 4847 non
1336 4794 1624 4850 immemor
1654 4812 1845 4853 servus
1874 4797 1970 4852 Dei
2006 4799 2191 4854 consi-

606 4878 828 4932 derabat
850 4882 1086 4950 pretiosa
1109 4883 1351 4956 Martyrii
1377 4889 1631 4942 monachi
1661 4889 1821 4957 facta,
1847 4891 1940 4960 qui
1965 4893 2188 4961 proprio

605 4968 882 5038 leprosum
908 4975 1216 5045 astringens
1240 4978 1566 5032 vestimento
1593 4980 1854 5051 illumque
1880 4997 1980 5036 suo
2003 4983 2189 5039 levans

2295 4613 2400 4669 Per
2423 4615 2674 4669 eumdem
2701 4613 2991 4670 Dominum
3019 4626 3289 4672 nostrum.
3323 4636 3341 4668 ι

2363 4705 2505 4761 Ante
2529 4722 2689 4761 suum
2716 4723 2847 4762 sane
2875 4708 3281 4764 sanctissimum
3318 4709 3550 4776 obitum,
3576 4711 3673 4782 qui
3715 4713 3881 4768 tertio

2294 4798 2505 4854 decimo
2531 4798 2787 4854 Kalendis
2805 4799 3035 4871 Augusti
3060 4801 3285 4870 exstitit,
3321 4804 3408 4858 die
3443 4804 3720 4873 passionis
3746 4821 3882 4875 apo-

2294 4892 2559 4948 stolorum
2585 4901 2899 4948 sanctorum
2927 4892 3073 4948 Petri
3113 4903 3168 4949 et
3197 4875 3375 4962 Pauli,
3413 4897 3492 4951 sol
3521 4896 3590 4950 ad
3619 4897 3880 4956 similitu-

2289 4983 2472 5040 dinem
2507 4994 2716 5055 quarta:
2744 4986 2886 5041 lunae
2915 4987 3210 5044 subtractis
3231 4990 3399 5045 radiis
3420 4989 3670 5050 fuscatus
3703 5011 3879 5064 appa-
