4058 6392
259 306 368 364 933

1818 322 2009 380 VITA.

3444 346 3551 403 954

260 433 454 480 sancta
485 422 653 480 David
683 440 888 482 canens
918 429 1284 487 meditabatur
1308 432 1481 505 legem
1514 412 1733 491 Domini
1761 436 1849 491 die
1878 441 1924 497 Α
1952 436 2040 506 gio
2078 437 2228 509 regni
2255 447 2470 496 erectus
2495 441 2551 497 in
2574 443 2825 516 sublimi,
2852 447 2944 505 hic
2974 451 3317 511 humillimus
3346 454 3430 510 vir
3453 455 3548 512 Ι)ρί

257 530 324 573 ac
360 525 541 584 nocte,
580 527 639 572 ut
665 519 854 589 procul
884 520 1051 576 dubio
1092 523 1139 578 ei
1177 527 1499 582 coneordari
1521 540 1687 599 queat
1714 528 1847 585 illud

257 607 407 678 quod
429 608 496 664 de
520 609 870 667 sanctissimo
911 612 1069 671 Patre
1098 612 1389 675 Benedicto
1417 621 1725 691 specialiter
1760 623 1846 678 di-

255 710 409 756 ctum
436 711 523 757 est
550 721 564 757 :

256 792 565 849 Psalmicen
595 798 844 853 assiduus
876 816 1145 873 nunquam
1173 805 1338 860 dabat
1365 808 1478 861 otia
1509 808 1734 879 plectro,

326 885 498 941 Sacra
525 905 715 944 canens
747 891 878 946 obiit
907 896 1194 964 psalmicen
1220 900 1461 956 asiduus.

252 977 603 1052 Cognoverat
623 994 805 1040 autem
838 987 929 1043 hic
963 990 1120 1045 miles
1151 992 1343 1049 beatus
1379 1005 1511 1052 tunc
1539 995 1635 1052 Dei
1672 998 1845 1053 servis

251 1086 447 1143 pacem
485 1091 607 1132 esse
640 1078 888 1147 liberam,
929 1082 1168 1153 quietem
1201 1089 1553 1159 tranquillam
1578 1132 1592 1158 ,
1623 1092 1843 1161 quando

250 1168 321 1223 de
356 1168 522 1239 hujus
543 1172 731 1227 mundi
760 1175 1071 1233 turbinibus
1100 1178 1359 1235 abstracti
1381 1182 1449 1236 ad
1470 1184 1655 1239 sedem
1677 1194 1730 1239 et
1757 1200 1844 1239 se-

251 1262 545 1318 curitatem
567 1266 755 1320 aeterni
781 1278 973 1337 portus
998 1260 1341 1329 intrarent-et
1369 1276 1627 1348 absorpta
1663 1289 1841 1336 morte

250 1353 322 1408 ad
350 1354 816 1415 immortalitatem
849 1362 1116 1419 venirent.
1148 1364 1465 1425 Festinabat
1490 1376 1634 1427 enim
1673 1389 1840 1444 supra

249 1448 554 1505 nominatis
589 1450 883 1511 virtutibus
925 1456 993 1511 de
1039 1460 1295 1527 praesenti
1331 1462 1552 1520 tristitia
1600 1467 1670 1522 ad
1705 1467 1843 1523 lzeti-

246 1543 385 1598 tiam
415 1546 600 1602 venire
629 1563 944 1618 perennem.
979 1551 1204 1611 Dicebat
1247 1556 1324 1611 illi
1358 1558 1661 1629 perfectum
1716 1580 1841 1621 esse

247 1637 511 1706 gaudium
539 1681 554 1706 ,
586 1640 679 1710 qui
709 1642 1015 1702 elaboraret
1042 1656 1099 1703 ut
1126 1648 1309 1706 videre
1342 1664 1530 1723 posset
1554 1655 1838 1716 Christum

246 1727 444 1784 Deum.
464 1729 633 1787 Exire
668 1734 783 1804 ipse
812 1737 879 1792 de
911 1739 1013 1796 hoc
1039 1743 1240 1798 saeculo
1268 1755 1514 1815 paratus,
1543 1749 1836 1809 Dominum

1956 528 2155 599 abjecit
2182 546 2212 585 a
2237 547 2295 586 se
2323 534 2648 603 jactantiam
2676 538 2979 598 inhonesta:
3006 548 3228 614 mentis,
3257 564 3379 618 qua:
3420 560 3552 605 sunt

1953 604 2225 678 bonorum
2260 616 2536 695 sublimia,
2564 631 2752 686 mundi
2779 628 3008 704 gloriam
3037 647 3091 692 et
3118 638 3172 692 in
3201 641 3354 696 cmlis
3381 658 3547 697 suum

1951 713 2227 770 collocatis
2256 716 2598 787 thesaurum,
2637 731 2858 793 propter
2902 725 3007 795 hoc
3050 728 3213 799 hujus
3251 732 3431 800 portio
3458 732 3547 787 fa-

1948 814 2069 861 ctus
2094 817 2177 861 est
2206 807 2370 864 Deus.
2408 809 2638 883 Magnus
2678 817 2821 884 apud
2858 816 3028 873 Deum
3069 821 3189 891 ejus
3228 823 3543 891 thesaurus,
3624 882 3648 905 ο

1946 898 2199 970 egregius
2227 913 2546 957 sanctarum
2577 904 2893 961 divitiarum
2922 914 3199 981 cumulus,
3241 915 3422 970 cubile
3457 932 3544 970 re-

1946 987 2243 1057 quietionis
2279 1002 2483 1047 sancta:
2512 1004 2834 1064 perpetuum
2862 1040 2876 1064 ,
2917 1002 3075 1070 cujus
3116 1013 3200 1059 est
3228 1004 3376 1061 Deus
3415 1023 3545 1077 pro-

1945 1079 2159 1150 pitiatio
2202 1082 2297 1152 qui
2343 1083 2447 1139 fuit
2488 1088 2661 1143 totius
2708 1093 2900 1147 mundi
2931 1094 3201 1153 liberatio.
3251 1097 3397 1154 Inter
3434 1101 3543 1156 alia

1946 1186 2117 1226 unum
2137 1174 2397 1243 quiddam
2426 1178 2631 1233 doloris
2656 1181 2815 1237 nobis
2848 1184 2953 1240 hoc
2968 1187 3124 1243 aflert
3148 1192 3295 1261 quod
3318 1192 3445 1246 talis
3476 1209 3543 1247 ac

1946 1271 2133 1319 tantus
2157 1266 2241 1320 vir
2278 1269 2396 1323 sine
2429 1271 2587 1327 titulo
2616 1276 2794 1331 ornati
2828 1277 3026 1348 lapidis
3053 1324 3067 1349 ,
3113 1283 3232 1339 sine
3279 1286 3497 1341 nomine
3522 1329 3538 1353 ,

1946 1356 2065 1412 sine
2092 1357 2288 1414 litteris
2309 1360 2476 1431 jacet,
2507 1366 2666 1436 cujus
2693 1368 2748 1424 in
2774 1378 2887 1425 toto
2914 1381 3183 1430 terrarum
3210 1378 3340 1432 orbe
3366 1380 3540 1449 gloria

1942 1459 1996 1505 et
2024 1453 2288 1508 memoria
2335 1455 2390 1510 in
2433 1457 2808 1518 benedictione
2838 1473 2942 1520 est.
2976 1466 3211 1523 Proinde
3243 1471 3393 1525 omni
3431 1488 3539 1526 ste"

1942 1540 2068 1595 culo
2092 1541 2296 1611 profuit
2327 1553 2379 1600 et
2402 1548 2647 1616 proderit
2688 1551 2853 1622 hujus
2896 1558 3236 1613 serenissimi
3270 1561 3414 1632 regis
3448 1578 3540 1616 ra-

1944 1630 2055 1698 tio,
2093 1633 2181 1688 cui
2206 1634 2580 1695 indesinenter
2624 1642 2852 1699 adhaesit
2886 1648 3291 1707 ecclesiasticus
3331 1662 3385 1707 et
3428 1653 3535 1708 sibi

1944 1736 2159 1794 semper
2195 1728 2450 1784 amabilis
2495 1735 2833 1792 monasticus
2874 1740 3027 1795 ordo.
3075 1740 3231 1798 Hunc
3280 1743 3535 1801 Christus

243 1818 437 1877 Iesum
474 1839 590 1881 sum
620 1828 812 1885 saluus
849 1841 1013 1903 atque
1046 1813 1298 1894 milia“;
1333 1813 1659 1913 magistrum
1694 1862 1836 1902 sem_
1873 1840 1915 1894 Β
1946 1813 2089 1872 Deus
2136 1818 2341 1875 bonum
2369 1824 2628 1881 erunibus
2658 1827 2879 1885 dederat
2910 1839 3140 1902 patrem.
3178 1834 3432 1892 Attamen
3470 1838 3535 1892 li-

240 1928 346 1983 per
371 1914 684 1974 invocabat.
728 1921 811 1977 Ad
840 1924 1130 1983 videndam
1159 1932 1303 2003 regis
1326 1937 1515 1991 teter-ni
1542 1937 1833 2011 insupera-

238 2005 411 2062 bilem
435 2012 735 2079 potentiam
761 2016 984 2086 angelos
1009 2060 1024 2084 ,
1053 2022 1412 2096 a1changelos
1437 2036 1491 2083 et
1516 2005 1707 2088 omnes
1739 2018 1834 2089 Dei

239 2109 469 2158 sanctos
499 2101 553 2157 in
580 2104 843 2161 auxilium
875 2125 1037 2165 suum
1073 2114 1260 2172 venire
1282 2134 1432 2188 voce,
1460 2120 1653 2193 signis,
1679 2126 1834 2183 inde-

240 2192 491 2249 sinenter
524 2198 738 2266 orabat,
777 2203 1031 2259 muniens
1082 2222 1141 2261 se
1189 2224 1405 2281 semper
1448 2213 1504 2268 in
1555 2214 1735 2275 fronte
1779 2229 1834 2276 et

238 2285 442 2353 oculis,
471 2289 698 2346 naribus
731 2303 783 2348 et
810 2293 991 2364 labiis,
1028 2309 1246 2369 gutture
1275 2313 1329 2359 et
1363 2307 1591 2366 auribus
1623 2328 1721 2382 per
1750 2314 1829 2368 si-

236 2393 413 2449 gnum
457 2391 661 2439 sanctae
685 2386 867 2443 crucis
889 2430 905 2456 ,
943 2393 1208 2449 memoria
1246 2393 1547 2458 Dominica:
1572 2403 1827 2462 incarna-

236 2471 433 2539 tionis,
459 2476 780 2545 nativitatis,
806 2482 1103 2551 passionis,
1121 2492 1540 2551 resurrectionis
1563 2506 1616 2552 et
1642 2514 1831 2555 ascen-

234 2563 418 2622 sionis
444 2576 498 2622 et
517 2570 705 2639 gratia:
730 2569 968 2644 Spiritus
991 2580 1189 2634 sancti.
1222 2578 1424 2640 Habuit
1447 2586 1553 2645 hoc
1576 2605 1643 2646 ex
1676 2609 1830 2650 more

234 2657 300 2712 in
326 2658 461 2725 vita,
489 2661 577 2716 cui
602 2680 883 2739 nunquam
913 2668 1085 2726 defuit
1110 2673 1387 2733 voluntate
1420 2695 1563 2750 aqua
1601 2683 1826 2742 benedi-

234 2759 347 2805 cta.
388 2750 486 2807 llis
516 2769 644 2810 vero
669 2757 902 2830 aliisque
924 2762 1159 2821 refertus
1193 2767 1353 2825 bonis
1384 2772 1701 2846 virtutibus,
1739 2796 1828 2837 se-

234 2845 570 2913 xagenarius
591 2889 606 2914 ,
639 2863 699 2905 ut
720 2854 1015 2923 credimus,
1044 2861 1361 2929 opperiebat
1394 2877 1626 2926 mortem
1654 2872 1845 2929 intre-'

232 2935 421 3005 pidus.
458 2938 523 2995 Et
552 2941 916 3002 invalescente
938 2950 1132 3007 validae
1158 2952 1327 3011 febris
1359 2958 1642 3032 languore,
1671 2967 1826 3036 petiit

231 3028 499 3085 viaticum
522 3034 759 3092 salutare
780 3048 833 3093 et
858 3042 1076 3099 salubre
1105 3046 1302 3103 vivifici
1330 3057 1578 3123 corporis
1606 3068 1659 3113 et
1697 3076 1826 3116 san-

230 3122 422 3191 guinis
468 3124 683 3183 Domini
722 3134 897 3188 nostri
939 3133 1068 3191 Jesu
1116 3137 1341 3197 Christi.
1385 3143 1615 3219 Sumpto
1657 3168 1725 3208 eo
1747 3165 1799 3210 et

1941 1909 2030 1965 bet
2051 1912 2530 1986 adnotare‘paucis
2583 1919 2637 1973 in
2667 1919 2772 1975 fine
2799 1923 2964 1994 hujus
2997 1923 3190 1997 Operis
3215 1928 3533 1985 innumero-

1938 2016 2055 2055 sam
2096 2002 2260 2073 hujus
2293 2006 2561 2064 mirabilis
2604 2011 2904 2068 bonitatem
2950 2017 3114 2087 regis.
3144 2016 3534 2077 Sermocinans

1936 2095 2063 2165 quis
2094 2111 2220 2151 cum
2246 2114 2312 2153 eo
2338 2115 2447 2154 non
2477 2110 2561 2156 est
2583 2102 2889 2163 lmtificatus
2931 2110 3132 2181 gaudio
3164 2113 3395 2184 magno?
3425 2113 3531 2169 Pa-

1934 2200 2051 2240 cem
2085 2188 2211 2258 quis
2238 2188 2558 2247 desiderans
2602 2194 2657 2249 in
2699 2196 2819 2267 ejus
2862 2211 3156 2270 conspectu
3187 2218 3295 2256 non
3329 2204 3531 2259 abhor—

1933 2277 2046 2331 ruit
2101 2278 2274 2333 iram?
2322 2278 2517 2337 Vultus
2561 2285 2646 2339 sui
2687 2289 3035 2357 praesentiam
3084 2293 3356 2362 aspiciens
3403 2295 3531 2366 quis

1936 2385 2045 2424 non
2073 2383 2158 2426 est
2191 2372 2397 2429 oblitus
2426 2374 2622 2430 dolos?
2650 2375 3004 2439 Orationibus
3034 2383 3155 2454 ejus
3183 2385 3308 2455 quis
3336 2401 3530 2441 mona-

1933 2462 2162 2518 chorum
2189 2480 2300 2520 non
2328 2467 2519 2521 habuit
2548 2472 2790 2541 requiem
2819 2483 2871 2529 et
2899 2491 3008 2531 non
3034 2487 3119 2533 est
3144 2487 3362 2535 amatus
3385 2523 3401 2547 ,
3439 2480 3526 2536 di-

1931 2552 2107 2609 lectus
2151 2564 2205 2610 et
2251 2563 2576 2618 veneratus?
2602 2561 2735 2633 Ejus
2773 2567 3121 2625 sanctissima
3156 2566 3528 2628 admonitione

1933 2646 2060 2716 quis
2085 2648 2412 2706 clericorum
2442 2670 2552 2709 non
2581 2655 2685 2710 fuit
2711 2669 2925 2715 amator
2954 2662 3329 2720 castimoniae?
3350 2663 3527 2736 Ipsius

1931 2738 2243 2795 amicabilia
2284 2744 2450 2801 verba
2491 2746 2692 2817 quibus
2715 2765 2825 2804 non
2859 2749 3083 2809 fuerunt
3119 2756 3529 2813 medicamina?

1928 2826 2215 2898 Aspectus
2241 2832 2361 2903 ejus
2405 2837 2608 2906 quibus
2637 2854 2746 2894 non
2769 2841 2976 2911 profuit
2998 2844 3384 2915 insipientibus
3411 2890 3427 2915 ,
3466 2857 3528 2905 ut

1928 2917 2119 2988 virga?
2140 2916 2340 2979 Oculos
2359 2923 2478 2994 ejus
2495 2925 2732 2984 humiles
2753 2930 2877 3001 quis
2897 2934 3175 3004 aspiciens
3189 2953 3301 2993 nun
3315 2946 3398 2994 est
3413 2955 3530 2995 me-

1928 3007 2136 3090 ditatus
2168 3012 2447 3069 cmlestia?
2480 3015 2695 3090 Pauper
2723 3030 2777 3076 et
2800 3025 3048 3085 esuriens
3070 3029 3195 3099 quis
3219 3046 3328 3086 non
3355 3034 3526 3089 satia-

1929 3108 2017 3155 tus
2043 3102 2112 3156 ab
2135 3103 2255 3172 ejus
2278 3108 2503 3163 recessit
2531 3113 2761 3168 mensa?
2790 3113 3040 3174 Mortuus
3062 3121 3186 3190 quis
3215 3139 3316 3178 suo
3340 3127 3528 3181 termi-

430 3218 711 3277 inwﬂauo
735 3222 879 3281 facta
927 3229 995 3283 ad
1022 3228 1220 3287 “quem
1244 3198 1821 3287 Γρρυῶίᾶἧζωςξῷζ
1854 3201 1895 3257 c
1929 3210 2000 3248 no
2027 3212 2136 3249 nan
2168 3198 2289 3268 ejus
2313 3201 2545 3259 vestitus
2572 3212 2658 3259 est
2683 3208 3041 3266 vestimento?
3062 3211 3240 3269 Ilebcs
3265 3218 3390 3287 quis
3414 3234 3524 3274 nou

157 3285 160 3288 .
231 3230 406 3284 parvo
422 3222 711 3277 intervallo
735 3222 899 3293 facto,
927 3229 995 3283 ad
1022 3228 1220 3303 Regem
1244 3250 1431 3307 regum
1454 3249 1508 3295 et
1528 3241 1822 3312 Dominum

230 3308 586 3366 dominorum
614 3314 947 3388 demigrans,
978 3320 1104 3378 felix
1135 3324 1365 3384 feliciter
1390 3331 1570 3391 felicia
1604 3308 1824 3408 prome-

232 3404 348 3459 ruit
374 3423 559 3478 regua.
587 3408 926 3471 Ohdormivit
948 3428 1131 3474 autem
1157 3462 1171 3487 ,
1200 3431 1262 3478 ut
1294 3424 1556 3497 diximus,
1610 3431 1665 3487 in
1713 3434 1823 3490 Do-

230 3496 387 3551 mino
410 3498 622 3556 decimo
642 3505 801 3560 tertio
826 3506 947 3577 Kal.
977 3511 1209 3583 Augusti
1236 3557 1252 3581 ,
1291 3516 1598 3578 luccscente
1624 3540 1824 3583 aurora

228 3587 342 3644 diei
368 3592 542 3648 tertia:
570 3593 814 3666 Sabbati,
841 3599 1105 3659 Miliduno
1130 3616 1332 3677 castro;
1357 3620 1411 3667 et
1444 3611 1690 3674 Parisius
1724 3619 1823 3675 de—

230 3688 484 3749 portatus
509 3687 651 3755 apud
680 3686 736 3743 S.
765 3688 1085 3765 Dionysium
1121 3697 1278 3769 juxta
1307 3712 1515 3772 patrem
1542 3723 1704 3765 suum
1730 3726 1820 3767 se-

230 3772 436 3839 pelitur
463 3786 588 3833 ante
612 3778 785 3836 altare
807 3795 1009 3842 sanctae
1037 3787 1337 3849 Trinitatis.
1381 3795 1584 3855 Fuerat
1625 3802 1697 3859 ibi
1737 3803 1824 3861 in-

231 3878 369 3933 gens
410 3866 614 3938 luctus,
646 3873 1007 3936 intolerabilis
1042 3882 1219 3954 dolor,
1256 3888 1387 3943 dum
1423 3895 1820 3955 monachorum

232 3955 602 4029 ingemiscens
637 3967 797 4023 turba
831 3986 931 4040 pro
958 3974 1203 4033 absentia
1230 3982 1372 4037 tanti
1410 3983 1609 4056 Patris,
1655 3990 1820 4047 cleri-

231 4064 427 4106 corum
456 4053 874 4120 innumerabilis
919 4069 1213 4128 multitudo
1249 4091 1527 4138 aerumnas
1572 4099 1704 4143 suas
1749 4089 1820 4145 ab

230 4138 355 4211 ipso
380 4156 574 4202 saneto
595 4150 681 4219 pie
702 4153 969 4213 relevatas
992 4160 1202 4232 dolens,
1231 4167 1517 4228 viduarum
1540 4185 1594 4231 et
1618 4180 1821 4250 orpha-

231 4247 433 4289 norum
463 4235 713 4298 infinitus
740 4261 1026 4319 numerus,
1064 4254 1328 4316 beneﬁcia
1363 4263 1433 4319 ab
1463 4281 1529 4322 eo
1563 4235 1817 4345 perc-epla

228 4326 564 4401 deplorans,
609 4336 775 4395 dabat
802 4356 966 4400 voces
1001 4347 1068 4402 ad
1105 4352 1304 4409 ecelum
1342 4356 1662 4421 immensas.
1696 4326 1815 4425 Urna

229 4435 334 4490 pro
367 4434 517 4481 certo
551 4431 798 4488 omnium
827 4451 931 4492 vox
968 4457 981 4492 :
1025 4459 1043 4492 ι
1083 4441 1194 4499 Rex
1232 4463 1446 4522 magne,
1475 4454 1623 4514 Deus
1650 4460 1812 4531 bone‘,

226 4520 291 4567 ut
336 4516 469 4585 quid
515 4535 617 4576 nos
665 4523 930 4586 interficis
956 4573 971 4598 ,
1007 4548 1133 4590 cum
1167 4516 1571 4603 nobistatrem
1610 4516 1815 4610 bonum
1849 4564 1893 4618 D

224 4606 508 4665 abstrabis
531 4653 547 4678 ,
575 4622 629 4668 et
659 4616 755 4671 tibi
783 4619 1071 4695 adjungis?
1104 4646 1123 4679 ι
1162 4629 1369 4704 Pugnis
1407 4640 1555 4695 enim
1591 4606 1812 4714 pectora

223 4701 596 4768 pereutientes
626 4706 778 4766 ibant
805 4722 858 4769 et
885 4701 1298 4782 revertebantur
1329 4729 1397 4783 ad
1426 4701 1606 4789 sancti
1631 4744 1815 4795 tumu-

223 4790 345 4847 lum
372 4835 389 4860 ,
436 4806 744 4867 repetentes
775 4804 891 4875 jam
931 4810 1061 4868 dicti
1107 4821 1378 4877 sermonis
1432 4828 1763 4888 versiculum
1794 4878 1808 4903 ,

229 4883 417 4903 -m,»
473 4896 485 4903 .
620 4900 628 4903 Α
715 4895 726 4903 -

1596 4883 1600 4884 ν
1638 4883 1641 4884 ν
1680 4883 1763 4888 η-ν-
1794 4883 1808 4903 ν

225 4883 552 4955 adjicientes
575 4900 635 4947 ut
655 4895 1009 4958 misereretur
1025 4907 1075 4961 ei
1096 4907 1239 4967 Deus
1258 4913 1311 4969 in
1330 4915 1537 4975 bonum
1555 4927 1810 4993 precibus

226 4980 476 5035 omnium
526 4995 844 5046 sanctorum
875 4993 929 5048 in
967 5002 1227 5060 sarculum
1279 5013 1691 5086 sempiternum.
1751 5020 1809 5079 In

225 5069 391 5141 cujus
444 5085 649 5145 morte,
688 5081 825 5139 heul
883 5090 1019 5157 proh
1076 5094 1259 5155 dolor!
1313 5069 1662 5177 ingeminans
1721 5131 1813 5172 vo-

227 5162 389 5220 cibus
445 5171 807 5233 acclamatum
867 5192 998 5239 est:
1043 5206 1062 5239 σ
1112 5162 1713 5273 Βοιιιθιιιουίῐηρειτειηιθ
1757 5222 1808 5267 et

225 5266 478 5329 regente,
537 5270 717 5323 securi
748 5273 1016 5347 viximus,
1061 5286 1330 5344 neminem
1378 5293 1680 5357 timuimus.
1714 5303 1811 5360 Pa-

230 5349 301 5403 tri
339 5350 461 5421 pio,
516 5359 657 5427 patri
712 5377 963 5438 senatus,
1014 5378 1157 5445 patri
1197 5383 1442 5440 omnium
1493 5389 1805 5465 bonorum,

231 5439 360 5465 '.12_
413 5462 429 5465 -
485 5448 497 5461 ⁸
684 5463 691 5465 λ
814 5460 830 5465 ⁸

1014 5439 1030 5445 ,
1432 5439 1440 5440 ί
1493 5439 1762 5451 -ν---νιι--ι
1790 5441 1805 5465 ν

228 5439 364 5500 felix
408 5448 592 5507 anima
643 5463 698 5511 et
751 5460 930 5530 salus,
976 5464 1102 5523 felix
1142 5472 1208 5527 ad
1248 5491 1485 5548 superna
1521 5498 1806 5560 ascensus,

230 5529 363 5560 0.4:;
404 5531 493 5560 ,ζμ
555 5545 614 5560 n-
670 5548 682 5560 ο
726 5558 733 5560 -

397 5531 521 5597 cum
553 5545 774 5605 Christo
806 5568 929 5625 rege
966 5573 1155 5631 regum
1198 5581 1296 5637 per
1348 5575 1547 5631 saecula
1586 5533 1812 5638 cohabi:

1928 3297 2011 3341 est
2041 3289 2111 3343 ab
2143 3305 2208 3345 eo
2240 3289 2420 3349 factus
2456 3297 2716 3365 sapiens?
2757 3299 2946 3359 Viduas
2993 3314 3048 3360 et
3101 3322 3370 3379 pauperes
3394 3353 3410 3379 ,
3454 3306 3526 3369 ad

1929 3379 2238 3449 exemplum
2262 3381 2420 3438 bona:
2442 3382 2725 3454 Dorcadis,
2756 3404 2866 3447 non
2896 3394 2965 3449 ab
2990 3398 3242 3465 eodatas
3271 3403 3525 3469 ostende-

1926 3476 2055 3522 runt
2081 3470 2292 3525 vestes?
2319 3470 2460 3540 (Act.
2495 3491 2572 3543 ix,
2598 3477 2715 3551 59.)
2753 3479 2945 3540 Omnis
2987 3488 3314 3546 miserorum
3339 3482 3525 3550 multi;

1926 3559 2079 3627 tudo,
2107 3577 2216 3617 non
2242 3578 2369 3619 eum
2400 3577 2613 3637 patrem
2637 3579 2692 3625 et
2714 3575 3013 3632 nutricium
3044 3579 3396 3640 inclamavit?
3433 3586 3523 3642 ln-

1926 3650 2117 3708 cidens
2138 3653 2265 3724 quis
2290 3655 2347 3710 in
2373 3669 2657 3730 peccatum
2682 3706 2698 3730 ,
2747 3681 2855 3720 non
2892 3667 3057 3739 hujus
3089 3681 3292 3730 sanctae
3320 3692 3522 3733 conso—

1922 3745 2146 3805 lationis
2173 3749 2367 3807 habuit
2388 3755 2694 3812 auxilium?
2727 3758 3042 3820 Dormitans
3071 3767 3196 3837 quis
3220 3784 3332 3839 prae
3360 3772 3521 3828 taedio

1922 3852 2035 3893 non
2075 3846 2163 3894 est
2204 3841 2494 3914 evigilatus
2533 3861 2567 3901 a
2605 3850 2835 3905 somno?
2879 3850 3136 3911 Laudans
3178 3859 3305 3927 quis
3344 3858 3519 3917 Deum

1920 3928 2070 3987 hunc
2108 3946 2221 3987 non
2249 3933 2445 3990 habuit
2476 3936 2532 3992 in
2566 3938 2916 4012 exemplum?
2944 3943 3357 4020 Eleemosynam
3394 3953 3519 4022 quis

1921 4019 2101 4079 facere
2145 4024 2469 4084 desiderans
2520 4029 2673 4103 hunc,
2722 4050 2834 4090 non
2886 4037 3086 4108 accipit
3139 4019 3468 4100 imitatorem
3497 4087 3514 4113 ,

1918 4117 2079 4187 quasi
2114 4120 2283 4174 alium
2317 4118 2622 4179 Joannem?
2647 4124 2914 4184 Joannem
2936 4130 3061 4187 dico
3083 4131 3517 4195 Alexandrinum

1918 4210 2291 4279 patriarcham
2317 4211 2419 4285 qui
2438 4229 2539 4284 pro
2564 4215 2689 4286 ejus
2715 4217 2986 4277 immensa
3013 4263 3029 4290 ,
3059 4239 3184 4294 qua:
3216 4224 3322 4282 fuit
3350 4244 3517 4299 super

1919 4303 2155 4360 miseros
2180 4312 2236 4360 et
2260 4321 2532 4378 pauperes
2556 4309 2956 4384 misericordia,
2983 4316 3298 4378 misericors
3322 4323 3432 4379 dici
3460 4333 3516 4380 et

1916 4407 2040 4449 esse
2081 4395 2284 4450 meruit
2328 4412 2429 4453 sua
2478 4400 2536 4461 in
2581 4402 2693 4459 vita
2734 4404 2903 4461 simul
2948 4416 3004 4464 et
3053 4409 3109 4465 in
3155 4414 3307 4469 omni
3345 4423 3509 4471 terra.

1918 4481 2213 4540 Enimvero
2238 4501 2351 4542 non
2378 4486 2484 4543 fuit
2509 4491 2560 4545 ei
2583 4493 2781 4551 similis
2808 4505 2932 4567 post
2965 4510 3217 4558 sanctum
3252 4503 3420 4562 David
3445 4507 3513 4563 de

1919 4573 2134 4628 cunctis
2166 4575 2389 4646 regibus
2424 4586 2582 4635 terra:
2617 4582 2674 4637 in
2708 4586 2914 4643 sanctis
2942 4589 3257 4652 virtutibus.
3290 4593 3513 4653 humili-

1922 4670 2032 4719 tate
2054 4705 2072 4733 ,
2101 4664 2477 4724 misericordia
2503 4712 2519 4737 ,
2553 4673 2756 4742 pietate
2789 4685 2844 4732 et
2873 4680 3169 4751 charitate,
3198 4700 3322 4754 qua:
3347 4703 3511 4759 super

1920 4771 2113 4811 omnes
2134 4766 2219 4813 est
2240 4766 2294 4814 et
2315 4760 2434 4816 sine
2455 4778 2565 4832 qua
2587 4781 2750 4821 nemo
2772 4769 2976 4826 videbit
3001 4771 3195 4844 Deum,
3220 4777 3350 4847 quia
3372 4795 3512 4836 sem-

1921 4863 2018 4918 per
2044 4849 2275 4906 adhazsit
2305 4850 2538 4911 Domino
2563 4865 2617 4912 et
2641 4873 2754 4914 non
2785 4864 3014 4921 recessit
3035 4881 3066 4920 a
3087 4870 3362 4927 mandatis
3388 4872 3508 4944 ejus

1920 4941 2084 4997 corde
2108 4942 2370 5012 perfecto.
2399 4946 2626 5018 Caetera,
2659 4964 2782 5022 qua:
2808 4965 2938 5012 sunt
2963 4958 3030 5013 de
3063 4963 3247 5017 saeculi
3275 4941 3503 5035 militiis,

1919 5030 2171 5090 hostibus
2193 5036 2441 5105 devictis,
2467 5040 2768 5101 honoribus
2792 5047 2993 5106 virtute
3014 5060 3064 5107 et
3089 5052 3309 5126 ingenio
3325 5061 3509 5131 acqui-

1917 5123 2064 5205 sitis,
2096 5125 2555 5203 bistoriographis
2581 5138 2867 5197 scribenda
2899 5123 3282 5216 relinquimus.
3312 5123 3424 5217 Qui.
3459 5154 3505 5208 si

1917 5202 2122 5275 fuerint
2150 5230 2205 5275 et
2229 5238 2291 5277 ea
2326 5226 2774 5299 scriptitaverint,
2806 5235 3083 5294 invenient
3108 5240 3165 5295 in
3191 5242 3272 5298 eis
3292 5253 3504 5313 patrem

1915 5318 1970 5366 et
2010 5309 2154 5368 filios
2184 5315 2343 5372 bellis
2384 5319 2614 5392 inclytos
2653 5333 2708 5378 et
2752 5326 2952 5399 insigni
2996 5333 3168 5403 gloria
3214 5309 3501 5408 gloriosos.

1914 5398 2039 5481 dam
2066 5418 2217 5459 nunc
2243 5409 2661 5481 monachorum,
2686 5415 3029 5489 clericorum,
3065 5424 3377 5496 viduarum,
3416 5447 3506 5486 or-

1912 5494 2222 5564 phanorum
2273 5509 2329 5556 et
2370 5504 2619 5561 omnium
2664 5510 2966 5581 pauperum
3013 5512 3215 5573 Christi
3253 5536 3318 5575 ex
3349 5494 3506 5593 parte

1908 5583 2120 5651 habeas
2163 5600 2487 5661 perpetuum
2529 5599 2669 5666 vale,
2713 5611 2898 5659 noster
2937 5611 3307 5676 praecordialis
3350 5583 3506 5668 amor

1915 5670 2173 5734 Rotbertc
2197 5720 2212 5745 ,
2262 5689 2317 5736 et
2360 5684 2546 5753 profer
2591 5704 2780 5758 preces
2823 5670 3126 5764 pro-servo
3172 5704 3503 5772 pmpitiabili

1910 5761 2284 5849 Cbris_to_Deo_
2303 5814 2318 5840 ,
2345 5775 2445 5847 cui.
2470 5761 2846 5860 complacuisti
2872 5786 3132 5847 laudabili
3157 5761 3351 5860 vita-et
3381 5810 3502 5851 sere

1912 5853 2047 5910 vitio
2090 5866 2145 5913 et
2176 5874 2273 5931 per
2295 5873 2608 5925 sanctarum
2631 5856 2898 5932 virtutum
2929 5880 3118 5936 merita
3149 5884 3503 5953 promeruisti
