4058 6396
617 353 723 407 933
1733 349 2030 406 ROBERTI
2067 349 2272 406 REGIS
2311 349 2740 408 FRANCORUM
3755 360 3830 412 93A}

623 467 860 522 :relestia
905 482 1092 537 regna.
1138 467 1360 522 Annuat
1401 465 1506 520 hoc
1555 463 1697 519 Deus
1738 465 2083 536 omnipotens
2111 465 2206 538 qui
2239 471 2284 526 Α
2310 466 2576 522 ctissimis
2637 466 2858 537 regibus
2903 476 3062 521 ornat
3113 466 3317 535 sudes,
3362 470 3518 537 cuius
3565 485 3758 540 regnum
3794 487 3831 527 ει

637 557 877 613 ωιὶίίοειι
935 557 1177 629 impios,
1251 564 1306 615 et
1362 555 1601 610 vivificat
1659 563 1927 622 mortuos,
1965 567 2017 611 et
2077 573 2208 613 san-
2317 559 2606 632 imperium
2651 572 2934 632 permanet
2977 565 3034 619 in
3079 564 3278 619 saecula
3313 563 3642 620 saeculorum.

687 721 3827 754 mm

1333 873 2094 968 EPITAPHIUM
2167 877 2717 972 HUGONIS
2789 879 3165 972 MAGNI

1941 1063 2174 1103 ROBERTI
2212 1065 2366 1105 REGIS
2405 1066 2554 1113 HL",

1647 1187 1831 1263 Quod
1856 1189 2002 1269 fecit
2041 1187 2360 1250 Girardus
2393 1191 2886 1255 Aureiianensis.

1140 1335 1232 1396 Ex
1262 1335 1536 1415 antiquo
1565 1337 1685 1397 Ms.
1715 1335 1857 1398 cod.
1891 1335 2030 1397 Viri
2088 1336 2180 1401 Cl.
2214 1338 2566 1404 Alexandri
2596 1344 2839 1406 Petavii
2871 1340 3189 1404 senatoris
3221 1340 3420 1401 Paris.

695 1585 982 1644 Sublatum
1002 1585 1180 1642 viduae
1201 1585 1460 1657 juvenem
1485 1587 1606 1655 tibi,
1635 1585 1888 1654 Francia,
1919 1586 2064 1658 iuge,
2238 1592 2286 1650 Β
2382 1587 2642 1644 Celtiberi
2677 1589 3002 1662 lacrymant,
3042 1599 3094 1644 te
3122 1602 3306 1660 regem
3338 1585 3512 1642 Roma
3540 1586 3745 1657 petebat,

765 1681 900 1749 Quae
923 1688 1088 1751 caput
1106 1679 1382 1736 extuleras
1403 1679 1604 1735 damna
1629 1681 1706 1736 tui
1730 1680 1939 1751 lugeas.
2372 1739 2380 1750 ι
2461 1679 2502 1736 ξ)
2536 1681 2846 1737 miserande
2871 1682 3034 1752 puer!
3071 1679 3166 1737 sed
3202 1681 3506 1736 tumulatus
3534 1680 3616 1735 hic
3645 1695 3711 1736 es.

695 1771 847 1829 Exue
871 1772 1136 1844 quidquid
1161 1771 1351 1839 habes,
1380 1771 1577 1829 festina
1609 1773 1857 1830 scindere
1881 1782 2081 1838 vestes,
2389 1772 2626 1842 Aspectu
2665 1774 2913 1844 pulcher,
2949 1774 3112 1830 victis
3145 1773 3292 1844 pius,
3329 1772 3580 1828 hostibus
3608 1788 3730 1836 acer,

769 1863 1086 1919 Dilacerans
1116 1863 1296 1919 crines
1322 1863 1391 1919 da
1422 1863 1584 1934 capiti
1609 1864 1842 1920 cineres.
2463 1865 2522 1921 Si
2550 1865 2666 1923 fore
2698 1869 2779 1922 vir
2807 1883 3020 1938 posses,
3049 1876 3099 1923 te
3123 1866 3366 1938 Babylon
3393 1875 3651 1921 tremeret.

698 1955 1000 2012 indomitos
1023 1955 1228 2011 dociles
1253 1955 1346 2026 qui
1377 1955 1623 2011 redderet
1649 1956 1856 2011 arduus
1879 1955 2080 2023 hostes,
2391 1956 2628 2014 Parthus
2657 1967 2712 2014 et
2746 1959 2802 2014 in
2830 1959 3085 2029 pharetra
3121 1967 3339 2028 propter
3365 1968 3421 2012 te
3448 1957 3684 2012 conderet
3707 1971 3835 2021 arma,

769 2045 924 2119 Hugo
941 2089 955 2115 ,
983 2047 1151 2103 decus
1177 2047 1413 2117 patrium
1441 2046 1542 2104 llos
1567 2048 1765 2104 cecidit
1786 2049 2069 2120 juvenum.
2462 2049 2858 2121 Apparensque
2881 2051 3060 2106 minor
3085 2050 3302 2106 cederet
3327 2049 3480 2106 orbis
3507 2050 3680 2105 honor.

701 2138 904 2195 lndolis
927 2149 1183 2194 extremae
1212 2139 1353 2195 miro
1375 2139 1605 2195 dilectus
1629 2155 1836 2207 amore,
2394 2139 2505 2196 Pax
2539 2143 2706 2213 igitur
2740 2145 2839 2199 tibi
2871 2145 2964 2210 sit,
3000 2159 3123 2214 qua:
3152 2143 3334 2199 claudi
3371 2143 3543 2198 limite
3575 2142 3724 2196 nescit
3750 2160 3758 2192 :

771 2228 929 2288 Nunc
951 2232 1117 2286 etiam
1144 2231 1326 2287 luctus
1355 2241 1409 2287 et
1434 2231 1588 2288 dolor
1619 2233 1969 2289 immodicus.
2469 2235 2663 2292 Lector
2689 2236 2758 2291 ad
2787 2237 2889 2292 hoc
2917 2253 3122 2306 pronus
3149 2237 3296 2308 quod
3327 2244 3539 2306 repetat
3560 2235 3773 2305 petimus.

646 2378 1866 2408 Μ

2466 2380 3830 2415 mm

908 2536 1738 2654 ROBEBTI
1814 2540 2370 2654 REGIS
2447 2539 3611 2658 PRANGORUM

1877 2773 2652 2888 EPISTOLAE.

1121 3125 1457 3180 EPISTULA
1493 3123 1724 3179 PRIMA.
2245 3129 2286 3183 C
2321 3122 2600 3176 rescribite
2627 3122 2906 3192 quomodo
2931 3123 3212 3191 acciderit,
3240 3134 3294 3178 et
3329 3125 3390 3180 in
3429 3143 3534 3196 qua
3565 3125 3757 3180 historia
3777 3124 3838 3176 ia-

639 3259 871 3302 ιυθειιτι
909 3259 975 3297 ΔΩ
1035 3257 1408 3298 ιεοτιιειιιςυκ
1462 3258 1797 3298 δεκοκεδεεδι
1854 3255 2228 3296 ABCIIIEPISCO-

2330 3215 2503 3270 veniri
2528 3215 2718 3285 possit.
2745 3216 2998 3271 Attamen
3012 3216 3273 3287 depreCor
3301 3235 3371 3273 ne
3422 3219 3665 3274 diﬂ‘eiatis
3701 3216 3754 3271 ad
3775 3232 3837 3268 ic-

1369 3329 1492 3368 rt'ai.
2331 3306 2680 3364 scribendum
2709 3308 2866 3374 mihi,
2897 3308 3026 3380 quia
3054 3309 3245 3364 tandiu
3291 3311 3530 3382 legatum
3578 3311 3716 3379 hujus
3751 3325 3839 3376 pur-

643 3405 804 3480 [Cum
832 3404 902 3460 sit
925 3404 1022 3458 tibi
1046 3405 1540 3480 nomen_sc_ientize,
1559 3400 1922 3480 _etAc.._l§xstat
1987 3418 2149 3471 supra
2173 3402 2229 3454 in
2332 3399 2464 3456 tenti
2492 3399 2704 3467 tenebo,
2741 3399 2916 3456 donec
2941 3401 3075 3455 mihi
3103 3403 3500 3473 respondeatis.
3528 3400 3706 3456 Valete.

1101 3476 1211 3528 vita
1231 3474 1468 3542 Roberti,
1486 3475 1589 3529 col.
1616 3472 1769 3546 912.]
2886 3512 3222 3568 EPISTOLA
3260 3513 3352 3572 ιιι,

1214 3576 1556 3635 EPISTOLA
1598 3579 1661 3634 Π·
2334 3618 2580 3658 cauum
2602 3621 2816 3662 BITURIC

2334 3618 2580 3658 CAUZLINI
2602 3621 2970 3663 BITURICENSIS
2994 3623 3393 3664 ARCHIEPISCOPI
3420 3625 3485 3664 AD
3513 3621 3757 3664 BODERTCII
3769 3617 3816 3655 ιε

643 3690 877 3740 BOBER‘I'I
917 3689 984 3728 AD
1043 3687 1346 3728 GAUZLINUM
1403 3687 1793 3728 BITURICENSEI
1850 3685 2230 3729 Αιὶειιιειιιδςοεμ
3056 3694 3182 3733 GEI.

1376 3760 1501 3798 Ρωί·
1573 3833 1700 3841 ﬂ“
1732 3834 1744 3841 μ
2809 3767 2978 3837 (Circa

2809 3767 2988 3837 (Circa
3015 3784 3221 3823 annum
3249 3769 3437 3841 1022.)

1127 3834 1306 3906 (Circa
1327 3849 1534 3891 “unum
1567 3833 1752 3905 1022')
2411 3856 2639 3914 Domino
2663 3860 2773 3930 regi
2812 3833 3149 3916 Francorum
3174 3833 3622 3918 excellentissimo
3653 3858 3842 3912 ῐὶοτιιιο

718 3945 1010 4002 ἰὶοιιειιτυε
1037 3953 1172 3999 num
1195 3942 1290 4000 Dei
1314 3943 1650 4000 Francorum
1673 3960 1790 4012 rex,
1808 3944 2083 4000 GAUZLINO
2097 3959 2235 4014 [πω-
2337 3967 2408 4008 το
2445 3953 2671 4007 humilis
2707 3951 3014 4009 Gauzusus
3040 3955 3229 4009 aeterni
3257 3954 3424 4026 Regis
3453 3952 3764 4010 consortium.

644 4039 756 4095 suli
781 4037 1206 4093 Biturieensium
1239 4037 1493 4092 salutem.
1525 4035 1665 4092 Volo
1710 4051 1809 4091 vos
1865 4036 2010 4092 scire
2067 4035 2236 4090 animi
2409 4043 2565 4112 Quod
2589 4046 2792 4116 placuit
2815 4045 2971 4103 vobis
2994 4047 3332 4117 interrogare
3376 4049 3444 4103 de
3490 4045 3710 4121 prodigio
3734 4037 3841 4110 quoi

645 4131 755 4184 anei
779 4137 989 4184 motum
1011 4129 1247 4199 qualiter
1281 4143 1341 4183 se
1362 4128 1548 4193 habet,
1592 4135 1653 4181 ut
1675 4126 1816 4182 forte
1865 4127 2111 4182 accidere
2142 4143 2236 4182 so-
2339 4139 2683 4206 accidit,iioc
2708 4140 2867 4197 nobis
2914 4157 2982 4196 ex
3024 4141 3272 4198 historiis
3317 4153 3503 4212 aperte
3542 4149 3687 4212 patet.
3727 4130 3841 4201 Quoi

647 4223 746 4287 iet,
769 4234 896 4276 cum
919 4234 1076 4274 mens
1118 4220 1358 4275 humana
1401 4227 1670 4285 movetur,
1723 4218 1770 4273 εἰ
1819 4219 1951 4289 quid
1991 4219 2239 4274 mirabile
2341 4230 2566 4302 sanguis
2596 4246 2760 4302 super
2782 4231 3044 4303 gladium,
3072 4243 3170 4287 aut
3188 4233 3348 4289 civile
3389 4233 3602 4297 bellum,
3632 4237 3712 4285 aut
3749 4240 3842 4296 gen-

649 4319 850 4382 praeter
871 4310 1091 4365 solitum
1119 4311 1394 4380 insperate
1426 4310 1665 4364 auditur.
1687 4307 1823 4364 Dum
1847 4325 1977 4380 ergo
1999 4309 2085 4365 die
2110 4309 2242 4366 Sab-

2239 4340 2242 4349 '
2343 4330 2450 4376 tem
2476 4337 2640 4393 super
2663 4331 2878 4394 gentem
2900 4339 3194 4395 exsurgere
3215 4325 3488 4395 portendit
3506 4342 3522 4387 ;
3540 4320 3753 4378 Valerius
3765 4314 3841 4367 Bu‘

652 4401 765 4457 υθιὶ
795 4400 912 4471 jam
932 4400 1203 4455 exhausto
1246 4400 1493 4457 sederem
1532 4401 1602 4455 ad
1648 4417 1884 4468 caenam,
1933 4402 2096 4457 allata
2137 4401 2241 4456 fuit
2343 4411 2501 4468 fugin
2528 4413 2670 4469 libro
2695 4413 3149 4481 Memorabilium,
3177 4415 3421 4484 capitulo
3451 4421 3650 4486 quarto,
3667 4407 3729 4462 De
3748 4419 3841 4476 pru-

650 4491 790 4548 mihi
823 4492 1074 4563 quaedam
1104 4491 1336 4562 epistola
1367 4507 1398 4546 a
1425 4491 1696 4548 Willelmo
1741 4494 1959 4561 comite,
1991 4495 2058 4549 de
2101 4510 2240 4565 quo—
2271 4487 2316 4546 ι)
2343 4505 2524 4576 digus,
2562 4507 2676 4562 hmo
2704 4505 2870 4562 reteri
2895 4525 2908 4562 ε
2950 4527 2968 4562 ι
2989 4507 3126 4563 Gaio
3152 4506 3466 4574 Volumnio,
3493 4504 3694 4560 Servilio
3711 4495 3843 4565 Sulpi—

647 4585 780 4642 dam
810 4594 1066 4656 portento
1091 4583 1326 4640 mirabili
1355 4584 1565 4652 auditu,
1600 4584 1808 4640 scilicet
1837 4586 2013 4641 tribus
2047 4586 2242 4641 diebus
2348 4599 2433 4654 ρίο
2464 4599 2802 4666 consulibus,
2842 4601 2896 4655 ίη
2943 4601 3077 4655 urbe
3104 4599 3279 4656 Roma
3309 4601 3466 4656 ίηίιία
3497 4607 3746 4665 maiusque
3762 4586 3842 4645 bel-

651 4686 782 4733 ante
807 4677 1209 4733 solemnitatem
1241 4674 1470 4732 Joannis
1514 4675 1771 4748 Baptista:
1812 4678 1867 4732 in
1913 4677 2239 4747 quibusdam
2347 4689 2526 4746 lorum
2563 4691 2803 4746 civilium
2829 4691 2934 4746 hoc
2957 4692 3266 4763 prodigium
3302 4691 3585 4762 portendit.
3618 4683 3774 4741 Carnis
3803 4677 3841 4730 in

546 4804 552 4809 ι
655 4767 904 4839 partibus
935 4765 1088 4837 regni
1124 4767 1252 4832 mei,
1283 4767 1535 4822 videlicet
1561 4767 1614 4823 in
1638 4768 1886 4839 partibus
1915 4769 2148 4840 Aquitan

2238 4813 2240 4829 ι
2347 4781 2570 4835 modum
2595 4780 2766 4836 nimbi
2794 4781 3073 4852 dissipatae
3107 4789 3292 4851 partes
3324 4781 3638 4836 ceciderunt.
3659 4772 3840 4841 Quarum

649 4859 808 4930 juxta
830 4859 1044 4930 plagam
1077 4858 1432 4924 maritimam,
1459 4860 1664 4929 pluisse
1691 4861 1760 4918 de
1801 4861 1942 4917 celo
1977 4862 2101 4916 talis
2141 4877 2242 4915 na-
2347 4871 2613 4941 majorem
2647 4887 2937 4926 numerum
2967 4881 3231 4943 praepetes
3265 4872 3599 4941 diripuerunt
3631 4878 3752 4925 aves,
3780 4871 3843 4912 re-

653 4959 794 5006 tarae
821 4950 1171 5021 sanguinem,
1196 4959 1258 5005 ut
1281 4965 1406 5005 cum
1446 4949 1672 5006 fortuitu
1705 4953 1930 5010 cadebat
1957 4969 2247 5025 superear-
2347 4962 2556 5032 liquum
2589 4961 2740 5016 humi
2769 4977 2864 5032 per
2910 4962 3120 5040 aliquot
3175 4963 3313 5029 dies,
3337 4977 3508 5032 neque
3548 4957 3692 5014 odore
3725 4959 3840 5007 tem).

653 5056 784 5096 nem
815 5041 1077 5108 hominis,
1116 5049 1212 5096 aut
1229 5056 1394 5111 super
1417 5043 1825 5111 vestimentum,
1852 5053 1949 5099 aut
1969 5060 2243 5117 superpe-
2349 5069 2526 5124 neque
2549 5053 2777 5109 deformi
2819 5063 3042 5125 aspectu
3094 5064 3366 5110 mutatum
3404 5053 3584 5124 iacuit.
3625 5048 3674 5103 In
3707 5040 3841 5097 Sicilia

655 5143 822 5201 tram,
860 5149 971 5190 non
992 5142 1180 5204 posset
1203 5133 1408 5190 auferri
1461 5135 1714 5191 lavando.
1743 5135 1801 5191 Si
1841 5153 1972 5194 vero
2018 5139 2249 5194 cadebat
2351 5155 2506 5201 scuta
2542 5145 2652 5201 duo
2696 5147 3018 5218 sanguinem
3080 5147 3337 5212 sudasse;
3383 5145 3543 5200 etiam
3587 5131 3841 5218 metentibus

655 5241 824 5295 super
850 5226 1082 5297 lignum,
1108 5235 1227 5281 tum
1262 5226 1401 5282 bene
1431 5227 1738 5285 lavabatur.
1792 5227 1851 5284 Si
1895 5231 2118 5301 quidem
2150 5248 2247 5303 per
2346 5242 2606 5290 cruentas
2638 5217 2821 5305 spicas
2843 5235 2900 5289 in
2923 5235 3144 5291 corbem
3170 5236 3450 5291 cecidisse.
3478 5229 3664 5302 Oppido
3697 5217 3841 5278 Cerilis

633 5316 906 5393 [eamdem
934 5318 1221 5388 epistolam
1250 5318 1404 5390 petiit
1430 5336 1460 5374 a
1491 5335 1578 5375 me
1609 5319 1752 5376 idem
1795 5319 2118 5379 Guillelmus
2148 5339 2246 5379 co-
2347 5341 2523 5396 aquas
2552 5327 2820 5398 sanguine
2844 5328 3044 5384 mixtas
3069 5327 3310 5384 ﬂuxisse.
3342 5347 3359 5379 ι
3389 5324 3641 5382 Chronica
3676 5307 3838 5372 Eusebii

659 5419 873 5475 mes,ut
897 5426 1000 5482 ego
1030 5412 1364 5483 requirerem
1402 5427 1434 5467 ι
1458 5413 1566 5468 mei
1587 5413 1740 5485 regni
1766 5415 2103 5485 sapientibus
2115 5415 2246 5486 quid
2349 5417 2417 5474 de
2447 5419 2706 5492 prodigiis
2725 5420 2833 5475 hoc
2863 5419 3030 5476 refert
3064 5439 3076 5476 :
3118 5440 3136 5475 ι
3177 5419 3552 5477 Valentiniano
3589 5411 3836 5481 imperante.

661 5499 768 5556 hoc
792 5507 1106 5569 portentum
1128 5501 1478 5573 signiﬁcaret.
1509 5501 1622 5574 Ego
1649 5519 1780 5560 vero
1806 5507 1930 5560 volo
1958 5513 2014 5561 et
2055 5521 2249 5577 precor
2349 5519 2476 5580 post
2498 5510 2629 5568 solis
2650 5527 2910 5568 occasum
2935 5513 3004 5568 ab
3027 5513 3283 5584 aquilone
3336 5511 3525 5570 οωιωιι
3566 5501 3701 5580 quasi
3737 5491 3838 5566 ὶεηίε

663 5597 725 5645 ut
744 5591 1073 5660 perquiratis
1097 5593 1152 5646 in
1175 5593 1506 5664 quibusdam
1533 5595 1781 5652 historiis
1812 5597 1858 5651 si
1890 5613 2133 5667 unquam
2158 5614 2249 5654 ae-
2353 5609 2447 5658 aut
2475 5605 2700 5675 sanguis
2730 5603 2980 5660 effectum
3003 5613 3108 5661 est.
3145 5603 3334 5662 Gentis
3357 5602 3635 5661 Hunorum,
3653 5603 3756 5667 ριεε
3772 5599 3835 5641 fl“

661 5683 888 5737 cidisset
932 5683 1097 5751 hujus
1140 5685 1336 5750 simile,
1392 5696 1448 5742 et
1485 5689 1632 5758 quod
1681 5687 1883 5744 factum
1928 5701 2250 5762 sequeretur
2352 5702 2476 5764 pta,
2520 5696 2752 5766 irruptio
2808 5696 2863 5750 in
2919 5695 3110 5752 Galliis
3159 5705 3345 5753 secuta
3380 5703 3475 5750 est.
3515 5711 3531 5744 ι
3588 5686 3696 5744 item
3733 5687 3836 5766 ειη-ο

666 5773 832 5848 liuius
869 5773 947 5830 rei
985 5784 1314 5848 portentum.
1363 5777 1604 5852 Mihique
1664 5779 1770 5842 hoc
1820 5781 2013 5840 eodem
2068 5783 2246 5857 legato
2349 5783 2551 5846 Leonis
2585 5765 2928 5858 imperatoris
2962 5785 3216 5859 septimo,
3246 5783 3420 5843 medio
3452 5778 3638 5838 Tolosae
3662 5765 3834 5828 civium
