4058 6452
230 398 337 459 937

1704 392 2066 456 ΕΡιετοιιιέ

3409 404 3516 461 933

226 514 456 587 sanguis
491 522 672 585 erupit
692 512 760 570 de
785 520 949 580 terra,
980 521 1035 573 et
1061 519 1173 568 tota
1193 512 1282 570 die
1304 511 1481 578 ﬂuxit,
1505 510 1820 585 significans
1846 518 1895 575 Α
1921 510 2259 568 rcfocillatus
2287 518 2372 565 est
2414 509 2667 581 populus.
2696 508 2837 565 Area
2892 511 3039 565 enim
3083 511 3196 569 Noe
3239 514 3306 571 de
3351 517 3515 588 lignis

227 606 661 663 dominationem
703 604 1008 660 Gothorum
1053 605 1346 661 sublatam.
1401 603 1534 658 Item
1576 602 1813 658 Historia

225 698 718 769 Longobardorum
745 697 885 751 libro
916 712 997 763 ill,
1026 712 1147 767 cap.
1169 695 1203 750 6
1230 714 1243 750 :
1282 715 1301 747 ‹
1336 694 1602 765 Tempore
1638 694 1816 749 Theo-

222 790 439 845 deberti
471 790 616 861 regis
669 788 1008 845 Francorum
1064 790 1281 860 signum
1334 787 1695 857 sanguineum
1758 786 1814 840 in

224 883 369 938 caelo
391 883 664 953 apparuit,
701 890 755 936 et
780 882 939 951 quasi
982 882 1154 936 hasta:
1194 880 1525 951 sanguinem.
1572 878 1651 933 Eo
1672 887 1813 934 tem-

221 990 360 1046 pore
384 973 502 1045 ipse
525 973 934 1028 Theodebertus
970 987 1094 1027 cum
1125 970 1388 1026 Lotbario
1418 968 1688 1024 avunculo
1713 984 1814 1025 suo

220 1065 430 1121 bellum
452 1080 668 1138 gerens,
694 1064 814 1134 ejus
835 1063 1137 1120 exercitum
1163 1063 1515 1118 vehementer
1546 1059 1753 1115 amisit.
1788 1081 1805 1113 ι

222 1153 359 1210 ltem
401 1156 457 1209 in
490 1155 679 1210 eadem
722 1153 1001 1214 Historia:
1055 1173 1073 1205 ι
1116 1151 1478 1223 Temporibus
1517 1148 1809 1206 Justiniani

222 1245 281 1301 in
324 1245 600 1317 provincia
644 1245 916 1316 prrecipue
944 1244 1180 1316 Liguria:
1220 1243 1461 1301 maxima
1507 1242 1812 1312 pestilentia

220 1347 413 1393 exorta
432 1346 536 1393 est.
587 1337 780 1392 Subito
804 1338 950 1393 enim
974 1338 1314 1408 apparebant
1351 1336 1600 1405 quredam
1629 1337 1813 1407 signa-

220 1428 346 1483 cula
372 1444 469 1498 per
496 1428 710 1492 domos,
738 1428 902 1494 ostia,
946 1443 1077 1482 vasa
1120 1428 1205 1483 vel
1230 1426 1575 1482 vestimenta.
1609 1424 1738 1492 Quae
1765 1427 1811 1482 si

219 1520 348 1589 quis
383 1520 645 1576 voluisset
663 1520 922 1588 abluere,
946 1519 1122 1591 magis
1149 1519 1433 1590 magisque
1455 1519 1807 1589 apparebant.

219 1610 354 1668 Post
381 1628 588 1668 annum
621 1627 752 1667 vero
796 1612 1094 1682 expletum,
1141 1620 1424 1683 cmpcrunt
1444 1610 1597 1667 nasci
1636 1610 1691 1664 in
1728 1610 1812 1664 in-

219 1705 479 1777 guinibus
508 1704 793 1759 hominum
827 1704 910 1759 vel
945 1704 999 1759 in
1023 1704 1144 1760 aliis
1173 1702 1632 1759 debilitatioribus
1678 1701 1810 1758 locis

217 1795 489 1869 glandulae
532 1794 589 1850 in
639 1794 863 1849 modum
916 1794 1075 1850 nucis
1112 1809 1209 1849 seu
1255 1791 1478 1864 dactyli,
1515 1805 1655 1863 quas
1681 1808 1809 1846 mox

218 1887 550 1959 sequebatur
598 1884 833 1941 febrium
882 1885 1241 1942 intolerabilis
1289 1893 1478 1951 aestus,
1534 1885 1610 1939 ita
1644 1895 1705 1939 ut
1754 1886 1809 1940 in

218 1980 403 2036 triduo
421 1980 587 2034 homo
609 1978 1065 2049 exstingueretur.
1092 1976 1190 2032 Sin
1205 1992 1335 2032 vero
1354 1975 1550 2047 aliquis
1566 1977 1808 2031 triduum

218 2072 592 2143 transegisset.
645 2071 879 2127 habebat
939 2086 1090 2141 spem
1143 2071 1380 2127 vivendi.
1441 2069 1573 2126 Erat
1622 2080 1806 2126 autem

218 2165 423 2234 linque
444 2178 631 2233 pavor,
673 2161 875 2233 ubique
908 2162 1108 2229 luctus,
1138 2162 1341 2233 ubique
1370 2163 1642 2235 lacrymae.
1669 2161 1807 2217 Nam

217 2262 281 2309 ut
334 2253 483 2325 vulgi
541 2268 732 2308 rumor
786 2251 1020 2307 habebat
1085 2249 1344 2325 fugientis
1395 2252 1605 2308 cladem
1663 2254 1805 2317 vitae,

216 2346 668 2415 relinquebantur
693 2345 892 2400 domus
931 2344 1159 2400 desertae
1198 2344 1619 2410 habitatoribus,
1674 2344 1809 2399 solis

216 2437 416 2492 catulis
469 2436 667 2492 demus
723 2435 1089 2490 servantibus.
1144 2433 1361 2490 Peculia
1404 2434 1518 2490 sola
1557 2450 1808 2489 remane—

215 2528 369 2595 bant,
430 2529 487 2583 in
533 2529 751 2599 pascuis
810 2527 960 2583 nullo
1015 2518 1229 2583 astante
1252 2536 1487 2597 pastore.
1543 2527 1807 2582 Cerneres

215 2623 425 2692 pridem
445 2622 603 2677 villas
619 2638 714 2677 seu
736 2628 917 2676 castra
938 2620 1141 2691 repleta
1159 2620 1471 2691 agminibus
1492 2620 1803 2686 hominum,

214 2722 435 2783 postera
490 2712 580 2766 die
631 2711 906 2767 universis
951 2710 1286 2783 fugientibus
1340 2720 1537 2767 cuncta
1581 2727 1705 2766 esse
1752 2710 1807 2765 in

210 2819 436 2860 summo
477 2803 713 2860 silentio.
746 2802 1048 2875 Fugiebant
1089 2803 1204 2869 lilii,
1236 2804 1502 2860 cadavera
1537 2803 1807 2873 insepulta

210 2905 505 2967 parentum
535 2896 925 2967 relinquentes.
965 2894 1249 2962 Parentes,
1299 2896 1452 2951 obliti
1496 2897 1717 2968 pietatis
1751 2896 1808 2951 in

207 2988 448 3054 viscera,
474 2996 632 3044 natos
653 2985 1035 3059 relinquebant
1054 2996 1370 3044 aestuantes.
1401 2987 1457 3042 Si
1483 3004 1645 3059 quem
1668 2988 1808 3044 forte

212 3079 445 3148 antiqua
496 3079 672 3148 pietas
726 3078 1127 3149 petstringcbat
1153 3121 1169 3138 .
1234 3086 1294 3133 ut
1354 3080 1516 3134 vellet
1576 3080 1808 3151 sepelire

210 3174 807 3246 proximum,restabat
827 3175 943 3243 ipse
964 3173 1298 3244 insepultus;
1318 3176 1518 3230 et-dum
1534 3175 1803 3245 obseque—
1833 3199 1876 3258 ρ

209 3266 398 3332 batur,
430 3264 818 3334 perimebatur.
848 3263 987 3318 Dum
1024 3262 1201 3318 funeri
1246 3264 1572 3335 obsequium
1599 3265 1807 3334 praebe-

211 3356 330 3423 bat,
377 3356 548 3425 ipsius
601 3355 765 3410 funus
813 3354 930 3409 sine
975 3355 1241 3425 obsequio
1267 3356 1540 3410 manebat.
1579 3354 1806 3412 Videres

211 3449 476 3505 steculum
504 3449 556 3502 in
578 3448 862 3518 antiquum
886 3448 1163 3503 redactum
1190 3448 1503 3503 silentium:
1528 3448 1675 3502 nulla
1700 3463 1806 3505 vox

212 3535 273 3590 in
301 3551 449 3602 rure,
493 3535 676 3590 nullus
705 3534 920 3600 sibilus,
958 3534 1120 3590 nulla:
1165 3534 1378 3590 insidia:
1410 3535 1711 3589 bestiarum
1747 3534 1804 3588 in

211 3627 536 3698 pecudibus,
567 3626 713 3681 nulla
750 3626 950 3681 damna
996 3626 1051 3680 in
1104 3626 1420 3681 domesticis
1465 3626 1800 3683 volucribus.

216 3718 349 3773 Sata
379 3727 719 3789 transgressa
767 3718 1001 3772 metendi
1036 3726 1250 3789 tempus
1278 3717 1478 3773 intacta
1521 3726 1804 3787 exspecta-

212 3808 351 3863 bant
399 3824 714 3863 messorem.
765 3806 936 3862 Vinea
986 3806 1207 3863 amissis
1265 3806 1410 3863 foliis
1464 3807 1804 3864 radiantibus

214 3899 339 3953 uvis
366 3898 531 3954 illaesa
556 3897 829 3961 manebat,
854 3898 1032 3952 hieme
1059 3896 1479 3968 prepinquante.
1503 3895 1801 3954 Nocturnis

210 4004 313 4045 seu
349 3989 561 4043 diurnis
606 3988 759 4043 horis
780 3988 1109 4058 personabat
1137 3988 1295 4055 turba
1324 3988 1663 4054 bellantium,
1698 4005 1800 4044 au-

208 4082 464 4137 diebatur
484 4097 514 4136 a
542 4082 791 4152 pluribus
829 4080 988 4151 quasi
1031 4096 1290 4136 murmur.
1319 4082 1611 4138 exercitus.
1643 4081 1800 4138 Nulla

209 4185 374 4231 erant
393 4176 619 4247 vestigia
646 4175 1095 4241 commeantium,
1121 4175 1305 4231 nullus
1333 4174 1657 4231 cernebatur
1676 4188 1801 4243 per—

208 4282 409 4324 eusser
435 4285 451 4334 ;
486 4276 542 4322 et
562 4275 741 4323 tamen
766 4265 946 4322 visum
970 4265 1259 4322 oculorum
1280 4265 1615 4336 superabant
1636 4264 1800 4318 cada-
1902 4300 1909 4307 .

208 4374 345 4415 vera
387 4366 751 4414 mortuorum.
803 4356 1103 4413 Pastoralia
1152 4358 1274 4412 loca
1298 4371 1451 4412 versa
1498 4354 1714 4410 fuerant
1742 4355 1798 4408 in

208 4432 547 4521 sepulturam
579 4448 885 4514 hominum,
926 4457 982 4503 et
1024 4447 1331 4502 habitacula
1366 4447 1606 4501 humana
1658 4444 1796 4500 facta

1917 603 2179 658 fabricata
2228 601 2361 673 quid
2409 602 2681 673 signiﬁcet
2725 618 2837 658 non
2888 603 3171 675 ignoratis.
3214 604 3275 660 ln
3314 610 3517 678 quibus

1917 695 2172 750 omnibus
2192 709 2290 764 per
2313 694 2520 766 lignum
2569 711 2676 750 non
2723 695 2831 751 nisi
2870 697 3311 771 miscricordiam
3354 716 3513 758 suam

1914 780 2184 838 Dominus
2217 791 2475 852 operatus
2497 791 2600 839 est.
2641 782 2781 850 Quia
2817 784 2986 857 igitur
3023 786 3091 842 dc
3112 787 3260 858 ligno
3290 791 3516 861 sanguis

1915 872 2223 952 lavabatur,
2246 875 2488 931 creditur
2508 876 2654 946 quod
2680 891 2776 946 per
2796 877 3172 947 paenitentiam
3194 887 3251 935 et
3273 880 3514 937 eleemo-

1913 980 2127 1036 synam,
2170 974 2226 1021 et
2266 975 2493 1022 caeteros
2534 965 2749 1024 fructus
2801 968 3211 1037 misericordiae,
3247 971 3341 1041 qui
3371 971 3517 1027 intra

1914 1058 2096 1111 sinum
2142 1058 2335 1114 matris
2380 1056 2635 1114 Ecclesiae
2662 1068 3003 1128 exercentur,
3027 1062 3290 1119 severitas
3334 1072 3391 1119 et
3425 1063 3514 1118 in-

1912 1147 2154 1218 dignatio
2179 1147 2317 1218 justi
2345 1146 2553 1204 Judieis
2600 1148 2716 1215 Dei,
2759 1166 2883 1220 qua:
2916 1153 3113 1208 merito
3135 1155 3516 1222 peccatoribus

1912 1240 2159 1305 debetur,
2184 1250 2238 1294 et
2262 1239 2329 1296 ad
2371 1241 2803 1298 misericordiam
2827 1245 3003 1315 possit
3041 1243 3268 1301 reﬂecti.
3301 1245 3515 1302 Miseri-

1912 1343 2037 1384 cors
2059 1338 2145 1386 est
2164 1331 2315 1385 enim
2352 1330 2619 1387 Dominus
2655 1334 2813 1401 adeo,
2848 1335 2994 1390 sicut
3017 1335 3308 1391 Psalmista
3332 1337 3513 1408 loqui-

1911 1425 2023 1486 tur,
2047 1429 2105 1473 ut
2133 1436 2238 1475 non
2262 1420 2435 1475 solum
2459 1421 2718 1489 homines,
2747 1424 2838 1479 sed
2872 1426 3034 1480 etiam
3055 1426 3302 1497 jumenta
3326 1428 3512 1484 salvat.

1910 1507 2267 1581 Omnipotens
2288 1510 2435 1567 Deus
2457 1512 2649 1569 dilatet
2685 1514 2980 1585 imperium
3012 1524 3281 1584 vestrum,
3305 1526 3361 1573 et
3380 1518 3515 1573 dexo

1910 1608 2026 1657 tera
2049 1619 2150 1659 vos
2179 1619 2396 1676 semper
2424 1614 2691 1679 protegat,
2737 1615 2793 1662 et
2841 1608 2911 1664 ad
2938 1624 3129 1679 pacem
3166 1620 3372 1665 sane-tae
3408 1610 3514 1667 Ec-

1909 1693 2093 1750 clesiae
2134 1696 2307 1749 vitam
2340 1695 2500 1752 vobis
2550 1697 2850 1768 longaevam
2898 1700 3125 1769 tribuat,
3169 1710 3224 1758 et
3271 1718 3373 1757 sua
3416 1716 3516 1757 vos

1909 1784 2289 1842 benedictione
2315 1787 2373 1842 in
2394 1788 2651 1845 omnibus
2670 1800 2920 1847 exornet.

2481 1882 2834 1940 EPISTOLA.
2845 1885 2935 1942 IV.

1908 1987 2164 2030 FULCONIS
2192 1990 2582 2032 ANDEGAVORUI
2609 1991 2830 2034 COIITIS
2863 1995 2931 2034 AD
2977 1994 3270 2038 ROBEBTU!
3310 1996 3508 2052 REGE].

2377 2066 2559 2135 (Circa
2584 2082 2790 2124 annum
2827 2068 3011 2141 1022).

1981 2154 2218 2213 Domino
2245 2174 2349 2214 suo
2380 2159 2497 2230 regi
2549 2157 2809 2215 Bonnam
2854 2161 3037 2219 FULco
3089 2163 3450 2237 Andegavoru
3477 2184 3510 2221 n

1907 2264 2090 2305 comes
2116 2250 2344 2307 salutem
2371 2260 2425 2307 et
2446 2252 2602 2308 ﬁdele
2624 2253 2925 2309 servitium.

1979 2340 2300 2399 Guillelmus
2320 2342 2667 2399 Pictavorum
2686 2360 2891 2411 comes,
2919 2346 3085 2403 herus
3099 2364 3277 2417 meus,
3294 2350 3512 2407 locutrl

1907 2441 1992 2488 est
2016 2433 2152 2488 mihi
2196 2449 2392 2504 nuper,
2416 2434 2608 2491 dicens
2630 2437 2799 2506 quod,
2840 2447 3133 2508 postquam
3157 2437 3275 2495 Itali
3305 2441 3513 2497 disces-

1908 2533 2098 2579 serunt
2134 2539 2165 2578 a
2197 2524 2375 2592 vobis,
2422 2524 2583 2582 diﬁisi
2630 2528 2779 2597 quod
2837 2542 2938 2584 vos
2991 2543 3175 2601 regem
3222 2528 3509 2596 haberent,

1906 2615 2181 2686 petierunt
2208 2615 2382 2670 filium
2408 2630 2571 2672 suum
2592 2617 2661 2672 ad
2683 2633 2887 2689 regem.
2923 2614 3135 2687 Quibus
3176 2619 3267 2676 ille
3305 2620 3512 2676 invitus

1906 2715 2238 2777 coactusque
2266 2707 2547 2778 respondit
2598 2709 2816 2764 tandem
2843 2710 3192 2781 acquiescere
3225 2727 3285 2768 se
3314 2713 3509 2769 volun-
3588 2740 3596 2750 -

1907 2799 2007 2854 tati
2043 2813 2256 2866 eorum,
2302 2799 2348 2855 si
2378 2801 2754 2857 consentirent
2797 2803 2907 2859 illis
2946 2805 3131 2860 cuncti
3163 2805 3513 2862 marchionrs

1907 2889 2078 2947 Italiae
2100 2901 2155 2946 et
2173 2891 2436 2963 episcopi,
2472 2909 2539 2949 ac
2571 2894 2755 2950 caeteri
2798 2896 3074 2954 meliores.
3125 2895 3208 2953 llli
3244 2897 3513 2970 promisc-

1908 2991 2039 3038 runt
2075 2983 2220 3053 quod
2269 2992 2415 3038 recta
2466 2983 2572 3040 ﬁde
2618 2984 2862 3043 facerent
2904 2987 3027 3045 illos
3079 2990 3413 3057 consentire,
3466 2990 3511 3045 si

1907 3080 2155 3148 possent.
2184 3075 2339 3133 Nunc
2359 3092 2490 3149 ergo
2518 3080 2745 3135 mandat
2782 3080 2958 3148 vobis,
2988 3082 3275 3151 postulans
3299 3084 3511 3154 suppli-

1907 3169 2045 3224 citer
2097 3170 2332 3242 gratiam
2390 3178 2630 3227 vestram
2660 3171 2751 3243 {ut
2797 3160 3088 3230 detineatis
3142 3175 3394 3233 homines
3445 3177 3514 3232 de

1908 3259 2280 3332 Lotharingia,
2312 3270 2368 3317 et
2388 3261 2736 3319 Fredericum
2760 3264 2976 3331 ducem,
3007 3273 3174 3334 atque
3207 3265 3345 3322 alios
3366 3282 3511 3337 quos

1906 3352 2176 3421 poteritis,
2200 3369 2269 3406 ne
2300 3354 2634 3408 concordent
2655 3370 2780 3409 cum
2823 3370 2950 3426 rege
2984 3354 3159 3423 Cono,
3182 3356 3509 3413 inﬂectendo

1906 3455 2002 3495 eos
2050 3448 2319 3511 quantum
2380 3441 2669 3513 quiveritis
2716 3443 2784 3498 ad
2834 3439 3100 3498 auxilium
3150 3445 3289 3515 ejus.
3351 3446 3517 3505 Dabit

1904 3529 2062 3586 vobis
2101 3547 2202 3603 pro
2247 3533 2351 3588 hoc
2381 3533 2601 3605 negotio
2651 3535 2800 3588 mille
2843 3535 3011 3592 libras
3046 3535 3422 3605 denariorum,
3455 3550 3512 3595 et

1905 3632 2126 3679 centum
2153 3624 2338 3694 pallia,
2378 3632 2434 3680 et
2469 3624 2710 3680 dominat-
2738 3625 2941 3697 reginae
2976 3625 3315 3685 Constantia;
3344 3632 3511 3701 quin-

1904 3726 2098 3789 gentas
2123 3718 2297 3774 iibras
2322 3733 2697 3774 nummorum.
2721 3718 2856 3775 Orat
2875 3734 2970 3775 vos
3001 3728 3062 3775 ut
3082 3721 3198 3793 ipse
3218 3736 3339 3778 eam
3364 3726 3510 3779 salu-

1905 3809 2051 3875 tetis,
2074 3809 2137 3878 (et
2180 3809 2353 3864 ﬁlium
2386 3819 2629 3866 vestrum
2661 3825 2843 3882 regem
2868 3827 2935 3867 ex
2963 3822 3118 3883 parte
3142 3830 3243 3870 sua
3268 3833 3283 3882 ;
3326 3823 3381 3871 et
3405 3832 3507 3887 ego

1902 3914 2095 3970 precor
2115 3901 2410 3973 signiﬁcari
2434 3902 2631 3957 litteris
2669 3910 2765 3959 aut
2806 3904 3013 3959 nuntiis
3038 3905 3170 3975 quid
3198 3887 3380 3961 animi
3404 3923 3506 3960 vo-

1902 3992 1987 4047 bis
2011 3994 2083 4047 sit
2108 4009 2274 4063 super
2304 3994 2410 4050 hoc
2439 3995 2588 4065 quod
2627 3995 2746 4065 ipse
2771 4009 2869 4050 vos
2899 4004 3074 4068 rogat,
3108 4006 3169 4053 ut
3200 3999 3505 4054 renuntiem

1902 4085 1998 4140 illi.
2050 4085 2199 4140 Vale.

2475 4154 2813 4212 EPISTOLA
2852 4156 2917 4212 γ.

2139 4261 2330 4303 01)οΝ15
2364 4263 2585 4304 ροιιιτιε
2620 4265 2689 4303 Αἰ)
2728 4263 3016 4305 ΒΟΒΕΙΠΊΜ
3054 4266 3251 4306 ηοω.

2498 4339 2680 4413 (Anno
2719 4341 2900 4412 1024).

1968 4448 2201 4507 Domino
2223 4468 2327 4508 suo
2349 4453 2460 4523 regi
2484 4450 2744 4509 Ronsn'ro
2782 4469 2968 4509 comes
2993 4452 3127 4508 Ono.

209 4541 432 4597 fuerant
452 4539 709 4612 coniugia
748 4538 1066 4594 bestiarum.
1088 4555 1108 4588 ι
1127 4536 1252 4592 Haec
1273 4536 1340 4591 de
1360 4535 1606 4591 historiis
1628 4544 1802 4603 pauca
1836 4536 1880 4590 D
1974 4539 2154 4596 Pauca
2181 4541 2301 4607 tibi,
2330 4541 2572 4609 domine,
2597 4543 2777 4598 dicere
2802 4543 2947 4609 volo,
2982 4545 3029 4600 si
3076 4546 3269 4600 audire
3307 4546 3501 4617 digne-

207 4630 659 4702 przcnotavimus.
719 4629 877 4697 Quod
917 4642 1049 4684 vero
1095 4628 1291 4683 cecidit
1339 4642 1503 4697 super
1547 4635 1753 4696 petram
1782 4668 1803 4692 ,

206 4732 265 4779 et
301 4723 452 4779 ablui
486 4738 597 4779 non
627 4731 861 4793 poterat,
910 4721 1123 4777 videtur
1147 4718 1457 4792 signiﬁcare
1497 4717 1799 4774 Ecclesiam

205 4824 488 4881 sanctam;
520 4829 644 4884 qua:
676 4828 842 4885 super
867 4821 1100 4884 petram,
1136 4811 1188 4867 id
1213 4819 1298 4867 est
1317 4810 1618 4876 Christum,
1672 4809 1799 4864 [ιιιιο

205 4909 357 4975 data,
402 4908 809 4965 tribulationem
836 4923 1067 4979 passura
1116 4907 1206 4964 sit.
1261 4905 1418 4975 Quod
1462 4921 1594 4963 vero
1637 4921 1802 4978 super

201 5018 430 5060 carnem
477 5002 719 5059 hominis
750 5011 805 5056 et
825 5001 1208 5057 vestimentum
1234 5000 1354 5071 ejus
1379 4998 1594 5067 cecidit,
1644 4999 1795 5056 ablui

201 5105 440 5168 peierat.
472 5094 590 5152 Non
632 5097 930 5167 incongrue
948 5093 1223 5165 accipitur
1251 5108 1349 5165 per
1372 5108 1598 5149 carnem
1623 5108 1796 5163 pepu-

202 5187 316 5255 lus,
341 5203 438 5259 per
467 5187 849 5243 vestimentum
878 5183 1185 5241 substantia
1207 5199 1330 5254 qua:
1369 5183 1440 5238 ad
1460 5181 1794 5253 adjutorium

201 5279 375 5349 hujus
420 5279 547 5333 vitae.
606 5278 764 5334 nobis
815 5276 1149 5333 conceditur.
1204 5273 1376 5347 Ligno
1423 5274 1589 5330 etiam
1636 5274 1799 5327 datur

200 5369 433 5441 intelligi
477 5370 641 5425 vitale
670 5370 878 5442 lignum
924 5375 1128 5424 sanetae
1145 5367 1347 5433 crucis,
1379 5373 1435 5421 et
1463 5364 1796 5435 baptismum

200 5477 317 5534 quo
342 5476 536 5531 sumus
566 5460 867 5532 regenerati
892 5460 959 5515 ad
987 5460 1177 5514 vitam.
1216 5458 1447 5529 Lignum
1491 5456 1557 5511 ad
1601 5456 1770 5510 humo

200 5572 323 5612 rem
345 5571 502 5626 aqure
530 5552 769 5609 virescit.
804 5552 872 5608 Et
900 5551 1122 5622 quando
1164 5549 1427 5606 Iudaicus
1473 5547 1708 5619 populus
1740 5548 1794 5614 ir

196 5664 391 5705 eremo
430 5648 619 5715 sitivit,
646 5655 701 5702 et
721 5661 835 5716 prae
876 5641 1241 5700 amaritudine
1277 5657 1451 5713 aquas
1474 5639 1660 5697 bibere
1686 5646 1794 5693 non

199 5744 401 5815 potuit,
454 5742 679 5814 jubente
730 5738 964 5798 Domino
1019 5736 1170 5793 misit
1221 5735 1434 5808 Moyses
1480 5734 1687 5806 lignum
1738 5733 1792 5787 in

201 5851 430 5908 aquam,
452 5841 509 5890 et
526 5846 790 5887 conversa
811 5838 897 5885 est
915 5828 1226 5885 amaritudo
1258 5828 1313 5884 in
1348 5826 1712 5892 dulcedinem,
1741 5832 1796 5879 et

524 5927 801 5987 Ρηιιοι.
849 5921 1063 5983 CXLI.

1900 4632 1999 4688 ris.
2026 4630 2225 4688 Comes
2245 4631 2575 4699 Richardus,
2601 4642 2730 4689 tuus
2749 4634 2945 4702 ﬁdelis,
2968 4635 3183 4690 monuit
3204 4652 3293 4692 me
3316 4641 3504 4696 venire

1892 4724 1970 4780 ‘ad
2019 4724 2313 4793 justitiam,
2371 4732 2468 4779 aut
2499 4725 2872 4791 concordiam,
2935 4727 3002 4783 de
3064 4728 3304 4797 querelis
3364 4747 3507 4803 quas

1899 4816 2135 4872 habebat
2179 4824 2369 4872 contra
2419 4831 2525 4872 me.
2572 4814 2687 4888 Ego
2734 4831 2867 4872 vero
2918 4817 3044 4872 misi
3091 4833 3318 4874 causam
3365 4820 3509 4879 hanc

1896 4915 2067 4963 totam
2091 4907 2146 4963 in
2181 4924 2346 4964 manu
2403 4908 2596 4979 ipsius.
2646 4907 2788 4965 Tum
2833 4909 2924 4965 ille
2966 4923 3033 4965 ex
3076 4924 3352 4968 consensu
3415 4924 3509 4970 tuo

1897 4999 2185 5056 constituit
2204 4999 2340 5055 mihi
2374 5000 2653 5071 placitum,
2697 5001 2917 5072 quando
2943 5010 2998 5058 et
3037 5002 3132 5058 ubi
3162 5002 3271 5062 hoc
3317 5008 3503 5080 perlici

1896 5098 2100 5162 posset.
2142 5090 2249 5146 Sed
2272 5089 2512 5145 instante
2558 5090 2792 5147 termino
2828 5106 2954 5148 eum
2983 5092 3053 5147 ad
3097 5091 3202 5148 hoc
3228 5106 3472 5165 perager.

1896 5181 2027 5237 dum
2059 5188 2285 5251 paratus
2306 5195 2506 5249 essem,
2528 5182 2810 5237 mandavit
2830 5183 2965 5237 mihi
2992 5198 3060 5238 ne
3082 5197 3171 5237 me
3209 5180 3503 5256 fatigarem

1896 5273 1964 5329 ad
1989 5273 2302 5329 condictum
2336 5272 2597 5344 placitum
2635 5274 2924 5343 veniendo,
2953 5278 3081 5347 quia
3107 5293 3216 5333 non
3247 5286 3364 5333 erat
3411 5277 3491 5347 tibi

1897 5365 2049 5421 cordi
2071 5366 2234 5420 aliam
2253 5365 2701 5436 justiﬁeationem
2723 5367 2838 5421 sive
2858 5369 3207 5425 concordiam
3230 5370 3340 5426 reci
3356 5365 3520 5441 pere"a

1896 5458 2005 5513 nisi
2030 5459 2135 5513 hoc
2160 5467 2372 5514 tantum
2400 5467 2460 5512 ut
2487 5457 2695 5513 faceres
2719 5458 2854 5513 mihi
2888 5458 3179 5518 defendere
3202 5462 3351 5533 quod
3397 5446 3517 5517 nm‘

1895 5566 2073 5606 essem
2107 5552 2307 5624 dignus
2350 5552 2522 5607 ullum
2558 5553 2882 5608 beneﬁcium
2930 5562 3115 5610 tenere
3146 5554 3212 5610 de
3263 5562 3335 5611 te.
3395 5542 3505 5608 ΝΘ(

1897 5641 2002 5698 sibi
2030 5653 2337 5714 competere
2362 5644 2691 5710 dicebat,'ut
2714 5660 2801 5699 me
2826 5645 2895 5700 ad
2916 5646 3026 5702 tale
3042 5646 3313 5717 judicium
3346 5646 3474 5701 exbi
3510 5692 3513 5693 ν

1894 5731 2049 5789 heret
2066 5735 2184 5791 sine
2205 5744 2476 5791 conventu
2516 5735 2730 5806 parium
2759 5750 3007 5792 suorum.
3058 5736 3183 5794 Haec
3221 5754 3388 5795 causa
3417 5738 3499 5804 es"

1896 5840 1997 5880 cur
2020 5826 2117 5882 tibi
2153 5827 2219 5882 ad
2242 5826 2503 5899 placitum
2531 5843 2638 5883 non
2663 5829 2900 5885 occurri.
2926 5830 3035 5885 Sed
3057 5830 3124 5884 de
3151 5837 3227 5897 te,
3272 5829 3513 5893 dom‘iné'

3097 5920 3176 5983 30
