4104 5260
203 611 219 671 ἒ

263 240 369 297 θιδ

1694 240 2109 300 DlPLOMATA.

3436 236 3544 292 956

263 366 470 412 noster.
503 386 575 395 —-
612 354 819 412 γει-ειη.
850 355 908 412 In
930 356 1126 416 diebus
1154 358 1263 415 illis
1288 359 1589 416 salvabitur
1622 358 1781 431 Iuda,
1803 368 1858 418 ct
1883 363 1929 419 Α
2030 354 2254 412 Utcrum
2292 364 2445 410 tuum
2469 353 2535 409 de
2564 353 2770 426 Spiritu
2795 364 2988 412 sancto
3019 353 3295 413 creoimus
3320 353 3542 427 imprae-

262 447 429 517 lsrael
458 446 723 503 habitabit
751 448 1105 507 confidenter.
1141 450 1207 505 Et
1231 452 1337 508 hoc
1362 461 1448 507 est
1472 468 1691 509 nomen.

1039 542 1205 598 XVII.

370 630 774 701 Responsorium
825 635 882 687 in
927 634 1116 705 vigilia
1169 635 1469 691 nativitatis
1506 634 1741 691 Domini.

325 722 518 782 ndica
552 731 608 778 et
635 722 971 779 Hierusalem
997 724 1162 780 nolite
1188 725 1397 781 timere.
1430 724 1568 782 Cras
1600 724 1846 794 egredie-

259 813 425 879 mini;
451 822 506 868 et
556 812 821 870 Dominus
871 813 976 870 erit
1027 814 1333 870 vobiscum.
1357 845 1429 855 —
1463 814 1673 871 Versus.
1702 816 1847 871 Cun-

257 915 470 963 stantes
497 916 705 974 estote;
730 907 985 964 videbitis
1014 907 1277 963 auxilium
1303 908 1515 963 Domini
1539 923 1704 979 super
1726 922 1843 963 vos.

254 997 396 1052 Cras
416 996 799 1068 egrediemini.

960 1087 1151 1145 XVIII.

256 1180 672 1251 Responsorium
728 1182 785 1236 in
835 1182 1116 1237 nativitate
1157 1181 1396 1238 Domini.
1456 1212 1523 1221 —
1574 1180 1651 1236 De
1694 1183 1849 1237 beata

914 1274 924 1335 ἰ
942 1271 1181 1343 Virgine.

334 1361 536 1419 Sancta
560 1373 614 1419 et
648 1363 999 1420 immaculata
1024 1364 1328 1435 virginitas,
1363 1364 1565 1435 quibus
1586 1371 1638 1419 te
1673 1363 1846 1419 laudi-

258 1455 362 1511 bus
396 1454 621 1511 eﬂ‘eram
646 1456 853 1521 nescio,
882 1456 1011 1527 quia
1060 1471 1221 1526 quem
1245 1456 1369 1511 εαξη
1395 1471 1588 1525 capere
1608 1469 1716 1510 non
1749 1470 1846 1525 po-

256 1555 438 1601 terant
483 1554 579 1600 tuo
614 1547 822 1615 gremio
863 1546 1164 1602 contulisti.
1195 1577 1267 1588 ——
1311 1545 1519 1601 Versus.
1556 1547 1844 1602 lltniedicta

258 1645 316 1689 tu
348 1637 405 1691 in
442 1637 789 1705 mulieribus,
817 1648 873 1693 et
895 1638 1215 1694 benedictus
1241 1635 1452 1694 fructus
1488 1637 1691 1694 ventris
1743 1638 1842 1705 tui,

255 1728 409 1797 quia,
426 1738 533 1783 etc.

577 1818 645 1874 In
681 1818 1068 1890 Puriﬁcatione
1105 1822 1273 1877 beatre
1310 1820 1520 1878 Mariw.

325 1909 537 1977 Gaude,
565 1910 733 1967 Maria
756 1912 932 1984 virgo,
956 1923 1185 1969 cunctas
1216 1914 1454 1970 haereses
1493 1915 1608 1969 sola
1638 1914 1842 1972 intere-

255 1999 441 2067 misti;
471 2018 596 2072 quae
627 2002 896 2059 Gabrielis
918 2004 1229 2075 archangeli
1260 2004 1422 2060 dictis
1443 2005 1739 2061 credidisti.

320 2091 462 2147 Dum
495 2092 662 2166 Virgo
684 2093 855 2151 Deum
881 2105 936 2151 et
967 2096 1245 2151 hominem
1279 2096 1536 2166 genuisti.

325 2184 389 2239 Et
410 2194 532 2255 post
559 2196 773 2256 partum
800 2187 967 2259 Virgo
992 2187 1250 2242 inviolata
1273 2188 1643 2258 permansisti.

338 2275 531 2331 Versus
560 2292 578 2331 :
616 2276 923 2334 Gabrielem
945 2277 1332 2351 archangelum
1356 2279 1563 2337 scimus
1577 2279 1841 2337 divinitus

253 2375 312 2422 te
341 2383 465 2423 esse
499 2368 745 2426 atratum.

1950 456 2193 520 gnatum.

2024 538 2323 594 Erubescat
2343 537 2562 594 Judzcus
2612 536 2821 605 infelix,
2848 538 2944 610 qui
2977 537 3110 594 dicit
3142 537 3428 595 Christum
3473 554 3541 593 cr

1950 628 2147 700 Ioseph
2170 630 2378 684 semine
2398 645 2519 685 esse
2546 638 2754 684 natum.

2021 723 2162 783 Dum
2192 723 2376 796 Virgo,
2405 734 2509 780 etc.

2663 815 2806 872 XIX.

2199 906 2268 961 In
2309 909 2802 963 commemoratione
2840 909 3003 963 belua!
3033 907 3285 979 Virginis.

2021 998 2168 1055 Felix
2194 1015 2431 1072 namque
2453 1015 2533 1069 es,
2560 1014 2718 1056 sacra
2740 1000 2892 1070 virgo
2910 998 3099 1067 Mar‘a,
3123 1008 3177 1056 et
3201 1001 3351 1055 omni
3376 1000 3535 1059 laude

1951 1090 2292 1163 dignissima,

2013 1182 2159 1252 Quia
2206 1198 2275 1238 ex
2316 1192 2371 1239 te
2415 1192 2573 1240 ortus
2616 1193 2700 1240 cst
2735 1183 2817 1240 sol
2839 1182 3085 1255 justitias,
3113 1181 3366 1240 Christus
3389 1183 3537 1239 Deus

1949 1285 2154 1330 llOSlCl‘.

2032 1364 2245 1421 Versus.
2274 1363 2379 1422 Ora
2404 1381 2504 1437 pro
2547 1367 2766 1438 populo,
2811 1366 3079 1423 interveni
3111 1381 3212 1437 pro
3251 1366 3419 1433 clero,
3449 1365 3534 1421 in-

1950 1459 2164 1517 terccde
2187 1476 2286 1531 pro
2308 1461 2503 1517 devoto
2529 1461 2766 1517 femineo
2789 1478 2951 1529 sexu;

2017 1551 2267 1608 Sentiant
2309 1568 2501 1609 omnes
2534 1562 2689 1608 tuum
2724 1553 3004 1623 juvamen,
3030 1552 3342 1623 quicunque
3387 1550 3530 1608 cclc-

1950 1645 2107 1700 Ilrant
2139 1653 2288 1699 tuam
2314 1644 2910 1700 commemorationem.

1876 1702 1920 1759 Β
2023 1734 2162 1802 Quia
2185 1750 2251 1791 ex
2277 1744 2349 1803 te,
2370 1744 2473 1792 etc.

2670 1825 2790 1882 XX.

2303 1919 2369 1975 In
2403 1917 2702 1975 Natiuitate
2726 1920 2891 1974 beata:
2924 1917 3173 1990 Virginis.

2006 2010 2185 2069 Solem
2208 2012 2453 2085 justitize,
2481 2013 2681 2085 Regem
2707 2012 2951 2083 paritura
2978 2027 3315 2082 supremum,

2017 2102 2206 2172 Stella,
2236 2104 2426 2173 Maria,
2465 2104 2654 2170 maris,
2712 2103 2883 2184 hodie.
2919 2098 3186 2173 processit
3210 2102 3279 2157 ad
3321 2108 3528 2155 ortum.

1959 2192 2145 2248 Versus
2170 2208 2188 2247 :

2017 2285 2253 2340 Cernere
2282 2284 2523 2341 divinum
2543 2285 2728 2340 lumen
2766 2283 2997 2355 gaudete
3030 2282 3234 2338 ﬁdeles.

2024 2371 2189 2428 Stella
2225 2374 2414 2442 maris,
2448 2382 2552 2430 etc.

290 2505 3491 2540 ww

579 2642 1403 2760 BOBEBTI
1459 2644 2003 2761 REGIS
2058 2648 3223 2768 FRANCORUM

1444 2860 2262 2977 DIPLOMATA
2279 2940 2327 2973 ..

1661 3062 2073 3081 Ἢ

265 3296 503 3368 [lagonis
543 3306 701 3369 atque
739 3292 955 3369 Βριγεηί
991 3312 1181 3369 regunt
1222 3295 1461 3369 diploma
1493 3294 1563 3369 de
1595 3295 1844 3369 electione

328 3364 583 3422 abbatum
615 3364 674 3423 et
712 3367 937 3424 ecclesia
979 3364 1168 3423 Sancti
1209 3364 1525 3437 Leodegurii
1570 3366 1634 3420 de
1680 3365 1842 3420 Cam-

325 3438 480 3506 pellis
506 3437 606 3509 (5).

466 3528 487 3541 ”
698 3594 711 3599 -
862 3526 1047 3600 ςΔῐιιιο
1090 3525 1242 3597 994.)

261 3640 537 3715 [ὶίιιιιιιμ
582 3640 669 3715 De_
702 3656 758 3715 re
797 3638 1173 3715 diplomatica,
1214 3639 1592 3715 lib._vr,_pag._
1620 3635 1746 3715 $98,
1777 3649 1845 3692 ex

456 3710 794 3767 chartulario
822 3705 1009 3765 Sancti
1033 3705 1293 3766 Germani
1314 3705 1645 3780 Autissiod.]

328 3826 388 3881 In
437 3826 661 3881 nomine
718 3832 922 3881 sanctae
976 3833 1140 3895 atque
1189 3822 1481 3879 individuus
1532 3819 1843 3887 Trinitatis,

259 3914 409 3972 lluoo
445 3925 610 3986 atque
639 3914 950 3981 Renum-us,
979 3913 1149 3987 gratia
1181 3913 1277 3969 Dei
1301 3927 1458 3983 reges
1490 3911 1698 3985 inclyti.

327 4004 491 4062 Omni
532 4014 736 4062 nostrae
760 4005 971 4061 militiae
1005 4013 1208 4060 nostrae
1247 4004 1497 4060 servituti
1524 4004 1732 4061 devotae
1760 4019 1848 4061 re-

259 4112 389 4169 gum
418 4095 729 4166 benignitas
757 4103 921 4165 atque
945 4094 1282 4161 excellentia,
1307 4109 1432 4165 quae
1465 4095 1735 4150 bonorum
1764 4095 1848 4151 vi-

258 4205 446 4244 rorum
473 4188 616 4243 votis
658 4194 975 4257 competunt
1023 4202 1135 4241 non
1165 4187 1328 4241 modo
1354 4188 1633 4255 roborare,
1657 4203 1847 4243 verum

258 4281 421 4336 etiam
475 4279 768 4350 magniﬁco
815 4277 976 4333 debet
1027 4279 1231 4334 auxilio
1281 4279 1569 4349 supplere.~
1612 4280 1847 4350 benigno

259 4369 469 4424 hortari
494 4366 700 4435 favore,
730 4368 843 4423 imo
866 4369 994 4424 totis
1020 4368 1412 4424 benevolentia:
1446 4369 1657 4425 viribus
1677 4371 1846 4440 profi-

258 4476 398 4517 cere.
431 4459 640 4532 Magna:
660 4460 933 4530 siquidem
960 4468 1285 4530 aeternaeque
1314 4460 1692 4516 retributionis
1722 4475 1845 4529 par-

1868 3189 1911 3247 C
1943 3186 2323 3257 conferuntur,
2372 3190 2480 3245 lixa
2526 3197 2693 3261 atque
2737 3202 3058 3261 permanere
3103 3187 3304 3246 debent
3345 3188 3551 3247 incon»

1947 3274 2121 3343 vulsa,
2146 3276 2569 3333 clementissima
2593 3276 2723 3333 Jcsu
2755 3277 2961 3333 conlisa
2984 3276 3358 3334 misericordia
3374 3277 3547 3348 iusta.

1944 3364 2168 3434 praemia
2194 3374 2412 3421 aeternas
2440 3366 2784 3435 praestolatur
2802 3365 3319 3437 vita:.[Quapropter
3347 3368 3540 3437 magni.

1945 3462 2111 3529 atque
2144 3467 2366 3509 sunnno
2399 3453 2707 3525 dignissimi
2743 3455 2951 3511 honore
2980 3454 3147 3511 Ducis
3180 3453 3529 3526 Burgundias,

1945 3541 2168 3599 l’lenrici
2199 3543 2442 3612 nomine,
2476 3552 2681 3600 sanctae
2725 3553 3110 3617 congratantes
3145 3545 3433 3613 voluntati,
3465 3561 3547 3601 ea:

1945 3654 2068 3709 quae
2096 3653 2194 3709 per
2229 3639 2593 3696 venerabilem
2636 3640 2908 3707 abbatem,
2953 3639 3043 3696 cui
3077 3654 3280 3695 nomen
3311 3638 3383 3696 sit
3414 3637 3532 3693 Hil-

1945 3728 2152 3797 derico,
2185 3728 2346 3786 nobis
2376 3728 2649 3784 intimavit
2670 3728 2853 3801 (digna
2873 3727 3021 3785 enim
3044 3727 3166 3800 ejus
3193 3735 3322 3784 sunt
3344 3726 3545 3782 omnia.

1945 3822 2050 3877 ista
2079 3820 2319 3894 precata)
2347 3820 2698 3892 stipulatione
2722 3819 2996 3891 praecipua
3022 3826 3392 3884 auctoramus,
3415 3833 3549 3873 con»

1948 3914 2297 3981 roboramus,
2340 3921 2505 3984 atque
2534 3913 2591 3968 in
2616 3920 2941 3983 perpetuum
2979 3911 3310 3967 inconcusse
3338 3908 3529 3965 ﬁrma-

1947 4023 2093 4063 mus.
2119 4004 2264 4063 ldem
2278 4006 2425 4062 enim
2449 4006 2640 4072 abbas,
2668 4005 2748 4058 vir
2768 4002 2883 4060 Deo
2901 4004 3115 4073 plenus,
3142 4002 3211 4057 ab
3233 4000 3355 4071 ejus
3376 4009 3553 4072 parte

1947 4116 2010 4156 ea
2036 4116 2160 4177 qua:
2184 4107 2313 4156 sunt
2343 4098 2516 4155 sancti
2547 4096 2823 4153 Benedicti
2848 4096 3083 4152 subnixa
3112 4093 3391 4166 religione,
3419 4092 3545 4148 imo

1947 4206 2221 4248 canonum
2248 4190 2547 4245 inviolabili
2569 4189 2893 4245 auctoritate
2913 4196 3104 4258 petens
3128 4193 3313 4255 rogat,
3333 4192 3397 4240 ut
3417 4199 3533 4240 sua:

1948 4282 2179 4338 abbatia:
2216 4282 2390 4347 locus,
2434 4281 2644 4335 honore
2683 4277 2860 4334 sancti
2895 4275 3155 4332 Germani
3182 4273 3550 4329 Antissiodo--

1948 4374 2097 4430 rensi
2149 4372 2424 4429 territorio
2477 4371 2839 4437 constitutus,
2896 4376 3215 4438 perpetuam
3272 4365 3543 4420 abbatum.

1948 4464 2276 4521 electionem
2306 4463 2505 4518 habeat
2546 4460 2848 4516 secundum
2876 4458 3052 4513 sancti
3082 4454 3361 4510 Benedicti
3394 4468 3535 4523 prie—

259 4554 476 4624 ticipem
516 4568 576 4608 se
615 4553 848 4620 noverit,
874 4553 970 4624 qui
1017 4552 1106 4610 bis
1134 4566 1258 4623 qua:
1303 4550 1400 4607 Dei
1436 4559 1584 4618 sunt,
1622 4567 1845 4621 quoquo

1948 4564 2187 4627 ceptum.
2229 4554 2373 4626 Ergo
2409 4554 2574 4623 hujus
2615 4551 2791 4620 ducis,
2842 4550 3020 4605 nostri
3065 4547 3275 4605 scilicet
3321 4545 3530 4610 fratris,

261 4642 505 4697 modose
539 4642 854 4697 inseruerit.
894 4641 1100 4698 Verum
1127 4641 1345 4698 virtutis
1376 4649 1587 4707 auctor,
1625 4641 1845 4711 supple-
1944 4648 2205 4720 quoniam
2246 4647 2395 4717 justa
2441 4653 2545 4710 est,
2588 4641 2888 4708 voluntati,
2932 4648 3096 4710 atque
3125 4638 3358 4703 abbatis,
3403 4634 3534 4705 quia

260 4742 365 4799 tor,
389 4731 591 4800 fautor,
621 4732 1007 4803 benignissimi
1029 4732 1159 4789 Jesu
1188 4730 1603 4802 magniﬁcentia:
1616 4746 1727 4786 non
1750 4746 1845 4786 ex-

1944 4747 2093 4796 recta
2120 4746 2224 4804 est,
2262 4735 2525 4810 legationi
2568 4743 2895 4800 annuentcs,
2928 4729 3200 4801 precando
3223 4741 3531 4791 monemus,

261 4840 386 4895 pers
417 4826 542 4893 erit,
579 4841 707 4881 cum
732 4840 839 4896 pro
877 4840 937 4881 se
979 4841 1102 4897 quas
1149 4823 1247 4880 Dei
1288 4832 1417 4879 voto
1455 4830 1587 4879 sunt
1618 4823 1845 4894 juverit.

260 4916 516 4972 Omnium
540 4917 689 4972 enim
719 4931 843 4987 qua:
886 4915 1274 4986 omnipotentis
1316 4914 1412 4969 Dei
1454 4915 1594 4970 lium
1636 4929 1845 4981 amore,

261 5010 403 5066 idem
426 5010 722 5065 retributor
745 5015 831 5062 est
850 5008 1089 5064 maxima
1108 5006 1462 5077 benignitate.
1488 5007 1635 5078 Ergo
1655 5024 1846 5079 regum

259 5100 586 5173 benignitas,
633 5114 876 5174 quorum
920 5100 1243 5158 auctoritate
1284 5115 1347 5154 ea
1390 5115 1513 5171 qua:
1554 5100 1704 5158 casis
1750 5099 1846 5157 Dei

233 5185 244 5216 i

1946 4830 2329 4901 monendoque
2363 4826 2530 4898 regali
2573 4826 2803 4895 imperio
2865 4822 3212 4895 praecipimbs
3253 4829 3316 4875 ut
3352 4816 3536 4874 nullus

1947 4923 2080 4981 inibi
2109 4922 2478 4978 constituatur
2499 4916 2690 4982 abbas,
2719 4916 2826 4972 nisi
2847 4928 3010 4985 quem
3036 4910 3267 4965 fratrum
3290 4906 3535 4965 omnium

1950 5030 2077 5073 cum
2114 5012 2210 5070 Dei
2242 5014 2441 5069 timore
2473 5021 2706 5064 concors
2725 5004 2948 5078 elegerit
2976 5009 3233 5059 caterva:
3258 5001 3416 5071 cujus
3440 4995 3538 5051 ab-

1952 5106 2115 5165 batia:
2144 5105 2471 5162 tutationem
2510 5096 2613 5153 sub
2634 5114 2801 5154 manu
2829 5110 3018 5166 regum
3043 5100 3137 5147 aut
3170 5091 3311 5149 forte
3337 5091 3545 5146 ducum
