4104 5260
570 212 674 270 94⁸1

567 326 687 396 ejus
707 320 859 393 regni
884 315 1296 381 constituimus,
1317 313 1394 371 ita
1415 318 1476 366 ut
1496 306 1679 363 nullus
1697 301 2004 396 principum
2025 309 2145 353 eam
2177 293 2224 351 Α

567 394 825 475 invadere
851 427 954 469 nec
992 411 1156 467 etiam
1202 408 1398 464 audeat
1431 416 1647 474 rogare.
1694 394 2148 453 Adversariarum

565 509 807 579 denique
845 502 1303 561 consuetudinum
1343 499 1424 555 sic
1467 493 1784 557 avellimus,
1829 496 1893 542 ut
1930 485 2000 541 ab
2042 485 2150 579 hoc

490 662 493 666 ,
567 577 813 670 tempore
830 611 1008 667 usque
1028 595 1084 649 in
1106 593 1365 649 saculum
1388 585 1774 658 nihilpatiatur
1794 579 2028 646 adversi,
2053 577 2148 636 sed

489 692 497 707 ’
562 695 634 748 ab
655 692 807 747 omni
824 691 997 745 libera
1040 685 1241 757 injuria
1266 683 1435 738 libere
1475 679 1587 735 Deo
1624 675 1935 734 deserviat:
1982 685 2147 741 quem

561 786 747 840 locum
767 781 1027 854 quoniam
1048 779 1159 834 dux
1199 776 1374 846 diligit
1392 778 1704 845 (patronum
1726 765 1994 838 siquidem
2019 777 2146 854 eum

563 853 1029 947 ipsum,iscilicet
1071 875 1322 926 sanctum
1358 865 1718 930 Germanum,
1755 856 1908 929 eligit
1936 853 2150 926 specia-

559 968 689 1023 liter
720 966 922 1021 habere
957 963 1013 1017 in
1037 961 1191 1018 caelis
1214 960 1359 1031 apud
1384 957 1603 1025 Deum),
1629 953 1865 1025 quadam
1893 949 2010 1005 suis
2052 947 2148 1004 ab-

556 1059 764 1117 batiola
784 1063 1103 1116 constructa
1124 1051 1471 1126 patrimoniis
1497 1049 1551 1104 in
1575 1048 1785 1103 honore
1814 1041 1988 1100 sancti
2010 1039 2149 1096 Leo-

558 1149 766 1223 degarii
818 1148 1107 1221 martyris,
1139 1144 1364 1200 nomine
1415 1138 1743 1210 Campellis,
1793 1135 1971 1205 ipsum
2020 1147 2145 1188 eum

557 1243 742 1299 locum
786 1239 1094 1311 ampliavit,
1140 1238 1454 1308 pariterque
1496 1233 1547 1288 ei
1583 1231 1765 1286 villam
1804 1226 2147 1300 Magniacum

555 1333 835 1390 reddidit:
881 1332 1094 1387 scilicet
1136 1338 1198 1385 ut
1246 1329 1304 1383 in
1338 1326 1564 1398 praefata
1611 1322 1885 1379 abbatiola
1932 1335 2149 1390 semper

559 1431 686 1481 octo
727 1423 841 1479 sint
879 1420 1155 1486 monachi,
1198 1418 1381 1475 abbati
1428 1418 1638 1472 scilicet
1678 1413 1991 1486 prasidenti
2026 1414 2148 1469 loco

560 1514 750 1571 Sancti
793 1513 1051 1570 Germani
1077 1512 1300 1568 subditi.
1339 1509 1434 1571 Eis
1467 1524 1600 1564 vero
1639 1506 1924 1569 monachis
1959 1521 1991 1561 a
2027 1504 2148 1560 loco

563 1603 753 1660 Sancti
790 1603 1051 1660 Germani
1109 1618 1211 1659 nec
1264 1602 1427 1657 liceat
1470 1600 1670 1656 collum
1716 1605 1999 1663 excutere,
2044 1611 2148 1652 nec

559 1711 894 1769 quemquam
937 1696 1042 1752 sibi
1067 1695 1175 1751 nisi
1210 1694 1459 1750 abbatem
1490 1691 1676 1747 Sancti
1699 1689 1976 1755 Germani,
2008 1703 2148 1758 pra—

559 1787 708 1846 ferre
735 1808 749 1844 :
774 1788 868 1859 qui
905 1787 1075 1845 abbas
1108 1787 1291 1857 ipsum
1326 1786 1567 1841 loculum
1599 1784 1647 1840 si
1683 1799 1782 1839 sua
1821 1781 1960 1837 forte
1982 1780 2146 1837 indu—

560 1881 718 1947 stria,
744 1888 839 1936 aut
858 1879 1129 1936 bonorum
1152 1878 1436 1937 hominum
1460 1876 1853 1943 muniﬁcentia,
1879 1875 2004 1946 plus
2023 1881 2148 1931 octo

562 1971 960 2031 menachorum
986 1970 1346 2041 ampliaverit,
1372 1985 1472 2040 pro
1498 1969 1730 2039 hujusce
1752 1965 2001 2023 beneﬁcii
2029 1980 2147 2030 me-

557 2064 670 2119 rito
700 2063 931 2136 gratiam
953 2061 1356 2135 Omnipotentis
1382 2063 1471 2117 hic
1493 2069 1877 2129 mereaturque
1902 2058 1958 2112 in
1985 2056 2144 2112 coelo.

558 2153 732 2227 Igitur
766 2163 825 2211 ut
854 2155 1021 2225 hujus
1045 2154 1317 2212 benefacti
1346 2169 1659 2210 mereamur
1682 2168 1805 2208 esse
1830 2149 2144 2221 participes,

559 2244 707 2301 hanc
732 2253 936 2301 nostrae
962 2244 1306 2305 auctoritatis
1326 2242 1743 2314 praeceptionem
1771 2240 1949 2312 sigillo
1985 2239 2149 2295 robo-

556 2335 806 2395 ravimus
850 2335 1266 2404 inviolabiliter,
1309 2337 1677 2408 volumusque
1725 2334 2007 2399 observari
2050 2349 2149 2414 per

559 2434 760 2482 cuncta
787 2427 986 2483 saecula
1017 2428 1282 2498 legaliter.

631 2518 832 2574 Datum
858 2536 894 2576 v
926 2518 1057 2576 ldus
1083 2518 1301 2587 0ctob.,
1332 2537 1478 2577 anno
1504 2536 1694 2592 regum
1718 2519 1963 2591 liugonis
1983 2528 2152 2592 atque

500 2626 507 2631 τ
558 2606 785 2663 Boberti
808 2625 927 2667 vm.
957 2610 1153 2666 Actum
1199 2612 1256 2667 in
1280 2612 1375 2668 Dei
1412 2612 1635 2667 nomine
1671 2611 1750 2683 [in
1785 2609 2145 2684 monasterio]

561 2694 751 2754 Sancti
782 2698 1026 2773 Dionysii
1058 2700 1305 2758 feliciter.

554 2855 777 2923 Roberti
812 2862 967 2936 regis
998 2836 1463 2936 praceptumvpro
1509 2866 1910 2936 conﬁrmatione
1968 2881 2144 2918 rerum

625 2946 758 3054 glas
800 2930 1377 2989 Brirchdrdus'comes'
1419 2944 1469 2989 et
1522 2930 1821 2999 Rainaldus
1867 2936 2141 3006 episcopus

680 3003 940 3054 ossatenst'
966 3006 1288 3054 monasteria
1321 3004 1672 3054 tradiderunt.
2052 3013 2055 3016 ’

680 3003 940 3058 statenst'
966 3006 1288 3059 monasterio
1321 3004 1672 3063 tradiderunt.

1161 3097 1340 3168 (Anno
1380 3097 1537 3167 998.)

554 3182 805 3257 [Μλειιι.
818 3228 832 3253 ,
848 3186 926 3242 De
940 3204 993 3242 re
1012 3190 1258 3265 diploma
1280 3191 1374 3247 lib.
1400 3208 1476 3265 vr,
1499 3207 1621 3265 pag.
1641 3192 1767 3261 598,
1783 3208 1849 3248 ex
1866 3192 2142 3249 chartario

588 3300 593 3306 .
1072 3260 1075 3261 ⁷
1166 3260 1529 3336 Ροεεαιεηείξ]

623 3346 683 3402 In
706 3351 929 3407 nomine
952 3359 1155 3410 sancta
1187 3361 1243 3409 et
1278 3353 1572 3410 individua
1596 3353 1902 3422 Trinitatis,
1927 3355 2140 3412 Ronan-

552 3454 674 3508 τετε,
710 3441 894 3499 divina
934 3445 1251 3514 providente
1285 3446 1601 3514 clementia,
1639 3447 1977 3504 Francorum
2020 3464 2136 3504 rex.

582 3558 585 3561 λ
625 3531 684 3586 Si
707 3549 837 3605 erga
880 3536 999 3591 loca
1038 3536 1240 3594 divinis
1286 3539 1527 3595 cultibus
1568 3540 1873 3610 mancipata
1919 3550 2143 3612 propter

550 3637 793 3681 amorem
817 3626 914 3683 Dei
935 3642 1238 3700 eorumque
1270 3631 1327 3686 in
1363 3632 1569 3687 eisdem
1594 3632 1730 3687 locis
1755 3631 2143 3689 famulantium

548 3712 815 3772 beneﬁcia
842 3729 1150 3789 opportuna
1179 3721 1462 3793 largimur,
1487 3724 1772 3793 pramium
1802 3725 1961 3781 nobis
1995 3727 2139 3796 apud

549 3802 846 3863 Dominum
880 3820 1102 3868 aeterna
1127 3800 1589 3872 remunerationis
1610 3818 1835 3887 rependi
1866 3833 1975 3872 non
1997 3818 2138 3873 diﬁi-

551 3891 1019 3981 dimusaldcirco
1040 3902 1253 3957 noverit
1289 3906 1563 3975 sagacitas
1591 3921 1688 3961 seu
1725 3906 1993 3964 industria
2021 3924 2140 3965 om-

548 3982 705 4038 nium
742 3988 1058 4044 nostrorum
1080 3991 1343 4059 fidelium,
1373 4002 1485 4048 tam
1517 4000 1867 4064 prasenttum
1895 4013 2061 4067 quam
2084 4008 2139 4055 et

548 4071 884 4145 futurorum,
912 4080 1041 4150 quia
1068 4081 1294 4152 quidam
1320 4086 1651 4143 venerabilis
1676 4096 1880 4143 sanctae
1905 4089 2149 4148 Parisia-.

548 4166 731 4222 censis
783 4168 1044 4227 Ecclesia
1084 4174 1395 4246 episcopus,
1444 4179 1666 4234 nomine
1716 4178 2026 4250 Renoldus,
2084 4192 2140 4239 et

1692 139 1998 241 GROBERTI
2034 175 2238 237 REGIS
2274 166 2703 229 FRANCORUM

3731 156 3839 216 9η

2247 288 2533 346 monachis
2552 284 2790 358 praefata
2807 281 3054 339 ecclesia
3073 276 3460 335 muniﬁcentia
3479 285 3685 332 nostra
3697 289 3837 345 pra—

2249 389 2405 455 cepto
2422 379 2832 444 conﬁrmamus,
2851 390 2951 446 per
2967 373 3113 444 quod
3135 371 3481 443 praecipimus
3497 376 3664 439 atque
3677 367 3839 438 jube-

2248 488 2373 527 mus
2401 479 2461 526 ut
2481 470 2550 525 ab
2571 469 2836 524 hodierna
2855 467 2945 523 die
2962 466 3067 521 hac
3083 465 3339 535 deinceps
3356 461 3650 533 pradictus
3672 460 3839 526 abba,

2192 574 2193 577 ‘
2247 562 2448 633 aliique
2467 559 2722 616 monachi
2744 557 2957 630 prafati
2974 555 3297 613 monasterii
3318 555 3440 609 illas
3461 568 3551 608 res
3566 567 3691 622 qua
3707 557 3839 607 sunt

2248 661 2303 715 in
2315 675 2452 730 pago
2464 655 2823 713 Parisiacensi
2845 655 3017 711 libere
3035 653 3370 724 possideant,
3383 649 3570 704 villam
3584 647 3839 705 videlicet

2248 764 2371 819 qua
2393 756 2621 802 vocatur
2644 744 2979 811 Nobiliacus,
3003 758 3129 799 cum
3156 741 3514 797 advocatione
3532 748 3589 795 et
3606 739 3834 806 vicaria,

2248 854 2373 895 cum
2394 837 2623 895 ecclesia
2648 844 2703 892 et
2726 836 2895 891 altare
2921 835 3128 905 absque
3153 834 3367 906 synodo
3378 842 3437 890 et
3450 832 3686 899 circada,
3706 848 3835 888 cum

2249 929 2421 996 silvis,
2447 928 2645 996 vineis,
2677 927 2871 998 pratis,
2893 927 3055 982 terris
3085 927 3249 982 cultis
3279 934 3335 982 et
3362 924 3609 992 incultis,
3631 933 3688 980 et
3706 940 3836 980 cum

2248 1020 2505 1078 omnibus
2531 1020 2649 1077 suis
2688 1017 3049 1090 appendiciis.
3086 1017 3218 1074 item
3257 1019 3315 1073 in
3350 1017 3544 1073 eodem
3579 1033 3722 1087 pago
3747 1032 3840 1072 et:b

2248 1111 2493 1178 clesiam,
2517 1126 2642 1183 qua
2669 1111 2776 1166 sita
2816 1120 2902 1166 est
2935 1110 2993 1164 in
3039 1110 3163 1166 vico
3195 1111 3291 1180 qui
3320 1108 3593 1165 Nosiacus
3612 1109 3841 1176 dicitur,

2246 1216 2344 1271 per
2382 1200 2822 1272 deprecationem
2871 1198 3147 1256 Goscelini
3183 1200 3277 1273 [an
3313 1199 3644 1272 Roscclini?]
3686 1201 3838 1256 vice-

2248 1292 2466 1349 comitis
2508 1291 2892 1348 Milidunensis
2928 1291 3292 1360 tradiderunt,
3322 1292 3418 1363 qui
3455 1308 3581 1348 eam
3619 1292 3691 1348 de
3718 1293 3842 1349 illo-

2246 1397 2368 1437 rum
2394 1382 2617 1439 tenebat
2644 1380 2928 1437 beneﬂcio.
2967 1381 3100 1438 Item
3134 1383 3190 1438 in
3214 1381 3404 1438 eodem
3439 1397 3600 1453 pago,
3624 1383 3682 1437 in
3706 1384 3842 1439 villa

2248 1490 2370 1545 qua
2394 1483 2622 1530 vocatur
2653 1473 2857 1542 Licias,
2899 1490 3158 1531 mansum
3188 1474 3440 1547 Algardis
3473 1490 3600 1530 cum
3634 1475 3837 1543 vineis,

2248 1564 2414 1619 terris
2441 1563 2604 1619 cultis
2644 1572 2699 1619 et
2720 1562 2964 1631 incultis,
2990 1571 3047 1618 et
3074 1563 3331 1619 omnibus
3365 1562 3435 1618 ad
3477 1563 3634 1618 illum
3665 1564 3839 1633 perti-

2249 1651 2506 1707 nentibus
2531 1670 2546 1705 :
2574 1659 2628 1706 et
2649 1651 2705 1705 in
2729 1651 2991 1705 comitatu
3018 1648 3369 1706 Milidunensi
3405 1650 3627 1705 alodum
3666 1666 3845 1705 unum

2248 1741 2343 1811 qui
2378 1748 2608 1796 vocatur
2631 1736 2952 1804 Gurciacus,
2983 1754 3109 1794 cum
3136 1738 3496 1794 advocatione
3516 1747 3571 1794 et
3606 1738 3842 1805 vicaria,

2248 1846 2372 1887 cum
2396 1831 2588 1901 pratis,
2628 1830 2794 1885 terris
2819 1828 2982 1885 cultis
3006 1837 3061 1885 et
3083 1829 3330 1895 incultis,
3357 1837 3414 1884 et
3434 1845 3561 1884 eum
3595 1830 3687 1885 his
3718 1844 3844 1899 qua

2248 1919 2317 1975 ad
2341 1919 2523 1990 ipsum
2552 1919 2875 1990 respiciunt.
2912 1917 2980 1974 Et
3014 1918 3072 1973 in
3112 1917 3454 1974 Wastinensi
3496 1933 3643 1988 pago
3666 1919 3843 1973 alium

2244 2010 2468 2065 alodum
2504 2010 2602 2082 qui
2637 2018 2988 2080 nuncupatur
3028 2007 3174 2077 Seia,
3211 2024 3339 2064 cum
3391 2007 3758 2063 advocatione
3785 2016 3841 2063 et

2246 2099 2503 2165 ecclesia,
2539 2106 2595 2154 et
2626 2086 2771 2169 aqua
2797 2114 2924 2154 cum
2950 2099 3211 2169 piscaria,
3244 2099 3438 2169 pratis,
3464 2099 3633 2154 terris
3673 2098 3841 2154 cultis

2246 2197 2302 2244 et
2330 2188 2575 2255 incultis,
2607 2189 2817 2259 absque
2857 2187 2969 2247 ulla
3012 2189 3346 2244 vicariorum
3387 2196 3660 2260 potestate
3704 2204 3839 2245 con-

2246 2295 2379 2351 grue
2408 2286 2631 2335 teneant
2671 2289 2837 2350 atque
2871 2280 3207 2350 possideant.
3246 2278 3328 2336 οι)
3364 2281 3471 2336 hoc
3490 2279 3851 2352 praecipimus

2245 2369 2414 2431 etiam
2437 2376 2497 2436 ut
2517 2370 2702 2426 nullus
2722 2386 2840 2437 rex,
2866 2370 3050 2433 nullus
3071 2372 3384 2442 episcopus,
3413 2373 3599 2428 nullus
3629 2388 3838 2441 mmes,

2246 2468 2341 2515 aut
2364 2460 2472 2515 ulla
2508 2469 2756 2531 potestas
2783 2461 2909 2517 illas
2928 2476 3019 2516 res
3046 2446 3359 2531 disponere,
3393 2471 3490 2518 aut
3516 2464 3573 2518 in
3601 2479 3708 2519 sua
3734 2478 3836 2534 po-

2245 2559 2443 2617 testate
2466 2552 2767 2623 quidquam
2789 2552 2987 2608 horum
3013 2550 3306 2613 decernere
3329 2553 3413 2608 vel
3432 2552 3687 2623 delegare
3709 2568 3841 2623 pra-

2245 2651 2469 2698 sumat:
2514 2642 2612 2698 sed
2661 2651 2923 2714 perpetua
2966 2642 3240 2704 soliditate
3286 2644 3344 2698 in
3392 2642 3839 2715 supradictorum

2245 2732 2478 2798 fratrum
2503 2743 2774 2805 potestate
2796 2735 3067 2790 consistat
3090 2735 3418 2806 disponendi
3460 2751 3556 2791 seu
3598 2735 3839 2792 faciendi

2243 2842 2310 2882 ex
2345 2827 2430 2883 his
2461 2825 2729 2897 quidquid
2775 2826 3058 2897 elegerint.
3094 2825 3162 2881 Et
3183 2834 3245 2882 ut
3269 2827 3436 2895 hujus
3469 2835 3675 2883 nostra
3699 2843 3839 2897 pra—

2243 2918 2511 2988 ceptionis
2532 2917 2772 2973 edictum
2794 2924 2956 2987 atque
2984 2917 3354 2978 roborationis
3379 2924 3715 2994 praceptum
3742 2934 3840 2987 per

2167 2977 2213 3038 C
2243 2977 2442 3065 cuncta
2479 3009 2581 3064 avi
2607 3016 2851 3079 tempora
2866 2977 3259 3063 inviolabilem
3285 2977 3529 3067 obtineat
3559 2977 3837 3065 firmitatis

2136 3127 2167 3153 ρ
2240 3100 2507 3172 vigorem,
2548 3115 2717 3154 manu
2761 3098 2979 3168 propria
3026 3098 3214 3154 subter
3262 3098 3746 3166 conﬁrmavimus,
3779 3112 3838 3155 et

2241 3190 2433 3251 annuli
2455 3189 2629 3245 nostri
2657 3188 3019 3259 impressione
3043 3189 3296 3261 insigniri
3318 3189 3614 3258 jussimus.

2311 3280 2448 3337 Data
2469 3298 2567 3336 xm
2589 3279 2711 3342 Kal.
2733 3279 2884 3349 Maii,
2908 3281 3206 3337 indictione
3227 3281 3471 3348 x1,'anno
3487 3298 3545 3347 χ,
3568 3291 3836 3354 regnante

2242 3373 2476 3429 Roberto
2501 3387 2626 3444 rege
2651 3372 2906 3443 glorioso.
2934 3372 3129 3428 Actum
3152 3374 3369 3443 publice
3387 3372 3673 3433 Parisiaca
3698 3374 3837 3430 urbe

2242 3485 2388 3528 anno
2410 3469 2681 3526 incarnati
2705 3467 2869 3524 Verbi
2893 3469 3017 3525 998.

2994 3582 3080 3638 III.

2240 3673 2479 3747 Rotlgertt'
2532 3675 2668 3747 regis
2714 3684 3049 3747 praceptum,
3106 3675 3621 3747 quogsupgriorum_
3649 3692 3833 3747 regum

2310 3742 2639 3815 aliorumque
2678 3742 3033 3799 concession“
3080 3742 3534 3799 crhnobio'Sanctt'
3578 3742 3832 3803 Genitam'

2310 3814 2761 3873 Antissiadorensi
2793 3816 2966 3885 factas
2993 3816 3293 3885 conﬁrmat.

2721 3906 2906 3978 (Circa
2934 3922 3139 3962 annum
3165 3905 3347 3979 1002.)

2241 4015 2519 4089 [Macran
2552 4016 2633 4089 De
2654 4018 2988 4089 regdlplomq
3018 4017 3113 4072 lib.
3140 4034 3223 4089 γι,
3246 4033 3369 4088 pag.
3394 4015 3526 4089 6002
3563 4033 3632 4073 ex
3667 4020 3833 4073 char-

2533 4088 2674 4142 tario
2703 4086 2890 4143 Sancti
2916 4087 3176 4143 Germani
3199 4086 3529 4159 Alitissiod.]

2307 4192 2369 4248 lu
2401 4193 2622 4248 nomine
2644 4202 2845 4250 sancta
2865 4203 2920 4250 et
2939 4194 3230 4250 individua
3251 4168 3554 4260 Trinitatis,
3578 4193 3831 4251 Borea-

546 4257 850 4369 Ιλθιθτξὶξιε
872 4259 984 4317 Πθο
1010 4264 1472 4369 δωδὶὶίιίεζοοπιεξε
1492 4266 1860 4338 Βυτοδθΐάῐιθ,
1885 4272 2139 4328 adierunt
2170 4315 2213 4369 Β
2241 4300 2360 4350 res,
2384 4284 2696 4340 Divinitatis
2723 4292 2999 4340 annuente
3027 4284 3338 4351 clementia,
3364 4299 3479 4338 rex.

547 4348 899 4406 serenitatem
954 4364 1221 4425 nostram,
1262 4358 1541 4415 humiliter
1574 4369 1825 4432 petentes
1863 4372 2139 4433 quatenus

544 4454 641 4495 res
664 4440 733 4496 de
752 4442 1029 4502 beneﬁciis
1052 4462 1244 4503 eorum
1271 4466 1411 4521 quas
1435 4454 1776 4514 monasterio.
1790 4454 2132 4523 Fossatensi,

544 4531 694 4600 quod
729 4541 816 4590 est
853 4534 1166 4594 dedicatum
1204 4539 1261 4594 in
1292 4542 1499 4598 honore
1528 4543 1856 4602 beatissima
1894 4545 2135 4619 Virginis

544 4619 748 4689 Maria,
785 4634 840 4681 et
863 4625 1148 4684 beatorum
1173 4633 1549 4701 apostolorum
1574 4634 1721 4691 Petri
1746 4646 1801 4693 et
1825 4637 2003 4705 Pauli,
2034 4655 2131 4701 seu

544 4709 697 4768 beati
720 4713 917 4783 Mauri,
957 4716 1136 4776 Patris
1176 4720 1454 4780 Benedicti
1494 4726 1767 4796 discipuli,
1812 4730 1907 4799 qui
1939 4732 2135 4787 eodem

544 4802 674 4858 loco
699 4807 1012 4876 requiescit,
1052 4812 1422 4881 contulerunt,
1456 4824 1511 4869 et
1536 4817 1725 4872 abbati
1751 4819 1996 4889 ejusdem
2027 4822 2132 4877 loci

545 4893 769 4952 nomine
801 4895 1059 4967 Teutoni,
1101 4910 1157 4957 et
1188 4901 1452 4960 fratribus
1490 4906 1691 4961 ibidem
1720 4908 1832 4964 Deo
1858 4911 2136 4968 militanti-

547 4977 653 5035 bus
678 4998 796 5053 μα
814 4993 1033 5045 aterna
1067 4995 1507 5051 remuneratione
1527 4997 1672 5064 vita,
1710 5008 1767 5054 et
1799 5016 1900 5070 pro
1922 5004 2135 5061 anima-

548 5083 671 5124 rum
719 5088 945 5132 suarum
983 5080 1347 5151 absolutione,
1385 5095 1439 5141 ct
1472 5089 1672 5143 anima
1713 5089 1990 5151 Elisabeth
2034 5112 2129 5152 co—

551 5159 789 5260 mitissa
824 5168 1187 5239 tradiderunt,
1228 5178 1577 5234 auctoritatis
1616 5184 1821 5236 nostra
1863 5197 2134 5260 praecepto

2313 4375 2494 4447 Regia
2521 4376 2802 4448 dignitatis
2828 4385 2914 4433 est
2933 4378 3077 4433 circa
3094 4376 3374 4448 religionis
3395 4376 3605 4432 cultum
3629 4377 3834 4445 pietate

2239 4476 2294 4522 et
2319 4467 2529 4538 justitia
2560 4483 2620 4523 se
2650 4468 2961 4535 extendere,
2998 4483 3394 4538 servorumque
3420 4466 3517 4522 Dei
3552 4469 3834 4537 petitioni-

2238 4558 2342 4613 bus
2381 4558 2580 4613 votivis
2604 4559 2805 4614 animis
2845 4559 3215 4629 acquiescere.
3246 4557 3374 4625 .Qua
3410 4560 3478 4614 de
3516 4574 3579 4613 re
3614 4560 3833 4615 noverit

2237 4648 2481 4702 omnium
2519 4655 2723 4703 sancta
2753 4646 2844 4703 Dei
2871 4647 3129 4703 Ecclesia
3154 4648 3395 4704 fidelium
3427 4648 3703 4703 industria
3732 4665 3829 4703 ve—

2236 4738 2533 4792 nerabilem
2589 4739 2838 4793 abbatem
2887 4737 3200 4795 Heldricum
3258 4739 3585 4794 monasterii
3638 4738 3828 4795 Sancti

2239 4826 2498 4882 Germani
2538 4826 3062 4897 Antissiodorensis,
3110 4830 3353 4885 adhibita
3395 4846 3585 4887 secum
3629 4847 3827 4888 mona-

2236 4918 2467 4972 chorum
2522 4917 2770 4987 ejusdcm
2820 4919 2929 4975 loci
2987 4921 3441 4993 congregatione,
3496 4931 3825 4992 praceptum

2236 5010 2508 5079 quoddam
2552 5011 2717 5082 regia
2746 5012 3132 5073 muniﬁcentia
3156 5014 3227 5068 ab
3251 5030 3355 5069 avo
3383 5022 3577 5087 nostro
3599 5013 3827 5085 Hugone

2237 5100 2432 5174 Magno
2457 5101 2685 5173 prafan
2709 5104 2961 5159 canobio
2984 5105 3337 5175 impetratum
3355 5114 3521 5175 atque
3541 5105 3821 5171 collatum,

2236 5200 2441 5249 nostra
2485 5192 2768 5249 serenitati
2792 5194 3071 5260 detulisse,
3105 5204 3292 5251 nostra
3326 5212 3548 5260 quoque
3580 5196 3822 5251 auctori-
