4058 6392
205 342 322 400 969

1666 340 2080 409 DIELOMATA.

3382 350 3487 407 950

210 454 424 510 scilicet
467 455 528 507 ut
566 452 869 509 secundum
912 448 1070 508 fidem
1122 457 1177 508 et
1221 464 1413 507 eorum
1459 453 1805 522 proprietatis
1833 458 1877 514 Α
1905 459 2138 512 centiam
2169 454 2470 513 secundum
2500 457 2803 529 regularem
2838 458 3233 515 institutionem
3263 461 3370 516 alio
3394 462 3492 520 de-

209 543 613 602 continentiam
658 553 921 616 perpetuo
967 554 1022 599 et
1071 544 1389 601 inconvulsa
1432 551 1707 610 maneant,
1753 552 1808 599 et

211 636 484 693 inviolata
518 638 831 708 perdurent.
870 635 1115 702 Quorum
1147 634 1394 705 petitioni
1432 634 1692 691 benevolo
1726 633 1809 689 fa-

210 744 346 784 vore
374 730 761 794 assentientes,
802 727 1147 797 maximeque
1189 726 1260 781 ob
1294 725 1518 798 gloriosi
1554 725 1808 781 avunculi

214 821 399 875 nostri
432 819 620 889 domni
658 818 879 874 Henrici
923 819 1081 873 ducis
1124 817 1451 889 Burgundite
1489 816 1807 872 memoriam

212 918 275 966 et
295 907 513 966 Ottonis
536 909 723 965 fratris
744 910 884 980 ejus,
917 910 1010 980 qui
1039 923 1159 964 sese
1180 908 1529 979 peculiariter
1548 906 1682 963 inibi
1708 908 1810 963 sub

217 1002 368 1057 beati
399 1000 653 1057 Germani
684 1000 988 1071 patrocinio
1022 1000 1427 1070 manciparunt,
1456 1008 1517 1055 ut
1542 1009 1597 1055 et
1625 998 1809 1070 sepul-

220 1101 364 1146 tune
420 1088 661 1144 mandati
714 1089 856 1155 sint;
906 1102 1010 1143 nos
1059 1102 1278 1157 quoque
1328 1088 1581 1143 eumdem
1628 1087 1810 1142 locum

217 1191 430 1238 sanctae
472 1181 655 1253 potius
685 1181 1021 1248 reverentiae,
1063 1196 1231 1251 quam
1276 1180 1441 1236 alicui
1484 1180 1811 1251 subjectioni

215 1278 640 1344 committimus,
662 1276 949 1342 tradimus,
975 1274 1353 1331 sublimamus.
1382 1273 1653 1346 Praecepta
1674 1290 1813 1345 quo-

216 1386 334 1441 que
381 1368 566 1425 omnia
599 1378 652 1423 et
696 1368 1049 1423 auctoritates
1085 1375 1288 1422 nostra:
1319 1366 1502 1422 denuo
1544 1365 1809 1436 astipula-

218 1461 394 1516 tionis
419 1460 599 1516 edicto
619 1458 1040 1525 conﬁrmamus;
1071 1457 1246 1528 ipsam
1271 1472 1491 1528 quoque
1515 1472 1813 1528 congrega-

217 1552 433 1607 tionem
477 1551 581 1606 sub
613 1549 932 1621 plenissima
976 1547 1297 1605 defensione
1342 1557 1529 1605 nostra
1572 1549 1811 1619 quietam

218 1658 291 1698 ac
320 1642 546 1698 liberam
577 1656 699 1697 esse
734 1641 1009 1708 volumus,
1038 1655 1165 1695 cum
1199 1640 1459 1697 omnibus
1487 1655 1609 1712 qua:
1638 1640 1812 1711 ipsius

220 1734 545 1790 monasterii
571 1742 719 1800 sunt,
756 1732 841 1788 vel
872 1748 1201 1803 quocunque
1232 1733 1395 1789 modo
1416 1732 1689 1804 pertinere
1730 1732 1811 1787 vi-

216 1823 445 1892 dentur,
485 1823 868 1878 inviolabiliter
902 1822 1221 1879 auctoritate
1265 1832 1451 1880 nostra
1489 1838 1808 1894 permanere

218 1917 592 1983 decernimus,
640 1926 697 1972 et
743 1916 846 1972 sub
881 1925 1081 1971 nostra:
1125 1915 1373 1972 tuitionis
1416 1916 1809 1989 gubernatione

222 2008 557 2078 suscipimus
582 2027 595 2063 :
636 2008 711 2063 ita
749 2017 808 2063 ut
834 2008 938 2064 sub
963 2016 1150 2063 nostra
1178 2007 1514 2077 protectione
1545 2007 1704 2064 liceat
1727 2007 1809 2062 eis

221 2097 411 2168 quiete
439 2098 641 2164 vivere,
674 2106 732 2154 et
760 2097 993 2153 vivendo
1020 2097 1328 2167 quiescere;
1358 2097 1654 2167 nullusque
1697 2095 1811 2167 epi-

224 2191 447 2259 scopus,
470 2190 557 2245 vel
581 2190 780 2260 aliquis
804 2205 870 2245 ex
893 2188 1296 2260 episcopalibus
1324 2189 1590 2245 ministris
1612 2189 1810 2244 ibidem

224 2277 434 2347 aliquid
471 2289 769 2348 praesumat
804 2294 1061 2334 exercere
1086 2262 1389 2349 judicium;
1424 2269 1478 2335 et
1504 2281 1686 2336 nullus
1718 2281 1811 2351 ju-

224 2370 330 2425 dex
360 2370 629 2440 publicus,
653 2372 738 2426 vel
759 2371 989 2442 quilibet
1009 2378 1232 2428 exactor
1247 2371 1552 2442 judiciariae
1574 2382 1816 2444 potesta-

227 2462 321 2527 tis,
348 2461 434 2517 vel
459 2463 658 2533 aliquis
688 2478 756 2518 ex
779 2463 982 2519 nostris
1004 2463 1276 2531 ﬁdelibus,
1300 2465 1386 2520 vel
1415 2465 1595 2535 aliqua
1619 2481 1815 2536 magna

227 2569 508 2624 parvaque
533 2570 763 2624 persona
793 2554 849 2609 in
874 2556 1130 2611 omnibus
1154 2556 1319 2612 rebus
1339 2556 1516 2612 eidem
1545 2556 1664 2612 loco
1687 2557 1818 2613 sub-

227 2647 361 2702 ditis
390 2648 457 2702 ad
487 2663 687 2704 causas
712 2649 1032 2716 audiendas,
1065 2648 1150 2704 vel
1182 2647 1333 2704 {reda
1356 2657 1450 2704 aut
1474 2649 1675 2704 tributa
1702 2649 1819 2705 exi-

227 2738 426 2808 genda,
449 2747 544 2793 aut
566 2739 878 2794 mansiones
901 2740 986 2795 vel
1010 2748 1229 2810 paratas
1252 2738 1550 2808 faciendas,
1573 2748 1668 2795 aut
1686 2740 1820 2796 ﬁde—

222 2832 478 2900 jussores
522 2831 824 2899 tollendos,
860 2841 956 2887 aut
988 2832 1241 2888 homines
1269 2833 1446 2903 ipsius
1480 2832 1817 2900 monasterii,

229 2930 346 2976 tam
384 2938 572 2978 servos
601 2939 766 2993 quam
804 2923 1093 2994 ingenuos,
1127 2939 1293 2994 super
1332 2932 1534 2980 terram
1572 2924 1817 2994 ejusdem

229 3012 470 3069 coenobii
497 3023 907 3072 commanentes
946 3015 1293 3086 distringere,
1340 3024 1435 3070 aut
1468 3016 1685 3072 illicitas
1726 3032 1820 3072 oc-

1909 549 2153 603 cedente.
2182 546 2249 603 Et
2288 556 2350 603 ut
2372 548 2524 604 nullo
2560 564 2803 619 unquam
2846 557 3086 621 tempore
3116 551 3220 606 sub
3256 552 3487 622 alicujus

1909 638 2149 709 episcopi
2169 638 2538 695 dominatione
2562 642 2895 712 redigantur,
2918 650 2972 696 et
2993 628 3177 697 nullus
3200 643 3491 715 episcopus

1911 734 2085 805 ipsam
2126 731 2400 787 abbatiam
2445 747 2478 786 a
2526 732 2677 803 regia
2726 732 3049 793 celsitudine
3087 734 3394 804 exquirere,
3438 744 3492 790 tt

1911 824 2060 895 ipsos
2092 824 2391 879 monachos
2438 823 2729 879 sollicitare
2773 832 2868 879 aut
2914 824 3217 895 inquietare
3276 841 3489 898 prses;-

1911 924 2044 982 mat,
2075 916 2179 970 hac
2205 923 2406 970 nostrae
2429 914 2767 970 auctoritatis
2788 916 3149 986 praeceptione
3177 916 3491 973 omnimodo

1911 1005 2311 1061 interdicimus.
2347 1004 2407 1060 Si
2439 1006 2564 1076 quis
2603 1014 2785 1061 autem
2818 1006 2983 1077 hujus
3019 1016 3219 1063 nostra:
3253 1007 3493 1063 auctori-

1911 1097 2042 1152 tatis
2074 1098 2398 1153 temerarius
2430 1098 2662 1155 violator
2703 1106 2799 1153 aut
2823 1105 3163 1169 contemptor
3201 1113 3323 1156 esse
3354 1106 3494 1155 tem-

1911 1189 2175 1259 ptaverit,
2205 1205 2315 1245 non
2357 1189 2535 1245 valeat
2585 1189 2879 1260 impetrare
2921 1189 3069 1260 quod
3106 1188 3348 1260 expetit:
3397 1189 3516 1255 sed,

1913 1281 2137 1351 insuper
2194 1296 2294 1351 pro
2342 1281 2507 1352 regiae
2559 1280 2861 1351 majestatis
2919 1286 3232 1350 contemptu
3274 1288 3496 1337 centum

1912 1371 2080 1427 libras
2108 1371 2230 1426 auri
2253 1372 2392 1427 cocti
2429 1381 2655 1444 cogatur
2690 1372 3005 1428 exsolvere:
3030 1371 3372 1427 medietatem
3399 1386 3496 1427 ca-

1913 1477 2079 1519 merae
2112 1471 2340 1530 nostrae,
2383 1463 2727 1519 medietatem
2768 1461 2902 1532 ipsis
2949 1462 3271 1529 monachis;
3311 1462 3379 1517 de
3408 1477 3500 1517 ce-

1913 1553 2046 1608 teris
2073 1567 2202 1609 vero
2228 1553 2556 1625 supradictis
2595 1552 3049 1624 praeceptionibus
3082 1551 3443 1608 immunitatis
3466 1567 3503 1605 a

1914 1645 2382 1716 contemptoribus
2409 1660 2567 1715 poena
2610 1644 2874 1715 exigatur.
2915 1642 2987 1699 Ut
3015 1649 3196 1699 autem
3227 1643 3345 1699 haec
3377 1643 3505 1699 alti-

1915 1736 2121 1794 tudinis
2156 1746 2361 1794 nostra:
2388 1737 2732 1793 conﬁrmatio
2769 1751 2866 1792 seu
2896 1736 3187 1808 praeceptio
3218 1736 3500 1791 meliorem

1910 1843 2125 1898 semper
2157 1828 2403 1884 obtineat
2437 1828 2768 1895 ﬁrmitatem,
2793 1843 2959 1882 manu
2992 1834 3180 1883 nostra
3206 1841 3328 1882 eam
3363 1825 3500 1881 sub-

1909 1919 2353 1990 terﬁrmavimus,
2373 1927 2430 1977 et
2449 1920 2636 1977 annuli
2656 1920 2828 1975 nostri
2861 1918 3256 1989 impressionne
3275 1916 3529 1990 sigillari.

1906 2010 2210 2082 jussimus..

1983 2102 2179 2158 Actum
2203 2102 2566 2160 AntissiOdori
2594 2104 2814 2160 civitate
2835 2103 3068 2174 publice.
3092 2152 3101 2156 -

2640 2215 2761 2288 iv-

1916 2306 2167 2378 Diploma
2209 2306 2425 2362 Roberti
2473 2306 2991 2378 regisFrancorum
3036 2320 3135 2378 pro
3182 2302 3525 2359 monasteria

2285 2378 2460 2431 sancti
2492 2376 2745 2447 Maglorii
2780 2377 3158 2446 Parisiensis.!

2427 2467 2610 2537 (Circa
2644 2484 2773 2524 ann.
2802 2466 2986 2539 1002.)

1921 2556 2096 2630 [Dom
2120 2556 2408 2625 Murrane,
2434 2555 2690 2630 Thesanr.
2716 2558 2996 2630 Αηβειζρεη
3022 2555 3355 2630 ῑοιιιημ-(εοὶ.
3383 2555 3522 2624 107,,

2160 2643 2229 2684 ex
2256 2629 2597 2700 autographo
2624 2626 2850 2699 Majoris
2878 2626 3257 2700 Monasterii.]

1940 2736 1947 2741 ’
1989 2738 2358 2797 Consistentis
2381 2740 2438 2795 in
2464 2739 2672 2796 unitate
2700 2739 2929 2796 Deitatis
2960 2754 3191 2797 summa;
3217 2746 3272 2795 et
3298 2738 3514 2795 incom-

1920 2831 2307 2901 prehensibilis
2325 2830 2611 2887 Trinitatis
2653 2831 2707 2885 in
2742 2830 2987 2898 nomine,
3012 2829 3302 2885 Bosen'ws
3337 2826 3517 2883 Fraus

1922 2937 2115 2977 eorum
2156 2938 2255 2978 rex
2293 2931 2582 2994 angustus,
2626 2921 2950 2993 disponente
2982 2922 3276 2992 praelibatae
3308 2919 3478 2976 divini
3498 2927 3517 2962 ὲ

1924 3014 2053 3068 tatis
2106 3013 2415 3081 clementia,
2467 3013 2961 3070 intervenientibus
3006 3014 3211 3086 reginis
3257 3010 3521 3069 Adelaide’

231 3104 711 3161 easionesnostris
731 3106 815 3161 vel
836 3104 1036 3160 futuris
1060 3106 1396 3177 temporibus
1422 3108 1698 3177 requirere
1722 3122 1820 3162 au-
1851 3144 1892 3202 C
1925 3107 2221 3163 venerabili
2275 3106 2364 3163 sui
2416 3107 2709 3179 genitrice,
2768 3122 2894 3162 cum
2926 3104 3285 3162 nobilissima;
3315 3117 3523 3169 uxore;

232 3196 399 3251 deat:
450 3197 546 3252 sed
591 3197 753 3252 cheat
790 3196 1074 3252 monachis
1108 3195 1316 3267 praefati
1353 3198 1588 3253 cmnobii
1627 3213 1717 3253 res
1757 3198 1826 3253 ad
1859 3193 1892 3202 '
1930 3199 2087 3253 Berta
2131 3198 2374 3265 nomine,
2408 3199 2664 3254 omnibus
2692 3198 2985 3269 cujuslibet
3023 3196 3234 3253 ordinis
3275 3195 3380 3250 sub
3407 3193 3519 3247 im-

233 3304 337 3345 sua
362 3289 630 3359 stipendia
665 3289 1003 3359 pertinentes
1032 3289 1135 3344 sub
1165 3304 1275 3343 una
1305 3289 1668 3345 immunitatis
1688 3305 1827 3360 pra:-

233 3379 485 3451 ceptione
520 3381 707 3451 quieto
744 3379 934 3436 ordine
962 3380 1262 3450 possidere.
1296 3379 1561 3436 Jubemus
1610 3394 1739 3451 ergo
1768 3387 1829 3433 ut

236 3486 418 3542 neque
462 3472 565 3542 ipsi
598 3471 850 3527 monachi
882 3480 977 3527 aut
1017 3471 1386 3542 negotiatores
1410 3486 1620 3538 eorum,
1651 3486 1827 3541 neque

238 3563 490 3619 homines
533 3564 627 3635 qui
652 3578 747 3634 per
769 3563 943 3633 ipsam
965 3579 1150 3618 casam
1175 3563 1270 3618 Dei
1302 3577 1525 3632 sperare
1551 3563 1824 3629 videntur,

236 3653 512 3707 teloneum
537 3655 846 3724 persolvere
866 3663 1132 3725 cogantur
1155 3654 1209 3708 in
1232 3653 1543 3709 civitatibus
1562 3655 1646 3709 vel
1670 3653 1827 3719 vicis,

235 3760 334 3799 seu
364 3745 508 3800 villis
538 3754 632 3800 aut
656 3745 933 3812 mercatis,
979 3746 1063 3801 vel
1094 3745 1151 3800 in
1191 3746 1459 3815 portubus
1500 3754 1596 3800 aut
1630 3746 1824 3815 portis,

235 3835 380 3890 sicut
418 3835 475 3890 in
522 3845 793 3907 psmcepto
826 3836 1210 3907 gloriosissimi
1255 3836 1437 3892 Caroli
1483 3836 1827 3907 imperatoris

234 3926 564 3982 continetur.
590 3927 975 3997 Praecipientes
997 3937 1180 3983 autem
1199 3928 1481 3999 jubemus,
1504 3935 1559 3982 et
1574 3928 1827 3998 jubentes

235 4018 720 4086 conﬁrmamus,ut
740 4018 876 4073 nulli
897 4019 1158 4074 abbatum
1178 4020 1427 4090 ejusdem
1449 4018 1575 4086 loci,
1589 4030 1683 4075 aut
1706 4020 1824 4075 cui-

235 4108 368 4164 libet
407 4108 562 4164 alteri
604 4126 852 4181 personae
896 4110 1056 4166 liceat
1098 4126 1166 4166 ex
1210 4111 1540 4182 przescriptis
1573 4112 1826 4167 omnibus

237 4200 403 4255 rebus
427 4201 630 4271 aliquid
654 4202 709 4256 in
735 4202 872 4258 alios
891 4210 1252 4273 praeterquam
1284 4202 1668 4259 constituimus
1694 4217 1827 4258 usus

239 4290 487 4362 redigere
517 4301 613 4348 aut
652 4302 992 4363 retorquere,
1024 4301 1120 4348 aut
1154 4293 1317 4349 alicui
1356 4293 1666 4349 habendum
1705 4309 1830 4348 con-

240 4379 405 4450 ferre,
441 4399 620 4454 neque
654 4399 881 4440 censum
916 4393 1013 4440 aut
1063 4384 1324 4440 honorem
1370 4393 1465 4440 aut
1497 4385 1639 4440 dona
1674 4400 1826 4455 quae-

1926 3291 2083 3361 perio
2104 3299 2296 3347 nostro
2318 3290 2640 3362 degentibus
2661 3290 2866 3360 liquido
2889 3296 3071 3360 pateat
3089 3288 3365 3344 volumus.

1999 3382 2236 3438 Obnoxii
2269 3382 2381 3437 Deo
2403 3382 2720 3451 sanctisque
2737 3381 2857 3451 ejus
2889 3381 3018 3436 dum
3045 3379 3299 3445 vivimus,
3328 3390 3537 3433 move»

1929 3491 2054 3529 mur
2081 3484 2136 3530 et
2158 3489 2369 3540 sumus,
2393 3474 2612 3545 expedit
2650 3473 2725 3529 ita
2746 3489 2852 3544 pro
2880 3473 3055 3529 nostri
3089 3480 3515 3541 nostrorumque
3544 3502 3547 3503 ν

1929 3575 2144 3622 erratus
2179 3565 2456 3621 diluvione
2487 3565 2843 3633 commoveri,
2867 3573 3029 3635 atque
3056 3564 3265 3620 meritis
3290 3571 3512 3618 sancto-

1929 3674 2051 3713 rum
2065 3657 2373 3729 imprecari,
2386 3673 2590 3727 eosque
2608 3658 2946 3714 incessanter
2966 3662 3512 3726 exorare,.quatenus

1928 3764 2027 3818 per
2056 3749 2298 3818 ipsorum
2352 3748 2798 3804 intercessionem
2845 3748 3126 3803 valeamus
3174 3746 3398 3817 paeiﬂcc
3423 3745 3511 3799 vi-

1927 3854 2055 3893 vere
2084 3846 2248 3909 atque
2285 3848 2409 3909 post
2438 3847 2642 3894 metam
2679 3839 2910 3909 hujusce
2947 3839 3181 3894 labentis
3209 3838 3310 3893 :evi
3338 3836 3511 3891 Deum

1928 3927 2154 3983 deorum
2196 3928 2252 3983 in
2300 3927 2432 3984 Sion
2472 3938 2717 3984 sanctam
2759 3928 3135 4000 contemplari.
3172 3926 3525 3999 Quapropter.

1929 4035 2168 4091 congrua
2193 4021 2303 4087 via,
2333 4021 2479 4092 quod
2508 4021 2666 4076 nobis
2696 4036 2794 4091 pro
2815 4020 3097 4076 commissi
3127 4019 3315 4074 talenti
3359 4018 3537 4074 lucrov

1930 4110 2257 4177 attitulatur,
2302 4098 2618 4181 reputantes
2672 4109 2820 4180 quod
2869 4108 3099 4165 Domino
3153 4108 3516 4178 ﬁdelibusque

1927 4204 2049 4273 ejus
2072 4203 2350 4270 tribuitur,
2376 4201 2686 4257 inviolabile
2719 4208 2884 4271 atque
2914 4200 3295 4255 intemeratum
3333 4196 3512 4268 persi-

1932 4305 2078 4351 stere
2103 4313 2118 4363 ;
2154 4294 2318 4351 simul
2346 4293 2481 4349 moti
2506 4291 2881 4350 misericordia
2902 4306 3203 4362 pauperum
3228 4297 3284 4345 et
3305 4288 3479 4360 etllagi
3499 4317 3512 4329 -

1931 4390 2135 4445 latione
2194 4388 2632 4458 supradictarum
2695 4384 3104 4440 honorabilium
3174 4382 3533 4454 reginarum,

235 4474 392 4543 libet,
430 4475 518 4531 vel
545 4485 731 4547 pastos
758 4492 957 4532 canum
982 4477 1038 4531 in
1070 4478 1511 4548 possessionibus
1546 4478 1687 4544 suis,
1717 4478 1830 4533 sive
1862 4476 1907 4529 D
1933 4497 2057 4536 cum
2113 4496 2339 4536 assensu
2386 4480 2681 4550 primatum
2734 4486 3071 4545 nostrorum,
3111 4466 3354 4531 fecimus
3375 4490 3520 4546 prte-

239 4583 533 4636 cquorum,
556 4568 641 4622 vel
664 4568 734 4624 ab
756 4568 964 4624 eisdem
995 4569 1169 4622 servis
1196 4567 1290 4623 Dei
1320 4577 1572 4638 receptus
1594 4569 1828 4637 aliquos,

240 4658 351 4713 nisi
373 4658 440 4715 de
462 4675 612 4716 more
636 4659 914 4730 religionis
944 4674 1043 4729 pro
1076 4659 1462 4730 hospitalitatis
1490 4660 1657 4725 bono,
1679 4660 1831 4730 quis—

241 4765 411 4818 quam
448 4752 719 4807 ullatenns
753 4760 1052 4822 praesumat
1078 4752 1353 4822 requirere
1380 4770 1398 4806 :
1430 4752 1526 4807 sed
1566 4752 1831 4823 quidquid

239 4841 438 4897 exinde
459 4843 574 4897 ﬁeri
601 4851 800 4913 potest,
838 4842 995 4914 juxta
1037 4844 1182 4914 quod
1212 4845 1587 4915 praescriptum
1608 4853 1715 4911 est,
1740 4860 1830 4901 re-

241 4933 417 5001 gulari
451 4934 922 4991 administratione
962 4936 1157 4992 usibus
1193 4945 1248 4992 et
1274 4937 1603 4993 utilitatibus
1634 4953 1824 4993 eorum

244 5034 465 5081 auctore
508 5025 627 5081 Deo
644 5026 899 5082 omnibus
929 5027 1193 5083 habeatur
1218 5029 1575 5099 temporibus.
1619 5029 1825 5086 Interea

241 5116 497 5173 volumus
535 5116 1115 5185 et-conflrmamus,,ut
1151 5119 1417 5190 quidquid
1443 5120 1510 5175 de
1540 5123 1742 5177 sarculo
1770 5122 1825 5177 in

233 5207 387 5281 idem
435 5209 830 5264 monasterium
887 5210 953 5264 ad
1005 5210 1306 5281 regularem
1357 5213 1823 5269 conversationem

245 5299 509 5367 agendam
555 5298 768 5356 favente
801 5298 912 5356 Deo
946 5300 1228 5357 venientes
1280 5316 1346 5357 ex
1385 5302 1827 5373 possessionibus

247 5389 365 5445 suis
403 5390 701 5446 obtulerint
727 5391 841 5446 sive
871 5392 1228 5461 contulerint;
1259 5393 1345 5449 vel
1390 5393 1481 5448 alii
1512 5394 1825 5465 quicunque

247 5481 551 5549 hominum,
596 5482 756 5538 sicuti
791 5498 982 5538 eorum
1023 5484 1275 5540 voluntas
1316 5494 1370 5541 et
1426 5486 1643 5540 collatio
1685 5484 1824 5541 facta

231 5576 588 5646 apparuerit,
638 5575 755 5631 sine
797 5574 977 5646 aliqua
1023 5564 1400 5632 immutatione
1447 5577 1828 5633 inviolabiliter

250 5682 464 5737 semper
511 5675 819 5737 perseveret
870 5676 1032 5738 atque
1081 5678 1414 5737 permaneat.
1462 5667 1825 5725 Concedimus

254 5757 417 5813 etiam
439 5757 615 5815 eidem
639 5758 1042 5830 congregationi
1068 5758 1298 5833 eligendi
1330 5760 1593 5819 Abbatem
1630 5762 1733 5823 sibi
1762 5763 1828 5825 li-

1930 4579 2149 4640 ceptum
2179 4570 2452 4624 ﬁrmitatis
2478 4571 2544 4624 de
2580 4568 2745 4623 rebus
2795 4582 2933 4637 quas
2956 4575 3109 4637 pater
3133 4573 3317 4621 noster
3342 4564 3516 4619 beata:

1932 4661 2210 4716 memoria:
2249 4658 2404 4730 [Iugo
2441 4675 2557 4726 rex,
2587 4673 2799 4728 nosque
2828 4659 2916 4729 pie
2958 4655 3291 4712 contulimus
3318 4668 3521 4711 monae

1932 4753 2051 4809 chis
2073 4750 2465 4807 famulantibus
2491 4750 2713 4805 Christo
2741 4749 3197 4819 sanctissimeque
3253 4746 3515 4817 Maglorio

1933 4846 1987 4901 in
2016 4845 2147 4900 urbe
2177 4843 2455 4899 Parisiaca
2484 4840 2816 4914 quiescenti;
2854 4840 2947 4896 ubi
2977 4841 3141 4896 etiam
3168 4836 3515 4895 fundavimus

1932 4937 2325 4994 monasterium
2360 4944 2659 5007 praetaxato
2689 4934 2964 5005 praecipuo
2983 4931 3329 5004 [confessori
3357 4938 3516 4986 caete-

1931 5032 2120 5101 risque
2153 5029 2359 5086 sanctis
2390 5029 2525 5084 inibi
2568 5026 2859 5099 assignatis
2897 5027 2967 5081 ob
3003 5025 3220 5081 illorum
3260 5037 3511 5093 corpora,

1931 5138 2054 5192 quae
2080 5129 2141 5176 ut
2177 5120 2463 5192 peregrina
2509 5117 2933 5189 hospitabantur
2957 5130 3053 5186 per
3097 5115 3329 5170 aliorum
3360 5127 3512 5166 rura.

1931 5213 2027 5269 Est
2051 5222 2236 5269 autem
2267 5213 2421 5284 prius
2455 5220 2599 5269 terra
2628 5209 2821 5280 inqua
2864 5209 3044 5278 ipsum
3085 5208 3250 5265 situm
3273 5212 3357 5260 est
3390 5219 3512 5258 mo-

1932 5307 2254 5374 nasterium,
2276 5313 2332 5361 et
2360 5303 2622 5376 praedium
2646 5300 2791 5372 quod
2811 5299 3060 5355 dedimus
3084 5300 3203 5369 ipso
3226 5298 3314 5354 die
3343 5305 3515 5353 trans-

1930 5397 2153 5452 lationis
2200 5405 2516 5457 sanctorum
2560 5402 2615 5449 et
2668 5391 2874 5448 dicitur
2903 5389 3142 5457 Villaris,
3189 5405 3323 5445 eum
3362 5387 3514 5443 omni

1930 5486 2243 5557 integritate
2265 5501 2386 5557 qua:
2424 5485 2493 5540 ad
2534 5484 2713 5555 ipsum
2756 5482 3010 5553 pertinet,
3057 5487 3112 5536 et
3144 5480 3348 5552 capella
3379 5478 3513 5534 inibi

1931 5586 2256 5634 consecrata
2286 5578 2340 5632 in
2364 5578 2625 5632 honorem
2653 5583 2856 5630 sanctae
2882 5571 2977 5627 Dei
2997 5570 3287 5628 Genitricis
3308 5568 3506 5625 Mariae.

1935 5666 2066 5721 Item
2112 5669 2232 5724 aliae
2260 5685 2347 5724 res
2375 5685 2497 5738 qua:
2526 5668 2677 5739 prius
2715 5668 2854 5723 data:
2899 5675 3045 5731 sunt,
3082 5666 3225 5721 unde
3253 5665 3401 5736 prior
3430 5668 3507 5720 est

1933 5762 2222 5818 ecclesiola
2255 5762 2307 5817 in
2335 5763 2596 5823 subnrbio
2624 5760 2900 5817 Parisiaco
2928 5760 3071 5817 haud
3100 5758 3289 5832 procul
3314 5771 3348 5816 ι
3368 5770 3513 5821 sine
