4058 6392
565 367 684 424 -951
766 394 772 401 -

1718 355 2019 416 ROBERTI
2058 353 2260 411 REGIS
2296 354 2724 414 FRANCORUM
2787 383 2794 391 π

3718 356 3806 420 πω

586 478 768 547 nibus,
791 477 849 532 in
887 477 1095 533 honore
1131 472 1189 530 S.
1217 471 1464 545 Maglorli
1501 472 1680 528 dicata
1708 487 1832 528 cum
1885 478 2032 526 terra
2065 467 2168 522 sibi
2200 468 2246 524 Α
2273 468 2397 522 dem
2425 468 2686 540 degentes
2711 481 2836 523 cum
2860 465 3098 530 normali
3130 464 3337 522 honore
3356 467 3693 524 custodiendo
3713 479 3804 530 tra-

586 569 874 641 adjacenti,
900 569 955 624 in
983 585 1088 639 qua
1134 567 1375 638 ipsorum
1419 565 1697 635 sepultura
1738 572 1823 618 est
1867 559 2167 617 monacho-

587 679 730 719 rum.
754 663 991 719 Clausus
1005 663 1173 718 etiam
1200 662 1371 716 vineae
1389 660 1545 730 juxta
1569 657 1793 712 Saveias
1823 656 1982 721 situs,
2006 669 2170 725 quem

587 754 736 810 dedit
759 755 898 809 diva:
921 753 1200 808 memoriae
1225 750 1379 823 Hugo
1406 766 1542 806 avus
1563 758 1769 816 noster,
1798 747 2172 818 :equivocique

588 849 764 905 nostri
798 847 1045 905 Rotberti
1093 848 1237 919 regis
1280 846 1442 901 ﬁlius.
1480 842 1612 900 item
1658 859 1785 913 pars
1818 851 1976 896 terra:
2015 839 2172 909 juxta

586 943 1152 1014 Montem-martyrum
1177 955 1342 1011 quam
1363 954 1546 995 comes
1570 938 1737 993 Fulco
1762 935 1926 991 dedit.
1963 933 2174 988 Parvus

589 1036 754 1091 etiam
777 1035 969 1091 alodus
1003 1048 1164 1105 quem
1195 1030 1385 1086 tribuit
1411 1029 1889 1099 Willelmusjuxta
1921 1024 2174 1081 eumdem

590 1127 730 1183 situs
755 1125 1185 1197 suprascriptum
1228 1131 1487 1178 montem.
1531 1120 1641 1178 Nec
1674 1137 1783 1174 non
1808 1127 1863 1175 et
1892 1117 2086 1173 alodus
2120 1116 2174 1171 in

592 1217 854 1271 comitatu
889 1214 1122 1280 Mellico,
1171 1213 1267 1285 qui
1311 1213 1514 1268 dicitur
1547 1210 1782 1267 Grandis
1829 1208 2090 1277 Campus,
2122 1213 2177 1261 et

592 1308 858 1378 praedium
887 1306 1032 1378 quod
1062 1305 1264 1361 dicitur
1314 1304 1509 1359 alodus
1552 1303 1608 1358 in
1633 1301 1895 1358 comitatu
1937 1297 2178 1353 Parisia-

591 1400 741 1454 censi
767 1413 926 1455 secus
951 1397 1350 1452 Fontiniacum.
1387 1394 1493 1451 Sed
1526 1404 1581 1450 et
1601 1393 1849 1450 ecclesia:
1869 1392 1926 1447 in
1963 1389 2178 1446 Pincia-

592 1493 744 1551 censi
790 1491 1053 1546 comitatu
1102 1507 1115 1542 :
1160 1491 1337 1560 prima
1385 1490 1438 1544 in
1486 1496 1755 1560 potestate
1804 1485 2080 1541 Madriaca
2122 1483 2178 1539 in

592 1584 802 1639 honore
840 1582 897 1638 S.
948 1582 1193 1654 Dionysii
1234 1581 1439 1648 dicata,
1471 1596 1597 1636 cum
1621 1580 1826 1651 capella
1853 1578 1907 1633 in
1953 1577 2181 1633 Maroilo

594 1662 697 1731 sita
722 1677 775 1731 in
799 1675 856 1730 S.
900 1674 1118 1731 Martini
1161 1674 1367 1729 honore
1395 1672 1639 1727 fundata.
1665 1671 1787 1727 Alia
1818 1672 1874 1725 in
1904 1668 2183 1727 Vcrnoilio

593 1768 826 1823 ecclesia
857 1766 914 1822 S.
942 1766 1219 1837 Stephano
1246 1764 1515 1830 dedicata,
1538 1771 1594 1818 et
1624 1763 1679 1817 in
1703 1761 1891 1817 eadem
1921 1760 2049 1816 villa
2084 1775 2180 1815 ca-
2212 1801 2255 1857 Β

594 1861 733 1929 pella
763 1859 820 1915 S.
847 1859 1054 1915 Hilario
1076 1866 1416 1914 consecrata.
1459 1855 1703 1926 Denique
1725 1863 1778 1911 et
1801 1853 2086 1911 ecclesiola
2122 1853 2177 1908 in

594 1950 725 2008 villa
760 1970 884 2024 quae
934 1954 1137 2010 dicitur
1167 1954 1343 2010 sancti
1378 1953 1716 2025 Lcodegarii,
1745 1953 1802 2008 in
1823 1953 1980 2024 cujus
2005 1960 2060 2007 et
2086 1967 2181 2007 no-

597 2046 746 2102 mine
787 2048 1074 2120 benedicta
1097 2056 1330 2103 constat.
1383 2045 1523 2102 Sunt
1542 2048 1708 2103 etiam
1749 2046 1926 2102 mansi
1957 2062 2019 2101 ιιι
2040 2060 2181 2115 quos

596 2138 774 2193 tenuit
799 2137 1046 2194 Riculqu
1080 2138 1136 2193 in
1182 2137 1445 2193 beneﬁcio
1466 2153 1533 2193 ex
1565 2137 1875 2207 supradicta
1918 2142 2185 2208 potestate

596 2230 833 2286 Madreia
878 2232 935 2286 in
962 2231 1236 2301 episcopio
1267 2230 1547 2286 Parisiaco
1583 2237 1638 2285 et
1672 2227 1955 2285 comitatu.
1992 2226 2185 2283 Eccle-

601 2323 682 2378 sia
709 2322 766 2378 S.
804 2322 987 2380 Maria:
1022 2322 1231 2379 nomini
1277 2322 1615 2378 sanctiﬁcata
1636 2328 1691 2376 et
1718 2321 1773 2375 in
1795 2320 1984 2375 eodem
2010 2319 2184 2375 comi-

599 2420 717 2467 tatu
762 2412 820 2467 in
858 2420 1125 2483 potestate
1148 2411 1340 2481 lsiaca,
1376 2412 1660 2469 vinearum
1706 2419 1869 2481 atque
1904 2418 2186 2480 pratorum

599 2521 715 2573 xu,
743 2520 932 2576 arpen.
957 2504 1135 2559 Etiam
1180 2505 1238 2559 in
1280 2501 1470 2560 Venua
1503 2503 1966 2577 vfarpen.'.vine:e.
2000 2500 2059 2555 In
2089 2516 2189 2572 po-

599 2604 796 2651 testate
839 2610 1057 2666 quoque
1108 2594 1397 2653 Cataronis
1440 2612 1670 2652 mansus
1705 2612 1723 2651 ι
1772 2594 1991 2652 arabilis
2032 2602 2191 2649 terrae

602 2703 732 2762 eum
770 2686 1053 2742 vinearum
1103 2686 1470 2756 fecunditate;
1516 2687 1575 2741 in
1604 2687 1865 2758 prmdicto
1902 2686 2067 2742 etiam
2097 2701 2191 2742 co-

603 2770 799 2850 initatu
835 2787 891 2841 in
924 2786 1050 2842 villa
1081 2801 1204 2857 quae
1242 2785 1443 2842 dicitur
1475 2784 1739 2840 Montium
1770 2800 2038 2841 mansusx
2067 2799 2185 2841 ara-

605 2876 734 2935 bilis
769 2885 926 2933 terrae
959 2894 1085 2932 cum
1123 2877 1409 2933 vinearum
1445 2877 1710 2932 ubertate.
1742 2873 1802 2930 In
1837 2876 2027 2931 eodem
2054 2890 2192 2946 quo-

606 2984 714 3040 que
775 2968 1051 3024 territorio
1096 2985 1263 3040 supra
1316 2968 1544 3025 ﬂuvium
1600 2966 1843 3038 Vigenne
1905 2967 2191 3022 dimidium

607 3064 945 3141 maisnilum,
976 3064 1123 3133 quod
1149 3064 1350 3119 dicitur
1390 3061 1725 3117 Murcinctus
1749 3076 1874 3116 eum
1909 3069 2192 3131 pratorum

609 3134 785 3229 copia.
812 3158 854 3212 E
895 3159 1144 3228 proximo
1172 3173 1393 3227 quoque
1424 3155 1741 3212 maisnilum
1775 3155 2027 3221 alterum,
2049 3155 2194 3225 quod
2221 3132 2263 3189 (δ

610 3251 813 3306 dicitur
839 3250 1017 3306 Sienis
1043 3248 1264 3321 Villere,
1296 3264 1423 3306 cum
1468 3248 1677 3318 capella
1714 3247 1849 3303 inibi
1883 3248 1941 3302 in
1986 3248 2196 3304 honore

614 3341 675 3400 S.
710 3340 999 3399 Genovefze
1030 3341 1314 3398 aediﬁcata.
1351 3339 1413 3395 In
1436 3338 1817 3395 Aurelianensi
1848 3347 2069 3410 quoqtne
2097 3353 2193 3394 co-

612 3437 811 3494 mitatu
853 3437 1044 3494 alodus
1078 3436 1174 3507 qui
1195 3435 1396 3491 dicitur
1420 3434 1739 3492 Cilliuiacus
1781 3449 1909 3491 cum
1939 3433 2197 3490 omnibus

615 3528 723 3585 sibi
764 3529 1165 3600 adjacentibus.
1205 3526 1576 3582 Molendinum
1609 3540 1830 3598 quoque
1850 3540 2023 3582 unum
2049 3523 2201 3580 Pario

614 3620 790 3680 risius
817 3623 875 3678 in
905 3622 1074 3680 ﬂuvio
1104 3621 1390 3693 Sequanae.
1423 3619 1557 3676 item
1586 3620 1644 3676 in
1665 3620 1928 3677 comitatu
1951 3619 2185 3676 Aurelia
2258 3692 2261 3693 ν

615 3717 775 3772 nensi
800 3716 1034 3773 ecclesia
1062 3715 1121 3771 in
1141 3715 1269 3771 villa
1301 3731 1425 3787 quae
1444 3714 1645 3771 dicitur
1674 3712 2092 3773 Gimminiacus.

687 3850 814 3908 Haec
834 3853 1019 3910 omnia
1047 3853 1384 3925 supradicta,
1415 3851 1500 3907 vel
1533 3866 1656 3922 qua:
1674 3850 1929 3921 deinceps
1951 3866 1982 3905 a
2007 3850 2200 3905 catho-

615 3946 742 4002 licis
764 3945 897 4003 viris
918 3948 1092 4004 eidem
1128 3948 1323 4004 coliata
1356 3945 1560 4001 fuerint
1586 3944 1832 4000 ecclesiae
1860 3943 1932 3999 ob
1957 3958 2200 4000 amorem

618 4037 717 4092 Dei
739 4046 794 4093 et
814 4039 1175 4095 reverentiam
1198 4039 1448 4110 ipsorum
1477 4044 1795 4093 sanctorum
1811 4033 2202 4090 conﬁrmamus

621 4130 947 4186 auctoritate
986 4140 1197 4198 nostra,
1221 4140 1494 4202 quatenus
1516 4144 1730 4198 semper
1752 4128 1856 4183 sub
1884 4125 2202 4197 plenissima

619 4220 936 4276 defensione
970 4230 1026 4277 et
1063 4222 1383 4277 emunitatis
1409 4221 1640 4276 tuitione
1679 4219 2033 4275 corroborata
2073 4232 2202 4288 per-

622 4321 903 4380 maneant,
935 4315 1008 4369 ita
1032 4315 1284 4370 videlicet
1327 4322 1389 4369 ut
1429 4313 1612 4368 nullus
1643 4313 1713 4368 ab
1746 4312 1874 4368 hinc
1907 4312 1975 4368 ad
2006 4326 2205 4368 causas

622 4406 940 4478 exigendas,
971 4417 1066 4463 aut
1086 4406 1238 4464 freda
1266 4408 1353 4463 vel
1383 4407 1585 4461 tributa
1617 4405 1901 4476 exigenda,
1925 4412 2021 4460 aut
2049 4419 2205 4459 man-

2270 568 2396 626 ctct,
2434 559 2707 629 simulque
2740 566 2803 613 ut
2838 557 3023 613 nullus
3061 558 3509 626 metropolitanus
3533 568 3621 612 aut
3647 559 3807 628 aliquis

2273 666 2410 706 suus
2457 650 2761 721 subjectus,
2802 649 2966 704 etiam
3018 647 3266 719 pontifex
3311 647 3632 714 Parisiacus,
3674 664 3806 711 causa

2273 742 2508 811 alicujus
2561 741 2926 798 ordinationis
2970 740 3100 795 illuc
3147 739 3355 810 ingredi
3392 750 3691 809 praesumat,
3726 741 3808 797 nisi

2274 839 2501 885 vocatus
2522 830 2733 885 venerit
2773 838 2871 885 aut
2921 829 2988 885 ad
3034 836 3279 885 sanctam
3317 829 3543 884 missam
3582 831 3793 885 celebrari

2274 920 2423 990 dam,
2455 930 2551 977 aut
2595 922 2663 977 ad
2706 921 2970 977 ecclesias
2998 921 3423 987 consecrandas,
3457 929 3549 976 aut
3575 923 3637 976 ad
3676 922 3809 976 bene-

2275 1011 2543 1068 dictiones
2569 1010 2897 1066 clericorum
2928 1009 3227 1077 faciendas,
3253 1018 3307 1066 et
3328 1011 3475 1081 quod
3505 1011 3721 1065 debitum
3740 1026 3813 1067 ex-

2276 1115 2472 1158 cusare
2512 1117 2622 1157 non
2642 1102 2821 1170 debet,
2872 1102 2968 1173 qui
3011 1110 3240 1157 vocatus
3270 1099 3456 1156 fuerit.
3500 1099 3563 1156 Et
3597 1102 3810 1172 quoniam

2277 1194 2553 1267 peregrini
2573 1202 2737 1265 atque
2760 1193 3081 1264 alienigena:
3109 1208 3231 1249 esse
3265 1201 3585 1260 noscuntur,
3598 1194 3811 1264 benigne,

2278 1286 2706 1342 misericorditer
2748 1302 2812 1342 ac
2849 1286 2934 1357 pie
2963 1286 3125 1342 almis
3159 1294 3214 1341 et
3249 1286 3533 1341 catholicis
3554 1285 3675 1341 viris
3697 1301 3810 1342 sem-

2279 1391 2378 1447 per
2406 1378 2631 1432 tractari
2662 1392 2727 1432 ac
2758 1375 3007 1431 contueri
3038 1376 3268 1431 debeant
3303 1391 3405 1445 pro
3438 1376 3663 1442 Christo,
3684 1391 3815 1445 aquo

2279 1475 2334 1522 et
2364 1483 2466 1523 nos
2509 1467 2690 1524 cuncti
2721 1466 3137 1538 peregrinamur
3167 1466 3223 1521 in
3258 1467 3485 1521 mundo.
3518 1467 3814 1523 Decrevimus

2279 1559 2444 1615 etiam
2474 1575 2570 1630 per
2599 1559 2770 1615 nostri
2796 1559 3180 1614 auctoritatem
3207 1560 3464 1629 praecepti
3502 1567 3559 1614 ut
3584 1574 3723 1615 nemo
3740 1576 3813 1615 su-

2281 1668 2379 1722 per
2400 1653 2549 1722 ipsos
2579 1667 2769 1708 servos
2800 1650 2897 1706 Dei
2920 1659 3247 1722 potestatem
3273 1659 3545 1716 exerceat,
3571 1659 3655 1705 aut
3672 1666 3815 1721 quem-

2284 1742 2431 1813 piam
2452 1741 2599 1797 inter
2627 1756 2722 1798 eos
2741 1749 2934 1798 contra
2953 1742 3292 1798 voluntatem
3315 1742 3559 1812 ipsorum
3588 1742 3815 1811 imponere

2281 1841 2468 1889 tentet.
2529 1831 2637 1889 Sed
2678 1834 2736 1889 in
2779 1848 2969 1889 eorum
3016 1832 3399 1904 dispositione,
3434 1833 3741 1888 ordinatione
3773 1840 3815 1886 et

2280 1928 2545 1984 electione
2566 1928 2715 1984 intus
2744 1936 2800 1982 et
2832 1925 2973 1984 foris
3018 1927 3201 1982 omnia
3238 1927 3565 1993 consistant,
3598 1934 3815 1997 quatenus

2282 2009 2471 2078 servos
2512 2019 2609 2075 Dei
2639 2020 2735 2091 qui
2766 2019 2903 2074 inibi
2943 2017 3054 2073 Deo
3080 2017 3439 2084 famulantur,
3485 2033 3579 2088 pro
3612 2016 3743 2071 nobis
3774 2023 3816 2070 et

2283 2114 2577 2171 stabilitate
2606 2112 2778 2169 totius
2803 2111 2957 2183 regni
2983 2126 3016 2167 a
3055 2109 3164 2166 Deo
3186 2111 3351 2165 nobis
3369 2109 3627 2176 concessi,
3652 2123 3817 2180 proque

2283 2204 2526 2260 remedio
2547 2204 2856 2259 animarum
2878 2217 3068 2258 eorum
3099 2202 3193 2272 qui
3214 2216 3317 2271 pro
3341 2217 3528 2258 amore
3552 2200 3637 2255 Dei
3656 2208 3701 2254 et
3713 2214 3813 2253 san-

2286 2308 2498 2352 ctorum
2541 2294 2677 2351 inibi
2719 2310 2819 2350 sua
2849 2294 3121 2349 tradidere
3154 2293 3407 2359 donaria,
3435 2308 3613 2348 eorum
3641 2304 3817 2361 quoque

2286 2388 2381 2458 qui
2430 2385 2633 2443 futuris
2661 2385 3001 2454 temporibus
3041 2383 3221 2438 daturi
3264 2392 3398 2438 sunt
3428 2382 3654 2453 praemia,
3695 2381 3815 2434 liceat

2287 2488 2403 2534 tute
2428 2489 2592 2549 atque
2615 2476 2883 2547 condigne
2905 2474 3139 2530 Domino
3166 2489 3360 2544 pret-cs
3386 2462 3621 2534 fundere,
3644 2480 3689 2526 et
3708 2471 3814 2526 hanc

2289 2570 2692 2636 auctoritatem,
2732 2576 2793 2623 ut
2830 2566 3043 2621 ﬁrmior
3088 2566 3145 2620 in
3193 2565 3288 2620 Dei
3329 2564 3549 2620 nomine
3585 2562 3815 2624 habeatur,

2290 2662 2541 2717 ﬁdelibus
2566 2674 2785 2732 quoque
2814 2666 3017 2714 sancta:
3043 2656 3133 2712 Dei
3168 2655 3428 2711 Ecclesia:
3449 2662 3504 2709 et
3527 2652 3706 2708 nostris
3722 2649 3815 2705 ditio

2292 2754 2507 2825 gentius
2551 2757 2926 2815 conservetur,
2967 2763 3136 2802 manu
3177 2746 3401 2817 propria
3454 2739 3817 2801 subterﬁrmavi-

2293 2862 2438 2912 nius,
2461 2854 2516 2901 et
2545 2843 2734 2899 annuli
2758 2842 2932 2897 nostri
2962 2842 3326 2912 impressione
3359 2841 3559 2912 signari
3581 2837 3813 2910 jussimus.

2738 2933 2910 2988 Locus
2950 2933 3443 3004 monogrammalis.

2367 3027 2656 3099 Rotgerius
2678 3025 3040 3082 cancellarius
3062 3023 3304 3094 scripsit.

3258 3112 3435 3168 Locus
3457 3110 3631 3183 sigilli.

3056 3249 3121 3305 γ.

2298 3345 2509 3400 Roberti
2560 3342 3067 3416 regiaprivilegium
3120 3356 3215 3411 pro
3263 3333 3820 3416 monasteriol’iscatnf

2370 3417 2537 3470 nensi.
2575 3405 2644 3454 έ-
2675 3405 3082 3467 Βὲδιὶῑαιῖοηεηι
3118 3405 3499 3464 Monac/torum
3539 3405 3767 3459 Fiscamm'
3794 3415 3819 3451 tl

2371 3484 2637 3539 Richardo
2673 3485 2860 3536 comite
2899 3482 3099 3551 factam
3132 3490 3184 3535 et
3223 3480 3535 3535 donationes
3561 3477 3706 3531 eidem
3733 3473 3820 3526 loco

2369 3556 2434 3608 ab
2460 3571 2519 3608 eo
2556 3555 2727 3624 [actas
2758 3553 3059 3622 conﬁrmat.
3436 3574 3439 3581 -

2891 3642 3074 3712 (Anno
3111 3638 3299 3710 1006.)

2570 3733 2857 3808 [malum
2883 3731 3081 3786 Annal.
3110 3730 3311 3785 Bened.
3337 3728 3431 3796 IV,
3457 3724 3606 3799 185.]

2372 3848 2432 3903 ln
2474 3848 2696 3903 nomine
2739 3856 2941 3902 sanctae
2976 3854 3030 3901 et
3070 3843 3369 3900 individua;
3398 3837 3678 3907 Trinitatis,
3711 3833 3823 3889 flor-

2302 3954 2509 3993 nsn'ws
2535 3938 2723 3993 divina
2748 3936 2962 3991 favente
2991 3934 3279 3991 clementia
3308 3950 3426 3989 rex.

2372 4027 2643 4096 Quoniam
2667 4028 2809 4087 inter
2831 4040 3122 4083 numerum
3150 4025 3375 4080 illorum
3395 4028 3738 4092 computamur
3751 4009 3821 4083 qui

2303 4119 2471 4192 regali
2512 4127 2807 4175 censentur
2841 4118 3085 4186 nomine,
3125 4117 3173 4173 si
3204 4117 3260 4171 in
3298 4116 3550 4171 omnibus
3584 4110 3722 4181 hujus
3744 4119 3821 4159 n0-

2304 4214 2471 4270 minis
2510 4211 2745 4269 ofﬁcium
2785 4210 2978 4265 devote
3027 4207 3323 4280 nequimus
3378 4204 3669 4275 adimplere,
3698 4194 3823 4253 nimis

2305 4305 2533 4375 impium
2557 4311 2642 4359 est
2663 4301 2850 4359 omnia
2876 4298 3226 4356 inefﬁcaciter
3255 4296 3546 4368 prmterire.
3582 4291 3713 4347 Unde
3729 4286 3820 4341 Fisc

2305 4394 2639 4459 camnensis,
2665 4407 2832 4463 quam
2863 4389 3133 4447 orationis
3179 4389 3353 4461 gratia
3398 4376 3823 4447 visitavimus,jus-

625 4462 810 4556 siones
842 4462 938 4556 vel,
956 4508 1176 4571 paratas
1198 4499 1497 4573 faciendas,
1519 4500 1603 4554 vel
1627 4462 1978 4568 ﬁdeljusso'res
2006 4496 2201 4551 tollen-
2237 4462 2281 4518 Β
2311 4497 2423 4544 tam
2444 4462 2956 4551 ecdeSialicausam.
2979 4499 3091 4554 qua
3119 4481 3545 4573 ίηῐέῗρεηθωυτν
3642 4470 3824 4573 “nisi?

622 4593 745 4661 dos,
780 4602 876 4649 aut
912 4593 1162 4648 homines
1202 4592 1447 4663 ejusdem
1485 4591 1751 4657 ecclesiae,
1783 4598 1892 4646 tam
1941 4590 2205 4660 ingenuos

623 4702 791 4755 quam
836 4700 1046 4752 servos,
1082 4700 1245 4755 super
1271 4692 1472 4739 terram
1519 4683 1765 4753 ipsorum
1798 4688 2206 4735 commanentes

626 4776 827 4846 injuste
871 4775 1295 4846 distringendos,
1340 4789 1442 4829 nec
1483 4774 1625 4830 ullas
1666 4772 2059 4828 redhibitiones
2115 4779 2211 4827 aut

624 4870 845 4928 illicitas
885 4873 1204 4926 occasiones
1242 4868 1619 4939 requirendas,
1664 4866 1870 4923 nostris
1914 4873 1969 4921 et
2009 4865 2211 4921 futuris

626 4961 969 5033 temporibus
1014 4960 1224 5032 ingredi
1257 4959 1475 5026 audeat,
1518 4959 1602 5013 vel
1629 4972 1694 5012 ea
1729 4973 1851 5029 quae
1903 4971 2065 5027 supra
2096 4970 2211 5011 me-

627 5060 845 5107 morata
891 5059 1020 5105 sunt
1061 5048 1276 5120 exigere
1325 5055 1643 5118 prmsumat.
1697 5045 1803 5101 Sed
1846 5046 2008 5100 liceat
2030 5045 2211 5099 abbati

629 5143 857 5212 suisque
892 5138 1309 5196 successoribus
1348 5153 1434 5193 res
1483 5136 1728 5208 prmdicti
1755 5134 2076 5190 monasterii
2110 5134 2214 5188 sub

629 5232 949 5286 emunitatis
972 5238 1175 5287 nostra:
1203 5228 1575 5285 defensionem
1604 5228 1791 5298 quieto
1818 5227 2011 5282 ordine
2034 5226 2214 5296 possi-

631 5322 762 5377 dere
792 5323 858 5377 ad
901 5323 1166 5393 stipendia
1203 5321 1599 5377 monachorum
1630 5319 1832 5375 ibidem
1879 5316 1992 5373 Deo
2030 5317 2213 5373 famu-

631 5413 886 5479 lantium,
912 5415 1353 5485 perennibusque
1388 5412 1638 5483 proﬁciat
1664 5411 2003 5483 temporibus
2032 5410 2089 5464 in
2115 5426 2215 5465 au-

636 5505 890 5578 gmentis.
919 5506 1186 5561 Volumus
1237 5506 1401 5561 etiam
1439 5514 1499 5559 ut
1540 5505 1787 5560 omnium
1830 5503 2215 5574 episcoporum

638 5615 703 5657 ac
724 5598 982 5653 comitum
997 5608 1310 5654 nostrorum
1334 5598 1387 5653 in
1408 5599 1513 5653 hoc
1533 5597 1825 5653 concordet
1859 5611 2142 5662 assensus,
2158 5603 2219 5648 ut

639 5690 780 5749 idem
820 5692 974 5747 locus
1006 5706 1220 5759 semper
1247 5691 1495 5746 abbatem
1529 5691 1725 5745 habeat
1744 5706 1810 5744 ex
1832 5688 2051 5759 propria
2084 5703 2217 5742 con-

638 5782 973 5858 gregatione.
999 5781 1090 5857 qui
1138 5781 1310 5857 ipsam
1355 5797 1539 5836 casam
1575 5780 1665 5838 Dei
1709 5788 1760 5835 ct
1786 5779 2084 5837 monachos
2116 5777 2212 5839 ibi-

2310 4577 2644 4648 suscipimns
2699 4584 2754 4631 et
2797 4553 3098 4647 {gratanter
3155 4571 3530 4641 adimplemus.
3573 4562 3739 4640 Notum
3771 4553 3824 4648 sit

2313 4646 2480 4742 igitur
2506 4646 2868 4740 pmsentibus
2901 4675 2957 4723 et
3000 4665 3202 4722 futuris
3245 4665 3392 4735 quod
3424 4662 3507 4733 pia
3535 4670 3700 4715 sumus
3719 4646 3823 4721 peli-

2313 4764 2462 4819 tione
2485 4762 2825 4818 dilectissimi
2846 4760 3024 4816 ﬁdelis
3047 4758 3222 4814 nostri
3246 4754 3500 4812 Richardi
3525 4747 3710 4808 comitis
3726 4754 3825 4797 exo-

2316 4857 2443 4924 rati,
2476 4864 2538 4912 ut
2578 4871 2667 4911 res
2695 4871 2836 4926 quas
2892 4854 3020 4909 huic
3052 4853 3194 4918 loco,
3249 4852 3303 4905 in
3350 4851 3551 4904 honore
3593 4835 3822 4897 individui

2318 4956 2521 5003 sancta:
2540 4926 2824 5001 Trinitatis
2848 4942 3332 5001 consubstantialis
3354 4938 3546 5004 Patris,
3574 4941 3622 4989 et
3646 4926 3759 4991 Filii,
3782 4929 3822 4975 et

2321 5039 2557 5110 Spiritus
2600 5038 2775 5095 sancti
2812 5043 3154 5102 consecrato,
3188 5032 3425 5098 tradidit,
3460 5037 3513 5084 et
3556 5039 3640 5097 per
3666 5021 3821 5077 οιιπω

2319 5140 2704 5186 testamentum
2737 5128 2994 5194 ﬁrmavit,
3026 5142 3129 5182 nos
3156 5139 3372 5196 quoque
3410 5127 3587 5175 nostro
3611 5112 3820 5185 primi)”

2320 5223 2821 5278 corroboraremus.
2859 5219 3032 5290 Cujus
3057 5234 3245 5291 preces
3268 5211 3633 5273 delectabiliter
3655 5200 3818 5260 auditas

2321 5318 2465 5375 sicut
2491 5319 2704 5389 justum
2745 5324 2848 5383 est,
2890 5315 3234 5386 suscepimus
3268 5323 3376 5367 tam
3413 5310 3625 5365 libenter
3649 5293 3821 5366 impleﬂ'

2322 5411 2439 5467 das.
2469 5388 2550 5465 Pii
2578 5410 2725 5465 enim
2754 5408 2955 5481 prieris
2992 5406 3248 5461 Richardi
3277 5401 3496 5459 intentio
3517 5397 3577 5453 ad
3602 5388 3817 5481 hochunc

2323 5503 2502 5558 locum
2527 5501 2855 5567 construxit,
2883 5507 2945 5554 ut
2979 5498 3367 5554 monachorum
3394 5491 3521 5546 ordo
3544 5486 3607 5541 ibi
3640 5477 3724 5567 sub
3753 5484 3817 5525 re‘

2324 5593 2448 5663 gula
2472 5592 2648 5647 sancti
2677 5566 2951 5645 Benedicti
2979 5587 3202 5649 viveret,
3230 5595 3283 5638 et
3313 5583 3400 5635 Dei
3442 5574 3665 5663 laudibus
3684 5566 3814 5619 i059"

2322 5661 2480 5738 viret.
2529 5682 2684 5749 Quod
2748 5678 3077 5735 desiderium
3133 5677 3384 5747 quoniam
3434 5676 3590 5726 morte
3631 5661 3812 5749 interre-

2324 5774 2506 5833 nieute
2540 5739 2837 5844 adimplere
2872 5786 2982 5827 non
3021 5739 3217 5848 potuit,
3254 5766 3372 5839 pius
3401 5761 3533 5819 ﬁlius
3570 5739 3813 5810 Richard“s
