4058 6392
273 355 376 412 953

1707 352 2120 410 DlPLOMATA.

3408 364 3513 426 954

271 467 584 538 ειιιιίγοςιιε
606 469 828 539 implere
854 467 1198 538 prozuravit;
1224 473 1278 520 et
1298 465 1480 520 divina
1515 465 1854 533 providentia
1883 469 1924 524 A
1953 465 2147 520 dicatis
2183 462 2408 520 uberius
2437 461 2833 530 famulandum,
2877 465 3139 520 auxilium
3179 464 3530 535 porrigimus,

268 567 541 628 repertum
571 558 832 613 domnum
857 559 1109 614 abbatem
1141 557 1511 621 Guillelmum,
1537 556 1702 626 hujus
1733 571 1852 611 mo-

265 651 492 704 nasticae
540 649 836 720 religionis,
873 665 996 719 qua:
1051 649 1125 703 ibi
1153 648 1426 716 cernitur,
1459 645 1700 717 praefecit
1734 663 1852 702 ma-

263 741 499 812 gistrum
528 749 583 794 et
616 749 906 795 rectorem.
945 738 1062 794 Sub
1094 754 1206 809 quo
1227 745 1507 793 crescente
1546 737 1849 792 monacho-

263 848 390 886 rum
427 847 688 899 numero,
715 833 805 887 hic
835 847 1022 887 comes
1077 830 1384 886 Richardus
1415 828 1604 898 junior
1640 837 1850 898 tempo-

261 923 377 976 rale
423 923 628 978 bonum
659 939 856 995 augere
898 923 1124 979 studuit.
1164 921 1224 976 ln
1250 922 1512 978 comitatu
1556 920 1845 988 Caleiensi,

260 1031 322 1068 ιιι
356 1015 474 1084 ipsa
507 1015 635 1069 villa
669 1015 984 1081 Fiscamno,
1027 1015 1244 1070 tertiam
1285 1022 1496 1083 partem
1546 1012 1844 1083 hospitum,

257 1122 404 1176 quos
425 1108 650 1162 colonos
681 1116 947 1163 vocant...
992 1106 1152 1162 Silva:
1190 1120 1355 1160 unam
1393 1113 1622 1174 partem,
1659 1120 1692 1158 a
1741 1119 1846 1174 pu-

258 1199 401 1252 blica
441 1207 609 1253 strata
639 1215 812 1268 usque
839 1200 904 1253 ad
946 1215 1099 1254 mare
1121 1197 1472 1254 terminatam
1511 1213 1523 1248 :
1567 1195 1656 1250 cui
1680 1196 1846 1250 etiam

254 1289 409 1344 dedit
464 1290 518 1343 in
572 1289 995 1361 Rothomagensi
1039 1289 1258 1344 civitate
1311 1287 1599 1344 ecclesiam
1659 1285 1846 1342 Sancti

254 1379 480 1434 Paterni
525 1397 648 1436 cum
691 1397 802 1436 uno
831 1396 1046 1449 manso,
1086 1381 1180 1436 ubi
1224 1380 1330 1436 sita
1372 1387 1477 1446 est,
1507 1387 1610 1435 etc.
1643 1377 1769 1434 Haec
1791 1387 1846 1435 et

251 1473 445 1526 omnia
473 1488 596 1542 qua:
639 1473 765 1527 data
810 1482 941 1528 sunt
987 1474 1056 1528 ab
1090 1473 1210 1543 ipso
1248 1472 1466 1537 comite,
1498 1471 1583 1526 vel
1619 1487 1650 1526 a
1689 1480 1845 1541 patre

250 1563 427 1629 illius,
466 1565 554 1617 vel
575 1573 762 1618 nostra
792 1565 1076 1634 largitione
1109 1564 1305 1619 collata
1329 1570 1477 1629 sunt,
1513 1563 1599 1617 vel
1638 1578 1670 1618 a
1705 1577 1844 1632 quo-

248 1670 474 1724 cunque
499 1654 640 1708 ﬁdeli
676 1655 803 1710 huic
832 1656 952 1710 loco
989 1655 1245 1725 deinceps
1266 1654 1470 1710 fuerint
1491 1645 1839 1722 conferenda,

248 1746 556 1813 sancimus,
593 1748 1036 1812 corroboramus,
1061 1757 1165 1801 etc.
1194 1745 1254 1801 In
1277 1747 1489 1801 abbatis
1515 1754 1696 1800 autem
1730 1746 1842 1800 ele-

1951 555 2006 608 id
2043 555 2202 611 nobis
2232 556 2425 626 procul
2459 555 2648 622 dubio,
2682 564 2736 610 et
2769 556 2836 610 ad
2867 556 3159 611 instantem
3198 555 3364 609 vitam
3395 564 3533 610 tem-

1950 646 2209 716 poraliter
2253 645 2682 715 transigendam,
2725 646 2870 708 etad
2899 645 3140 700 futuram
3172 643 3400 700 feliciter
3435 644 3533 699 ob-

1950 738 2226 792 tinendam
2271 738 2614 794 commodius
2639 738 2929 807 provenire
2951 737 3297 793 conlidimus.
3325 735 3531 791 Perco-

1949 831 2158 900 gnitum
2207 829 2326 885 fore
2376 829 2540 900 igitur
2578 831 2912 887 omnimodis
2974 829 3227 900 cupimus
3273 829 3531 883 omnibus

1947 920 2154 976 Christi
2176 921 2492 992 nostrisque
2524 921 2796 988 ﬁdelibus,
2818 923 3182 992 praesentibus
3211 922 3420 977 scilicet
3443 929 3530 976 at-

1947 1027 2055 1081 que
2107 1011 2329 1078 futuris,
2376 1013 2636 1082 quoniam
2689 1015 2823 1069 adiit
2871 1015 3220 1069 serenitatem
3273 1013 3532 1070 culminis

1948 1104 2122 1157 nostri
2158 1102 2400 1158 Herveus
2447 1103 2607 1159 levita
2650 1113 2703 1159 et
2735 1105 3059 1160 arcbiclavis
3099 1105 3243 1159 beati
3292 1104 3529 1170 Martini,

1946 1192 2229 1248 humiliter
2262 1193 2537 1263 flagitans,
2580 1203 2636 1249 et
2657 1193 2953 1265 ﬁagitando
2986 1211 3206 1249 summa
3242 1211 3401 1264 prece
3431 1195 3529 1250 de—

1945 1299 2197 1353 poscens,
2226 1283 2305 1338 uti
2335 1285 2661 1340 auctoritate
2711 1293 2914 1341 nostra:
2946 1285 3326 1356 praeceptionis
3351 1287 3532 1341 edice-

1944 1389 2130 1429 remus
2154 1383 2482 1445 praeceptum
2509 1375 2612 1431 sibi
2644 1375 2761 1432 ﬁeri
2791 1377 2858 1432 de
2879 1378 3110 1432 ecclesia
3135 1377 3313 1433 Bcatae
3347 1377 3531 1434 Mariae

1945 1467 2305 1535 Bellimontis,
2334 1485 2444 1525 non
2481 1471 2641 1542 longe
2672 1472 2776 1527 sita
2803 1488 2833 1527 a
2860 1483 3042 1528 castro
3089 1473 3268 1528 Patris
3288 1473 3528 1542 Martini,

1943 1574 2069 1614 cum
2095 1560 2352 1614 omnibus
2396 1560 2562 1616 rebus
2584 1561 2651 1615 ad
2676 1576 2797 1616 eam
2829 1562 3251 1632 pertinentibus,
3279 1561 3532 1616 videlicet

1941 1650 2137 1715 vineis,
2169 1651 2361 1721 pratis,
2395 1667 2494 1720 pro
2536 1652 2738 1722 quibus
2778 1653 2998 1708 dederat
3040 1653 3182 1708 ﬁdeli
3211 1668 3313 1707 suo
3335 1651 3530 1705 Ebloni

1943 1749 2142 1795 terram
2168 1741 2222 1795 in
2247 1743 2554 1809 concamio,
2593 1758 2717 1813 quae
2739 1758 2849 1798 non
2873 1744 3104 1798 minoris
3132 1744 3288 1814 pretii
3313 1743 3382 1798 ad
3401 1743 3530 1797 red.-

248 1835 456 1900 ctione,
497 1836 870 1902 ordinatione,
921 1837 1034 1891 sive
1080 1836 1514 1902 consecratione,
1563 1836 1654 1890 illa
1697 1835 1841 1906 apud
1874 1829 1915 1884 B
1940 1831 2179 1887 dendum
2222 1833 2435 1888 fructus
2477 1835 2760 1902 existeret,
2793 1851 2958 1905 quam
2996 1835 3227 1890 ecclesia
3272 1835 3528 1905 superius

248 1927 392 1982 istos
415 1929 754 1982 consuetudo
777 1937 1058 1996 sequatur,
1082 1943 1204 1998 qua:
1226 1928 1490 1983 hactenus
1510 1928 1566 1982 in
1580 1926 1842 1983 Cluniaeo

247 2019 631 2073 curnobiorum
657 2028 872 2074 servata
894 2030 977 2076 est
1001 2019 1550 2086 illustrissimo,unde
1573 2021 1696 2076 fons
1712 2037 1841 2075 san-

245 2116 353 2164 cta:
376 2109 693 2163 monasticae
728 2110 1009 2180 religionis
1058 2126 1152 2179 per
1178 2111 1348 2164 multa
1371 2110 1484 2180 jam
1520 2111 1678 2182 longe
1700 2112 1837 2165 late-

247 2214 358 2268 que
400 2197 678 2253 derivatus
707 2201 846 2266 loca,
885 2201 951 2256 ad
1007 2201 1156 2256 hunc
1198 2217 1374 2271 usque
1424 2201 1536 2257 Deo
1579 2202 1838 2272 profluxit

246 2305 284 2359 p
314 2289 505 2358 opitio.
547 2288 690 2344 Nihil
714 2291 915 2360 quippe
965 2293 1162 2346 horum
1194 2292 1395 2361 quibus
1429 2290 1564 2346 inihi
1590 2292 1685 2348 Dei
1709 2308 1838 2362 pos-

246 2381 320 2436 sit
345 2381 596 2451 impediri
628 2383 884 2448 servitus,
912 2383 1219 2453 subreptori
1242 2384 1602 2454 relinquimus
1623 2399 1832 2452 amaro,

245 2471 378 2526 dum
424 2487 654 2542 quaeque
707 2473 773 2527 ad
817 2473 1200 2529 continendam
1239 2475 1440 2545 quietis
1483 2476 1833 2532 securitatem

245 2563 557 2633 cuicunque
607 2565 944 2620 monasterio
993 2566 1198 2622 nostris
1247 2582 1309 2632 a,
1341 2567 1833 2636 praedecessoribus

244 2650 416 2722 regali
443 2668 704 2709 concessa
725 2664 856 2710 sunt
880 2655 1224 2722 auctoritate,
1251 2671 1351 2711 nos
1387 2657 1439 2709 in
1466 2656 1676 2712 honore
1707 2673 1834 2712 san-

243 2752 346 2798 ctae
377 2742 663 2800 Trinitatis
684 2745 953 2814 dedicato,
982 2746 1069 2803 his
1094 2746 1312 2801 etiamsi
1339 2747 1571 2816 pleniter
1595 2764 1704 2802 non
1728 2763 1830 2803 no-

239 2844 432 2890 ῑτιιιιιιι·
471 2837 709 2907 scriptis,
766 2839 894 2894 huic
938 2853 1095 2893 sacro
1130 2839 1489 2894 libentissime
1534 2839 1831 2896 annuimus

241 2927 366 2981 10:0
396 2945 408 2979 :
442 2928 600 2997 cujus
634 2938 694 2982 ut
733 2939 949 2995 sancta,
1010 2946 1132 2999 quae
1170 2929 1243 2984 ibi
1283 2929 1499 2984 Domini
1530 2931 1830 2999 opitulante

239 3018 419 3088 gratia
461 3019 622 3090 digne
659 3021 820 3077 modo
861 3021 1139 3092 religionis
1185 3022 1348 3092 viget,
1383 3022 1693 3077 observatio
1717 3039 1826 3078 non

238 3109 478 3177 deﬁciat,
509 3111 603 3165 sed
629 3112 804 3182 magis
835 3127 900 3168 ac
937 3112 1112 3183 magis
1142 3113 1208 3168 ad
1246 3112 1550 3182 profectum
1587 3123 1697 3169 tam
1722 3130 1825 3170 no-

241 3211 370 3256 strae
413 3218 576 3272 quam
623 3204 870 3258 omnium
907 3204 1147 3258 ﬁdelium
1193 3204 1441 3273 proficiat
1469 3205 1820 3273 animatum;

239 3293 386 3347 sicut
427 3295 561 3348 nulli
587 3295 786 3361 ordini,
817 3295 1088 3366 dignitati,
1121 3297 1398 3366 potestati,
1437 3298 1826 3353 haereditarim-

237 3399 347 3453 que
389 3385 745 3451 successioni,
798 3394 1002 3441 nostra:
1047 3386 1300 3456 quinimo
1340 3388 1614 3458 majestati
1659 3404 1826 3459 super

239 3474 386 3529 idem
431 3475 524 3546 jus
573 3477 880 3547 relinquere
914 3478 1254 3533 decrevimus
1301 3478 1716 3547 dominationis;
1749 3480 1824 3534 ita

237 3568 395 3633 nulli,
429 3568 498 3634 si,
529 3569 673 3639 quod
719 3570 895 3624 absit!
940 3570 1275 3626 habitatores
1311 3571 1429 3640 ejus
1472 3587 1503 3626 a
1549 3583 1660 3625 iam
1688 3573 1826 3627 bene

233 3659 348 3732 jam
377 3670 556 3729 coepto
577 3661 921 3716 rectitudinis
945 3661 1238 3731 aliquando
1261 3662 1598 3716 deviaverint
1627 3677 1826 3732 propo-

237 3751 365 3815 sito,
396 3752 452 3805 in
483 3753 775 3818 pristinum
811 3753 942 3808 illud
988 3753 1321 3807 reformandi
1369 3761 1690 3823 potestatem
1725 3754 1823 3808 de-

237 3859 525 3914 negamus,
556 3847 686 3900 huic
713 3846 890 3916 dignze
920 3861 950 3900 a
980 3845 1200 3900 Christo
1245 3846 1554 3900 mercedem
1601 3861 1823 3915 prome-

236 3934 346 3989 reri
377 3933 472 4003 qui
492 3935 724 3989 voluerit
749 3935 1294 4004 recompensationis.
1320 3934 1386 3989 Et
1408 3943 1469 3989 ut
1497 3943 1697 3990 nostra}
1726 3951 1824 3990 au-

236 4026 464 4080 ctoritas
486 4026 917 4081 conﬁrmationis
947 4026 1314 4080 inviolabilem
1343 4035 1506 4096 atque
1532 4027 1823 4082 inconvul-

235 4130 356 4171 sam
385 4117 627 4171 obtineat
653 4117 987 4184 ﬁrmitatem,
1025 4119 1212 4172 annuli
1249 4135 1315 4173 ac
1339 4119 1824 4190 monogrammatis

234 4206 412 4262 nostri
441 4209 597 4278 signo
623 4209 771 4263 illam
804 4210 1146 4265 decrevimus
1173 4210 1444 4280 insigniri.

305 4300 500 4355 Actum
537 4300 885 4357 Fiseamnum
923 4318 1067 4356 anno
1099 4301 1396 4357 Dominicze
1425 4301 1822 4358 lncarnationis

233 4389 394 4458 £006,
430 4393 724 4446 indictione
754 4409 825 4458 1v,
856 4394 943 4448 die
971 4394 1132 4448 tertio
1158 4403 1282 4447 ante
1314 4393 1582 4449 Kalendas
1605 4393 1817 4462 Iunias,

1941 1925 2252 1992 nominata;
2299 1933 2464 1996 atque
2504 1927 2571 1981 de
2624 1927 2862 1997 quodam
2912 1928 3143 1994 vivario,
3207 1926 3527 1982 Malamorta

1941 2024 2273 2084 nuncupato.
2308 2014 2564 2086 Idemque
2592 2019 2876 2086 postulans
2907 2017 2974 2072 de
3021 2026 3175 2072 curte
3219 2015 3524 2084 Soriniaco,

1940 2115 1994 2160 et
2040 2106 2270 2161 ecclesia
2311 2122 2434 2176 qua:
2485 2116 2702 2162 constat
2733 2106 2920 2162 Sancti
2958 2107 3104 2162 Petri
3151 2108 3526 2178 apostolorum

1937 2196 2201 2266 principis
2227 2195 2472 2264 fundata,
2501 2213 2627 2252 cum
2654 2199 2914 2253 omnibus
2952 2199 3019 2254 ad
3051 2215 3174 2254 eam
3203 2199 3524 2268 pertinenti-

1937 2287 2061 2353 bus,
2109 2297 2219 2342 tam
2265 2288 2461 2355 vineis,
2488 2290 2680 2358 pratis,
2723 2290 2895 2356 silvis,
2928 2300 2981 2345 et
3015 2291 3194 2361 aquis,
3223 2290 3521 2358 farinariis,

1938 2380 2097 2433 terris
2120 2381 2282 2434 cultis
2302 2388 2356 2434 et
2378 2380 2627 2447 incultis;
2652 2396 2865 2435 necnon
2888 2382 2954 2436 de
2977 2382 3163 2452 viginti
3189 2383 3524 2451 arpennibus

1934 2472 2238 2537 vinearum,
2257 2487 2379 2541 qua:
2401 2487 2569 2542 prope
2591 2472 2916 2527 suburbium
2934 2473 3119 2542 oppidi
3152 2472 3363 2543 praefati
3393 2488 3524 2527 eon-

1934 2560 2162 2616 fessoris
2185 2560 2387 2616 Christi
2417 2577 2539 2616 esse
2559 2561 2831 2629 videntur,
2866 2564 2986 2618 sita:
3008 2564 3150 2617 inter
3181 2563 3391 2633 Ligeris
3415 2563 3522 2618 Ca-

1931 2652 2088 2721 rique
2129 2652 2362 2705 alveum.
2411 2651 2660 2722 Cumque
2708 2669 2835 2707 eum
2882 2653 3171 2723 diligenter
3217 2653 3520 2710 fuissemus

1930 2743 2233 2812 percontati
2289 2743 2422 2813 quid
2477 2743 2658 2812 operis
2693 2743 2760 2798 de
2788 2745 3118 2823 supradictis
3160 2745 3326 2801 rebus
3371 2754 3519 2801 esset

1929 2841 2174 2899 acturus,
2231 2834 2416 2888 retulit
2471 2850 2530 2890 se
2560 2835 2766 2890 tristari
2807 2835 3102 2891 admodum
3140 2852 3251 2892 non
3288 2852 3414 2892 esse
3457 2839 3516 2894 in

1929 2940 2067 2996 pago
2082 2923 2358 2980 Turonico
2380 2926 2692 2981 coenobium
2715 2926 2807 2981 ubi
2826 2926 3272 3004 sanctimoniales
3301 2925 3519 2984 feminae

1927 3015 2149 3071 Christo
2170 3025 2398 3087 possent
2442 3033 2558 3072 suae
2580 3017 2890 3072 devotionis
2915 3018 3230 3087 impendere
3252 3017 3512 3084 oﬁicium,

1929 3107 2071 3161 sicut
2112 3108 2169 3161 in
2203 3107 2481 3178 plerisque
2526 3108 2829 3163 habebatur
2858 3109 3109 3178 partibus
3143 3116 3335 3174 terra;
3365 3117 3421 3164 et
3443 3110 3516 3164 ob

1929 3197 2052 3264 hoc,
2082 3212 2191 3252 non
2240 3207 2463 3268 propter
2518 3199 2688 3265 aliud,
2731 3199 2869 3254 eﬁici
2899 3199 3203 3270 postularet
3226 3199 3512 3268 scriptum,

1925 3303 1989 3342 eo
2017 3296 2198 3342 tamen
2235 3297 2426 3344 tenore
2447 3298 2719 3358 quatenus
2746 3290 2908 3344 annis
2951 3289 3183 3360 singulis
3216 3289 3270 3343 in
3303 3288 3516 3344 festivi-

1929 3386 2037 3432 tate
2082 3379 2387 3433 autumnali
2435 3379 2702 3449 praelibati
2747 3379 2929 3434 Patris
2980 3379 3200 3434 Martini
3227 3380 3515 3436 redderent

1925 3479 2354 3538 prazmemoratae
2392 3471 2840 3526 sanctimoniales
2861 3471 2929 3526 de
2960 3472 3176 3527 cunctis
3212 3487 3376 3541 supra
3422 3487 3512 3527 re-

1925 3561 2110 3615 citatis
2141 3561 2305 3615 rebus
2334 3561 2527 3631 viginti
2571 3563 2775 3618 solidos
2801 3563 2868 3618 de
2902 3578 3070 3618 censu
3099 3563 3155 3616 in
3192 3563 3512 3618 thesaurum

1925 3651 1993 3706 ad
2037 3651 2165 3707 thus
2218 3652 2335 3708 sive
2377 3653 2558 3707 oleum
2601 3655 3050 3723 comparandum.
3090 3654 3282 3709 Adhuc
3303 3663 3510 3721 autem,

1925 3757 2035 3797 non
2072 3743 2358 3798 immemor
2379 3744 2486 3810 sui,
2524 3745 2733 3799 addidit
2768 3754 2829 3800 ut
2862 3745 3017 3815 prius
3048 3760 3148 3815 pro
3179 3761 3265 3800 me
3293 3753 3348 3800 et
3379 3760 3513 3800 suc-

1925 3835 2239 3889 cessoribus
2271 3835 2431 3900 meis,
2479 3835 2676 3890 deinde
2723 3851 2826 3905 pro
2865 3851 2925 3891 se
2969 3845 3132 3905 atque
3163 3837 3334 3891 totius
3377 3851 3513 3891 con-

1924 3925 2255 3995 gregationis
2303 3927 2390 3979 sui
2439 3926 2692 3980 advocati
2724 3925 2943 3980 Martini
2975 3934 3141 3993 statu,
3179 3941 3366 4001 preces
3397 3926 3510 3980 Do-

1925 4015 2077 4069 mino
2114 4014 2406 4072 funderent
2438 4017 2682 4086 quotidie
2731 4017 2931 4072 ibidem
2966 4016 3311 4072 famulatum:
3339 4017 3510 4088 virgi-

1923 4122 2040 4162 nes.
2070 4105 2313 4162 Herveus
2335 4108 2411 4163 ita
2442 4109 2681 4163 ostensis
2715 4109 2858 4179 (sic),
2883 4109 3260 4164 excellentiam
3281 4109 3509 4180 regimi-

1922 4198 2011 4252 nis
2037 4199 2210 4254 nostri
2241 4199 2435 4254 humili
2461 4216 2752 4272 aggressus
2777 4201 3110 4270 precamine,
3136 4201 3506 4270 expostulavit

1923 4295 1982 4342 ut
2006 4288 2262 4344 similiter
2311 4292 2618 4346 assertione
2649 4301 2848 4346 nostra:
2873 4293 3217 4347 auctoritatis
3248 4292 3508 4347 corrobo~

1921 4392 2172 4434 raremus
2218 4396 2282 4434 ea
2315 4396 2438 4450 qua:
2482 4382 2566 4436 vel
2616 4381 2732 4452 ipse
2777 4381 2915 4438 foret
2949 4385 3179 4439 daturus
3213 4385 3267 4438 in
3297 4383 3503 4450 futuro,

232 4480 279 4531 ν
313 4482 444 4537 feria
486 4483 782 4540 Dominica:
830 4485 1169 4540 ascensionis
1223 4485 1420 4555 gaudio
1467 4486 1818 4541 celeberrima
1851 4511 1896 4564 ι)
1923 4467 2006 4521 vel
2031 4468 2153 4523 aliis
2180 4469 2428 4526 ﬁdelibus
2465 4470 2527 4542 [ίο
2568 4473 2659 4526 alii
2691 4471 2905 4544 ﬁdeles].
2929 4471 3134 4529 (Ππίδίί
3155 4489 3254 4544 Ι)Γο
3281 4490 3504 4529 suarum

232 4580 462 4637 feliciter
488 4583 585 4655 (6).

976 4697 1063 4752 Vl.

298 4785 693 4860 Rotbgrli‘rcgis
723 4789 978 4858 diploma,
1005 4806 1106 4860 quo
1126 4789 1472 4860 conﬁrmqlur
1495 4789 1739 4858 [nudatio

431 4856 1132 4929 Belliniontisipartlzenonis
1158 4856 1316 4929 prope
1347 4856 1602 4914 Turonos.

825 4970 1006 5040 (Anno
1044 4969 1222 5039 1007.)

229 5075 479 5151 [Μιιιιιι.
504 5077 700 5132 Annal.
734 5077 956 5147 Bened.,
994 5088 1126 5135 tom.
1152 5079 1242 5148 IV,
1271 5080 1532 5151 Appeud.,
1565 5098 1619 5151 p.
1657 5080 1807 5154 696.]

303 5185 360 5240 In
413 5188 632 5243 nomine
681 5197 884 5244 sanctae
917 5198 971 5244 et
1005 5189 1298 5246 individuze
1323 5190 1608 5246 Trinitatis
1657 5191 1807 5246 Bor-

229 5293 435 5332 ιιξιιτυδ
464 5277 560 5333 Dei
592 5280 968 5337 misericordia
991 5298 1108 5338 rex.

302 5369 360 5423 Si
393 5372 746 5439 petitionibus
781 5391 1064 5430 servorum
1097 5375 1188 5428 Dei
1223 5391 1321 5444 pro
1363 5376 1691 5444 quibuslibet
1713 5391 1806 5430 ec-

227 5462 552 5518 clesiasticis
599 5466 1020 5521 necessitatibus
1048 5483 1208 5521 aures
1232 5476 1449 5521 nostras
1471 5467 1805 5535 pulsantium

225 5554 481 5607 assentiri
506 5553 776 5621 videmur,
808 5565 863 5610 et
900 5557 966 5610 ad
998 5558 1197 5611 divinae
1220 5559 1428 5612 militiae
1453 5559 1507 5612 in
1535 5559 1670 5613 locis
1699 5557 1808 5613 Deo

300 5729 378 5801 (6)
411 5730 702 5788 Chronica:
727 5742 867 5790 notae
889 5735 1130 5810 apprime
1152 5738 1502 5795 concordant.

1920 4563 2228 4617 animarum
2250 4565 2640 4634 redemptione.
2668 4566 2838 4635 Cujus
2860 4568 3232 4622 saluberrimae
3253 4568 3502 4638 petitioni
3579 4633 3586 4638 η

1918 4661 2028 4707 tam
2076 4654 2180 4708 sibi
2211 4669 2376 4724 quam
2408 4656 2600 4709 militis
2634 4656 2970 4724 praefectura:
3011 4657 3102 4729 [f.,
3126 4658 3286 4712 nobis
3311 4657 3500 4726 profu-

1917 4745 2099 4817 turae],
2121 4762 2220 4815 pro
2243 4747 2439 4801 anima:
2460 4755 2660 4801 nostra:
2683 4757 2735 4801 et
2755 4757 3042 4816 parentum
3069 4757 3382 4803 nostrorum
3405 4764 3494 4803 re-

1921 4837 2102 4892 medio
2125 4852 2415 4892 assensum
2441 4837 2600 4891 nobis
2621 4825 2779 4892 libuit
2813 4839 3072 4908 praebere,
3098 4847 3152 4894 et
3183 4839 3325 4894 serie
3351 4839 3499 4895 litte-

1921 4944 2104 4983 rarum
2132 4944 2295 4998 supra
2323 4928 2504 4981 omnia
2551 4940 2853 4984 memorata
2885 4930 3212 4986 conﬁrmare
3245 4950 3258 4986 :
3293 4931 3394 4986 hoc
3417 4941 3502 4987 est

1918 5020 2201 5074 ecclesiam
2242 5019 2418 5074 Beata:
2447 5018 2629 5074 Maria:
2676 5020 3037 5088 Bellimontis,
3063 5039 3191 5078 cum
3240 5025 3499 5080 omnibus

1919 5109 2293 5178 adjacentibus
2314 5109 2438 5176 sibi,
2472 5110 2678 5166 scilicet
2700 5112 2897 5177 vineis,
2928 5113 3119 5183 pratis,
3152 5124 3206 5170 et
3227 5113 3497 5168 vivarium

1916 5198 2231 5255 Malamorta
2286 5212 2659 5272 nuncupatum
2706 5203 2772 5257 ad
2802 5205 3238 5272 supradictarnm
3271 5203 3364 5258 Dei
3393 5221 3493 5259 an-

1914 5290 2160 5344 eillarum
2188 5291 2459 5369 edulium;
2503 5292 2791 5347 ecclesiam
2837 5292 3201 5360 Soriniacam,
3249 5309 3374 5347 cum
3406 5309 3498 5348 ec-

1913 5382 2081 5437 clesia
2108 5391 2162 5438 et
2203 5383 2460 5437 omnibus
2505 5384 2882 5452 adjacentibus
2926 5383 3052 5449 sibi,
3083 5384 3138 5438 id
3171 5392 3256 5438 est
3298 5384 3492 5451 vineis,

1912 5474 2104 5542 pratis,
2149 5473 2322 5538 silvis,
2365 5473 2543 5542 aquis,
2592 5472 2890 5539 farinariis,
2940 5474 3103 5528 terris
3140 5475 3301 5528 cultis
3325 5474 3491 5528 etin-

1911 5566 2094 5630 cultis,
2155 5574 2318 5636 atque
2367 5580 2490 5619 cum
2534 5565 2791 5620 omnibus
2828 5565 2978 5623 illius
3017 5566 3192 5621 curtis
3226 5565 3440 5623 colonis.
3473 5582 3488 5621 :
