4058 6390
546 343 652 400 955

1681 342 1981 400 ROBERTI
2018 339 2224 401 REGIS
2258 339 2694 413 FRANCORUM

3693 352 3793 415 956‘

545 454 740 526 viginti
765 471 983 527 quoque
1027 472 1300 528 arpennas
1326 457 1611 513 vinearum
1644 457 1788 513 inter
1812 456 2049 528 Ligerim
2074 468 2128 514 et
2156 461 2203 516 Α
2295 459 2648 529 Compertum
2677 476 2801 518 esse
2824 462 2949 518 volo
2979 463 3237 520 omnibus
3270 471 3475 521 sanctae
3508 461 3763 528 Dei-Eccle

547 547 782 613 Carum;
809 556 1019 603 curtem
1044 564 1265 620 quoque
1283 548 1508 605 Liuram
1530 564 1655 604 cum
1675 549 1920 607 ecclesiis
1935 559 1989 605 et
2010 565 2130 605 om-

549 638 714 694 nibus
733 640 838 695 sibi
857 641 1256 710 pertinentibus
1279 657 1377 712 per
1409 656 1700 697 assensum
1723 639 1929 697 Odonis
1959 642 2130 697 comi-

551 733 623 787 tis
652 739 707 786 et
722 730 910 788 fratris
954 732 1041 788 sui
1088 733 1365 801 Landrici,
1396 749 1463 789 ex
1489 733 1649 802 cujus
1699 732 1965 789 beneﬁcio
2007 750 2131 791 esse

549 822 856 887 videbatur,
889 823 1129 879 distante
1158 832 1399 895 quatuor
1419 823 1689 878 milliariis
1712 838 1743 877 a
1771 831 1954 879 castro
1984 825 2131 894 quod

548 913 754 969 dicitur
783 912 1000 981 Insula;
1040 931 1253 971 necnon
1282 914 1604 981 Quiciacum
1641 915 1827 969 villam
1858 931 1982 970 cum
2006 932 2127 971 om-

550 1004 716 1059 nibus
752 1005 804 1060 ei
847 1005 1266 1076 pertinentibus,
1297 1021 1463 1076 quam
1508 1005 1653 1061 idem
1687 1004 1950 1075 praefatus
1996 1006 2131 1062 Her-

549 1111 686 1152 veus
715 1105 902 1152 tenere
927 1096 1233 1152 videbatur.

621 1186 1006 1257 Praacipientes
1035 1202 1165 1259 ergo
1204 1188 1465 1259 jubemus
1495 1197 1551 1244 et
1592 1188 1836 1259 jubendo
1876 1190 2130 1260 praecipi-

551 1291 677 1331 mus
702 1284 764 1330 ut
787 1276 972 1331 nullus
993 1276 1159 1346 judex
1188 1278 1463 1347 publicus,
1493 1284 1590 1332 aut
1633 1278 1865 1348 quilibet
1884 1280 2133 1348 superio-

551 1365 632 1420 ris
653 1373 748 1419 aut
787 1363 1068 1421 inferioris
1104 1365 1315 1422 ordinis
1366 1366 1684 1438 reipublicae
1724 1377 2050 1438 procurator
2074 1369 2131 1424 in

551 1453 641 1508 his
681 1454 1027 1524 praesignatis
1084 1453 1296 1512 Sancta:
1327 1456 1513 1513 Mariae
1562 1458 1817 1514 omnibus
1860 1460 2026 1514 rebus
2065 1460 2133 1515 ad

549 1558 753 1599 causas
788 1543 1082 1614 judiciario
1128 1562 1280 1603 more
1323 1548 1626 1604 audiendas
1651 1549 1707 1603 in
1746 1550 2010 1606 ecclesias
2040 1560 2136 1605 aut

550 1633 732 1699 villas,
766 1642 863 1689 aut
891 1634 1105 1705 aliquas
1152 1638 1554 1707 possessiones,
1591 1653 1733 1708 quas
1758 1639 2021 1694 moderno
2050 1640 2135 1695 vel

2234 551 2329 606 size
2362 551 2633 619 ﬁdelibus,
2667 561 2777 607 tam
2810 552 3011 610 futuris
3048 569 3213 624 quam
3245 558 3624 626 praesentibus,
3664 575 3784 630 quo-

2233 640 2379 694 niam
2409 641 2829 710 prazvalescente
2863 644 3085 699 nostris
3114 638 3791 719 teniporihus‘malignitate

2230 746 2617 801 perversorum
2640 732 2948 800 hominum,
2979 750 3105 789 cum
3135 736 3380 806 quotidie
3410 737 3678 794 videretur
3702 742 3795 795 mi-A

2232 822 2419 876 norari
2471 829 2649 877 status
2692 838 2756 877 ac
2801 823 3017 893 justitia
3060 834 3262 881 sanctae
3294 827 3496 882 matris
3537 826 3799 897 Ecclesia:r

2231 913 2469 968 maxime
2516 913 2728 969 abillis
2780 915 2878 984 qui
2905 916 3152 971 advocati
3202 926 3526 972 sanctorum
3568 917 3791 975 locorum

2230 1020 2354 1061 esse
2380 1005 2640 1060 deberent
2669 1012 2724 1061 et
2747 1003 3084 1072 defensores,
3131 1006 3210 1061 illi
3233 1022 3265 1062 e
3292 1006 3575 1062 contrario
3606 1009 3790 1077 praeda-

2231 1104 2380 1151 tores
2404 1094 2538 1149 ﬂant
2560 1103 2616 1150 et
2642 1102 2910 1166 raptores.
2944 1095 3052 1151 Pro
3078 1110 3188 1167 qua
3211 1113 3271 1152 re
3291 1111 3662 1166 smpenumero
3679 1097 3799 1152 dum

2233 1187 2607 1257 interpellatus
2649 1201 2829 1241 essem
2878 1202 2912 1241 a
2961 1187 3257 1242 venerabili
3310 1187 3512 1241 abbate
3560 1185 3791 1241 Herberto

2235 1279 2471 1336 coenobii
2496 1278 2868 1346 Corbeiensis,
2891 1278 2989 1349 qui
3022 1278 3166 1334 hanc
3204 1278 3499 1350 pernitiam
3523 1278 3647 1333 mali
3675 1293 3792 1349 sape

2235 1373 2511 1443 experitur
2539 1388 2571 1427 a
2598 1371 2835 1427 nefando
2862 1381 2916 1427 et
2946 1372 3186 1444 maligno
3214 1372 3418 1428 Efredo
3449 1387 3551 1427 suo
3574 1373 3728 1427 milite
3749 1383 3794 1428 et

2236 1464 2500 1518 advocato
2533 1462 2833 1532 supradicti
2887 1463 3143 1529 cmnobii,
3183 1462 3280 1533 qui
3335 1462 3630 1532 aliquando
3665 1461 3706 1517 si
3736 1462 3792 1517 ad

2235 1554 2634 1625 expeditionem
2647 1550 2855 1624 regiam
2867 1554 3234 1609 commonitus
3253 1553 3549 1618 exstiterit,
3571 1561 3795 1623 sumptus

2237 1646 2451 1702 itineris
2482 1646 2569 1702 sui
2590 1647 2660 1701 ab
2686 1645 3003 1701 hominibus
3033 1644 3208 1716 ipsius
3243 1643 3565 1700 monasterii
3598 1642 3795 1714 requirit

551 1723 753 1793 priscis
779 1726 1116 1794 temporibus
1167 1727 1224 1781 in
1253 1728 1677 1799 quibuscunque
1711 1729 2011 1799 provinciis
2039 1740 2136 1786 aut
2239 1736 2343 1792 sibi
2366 1737 2665 1807 praeparari
2693 1755 2706 1791 :
2735 1744 2832 1791 aut
2870 1736 2918 1792 si
2951 1735 3170 1792 rediens
3206 1750 3274 1790 ex
3311 1734 3504 1804 aliquo
3537 1733 3729 1798 itinere,
3755 1734 3793 1787 si

552 1814 847 1871 territoriis
873 1818 1027 1888 regni
1064 1818 1240 1873 nostri
1265 1819 1415 1889 juste
1443 1820 1675 1876 basilica
1702 1820 1929 1877 Sancta:
1952 1821 2138 1879 Mariae
2166 1826 2211 1881 Β
2237 1842 2347 1882 nox
2370 1843 2496 1883 eum
2525 1828 2892 1898 occupaverit,
2925 1826 3228 1897 hospitium
3261 1826 3319 1880 in
3364 1824 3583 1880 abbatia
3622 1832 3672 1879 et
3700 1838 3795 1879 ser-

552 1913 724 1974 tenet,
752 1906 841 1961 vel
886 1906 1144 1978 deinceps
1178 1910 1234 1964 in
1267 1910 1392 1981 jure
1437 1911 1614 1982 ipsius
1668 1911 1915 1967 basilica:
1948 1913 2133 1968 divina
2234 1916 2427 1971 vitium
2464 1915 2570 1971 sibi
2596 1915 2888 1970 demandat
2919 1914 2992 1969 ab
3012 1914 3327 1969 hominibus
3374 1913 3519 1967 villa:
3558 1928 3588 1966 a
3633 1927 3686 1966 se
3710 1911 3791 1966 ho-

553 1997 733 2067 pietas
762 1998 952 2068 augeri
982 1999 1237 2067 voluerit,
1267 2001 1474 2073 ingredi
1501 2009 1833 2072 praasumat;
1858 2018 1960 2058 nec
1984 2002 2134 2059 freda

554 2097 652 2145 aut
690 2089 919 2155 tributa,
953 2097 1048 2145 aut
1096 2092 1432 2160 mansiones,
1467 2099 1565 2147 aut
1606 2099 1819 2162 parata,
1860 2100 1956 2148 aut
2002 2092 2136 2148 telo-

554 2194 722 2233 neum
746 2194 810 2234 ex
845 2180 975 2235 ullis
1005 2183 1259 2252 negotiis,
1300 2183 1445 2238 sicut
1487 2184 1542 2237 in
1567 2183 1873 2252 praeceptis,
1912 2191 1975 2238 ut
1995 2183 2138 2238 dixi-

556 2286 703 2337 mus,
753 2272 1053 2327 multorum
1100 2288 1291 2344 regum
1314 2315 1329 2340 ,
1367 2273 1585 2344 exigere
1606 2315 1621 2340 ,
1657 2283 1754 2330 aut
1785 2272 2137 2343 tidejussores

557 2360 766 2427 tollere,
818 2371 913 2417 aut
950 2362 1202 2418 homines
1243 2370 1356 2418 tam
1416 2363 1685 2434 ingenuos
1742 2379 1909 2434 quam
1950 2379 2138 2421 servos

558 2462 725 2517 super
752 2456 952 2504 terram
1004 2450 1184 2521 ipsius
1217 2450 1462 2508 basilica:
1496 2452 1863 2509 immanentes
1907 2454 2138 2510 distrin-

558 2552 706 2607 gere,
732 2554 833 2594 nec
860 2539 1001 2595 ullas
1037 2541 1289 2611 publicas
1323 2541 1590 2598 factiones
1620 2551 1717 2597 aut
1742 2543 2137 2599 redhibitiones

559 2629 645 2684 vel
666 2630 884 2686 illicitas
903 2634 1223 2689 occasiones
1249 2636 1529 2704 requirere
1553 2643 1667 2693 tam
1692 2638 2019 2693 temerarius
2041 2654 2141 2693 au-

559 2720 706 2775 deat.
746 2721 804 2776 Si
837 2724 964 2793 quis
995 2733 1179 2805 autegn
1232 2727 1287 2781 in
1321 2735 1529 2782 tantam
1578 2744 1933 2799 prorumpere
1969 2746 2141 2787 ausus

561 2810 730 2867 fuerit
755 2814 1064 2881 audaciam,
1093 2824 1157 2870 ut
1179 2816 1344 2886 hujus
1361 2825 1562 2872 nostrae
1584 2819 1929 2875 auctoritatis
1956 2828 2011 2874 et
2027 2821 2145 2875 alti-

563 2902 773 2959 tudinis
813 2914 1145 2975 praeceptum
1204 2908 1412 2964 violare
1464 2911 1902 2980 praesumpserit,
1958 2927 2148 2982 quem-

563 2995 860 3051 admodum
910 2996 967 3051 in
1012 2998 1224 3055 caeteris
1251 3015 1438 3070 regum
1480 3008 1535 3055 et
1574 3001 1963 3071 imperatorum
2001 3018 2143 3072 prae-

564 3085 918 3142 decessorum
959 3097 1015 3144 et
1068 3098 1355 3160 parentum
1401 3107 1647 3147 meorum
1691 3095 2144 3164 przrceptionibus

563 3178 899 3246 continetur,
941 3195 1050 3234 non
1098 3181 1275 3236 solum
1320 3182 1375 3236 in
1411 3160 1917 3251 offensam—Christi
1955 3195 2012 3240 et
2044 3202 2145 3240 no-
2173 3160 2214 3217 δ

564 3273 739 3321 stram
784 3267 1087 3338 lapsurum,
1115 3287 1303 3326 verum
1336 3272 1500 3327 etiam
1541 3274 1899 3330 ducentorum
1947 3276 2149 3331 solido-

568 3370 693 3409 rum
728 3357 848 3411 auri
891 3358 957 3413 ad
1000 3374 1198 3429 purum
1226 3361 1434 3416 excocti
1471 3377 1530 3416 se
1570 3363 1781 3418 noverit
1811 3378 1971 3432 paena
2000 3366 2146 3420 mul-

567 3447 818 3502 tandum.
858 3448 925 3504 Et
979 3459 1040 3505 ut
1066 3452 1231 3522 hujus
1264 3461 1466 3508 nostra:
1502 3455 1887 3524 praeceptionis
1912 3458 2151 3512 auctori--

569 3546 657 3593 tas
696 3538 1061 3595 inviolabilem
1092 3543 1334 3598 obtineat
1372 3543 1644 3612 allectum,
1677 3552 1732 3600 ct
1776 3546 1845 3600 ab
1894 3548 2150 3603 omnibus

569 3637 778 3684 saucue
801 3628 896 3685 Dei
928 3630 1187 3688 Ecclesia:
1206 3633 1455 3689 fidelibus
1482 3642 1536 3689 et
1565 3636 1981 3691 successoribus
2009 3636 2152 3706 regi—

575 3719 681 3775 bus
711 3722 915 3777 nostris
936 3724 1122 3779 verius
1143 3740 1177 3779 a
1197 3725 1357 3780 nobis
1379 3724 1521 3781 facta
1546 3742 1670 3781 esse
1692 3727 1965 3793 credatur,
1990 3735 2045 3782 et
2066 3728 2150 3781 di-

571 3808 798 3879 ligentia
835 3811 1137 3867 inviolabili
1172 3822 1545 3881 conservetur,
1585 3830 1751 3869 manu
1793 3823 1980 3870 nostra
2024 3831 2152 3885 pro-

574 3901 693 3970 pria
740 3904 1209 3974 consignavimus,
1252 3914 1307 3961 et
1350 3906 1539 3961 annuli
1574 3908 1749 3962 nostri
1791 3907 2153 3978 impressione

573 3991 782 4063 signari
832 3994 1125 4064 jussimus.
1181 3996 1409 4068 Signum
1451 3996 1662 4052 domini
1693 3996 1938 4069 Hugonis
1971 3998 2154 4054 archi—

569 4083 835 4154 episcopi.
868 4086 1096 4158 Signum
1148 4088 1456 4159 Avesgaudi
1485 4088 1752 4158 episcopi,
1794 4104 2030 4158 quorum
2054 4104 2152 4144 ex-

571 4177 1071 4245 communicatione
1097 4195 1156 4235 se
1185 4179 1411 4250 ligatum
1442 4180 1615 4245 novit,
1647 4180 1743 4250 qui
1789 4180 1896 4235 hoc
1951 4195 2155 4251 praece-

576 4272 731 4334 ptum
760 4265 1053 4339 infringere
1079 4270 1510 4340 praesumpserit,
1542 4270 1648 4325 nisi
1678 4269 1787 4325 cito
1816 4270 2150 4341 pcenituerit,

572 4364 629 4411 et
648 4357 715 4412 ad
737 4360 1172 4416 emendationem
1214 4362 1441 4416 venerit.
1470 4361 1589 4416 Odo
1617 4377 1823 4429 comes,
1849 4370 1955 4418 etc.
1988 4361 2153 4418 Odoi-

573 4448 760 4519 gerius
810 4449 1087 4520 decanus,
1142 4451 1388 4508 Herveus
1446 4453 1797 4522 archiclavis,
1858 4453 2154 4511 Walterius

571 4550 894 4609 praecentor,
915 4552 1022 4600 etc.

612 4629 836 4688 .Actum
884 4634 1106 4690 Bolonia
1162 4635 1359 4691 foreste
1381 4637 1574 4707 quinto
1617 4636 1844 4694 Kalend.
1874 4636 2146 4707 Octobris,

570 4735 720 4777 anno
763 4722 833 4777 ab
877 4722 1258 4782 lncarnatione
1305 4727 1526 4782 Domini
1571 4729 1747 4784 nostri
1781 4727 1912 4785 Jesu
1943 4730 2151 4787 Christi

572 4812 732 4883 1007,
770 4815 1066 4874 indictione
1111 4820 1325 4890 quinta.
1360 4819 1733 4876 Theodoricus
1783 4822 1946 4878 levita
1977 4824 2045 4878 ad
2070 4823 2152 4877 vi-

569 4920 686 4961 cem
735 4906 1036 4965 Fr‘anconis
1077 4911 1278 4965 summi
1331 4911 1642 4967 cancellarii
1687 4913 2003 4983 recognovit
2049 4912 2153 4968 hoc

570 5007 925 5068 praeceptum.
959 5000 1072 5073 Ego
1116 5000 1358 5057 Herveus
1406 5010 1460 5057 et
1500 5001 1804 5058 confratres
1828 5003 1936 5058 mei
1964 5002 2151 5058 Sancti

570 5087 792 5147 Martini
814 5092 1066 5150 canonici
1091 5093 1147 5147 in
1168 5094 1329 5164 pleno
1354 5094 1592 5165 capitulo
1615 5094 2079 5150 confirmavimus.

571 5248 1056 5326 Diplomaﬂoberti
1080 5256 1213 5326 regis
1242 5183 1572 5310 FrXrlz‘corum
1595 5272 1689 5325 pro
1717 5256 2018 5326 Corbeiensi
2044 5271 2155 5309 mo-

642 5323 893 5397 nasterio“.
915 5355 986 5397 —_—
1008 5323 1263 5395 Reprimit
1285 5327 1495 5397 iniquas
1521 5323 1729 5397 Elfredt'
1749 5327 1813 5381 de
1841 5325 2040 5397 Encra,
2064 5326 2156 5379 ad-

641 5392 812 5443 vocati
848 5392 1196 5461 Corbeiensis,
1220 5392 1674 5468 consu'editudihes
1696 5406 1745 5452 et
1776 5392 2151 5468 oppressidnes.

1167 5467 1347 5533 (Anno
1378 5467 1561 5537 1016.)
1808 5467 1814 5468 ⁷

643 5527 732 5603 [Β.
749 5529 1034 5601 ΜΑιιτεΝε,
1068 5537 1231 5606 ampl.
1257 5536 1502 5605 Collect.,
1530 5546 1663 5594 tom.
1692 5538 1779 5606 l",
1803 5539 1908 5595 col.
1939 5538 2066 5604 579,
2087 5553 2151 5592 ex

1172 5607 1556 5680 autographo.]

645 5689 702 5745 ln
730 5707 949 5748 nomine
979 5704 1181 5750 sanctae
1213 5705 1267 5751 et
1304 5699 1596 5756 individua:
1626 5700 1927 5767 Trinitatis,
1957 5716 2056 5772 ego
2087 5698 2126 5753 ll
2154 5718 2179 5754 ο

576 5784 747 5857 gratia
786 5784 879 5844 Dei
919 5803 1012 5845 rex
1042 5786 1399 5846 Francorum.

2237 2008 2435 2079 spitate
2456 2006 2786 2075 ministrari;
2820 2007 2866 2062 si
2887 2020 3017 2061 vero
3037 2005 3440 2077 qualiscunque
3459 2003 3658 2059 oti‘ensa
3678 2003 3792 2057 inter

2238 2096 2486 2152 homines
2515 2111 2630 2151 sua;
2661 2095 3035 2152 advocationis
3069 2095 3352 2160 acciderit,
3379 2093 3645 2164 justitiam
3679 2092 3793 2161 legis

2236 2200 2304 2240 ex
2336 2185 2548 2256 integro
2577 2183 2810 2253 requirit
2848 2183 3067 2238 habere.
3106 2180 3265 2249 Quod
3305 2181 3356 2237 si
3408 2181 3465 2235 in
3510 2188 3677 2235 castro
3707 2194 3790 2233 suo

2239 2275 2502 2332 Encrensi
2535 2274 2739 2348 aliquid
2767 2273 3054 2330 reformari
3096 2287 3321 2329 necesse
3356 2270 3542 2338 fuerit,
3574 2269 3787 2326 homines

2240 2366 2529 2423 memorati
2567 2364 2802 2422 ctenobii
2839 2365 2906 2421 ad
2937 2364 3068 2420 illud
3099 2379 3238 2435 opus
3280 2363 3365 2419 ire
3406 2362 3684 2441 compellit.
3706 2359 3795 2415 Re-

2240 2463 2456 2527 pertum
2476 2464 2561 2512 est
2598 2455 2767 2528 igitur
2795 2454 3004 2526 judicio
3031 2462 3224 2510 nostro
3250 2461 3306 2508 et
3334 2460 3644 2508 nostrorum
3671 2450 3793 2521 prin—

2242 2549 2445 2619 cipum,
2474 2546 2625 2620 quia,
2661 2562 2788 2603 cum
2817 2562 2979 2602 suum
3011 2544 3339 2601 beneficium
3370 2560 3438 2599 ex
3470 2542 3671 2598 abhatia
3701 2542 3795 2611 ipsa

2216 2646 2465 2710 propter
2494 2637 2907 2694 advocationem
2939 2636 3158 2703 habeat,
3206 2635 3554 2706 supradictas
3594 2644 3789 2687 consue-u

2243 2729 2462 2786 tudines
2490 2726 2547 2783 iu
2578 2726 2761 2798 ipsum
2796 2726 3195 2783 monasterium
3229 2725 3439 2780 habere
3464 2738 3571 2779 non
3613 2721 3790 2782 debeat,

2244 2828 2469 2888 excepto
2515 2818 2564 2874 si
2601 2817 2770 2873 abbas
2814 2817 2990 2888 ipsius
3025 2816 3133 2871 loci
3166 2815 3224 2870 in
3253 2814 3648 2885 expeditionem
3679 2808 3793 2879 regis

2246 2908 2325 2965 ire
2351 2908 2591 2975 deberet,
2627 2915 2683 2963 et
2726 2922 2852 2962 eum
2896 2921 3083 2962 secum
3132 2906 3211 2961 ire
3252 2904 3508 2975 jusserit,
3537 2910 3623 2956 aut
3645 2913 3792 2970 perse

2245 2998 2401 3054 illum
2444 3012 2572 3053 cum
2602 2995 2718 3052 suis
2747 2995 3014 3050 militibus
3056 2994 3135 3049 ire
3176 2992 3500 3065 prreceperit
3523 3007 3535 3043 :
3560 2997 3677 3044 tunc
3710 2985 3792 3042 sibi

2248 3097 2498 3159 sumptus
2530 3103 2599 3143 ex
2645 3086 3020 3151 advocatione,
3058 3100 3169 3139 non
3221 3095 3411 3139 tamen
3460 3084 3575 3139 sine
3613 3080 3793 3135 ratione

2239 3181 2527 3251 requirere
2553 3178 2743 3245 liceat;
2776 3191 2879 3231 nec
2901 3176 3065 3230 aliam
3089 3174 3223 3246 legis
3244 3174 3516 3244 justitiam
3539 3173 3589 3225 in
3616 3168 3795 3225 abbatis

2249 3272 2465 3337 haheat,
2487 3268 2595 3324 nisi
2614 3276 2709 3323 aut
2724 3267 2901 3337 major
2917 3266 3152 3333 abbatis,
3178 3273 3273 3319 aut
3296 3264 3617 3335 praepositus
3631 3260 3789 3330 ipsius,

2249 3363 2335 3418 vel
2372 3362 2604 3431 ipsemet
2635 3358 2804 3413 abbas
2841 3372 2965 3413 cum
2997 3355 3294 3411 mutaverit
3325 3370 3493 3425 super
3525 3368 3581 3408 se
3615 3350 3793 3420 exigere

2247 3449 2515 3520 justitiam
2547 3448 2651 3504 sibi
2685 3462 2795 3503 non
2830 3447 3089 3518 potuerit,
3115 3454 3170 3501 et
3217 3445 3283 3500 de
3321 3445 3445 3516 ipsa
3482 3444 3591 3513 lege
3618 3439 3791 3495 tertiam

2251 3546 2462 3608 partem
2492 3537 2706 3598 habeat.
2737 3535 2848 3592 Nec
2875 3544 3123 3591 castrum
3162 3534 3339 3604 ipsius
3369 3532 3607 3588 advocati
3631 3529 3691 3584 ab
3710 3528 3793 3580 ho»

2253 3628 2492 3683 minibus
2541 3627 2716 3698 ipsius
2763 3620 2976 3682 abbatis
3014 3633 3243 3696 cogatur
3286 3639 3468 3695 neque
3508 3621 3614 3677 ﬁeri
3650 3630 3792 3686 neque

2252 3714 2542 3781 reﬁrmari,
2591 3729 2692 3769 nec
2736 3714 2791 3768 in
2825 3714 2953 3769 villa
2997 3715 3180 3784 aliqua
3214 3712 3393 3783 ipsius
3443 3709 3657 3766 abbatiaa
3704 3718 3791 3758 non

2254 3805 2524 3871 comedat,
2556 3804 2662 3859 nisi
2690 3803 2830 3859 forte
2857 3805 3026 3859 abbas
3053 3805 3207 3859 illum
3236 3803 3531 3867 vocaverit,
3574 3806 3656 3854 aut
3681 3809 3791 3867 prir-

2253 3896 2466 3967 positus
2492 3896 2632 3950 villa:
2660 3911 2761 3965 pro
2788 3911 2888 3950 sua
2921 3896 3155 3950 utilitate
3181 3914 3195 3962 ;
3226 3910 3328 3949 nec
3359 3893 3623 3949 hominem
3654 3886 3792 3956 ipsius

2257 3989 2491 4044 abbatis:
2516 3989 2581 4043 ad
2615 3988 2875 4058 placitum
2904 4003 3067 4044 suum
3104 3987 3396 4058 compellat
3422 4000 3519 4056 pro
3539 3981 3699 4051 aliqua
3719 3991 3792 4030 oc-

2255 4084 2478 4142 casione
2503 4103 2517 4151 ;
2546 4099 2649 4139 nec
2685 4098 2908 4139 causam
2960 4083 3250 4153 despectus
3296 4081 3369 4137 ab
3418 4081 3533 4151 ipso
3572 4073 3793 4145 requirat.

2256 4174 2411 4231 lianc
2465 4174 2631 4245 igitur
2703 4174 3042 4229 sanctionem
3100 4181 3349 4228 nostram
3415 4186 3477 4226 ac
3531 4165 3787 4239 principum

2257 4273 2597 4332 nostrorum,
2635 4262 2682 4318 si
2712 4262 2829 4333 ipse
2871 4261 3103 4317 Efredus
3144 4269 3239 4315 aut
3281 4271 3617 4315 successores
3652 4251 3790 4321 ipsius

2258 4355 2554 4428 infringere
2581 4354 3009 4426 praesumpserit,
3027 4353 3316 4422 despectus
3339 4348 3510 4406 nostri
3532 4356 3720 4417 poenam
3748 4345 3791 4391 et

2260 4446 2525 4502 tremendi
2544 4444 2737 4516 judicii
2759 4444 3162 4499 damnationem
3186 4458 3309 4499 cum
3330 4449 3584 4512 perpetua
3607 4444 3788 4490 excom-

2186 4518 2235 4573 D
2256 4539 2626 4594 municatione
2650 4538 2956 4592 incurrant.

2327 4630 2461 4684 Acta
2501 4636 2586 4683 est
2624 4628 2743 4682 haec
2772 4624 3090 4681 constitutio
3120 4625 3174 4679 in
3209 4623 3337 4677 villa
3382 4616 3632 4677 vocabulo
3671 4609 3788 4663 Pons

2258 4717 2805 4783 Saiictze—Maxentize,
2838 4723 3099 4787 regnante
3134 4714 3393 4787 glorioso
3421 4724 3539 4780 rege
3573 4702 3787 4759 Rotherlo

2257 4826 2402 4865 anno
2424 4808 2682 4864 vicesimo
2706 4806 3005 4861 indictione
3036 4821 3146 4859 xiv.

2330 4901 2365 4969 σί-
2394 4896 2451 4953 S.
2480 4895 2727 4952 Rotberti
2754 4893 2978 4967 gloriosi
3002 4894 3168 4965 regis.

2974 5009 3107 5065 Vill.

2256 5103 2587 5174 Prrpceptum
2645 5099 2883 5174 Rotberti
2948 5100 3112 5174 regis,
3139 5077 3304 5174 quo-
3339 5094 3583 5174 capellam
3636 5081 3799 5174 εαξίξίι

2324 5152 2930 5242 Ϊόάἦὴῖέέυᾶἦάέιῖὲιὼ,
2947 5152 3225 5242 incidite
3254 5152 3463 5242 civitdte
3495 5163 3656 5242 sitan}.
3678 5152 3782 5242 If;

2327 5220 3018 5366 ίνῖηξῖιξεηδὶὺαῖηιοηαέήἰε
3046 5239 3249 5309 confert
3306 5237 3379 5290 ad
3420 5247 3580 5305 preces
3603 5220 3780 5280 Amudin

2329 5314 2394 5366 ab
2431 5313 2555 5366 att's.

2861 5419 3041 5492 (Anno
3070 5418 3253 5490 mis.)

2374 5513 2648 5586 [MABILL.,
2675 5489 2878 5580 Annal,
2898 5511 3117 5578 Bened.,
3150 5520 3283 5565 tom.
3316 5506 3401 5573 IV,
3429 5519 3543 5575 pag.

2332 5582 2389 5661 In
2419 5606 2640 5661 nomine
2670 5619 2899 5659 summa:
2924 5603 3210 5659 Trinitatis
3246 5610 3301 5657 et
3333 5595 3605 5655 individua:
3624 5582 3775 5675 Uni“:

2259 5698 2464 5767 tis,cgo
2487 5694 2831 5757 Roresnrns,
2857 5695 3031 5763 gratia
3048 5702 3099 5749 et
3124 5691 3451 5764 bcnignitate
3478 5678 3785 5744 redt‘llll’mus

2263 5786 2391 5844 Jcsu
2421 5800 2514 5841 rex
2544 5782 2899 5839 Francorum.
