4058 6392
287 331 400 393 957

1730 339 2142 400 DIPLOMATA.

3451 339 3557 396 938

343 447 567 504 ~Notum
596 447 713 506 ﬁeri
760 449 1014 508 volumus
1053 447 1335 509 industria
1375 453 1620 510 omnium
1671 463 1874 510 sancta
1902 458 1947 514 Α
1974 452 2351 526 prospectibus
2387 461 2572 508 nostra
2599 451 2918 507 auctoritate
2945 450 3278 507 stabiliendis
3313 459 3367 504 et
3395 450 3556 505 robo-

287 540 488 595 matris
517 541 793 610 Ecclesia,
820 553 932 598 tam
959 545 1241 615 prasentis
1281 560 1446 614 quam
1473 545 1669 601 futura
1696 546 1871 601 atatis

287 632 558 700 fidelium,
583 636 727 705 quod
745 637 967 706 quidam
997 636 1270 692 Amadeus
1298 637 1467 692 abbas
1490 636 1870 692 Flaviniacen-

285 727 369 781 sis
426 728 680 794 canobii,
737 729 794 782 in
849 731 1057 784 honore
1111 729 1256 784 beati
1303 727 1452 783 Petri
1497 730 1870 799 apostolorum

281 819 576 889 principis,
628 821 866 890 almique
917 820 1161 890 Prajecti
1203 821 1461 892 martyris
1509 837 1572 875 ac
1623 820 1870 890 prasulis

282 908 523 975 fundati,
567 911 634 964 ad
669 918 914 963 nostram
955 911 1296 979 praesentiam
1333 911 1643 976 accesserit,
1682 920 1869 980 petens

279 1000 582 1068 quamdam
603 1001 864 1070 capellam
888 1001 1059 1056 nostri
1078 1000 1240 1070 juris,
1265 1000 1406 1056 infra
1433 1001 1634 1056 mania
1663 999 1869 1054 Aiduo—

279 1105 410 1143 rum
470 1090 708 1145 civitatis
755 1090 937 1156 sitam,
973 1100 1026 1144 et
1069 1091 1124 1144 in
1182 1091 1391 1146 honore
1449 1092 1591 1146 beati
1642 1089 1868 1145 Joannis

276 1179 629 1248 evangelista
653 1179 908 1245 dicatam,
939 1181 1251 1249 supradicto
1280 1181 1421 1244 loco,
1447 1182 1652 1236 scilicet
1686 1179 1866 1234 Flavi-

276 1265 464 1329 niaco,
494 1267 634 1334 dari,
666 1283 788 1337 qua
823 1267 1085 1323 fratribus
1111 1269 1356 1338 praedicti
1385 1270 1491 1324 loci
1523 1270 1597 1324 ita
1626 1279 1743 1325 erat
1767 1284 1865 1324 ne-

274 1358 541 1424 cessaria,
590 1368 652 1412 ut
698 1358 1009 1429 hospitandi
1058 1376 1226 1415 causa
1260 1359 1341 1415 eis
1367 1369 1514 1414 esset
1544 1360 1861 1429 expetenda.

273 1448 454 1519 Cujus
481 1451 668 1520 petitio
703 1468 803 1509 nec
828 1453 944 1508 visa
982 1460 1067 1507 est
1114 1451 1476 1522 refragabilis,
1509 1467 1610 1506 nec
1640 1451 1860 1520 injusta.

277 1539 342 1595 Si
368 1542 514 1596 enim
545 1545 800 1599 omnibus
830 1543 1251 1600 rationabilibus
1285 1553 1369 1599 est
1407 1543 1698 1598 favendum
1727 1543 1865 1612 peti-

276 1632 544 1698 tionibus,
566 1645 773 1705 quanto
797 1636 972 1707 magis
994 1637 1209 1692 illorum
1233 1651 1465 1706 quorum
1497 1636 1863 1689 remuneratio

277 1723 337 1776 in
360 1723 448 1777 die
469 1723 694 1792 justitia
715 1726 1255 1796 constatc0piosior?
1279 1724 1430 1780 Unde
1454 1725 1713 1794 quoniam
1736 1724 1863 1780 huic

1971 545 2158 599 randis
2216 545 2500 614 cujusdam
2541 544 2796 610 canobii,
2853 542 3074 598 nomine
3119 540 3438 607 Cormariei,
3496 543 3552 597 in

1970 636 2177 691 honore
2209 635 2302 690 Dei
2348 636 2736 706 omnipotentis
2777 645 2829 690 et
2858 633 2917 688 S.
2948 633 3103 688 Pauli
3150 635 3378 703 apostoli
3416 652 3550 689 con-

1970 726 2183 782 structi.
2237 724 2355 794 lpse
2398 740 2636 794 namque
2694 720 3072 779 Fulco’comes
3109 724 3415 778 construxit
3451 740 3553 779 suo

1968 823 2211 885 tempore
2239 817 2294 869 in
2329 815 2592 870 comitatu
2638 814 2911 870 Turonico
2970 813 3252 868 castellum
3279 814 3422 882 quod
3448 830 3550 868 vo-

1969 916 2124 961 catur
2147 906 2547 973 Monsbasonis,
2581 907 2634 960 in
2672 915 2814 960 terra
2838 905 3009 974 ipsius
3036 903 3270 960 canobii
3298 921 3312 957 :
3335 912 3389 957 et
3412 905 3548 958 alte-

1967 1015 2089 1052 rum
2142 999 2450 1052 construxit
2499 998 2778 1053 castellum
2828 996 2884 1050 in
2937 995 3199 1051 comitatu
3247 993 3548 1062 Pictavino,

1968 1090 2110 1160 quod
2138 1098 2365 1144 vocatur
2392 1088 2748 1154 Mirebellum,
2783 1097 2938 1142 terra
2964 1082 3136 1156 ipsius
3161 1086 3396 1166 canobii
3422 1103 3551 1156 pro-

1966 1183 2193 1234 ximum.
2229 1179 2487 1236 Verentes
2516 1181 2698 1251 itaque
2738 1178 2990 1234 monachi
3014 1178 3127 1248 jam
3155 1177 3282 1232 dicti
3313 1177 3552 1232 canobii

1967 1287 2033 1326 ne
2056 1272 2244 1325 eadem
2269 1273 2487 1326 castella
2518 1272 2571 1324 in
2599 1270 2846 1325 futurum
2875 1269 2978 1324 sibi
3002 1269 3086 1323 vel
3109 1267 3225 1323 suis
3250 1269 3415 1323 rebus
3447 1285 3550 1322 no-

1966 1363 2083 1416 civa
2133 1369 2186 1414 et
2223 1361 2419 1416 infesta
2465 1361 2729 1426 existant,
2774 1360 2906 1414 adiit
2938 1359 3136 1413 nobilis
3176 1365 3230 1412 et
3259 1358 3553 1427 religiosus

1965 1454 2132 1507 abbas
2162 1453 2333 1522 ipsius
2361 1453 2486 1520 loci,
2518 1455 2734 1507 nomine
2757 1452 3108 1516 Teutbaldus,
3132 1467 3254 1505 cum
3285 1451 3400 1506 suis
3429 1467 3550 1506 mo-

1965 1543 2177 1608 nachis,
2240 1542 2525 1612 prafatum
2574 1545 2828 1599 comitem
2873 1543 3188 1609 Fulconem,
3245 1551 3306 1596 ut
3351 1542 3404 1596 vi
3448 1558 3548 1597 sua

1965 1643 2127 1703 atque
2157 1633 2417 1702 potentia,
2447 1643 2712 1704 quantum
2740 1643 2946 1704 posset,
2975 1633 3258 1703 providere
3283 1642 3334 1688 et
3356 1633 3548 1704 prohi-

1963 1725 2090 1778 bere
2121 1733 2337 1778 curaret
2368 1740 2436 1778 ne
2465 1725 2653 1780 eadem
2695 1725 2916 1779 castella
2939 1724 3053 1793 jam
3092 1723 3238 1778 dicto
3272 1725 3545 1790 coenobio,

277 1814 458 1868 simile
485 1815 760 1872 multoties
794 1818 863 1872 ab
907 1817 1346 1872 antecessoribus
1377 1816 1578 1871 nostris
1605 1814 1861 1884 frequen-
1895 1806 1938 1859 Β
1965 1833 2063 1870 nec
2091 1816 2216 1870 ullis
2252 1816 2415 1872 rebus
2439 1818 2555 1872 suis
2597 1832 2837 1886 unquam
2872 1816 3104 1870 violenta
3127 1814 3320 1870 forent.
3347 1814 3548 1869 Deinde

275 1909 455 1956 tatum
508 1903 814 1960 audivimus
864 1915 917 1960 et
965 1904 1293 1970 factitatum,
1323 1905 1550 1958 libenter
1581 1905 1858 1974 petitionis

275 1989 425 2070 illius
481 1993 812 2060 prabuimus
849 1993 1135 2058 eﬁ‘ectum,
1191 2003 1462 2064 quatenus
1515 1994 1670 2049 locus
1716 2010 1858 2064 sape

274 2080 613 2147 nominatus,
641 2081 986 2138 Flaviniacus
1012 2083 1278 2149 videlicet,
1306 2093 1360 2138 et
1382 2085 1636 2140 monachi
1667 2084 1740 2138 ibi
1763 2085 1858 2140 de-

275 2181 484 2242 gentes,
535 2181 696 2243 atque
748 2174 883 2229 inibi
933 2175 1130 2231 divina
1183 2177 1455 2246 majestati
1506 2175 1854 2244 famulantes,

273 2274 629 2334 prataxatam
697 2268 962 2336 capellam
1012 2269 1069 2322 in
1120 2269 1327 2324 honore
1386 2269 1562 2324 sancti
1629 2268 1858 2326 Joannis

271 2357 636 2427 evangelista,
662 2367 720 2412 ut
745 2359 1003 2426 diximus,
1030 2370 1427 2428 consecratam,
1454 2377 1579 2415 cum
1601 2361 1857 2418 omnibus

271 2462 395 2516 qua
447 2447 514 2502 ad
571 2448 745 2518 ipsam
794 2450 1066 2519 pertinere
1111 2449 1384 2517 videntur,
1449 2452 1852 2521 perpetualiter,

270 2539 422 2594 nullo
445 2539 803 2610 inquietante,
821 2543 1078 2613 deinceps
1096 2543 1457 2613 possiderent.
1478 2543 1544 2598 Et
1569 2554 1629 2600 ut
1650 2545 1856 2601 ﬁrmio-

268 2646 387 2684 rem
432 2633 632 2687 amodo
686 2634 904 2688 tenendi
947 2635 1210 2688 haberent
1254 2635 1718 2705 astipulationem,
1751 2637 1856 2690 hoc

269 2723 531 2792 scriptum
594 2725 718 2780 inde
750 2727 831 2781 eis
883 2726 1316 2796 ﬁerijussimus,
1365 2737 1418 2782 et
1467 2728 1629 2798 sigilli
1678 2729 1853 2783 nostri

267 2814 629 2885 impressione
645 2819 894 2888 insigniri
913 2819 1286 2888 praecepimus.

341 2905 535 2959 Actum
568 2905 760 2961 IEduae
786 2923 932 2961 anno
955 2907 1249 2962 Dominica
1271 2907 1666 2964 lncarnationis
1694 2908 1850 2974 1018,

268 2992 566 3050 indictione
591 2995 786 3064 prima,
809 2996 962 3066 regni
991 3011 1120 3050 vero
1144 2996 1521 3066 gloriosissimi
1554 2998 1696 3068 regis
1721 2996 1853 3052 Rat-

267 3085 409 3138 berti
428 3101 556 3152 xxx,
587 3101 647 3139 ιιι
672 3085 896 3140 Kalend.
923 3085 1165 3141 Martias.
1185 3086 1296 3158 Ego
1323 3088 1375 3142 in
1404 3089 1622 3142 nomine
1647 3087 1852 3144 Christi

267 3174 524 3231 Galterus
555 3177 826 3232 cathedra
856 3178 1355 3247 Augustidunensis
1382 3179 1535 3234 urbis
1560 3179 1851 3250 episcopus

268 3268 505 3334 assensi,
534 3277 588 3323 et
609 3269 828 3338 pr0pria
863 3286 1027 3323 manu
1067 3269 1298 3323 ﬁrmavi.
1349 3268 1576 3339 Signum
1609 3269 1851 3340 llugonis

267 3358 508 3430 episcopi
540 3358 638 3429 (7).
669 3357 782 3428 Ego
821 3359 876 3412 in
925 3359 1148 3412 nomine
1177 3359 1307 3430 ligni
1338 3358 1532 3414 Crucis
1554 3359 1851 3416 Balduinus

270 3459 473 3505 sancta
514 3450 658 3504 sedis
717 3449 1081 3506 Tarvanensis
1118 3452 1343 3506 antistes
1381 3452 1689 3520 astipulavi.
1737 3451 1850 3522 Ego

270 3539 642 3596 Theodericus
683 3541 1095 3597 Aurelianensis
1120 3542 1355 3598 civitatis
1370 3543 1658 3612 episc0pus
1683 3559 1849 3598 manu

267 3633 487 3702 propria
541 3634 909 3689 corroboravi.
953 3634 1065 3706 Ego
1123 3619 1417 3690 Rotbertus
1447 3635 1556 3690 dux
1600 3634 1851 3709 Burgun-

267 3724 494 3780 dionum
521 3725 598 3796 (8)
630 3727 848 3797 propria
870 3742 1036 3780 manu
1059 3726 1291 3780 ﬁrmavi.

913 3815 1028 3869 vni
1052 3816 1197 3887 (bis).

268 3907 602 3978 Prwccptum
627 3909 836 3963 Roberti
864 3911 995 3979 regis
1049 3908 1377 3962 Francorum
1428 3909 1491 3962 de
1535 3910 1846 3962 constructis

337 3979 573 4032 castellis
599 3980 1009 4032 Monte-Basone
1033 3989 1188 4049 atque
1222 3979 1512 4043 Mirebello,
1541 3990 1588 4031 et
1629 3996 1691 4032 ne
1728 3981 1848 4032 inde

338 4049 854 4172 aiiquodbinferatur
895 4051 1279 4102 incommodum
1321 4050 1586 4103 monachis
1635 4049 1848 4104 Carme-

338 4135 562 4172 nacens:
599 4135 681 4172 us.

335 4135 681 4174 τιαεεηδιοιιδ.

858 4211 1039 4280 (Anno
1065 4210 1247 4280 1018.)

269 4300 427 4372 [Dom
457 4301 739 4355 Maerens.
770 4301 918 4356 Thes.
958 4304 1210 4356 Anecdot.
1257 4312 1387 4358 tom.
1418 4302 1459 4366 Ι,
1493 4304 1596 4356 col.
1631 4304 1753 4369 157,
1777 4320 1842 4358 ex

502 4373 739 4428 archivis
768 4374 1083 4428 monasterii
1109 4372 1614 4443 Cormeriacensis.]

1961 1915 2351 1977 suggesserunt
2379 1907 2492 1975 jam
2541 1906 2722 1962 dictus
2757 1907 2924 1962 abbas
2950 1915 3004 1960 et
3045 1907 3130 1961 sui
3158 1907 3411 1961 monachi
3442 1907 3545 1976 ipsi

1960 1995 2186 2050 Fulconi
2211 2005 2454 2050 nostram
2483 1997 2633 2052 adire
2668 1997 3043 2052 excellentiam
3074 1997 3300 2066 regiam,
3323 2005 3381 2050 ut
3401 1995 3546 2066 quod

1958 2089 2027 2142 ab
2076 2103 2141 2142 eo
2188 2087 2440 2157 precibus
2469 2088 2778 2159 exigebant,
2836 2087 2949 2158 ipse
2978 2104 3008 2140 a
3038 2095 3224 2142 nostra
3254 2088 3546 2142 serenitate

1959 2179 2294 2249 elllagitarct,
2329 2180 2535 2249 scripto
2581 2188 2636 2234 et
2670 2188 2940 2250 praecepto
2975 2186 3175 2233 nostra
3204 2178 3545 2234 auctoritatis

1958 2280 2137 2326 ratum
2192 2287 2256 2326 ac
2298 2272 2494 2326 stabile
2524 2272 2580 2326 in
2631 2279 2949 2341 perpetuum
3002 2269 3348 2325 conﬁrmare.
3398 2269 3544 2325 Idem

1955 2378 2086 2418 vero
2122 2361 2289 2418 Fulco
2323 2379 2508 2418 comes
2558 2373 2670 2418 tam
2716 2363 2861 2417 dicto
2891 2362 3071 2416 abbati
3105 2371 3160 2416 et
3203 2362 3318 2417 suis
3354 2377 3545 2418 mona-

1957 2457 2097 2522 chis,
2130 2463 2316 2526 utpote
2363 2455 2599 2510 maxime
2648 2454 2940 2526 religiosis,
2969 2454 3209 2508 maximo
3259 2454 3545 2515 devinctus

1956 2563 2161 2614 amore,
2195 2564 2359 2617 quam
2395 2548 2576 2618 potius
2617 2563 2716 2618 pro
2751 2547 2991 2602 remedio
3038 2555 3091 2602 et
3138 2547 3310 2601 salute
3349 2547 3543 2600 animae

1957 2654 2070 2693 sua
2116 2639 2424 2694 istiusmodi
2479 2654 2669 2694 eorum
2713 2639 2967 2710 precibus
3018 2639 3440 2708 obtemperando
3490 2647 3545 2693 et

1955 2731 2288 2786 consulendo
2326 2731 2578 2800 promisit
2633 2746 2692 2787 se
2733 2745 2947 2799 semper
2989 2737 3189 2798 praesto
3217 2745 3336 2784 esse
3365 2738 3417 2782 ct
3443 2745 3541 2797 pa-

1955 2831 2135 2875 ratum
2165 2819 2298 2876 fore.
2354 2820 2478 2876 Ideo
2515 2821 2648 2876 adiit
2701 2820 3157 2891 magniﬁcentiam
3195 2828 3458 2886 nostram,
3489 2829 3544 2873 et

1955 2911 2070 2965 hac
2097 2926 2219 2982 quae
2245 2911 2510 2966 hactenus
2531 2909 2921 2980 deproniimus,
2954 2906 3181 2963 sollicite
3209 2907 3416 2962 studuit
3442 2922 3542 2960 no-

1955 3003 2085 3058 stris
2136 3002 2387 3056 intimare
2435 3001 2681 3055 auribus.
2734 2999 2846 3054 Nos
2883 3013 3012 3052 vero
3063 2998 3236 3066 ipsius
3284 2997 3542 3051 Fulconis

1954 3093 2308 3164 suggestioni,
2338 3101 2524 3162 utpote
2557 3092 2714 3146 nobis
2742 3090 3060 3154 ﬁdelissimi,
3095 3090 3326 3143 libenter
3345 3098 3397 3142 et
3424 3088 3540 3143 eili—

1953 3187 2154 3241 caciter
2181 3185 2562 3248 assentientes,
2596 3183 2707 3237 imo
2733 3191 2790 3235 ut
2812 3182 3044 3252 gratiam
3073 3179 3167 3234 Dei
3193 3180 3538 3249 omnipoten-

1953 3278 2022 3332 tis
2047 3276 2366 3344 ampliorem
2411 3289 2743 3337 mereamur,
2779 3281 2832 3326 et
2864 3271 3158 3325 stabilitate
3180 3280 3233 3325 et
3261 3287 3392 3340 pace
3417 3273 3540 3326 diu-

1951 3369 2063 3422 tina
2089 3368 2262 3422 nostri
2289 3367 2440 3435 regni
2473 3366 2740 3428 latemur,
2789 3362 3162 3416 interdicimus
3201 3371 3255 3415 et
3282 3363 3538 3432 prohibe-

1951 3475 2074 3513 mus
2101 3475 2196 3528 per
2232 3459 2336 3512 hoc
2365 3457 2631 3526 scriptum
2661 3464 2713 3508 et
2745 3462 3074 3523 praceptum
3109 3462 3310 3509 nostra
3344 3463 3536 3508 aucto-

1949 3551 2127 3604 ritatis
2150 3558 2209 3604 ut
2246 3564 2406 3603 nemo
2432 3562 2674 3616 unquam
2705 3545 2797 3612 sit,
2824 3560 2923 3599 nec
2948 3545 3200 3600 militaris
3221 3546 3534 3615 quisquam,

1950 3657 2048 3695 nec
2069 3640 2343 3710 quispiam
2393 3640 2578 3703 homo,
2627 3653 2725 3691 nec
2753 3636 3006 3706 qualibet
3044 3652 3276 3706 persona
3305 3637 3371 3691 de
3401 3636 3536 3705 ipsis

1948 3733 2162 3787 duobus
2183 3731 2420 3788 castellis
2443 3727 2927 3799 supranominatis,
2956 3743 3055 3781 nec
3083 3728 3149 3782 de
3176 3728 3389 3781 cunctis
3412 3727 3535 3783 aliis

1949 3821 2186 3876 castellis
2213 3837 2335 3890 qua
2371 3830 2499 3874 sunt
2522 3819 2664 3888 juris
2685 3817 2858 3887 ipsius
2885 3817 3099 3872 comitis
3142 3817 3399 3871 Fulconis
3418 3818 3534 3871 exi-

1947 3927 2075 3982 stat,
2099 3915 2192 3986 qui
2218 3916 2387 3969 ullum
2411 3911 2747 3966 contrarium
2780 3926 2961 3975 usum,
2984 3926 3159 3979 neque
3181 3909 3533 3963 consuetudi-

1947 4025 2091 4072 nem,
2135 4022 2311 4076 neque
2355 4004 2693 4069 violentiam,
2742 4019 2842 4056 nec
2897 4001 3236 4055 dominatum
3289 4001 3533 4070 irrogare

1946 4099 2146 4153 audeat
2193 4113 2294 4152 nec
2342 4104 2637 4166 praesumat
2660 4093 2770 4162 jam
2819 4091 2965 4146 dicto
2999 4091 3250 4146 canobio
3295 4088 3351 4143 S.
3377 4088 3530 4144 Pauli

1945 4189 2196 4259 apostoli,
2232 4204 2332 4243 nec
2367 4188 2492 4242 ullis
2527 4186 2690 4240 rebus
2726 4183 2898 4254 ipsius
2942 4181 3197 4246 canobii,
3234 4181 3342 4235 nisi
3389 4181 3532 4235 sicut

1944 4280 2286 4349 temporibus
2349 4288 2758 4333 antecesserunt
2814 4283 3129 4329 nostrorum
3193 4283 3373 4327 actum
3424 4281 3528 4337 est,

1944 4369 2190 4424 Letharii
2214 4369 2462 4423 videlicet
2487 4367 2824 4422 Francorum
2863 4366 3026 4437 regis,
3058 4373 3111 4420 et
3139 4365 3398 4434 genitoris
3427 4379 3516 4418 no-

335 4459 391 4514 ln
425 4461 644 4516 nomine
693 4460 908 4516 Domini
951 4461 1043 4514 Dei
1073 4469 1127 4515 et
1175 4461 1470 4516 Salvator-is
1506 4462 1675 4515 nostri
1714 4461 1842 4517 Jesu
1875 4475 1918 4528 1)
1944 4463 2042 4518 stri
2077 4460 2321 4531 Hugonis
2343 4461 2527 4514 itidem
2550 4459 2887 4514 Francorum
2916 4458 3081 4528 regis,
3105 4467 3160 4512 et
3192 4456 3529 4526 temporibus

263 4551 486 4619 Christi,
537 4552 882 4620 Rornsnrus,
937 4552 1119 4608 divina
1159 4552 1444 4607 ordinante
1485 4552 1841 4621 providentia,

262 4643 598 4698 Francorum
624 4660 740 4698 rex.
776 4660 782 4665 ·

333 4735 389 4788 Si
415 4751 694 4790 servorum
725 4735 840 4799 Dei,
877 4748 1177 4802 eorumque
1207 4733 1442 4787 maxime
1467 4732 1582 4802 qui,
1615 4747 1714 4788 sua
1731 4748 1844 4787 om-

259 4826 347 4878 nia
380 4828 764 4894 relinquentes,
804 4826 1082 4880 Christum
1115 4825 1266 4893 sequi
1303 4831 1624 4890 noscuntur,
1651 4839 1839 4877 curam

254 4911 514 4984 gerimus,
549 4923 604 4968 et
642 4913 709 4968 ad
737 4914 933 4970 divina
960 4915 1212 4983 potenti-.e
1257 4914 1312 4969 in
1341 4914 1476 4970 locis
1508 4912 1619 4968 Deo
1647 4914 1841 4970 dicatis

250 5003 434 5063 verius
459 5006 823 5078 serviendum
865 5004 1131 5060 auxilium
1176 5007 1528 5078 porrigimus,
1581 5006 1634 5062 id
1680 5006 1838 5061 nobis

251 5099 439 5167 procul
465 5099 630 5155 dubio
659 5099 728 5155 ad
759 5097 1044 5154 mortalem
1076 5097 1243 5152 vitam
1283 5113 1541 5168 prospere
1565 5098 1838 5153 deducen-

251 5187 476 5254 dam,et
501 5190 566 5244 ad
604 5199 862 5245 aternam
911 5189 1140 5244 feliciter
1178 5189 1546 5254 obtinendam,
1595 5205 1837 5244 commo-

251 5276 381 5332 dum
412 5281 701 5348 provenire
733 5281 1079 5336 conﬁdimus.
1104 5279 1310 5334 Idcirco
1345 5289 1534 5334 notum
1564 5279 1635 5334 sit
1663 5282 1836 5334 omni-

251 5367 356 5424 bus
391 5379 593 5426 sancta
634 5370 726 5425 Dei
766 5371 1024 5427 Ecclesia
1067 5370 1336 5436 ﬁdelibus,
1363 5380 1417 5425 et
1451 5372 1718 5440 pracipue
1746 5381 1833 5426 to-

251 5459 362 5515 tius
388 5463 540 5532 regni
591 5463 942 5531 primoribus,
973 5463 1100 5532 quia
1141 5462 1275 5517 adiit
1321 5461 1524 5532 regiam
1581 5463 1836 5518 culminis

252 5553 427 5608 nostri
460 5554 835 5608 monarchiam
880 5553 1046 5610 Fulco
1074 5569 1276 5622 comes,
1306 5569 1405 5624 pro
1437 5555 1738 5611 commodis
1782 5563 1835 5610 et

325 5731 404 5801 (7)
435 5731 947 5789 Antissiodorensis.

1941 4553 2209 4623 siquidem
2238 4551 2492 4606 Fulconis
2522 4551 2759 4616 comitis,
2781 4559 2834 4606 ct
2864 4549 3150 4604 Gausfredi
3176 4549 3414 4614 comitis,
3443 4551 3529 4602 avi

1940 4654 1994 4698 et
2022 4645 2192 4714 patris
2223 4642 2464 4712 sapefati
2483 4642 2739 4696 Fulconis
2756 4640 2990 4694 comitis.
3012 4639 3322 4694 Statuentes
3345 4649 3528 4693 autem

1941 4736 2309 4806 pracipimus,
2342 4735 2797 4802 vehementerque
2838 4731 3276 4797 interminamus,
3323 4739 3378 4785 et
3407 4746 3526 4784 mo-

1941 4843 2134 4882 nemus
2165 4842 2232 4881 ne
2279 4827 2425 4880 ullus
2477 4838 2717 4894 unquam
2766 4822 3171 4876 succedentium
3219 4821 3524 4886 hominum,

1942 4918 2316 4986 cujuscunque
2360 4915 2644 4986 potestatis
2685 4914 2769 4967 vel
2816 4913 3141 4968 conditionis
3184 4912 3402 4977 existat,
3431 4913 3527 4981 qui

1942 5007 2046 5060 hoc
2071 5015 2272 5061 nostra
2319 5004 2662 5060 auctoritatis
2707 5011 2970 5057 statutum
3013 5003 3065 5055 in
3096 5003 3280 5071 aliquo
3325 5001 3526 5055 violare

1939 5099 2155 5165 audeat,
2174 5113 2240 5152 ne
2262 5098 2512 5167 impietas
2531 5096 2650 5165 ejus
2665 5111 2728 5149 ac
2757 5095 2990 5164 superba
3015 5094 3310 5161 temeritas,
3335 5110 3526 5164 panas

1938 5191 2178 5256 ultrices,
2223 5190 2446 5244 Christo
2475 5188 2676 5258 judice,
2709 5187 2838 5240 luat.
2883 5185 3060 5254 Atque
3094 5195 3155 5240 ut
3199 5187 3314 5240 hac
3350 5187 3525 5240 nostri

1935 5284 2122 5338 statuti
2152 5292 2207 5337 et
2239 5280 2492 5352 pracepti
2530 5279 2828 5334 auctoritas
2856 5279 3075 5332 ﬁrmum
3128 5277 3522 5332 inviolabilem-

1934 5391 2041 5445 que
2067 5373 2312 5428 obtineat
2335 5373 2595 5443 vigorem,
2633 5386 2796 5424 manu
2825 5371 3042 5440 propria
3068 5370 3254 5424 subter
3283 5386 3404 5425 eam
3431 5370 3522 5424 ﬁr-

1935 5468 2225 5531 mavimus,
2253 5474 2306 5519 et
2333 5464 2536 5518 annulo
2565 5470 2752 5516 nostro
2778 5463 3047 5532 assignari
3068 5463 3357 5532 jussimus.

2010 5557 2236 5630 Signum
2271 5555 2515 5610 Rotberti
2545 5553 2925 5625 gloriosissimi
2957 5555 3119 5625 regis.

2013 5737 2088 5807 (8)
2114 5734 2285 5791 Filius
2310 5733 2531 5790 Roberti
2557 5732 2718 5803 regis.
