4104 5260
474 222 577 278 959

1596 211 1890 267 RODERTI
1933 211 2137 267 REGIS
2174 208 2596 265 FRANCORUM

3623 203 3723 260 960

546 334 826 392 Gotfridus
877 333 1181 388 monachus
1221 330 1458 400 scripsit,
1502 327 1567 382 ad
1603 328 1774 381 vicem
1817 325 2056 380 Franco—
2083 329 2128 384 Α
2154 324 2354 378 obnixe
2388 339 2420 378 a
2453 319 2748 376 venerabili
2777 318 2891 389 jam
2925 319 3054 374 dicti
3081 317 3186 373 loci
3225 316 3426 372 domno
3460 314 3728 370 Richardo

477 429 564 483 nis
590 427 935 493 cancellarii;
985 435 1039 480 et
1063 426 1177 495 ipse
1199 422 1410 477 Franco
1448 435 1613 474 manu
1659 418 1878 489 propria
1927 417 2055 473 sub-

477 519 716 590 scripsit.

1217 628 1308 684 IX.

480 713 826 796 Privilegium
872 724 1083 801 Roberti
1120 723 1254 793 regis
1280 738 1373 804 pro
1414 720 1731 774 monasterio
1756 717 2056 774 Cormeria-

1187 809 1346 846 ερηδι.

1077 883 1461 955 (Αηηοιοιεδ

797 977 955 1050 [Dom
981 977 1264 1043 MARTE‘NE,
1288 977 1418 1030 ibid.
1445 993 1565 1046 pag.
1592 973 1740 1047 158.]

553 1069 611 1126 ln
660 1071 880 1126 nomine
921 1069 1132 1126 Domini
1170 1069 1263 1124 Dei
1309 1078 1362 1124 et
1391 1067 1686 1122 Salvatoris
1726 1065 1895 1121 nostri
1927 1063 2058 1119 Iesu

484 1163 706 1230 Christi,
754 1161 1100 1230 Roraenrrs,
1136 1163 1318 1217 divina
1364 1161 1648 1215 ordinante
1705 1157 2060 1230 providentia,

484 1250 818 1306 Francorum
848 1267 961 1306 rex.

557 1339 612 1393 Si
665 1355 950 1396 servorum
1003 1339 1118 1406 Dei,
1184 1356 1483 1411 eorumque
1536 1339 1770 1394 maxime
1812 1337 1926 1406 qui,
1965 1351 2063 1391 sua

481 1430 665 1484 omnia
703 1430 1094 1500 relinquentes,
1118 1430 1396 1486 Christum
1422 1431 1577 1501 sequi
1610 1437 1928 1491 noscuntur,
1963 1441 2062 1480 cu—

482 1533 598 1572 ram
623 1519 883 1589 gerimus,
909 1529 963 1575 et
992 1521 1058 1575 ad
1080 1521 1277 1576 divina
1310 1522 1564 1592 potentia
1593 1521 1647 1574 in
1689 1519 1822 1573 locis
1852 1517 1962 1572 Deo
1982 1517 2065 1570 di-

483 1610 621 1665 catis
646 1611 830 1667 verius
859 1612 1202 1667 serviendum
1234 1613 1495 1666 auxilium
1520 1609 1871 1680 porrigimus,
1896 1607 1948 1661 id
1964 1620 2064 1661 no-

2156 414 2368 480 abbate,
2391 422 2445 469 et
2477 413 2581 468 sibi
2623 410 2882 481 subjectis
2929 410 3232 475 monachis,
3277 417 3548 479 quatenus
3591 422 3730 462 ame

2157 514 2473 574 exposceret
2515 503 2662 573 quod
2711 501 3030 572 privilegiali
3075 501 3254 556 edicto
3301 501 3405 555 hoc
3445 508 3631 553 vetare
3677 507 3733 552 et

2157 597 2442 666 prohibere
2463 597 2778 660 debeamus,
2805 595 2950 664 quod
2973 603 3026 648 et
3050 592 3300 649 facimus.
3328 591 3656 662 Pracipiens
3679 601 3734 648 et

2157 689 2424 744 mandans
2464 687 2783 743 auctoritate
2817 686 3005 756 regali,
3048 694 3103 741 et
3145 685 3424 740 obtestans
3459 700 3558 754 per
3584 683 3734 739 deiti-

2158 795 2284 835 cum
2312 795 2510 834 nomen
2536 787 2738 834 sancta
2768 785 2820 831 et
2842 777 3132 832 individua
3159 775 3462 842 Trinitatis,
3489 785 3550 830 ut
3575 789 3739 830 nemo

2158 869 2448 924 temerario
2470 883 2608 922 ausu
2633 875 2926 936 prasumat
2961 866 3206 920 eamdem
3246 864 3515 920 abbatiam
3554 865 3610 918 in
3635 864 3736 920 do-

2161 957 2459 1012 minatione
2488 955 2720 1025 alicujus
2740 969 2986 1026 persona
3023 952 3423 1020 transfundere,
3459 953 3554 1008 sed
3583 954 3657 1008 sit
3680 953 3738 1008 in

2161 1049 2310 1104 salva
2353 1047 2601 1104 custodia
2647 1055 2701 1101 et
2749 1044 3065 1100 defensione
3111 1043 3369 1100 Fulconis
3421 1043 3637 1098 comitis
3686 1050 3741 1097 et

2162 1153 2541 1193 successorum
2593 1135 2734 1206 ejus.
2791 1134 2949 1202 Quod
3010 1135 3057 1191 si
3112 1135 3236 1205 quis
3299 1144 3531 1190 conatus
3580 1130 3744 1186 fuerit

2162 1228 2471 1285 istiusmodi
2520 1242 2634 1282 rem
2675 1235 2962 1293 attentare,
2998 1241 3110 1280 non
3156 1226 3380 1280 omnino
3422 1224 3569 1295 quod
3595 1221 3748 1293 cupit

2162 1321 2416 1387 vindicet,
2449 1328 2502 1374 et
2537 1319 2604 1374 ad
2629 1327 2880 1373 nostrum
2907 1327 3148 1372 tutamen
3182 1325 3238 1372 et
3260 1317 3576 1388 :dominium
3599 1315 3743 1370 idem

2163 1412 2318 1468 locus
2355 1419 2676 1478 revertatur,
2711 1409 2824 1465 sive
2869 1424 3247 1464 successorum
3302 1416 3638 1474 nostrorum,
3692 1415 3748 1461 et

2164 1505 2417 1574 deinceps
2450 1502 2586 1558 nulli
2632 1501 2936 1557 dominatui
2981 1501 3262 1566 subsistat,
3306 1499 3414 1554 nisi
3457 1498 3631 1569 regio.
3689 1495 3752 1551 Si

2165 1596 2290 1666 quis
2339 1603 2539 1659 autem,
2582 1593 2726 1663 quod
2777 1607 2886 1647 non
2936 1591 3230 1656 credimus,
3301 1591 3445 1644 hanc
3492 1588 3759 1659 pracepti.

484 1701 569 1756 bis
596 1703 783 1772 procul
813 1689 980 1757 dubio
1008 1702 1075 1757 ad
1111 1703 1395 1757 mortalem
1431 1679 1596 1756 vitam
1623 1715 1876 1770 prospere
1901 1697 2067 1752 dedu-

2169 1685 2549 1754 ascriptionem
2573 1683 2777 1753 regiam
2802 1681 3048 1750 populari
3075 1681 3334 1736 audacter
3361 1679 3662 1743 conaverit,
3686 1693 3754 1732 ac

482 1792 735 1859 cendam,
766 1802 820 1848 et
841 1792 907 1847 ad
945 1801 1205 1848 aternam
1248 1792 1476 1849 feliciter
1519 1789 1890 1855 obtinendam,
1917 1804 2067 1844 com-

485 1883 708 1938 modum
757 1885 1042 1954 provenire
1094 1884 1439 1940 confidimus.
1493 1883 1700 1938 Idcirco
1757 1890 1945 1936 notum
1997 1881 2072 1935 sit

485 1976 739 2030 omnibus
768 1985 967 2031 sancta
995 1974 1089 2031 Dei
1121 1975 1375 2032 Ecclesia
1420 1975 1686 2042 fidelibus,
1720 1982 1773 2029 et
1801 1973 2071 2045 praeipue

488 2067 656 2122 totius
710 2066 860 2137 regni
906 2067 1078 2121 nostri
1135 2067 1484 2137 primoribus,
1514 2067 1641 2136 quia
1683 2064 1818 2120 adiit
1864 2065 2070 2134 regiam

487 2157 744 2212 culminis
775 2159 948 2212 nostri
974 2159 1348 2214 monarchiam
1386 2157 1556 2214 Fulco
1580 2173 1762 2213 comes
1803 2173 1901 2226 pro
1923 2171 2074 2210 com-

489 2245 666 2300 modis
709 2255 762 2301 et
799 2245 1134 2317 profectibus
1181 2256 1369 2303 nostra
1417 2248 1741 2303 auctoritate
1790 2245 2073 2302 stabilien-

487 2335 576 2392 dis
610 2347 662 2392 et
685 2339 1121 2394 roborandis.....
1161 2341 1395 2395 canobii
1423 2340 1642 2395 nomine
1668 2337 1990 2404 Cormariei,
2015 2337 2071 2391 in

491 2428 698 2484 honore
741 2428 836 2484 Dei
877 2430 1266 2500 omnipotentis
1311 2440 1366 2486 et
1415 2431 1590 2486 sancti
1636 2429 1792 2486 Pauli
1843 2429 2074 2500 apostoli

491 2520 794 2587 constituti,
837 2535 869 2575 a
904 2520 1101 2590 priscis
1151 2531 1206 2576 et
1233 2521 1344 2576 Deo
1373 2521 1798 2590 obsequentibus
1846 2519 2075 2574 fideliter

493 2611 804 2677 abbatibus,
834 2610 1041 2665 scilicet
1073 2612 1248 2666 sancti
1273 2619 1327 2665 et
1352 2610 1644 2680 peculiaris
1667 2609 1838 2664 nostri
1859 2608 2074 2678 patroni

492 2701 826 2758 Martini.....
871 2704 1072 2758 summi
1108 2711 1162 2758 et
1205 2703 1368 2774 digne
1415 2703 1526 2758 Deo
1583 2700 1794 2758 colendi
1841 2700 2074 2770 theologi

493 2791 648 2847 Pauli
682 2793 886 2848 honore
921 2802 1316 2861 constructum,
1355 2803 1409 2849 et
1448 2793 1684 2848 maxima
1723 2793 2001 2861 copiarum
2023 2799 2078 2845 et

496 2899 661 2952 opum
691 2882 913 2938 dationc
941 2883 1196 2949 ditatum,
1230 2893 1285 2939 et
1318 2897 1610 2937 numerosa
1642 2880 1862 2936 Christo
1897 2879 2076 2934 famu-

2167 1774 2351 1829 timide
2368 1775 2619 1829 deserere
2642 1773 2894 1837 voluerit,
2911 1787 3036 1826 cum
3061 1771 3232 1826 Datan
3257 1780 3312 1826 et
3333 1770 3562 1836 Abiron,
3587 1779 3756 1839 atque

2167 1882 2292 1921 cum
2324 1867 2410 1921 bis
2432 1865 2527 1936 qui
2548 1865 2804 1920 dixerunt
2835 1864 3066 1918 Domino
3100 1863 3208 1918 Deo
3234 1882 3246 1918 :
3290 1862 3488 1917 Recede
3520 1879 3551 1915 a
3577 1863 3752 1927 nobis,

2168 1959 2445 2014 scientiam
2478 1959 2684 2011 viarum
2730 1966 2942 2009 tuarum
2978 1955 3256 2020 nolumus;
3298 1963 3352 2011 et
3385 1969 3511 2009 cum
3542 1951 3755 2007 Herode

2169 2051 2520 2120 parvulorum
2544 2057 2814 2112 necatore,
2846 2062 3056 2101 necnon
3079 2063 3203 2100 cum
3235 2045 3446 2101 Nerone
3472 2045 3754 2116 apostolo-

2171 2158 2292 2196 rum
2316 2140 2461 2195 Petri
2480 2151 2534 2195 et
2560 2138 2715 2195 Pauli
2767 2148 2821 2193 et
2866 2139 3160 2193 multorum
3201 2146 3502 2208 martyrum
3531 2135 3756 2191 interfe-

2171 2243 2338 2298 ctore,
2367 2247 2461 2288 seu
2488 2247 2616 2287 cum
2637 2231 2930 2286 Aureliano
2964 2229 3288 2300 impiissimo
3319 2229 3527 2294 lictore,
3552 2237 3753 2283 etcum

2171 2324 2309 2381 Juda
2351 2324 2610 2379 traditore
2657 2322 2875 2376 Domini
2907 2323 3214 2392 portionem
3261 2321 3477 2387 habeat,
3525 2329 3578 2374 et
3618 2335 3758 2374 ana-

2173 2417 2355 2472 thema
2379 2422 2682 2480 maranata,
2712 2422 2874 2484 atque
2899 2414 2954 2466 in
2985 2413 3161 2483 panis
3183 2411 3544 2466 infernalibus
3565 2426 3760 2480 perpe-

2174 2509 2392 2564 tualiter
2409 2505 2844 2564 concremandus
2863 2505 3081 2559 existat.
3118 2502 3184 2557 Et
3205 2512 3262 2557 ut
3284 2504 3389 2558 hoc
3419 2512 3626 2557 nostra
3659 2518 3758 2557 auo

2174 2600 2443 2657 ctoritatis
2490 2599 2920 2654 emolumentum
2962 2611 3058 2666 per
3093 2595 3438 2651 succedentia
3485 2609 3754 2649 annorum

2173 2692 2446 2748 cnrricula
2480 2692 2548 2746 ab
2587 2690 2840 2746 omnibus
2864 2689 3044 2744 verius
3085 2688 3358 2756 credatur,
3393 2696 3448 2743 et
3495 2687 3758 2742 attentius

2175 2785 2512 2851 observetur,
2534 2782 2722 2837 annuli
2747 2782 2920 2836 nostri
2944 2780 3302 2850 impressione
3324 2781 3596 2852 jussimus
3618 2781 3755 2836 insi-

2176 2876 2337 2948 gniri,
2363 2886 2418 2932 et
2441 2890 2850 2946 monogramma
2868 2873 3040 2929 nostri
3064 2873 3300 2929 nominis
3320 2874 3577 2930 decenter
3600 2889 3755 2930 man-

495 2973 725 3027 lantium
748 2974 1142 3028 monachorum
1177 2975 1467 3044 stipatione
1513 2973 1770 3040 locatum,
1799 2980 1904 3027 eta
1937 2986 2076 3041 pra-
2118 3041 2142 3044 ;
2177 2969 2430 3024 davimus
2460 2967 2679 3023 ascribi.

495 3061 876 3119 decessoribus
899 3065 1104 3119 nostris
1129 3041 1285 3118 bona
1306 3071 1360 3118 et
1381 3062 1558 3133 digna
1585 3063 1861 3118 memoria
1884 3041 2148 3132 paren-iC
2253 3059 2478 3132 Signum
2507 3057 2748 3114 Rotberti
2770 3055 3148 3130 gloriosissimi
3169 3056 3331 3128 regis.

498 3151 646 3207 tibus
677 3152 848 3208 isdem
895 3154 1156 3224 prafatus
1187 3155 1341 3209 locus
1379 3169 1504 3209 cum
1541 3152 1704 3224 digno
1756 3153 1960 3208 honore
1995 3159 2080 3206 est

499 3241 749 3309 habitus,
801 3251 854 3298 et
923 3245 1244 3314 privilegiali
1307 3244 1666 3314 praceptione
1731 3243 2080 3314 imperialiter

499 3332 792 3399 stabilitus,
817 3351 1016 3404 resque
1033 3335 1231 3390 ibidem
1249 3335 1489 3406 undique
1509 3350 1797 3390 concessas
1820 3336 1923 3390 sub
1942 3343 2080 3390 atte-

499 3425 732 3479 statione
760 3427 925 3495 regali
957 3425 1180 3495 praefato
1217 3427 1570 3494 monasterio,
1607 3442 1731 3482 cum
1767 3427 1916 3481 omni
1944 3427 2081 3482 deli-

499 3512 777 3568 beratione
832 3515 1164 3570 substituere
1215 3516 1544 3595 ompimodis
1590 3523 1908 3572 sanxerunt.
1966 3515 2079 3588 Ego

497 3605 898 3674 quoquejustis
925 3622 989 3661 ac
1015 3607 1120 3675 piis
1162 3609 1408 3663 consiliis
1451 3608 1538 3677 pie
1585 3623 1745 3663 aures
1771 3623 2080 3663 accommo—

497 3691 658 3762 dans,
711 3695 1120 3766 salutiferisqne
1168 3699 1520 3767 petitionibus
1572 3699 1934 3753 libentissimo
1980 3715 2078 3754 an-

496 3802 674 3842 nuens
704 3789 906 3854 animo,
951 3790 1214 3858 pralibati
1260 3791 1472 3844 comitis
1501 3790 1684 3859 agnita
1731 3789 1819 3859 pia
1854 3796 1909 3841 et
1933 3787 2078 3842 fideli

497 3880 777 3948 petitione,
828 3896 1068 3936 annuere
1116 3881 1308 3950 sategi.
1355 3880 1498 3934 Idem
1551 3896 1787 3950 namque
1828 3880 1979 3934 locus
2021 3880 2079 3934 in

498 3972 720 4040 speciali
751 3990 939 4043 regum
971 3973 1252 4028 dominatu
1273 3973 1575 4042 priscorum
1603 3971 1902 4040 antiquitus
1926 3970 2078 4026 visus

495 4068 600 4114 est.
649 4060 756 4114 Sed
789 4063 1108 4131 prohibente
1155 4063 1391 4132 plurium
1433 4061 1776 4116 infestatione
1817 4059 2078 4115 nefando-

496 4162 620 4201 rum
653 4150 874 4216 civium,
907 4153 1022 4220 qui,
1045 4168 1143 4207 ceu
1166 4160 1339 4206 ratem
1363 4152 1416 4206 in
1447 4151 1762 4222 fluctivagos
1787 4151 1959 4220 pelagi
1987 4150 2074 4203 di-

499 4253 746 4305 scursus,
760 4239 1006 4295 deiﬁcam
1027 4257 1241 4311 semper
1259 4242 1592 4297 insectantur
1615 4239 1936 4305 Ecclesiam,
1951 4255 2078 4294 coa-

2834 3169 2996 3226 ,χι

2179 3265 2418 3321 Rotberti
2459 3263 2787 3318 Francorum
2831 3261 2965 3331 regis
3015 3261 3249 3330 diploma
3293 3275 3387 3329 pro
3427 3262 3757 3315 restitutione

2585 3330 2898 3388 monasterii
2929 3330 3344 3386 Latiniacensis.

2769 3421 3158 3496 (AnnolOlsJ

2215 3519 2491 3592 [MABILL.,
2531 3517 2624 3592 De
2657 3535 2713 3572 re
2758 3515 3006 3592 ιζὶρζοηξη
3033 3515 3128 3592 lib.
3178 3530 3262 3580 vi,
3292 3529 3423 3592 pag.
3457 3512 3556 3568 601
3589 3555 3605 3579 ,
3654 3529 3721 3569 ex

2578 3583 2913 3644 chartulario
2942 3583 3354 3656 Latiniacensi.]

2248 3701 2535 3757 Bonen'rus
2586 3699 2682 3755 Dei
2732 3699 3018 3754 ordinante
3067 3696 3352 3754 clementia
3414 3695 3753 3752 Francorum

2178 3808 2293 3847 rex.

2253 3883 2309 3937 Si
2333 3883 2498 3952 justis
2529 3881 2767 3936 fidelium
2793 3889 3108 3936 nostrorum
3147 3879 3500 3948 petitionibus
3525 3879 3755 3934 libenter

2179 3989 2468 4028 assensum
2507 3971 2924 4042 prabuerimus,
2961 3979 3017 4025 et
3055 3985 3177 4040 qua
3216 3969 3612 4023 rationabiliter
3657 3987 3750 4038 pe-

2180 4064 2396 4127 tierint,
2433 4064 2590 4117 bona
2636 4061 2934 4116 voluntatis
2985 4061 3156 4130 gratia
3202 4061 3319 4114 sine
3375 4061 3572 4129 quovis
3626 4069 3752 4130 typo

2178 4152 2435 4222 perficere
2465 4150 2868 4216 curaverimus;
2897 4155 2953 4203 et
2987 4149 3089 4204 hos
3121 4149 3278 4203 nobis
3309 4148 3579 4202 fideliores
3611 4149 3749 4212 fieri,

2177 4255 2232 4300 et
2255 4243 2427 4299 nostri
2459 4243 2611 4314 regni
2635 4251 2838 4298 statum
2869 4242 2972 4297 sub
2997 4240 3179 4295 divina
3203 4239 3448 4294 custodia
3479 4239 3754 4293 credimus

499 4335 621 4383 ctus
653 4329 820 4385 abbas
859 4330 1105 4399 ejusdem
1134 4332 1238 4387 loci
1260 4340 1314 4388 et
1339 4331 1590 4386 monachi
1625 4330 1843 4401 aggredi
1869 4330 2074 4400 regiam
2109 4369 2153 4424 Β
2179 4334 2492 4393 conﬂi-mari
2519 4352 2532 4389 :
2573 4335 2811 4389 maxime
2840 4341 3022 4386 tamen
3045 4331 3092 4387 si
3115 4331 3182 4386 de
3220 4330 3306 4384 his
3330 4345 3454 4400 qua
3489 4330 3556 4384 ad
3580 4331 3754 4384 hono-

499 4420 754 4490 cogitavit
777 4421 1144 4488 serenitatem,
1185 4431 1458 4492 quatenus
1507 4421 1652 4476 illius
1677 4429 1823 4474 tutor
1863 4435 1962 4490 pro
1990 4420 2076 4474 ni-

499 4512 607 4567 mia
630 4510 1025 4580 inquietudine,
1048 4521 1102 4567 et
1122 4512 1376 4568 defensor
1389 4527 1486 4581 pro
1504 4511 1944 4567 infestationibus
1969 4511 2073 4566 sibi

497 4601 878 4656 obsistentium
900 4618 967 4659 ex
995 4605 1304 4673 provisione
1327 4603 1705 4658 restitueretur
1724 4603 1892 4674 regia.
1921 4601 2071 4668 Quo-

496 4707 620 4746 rum
649 4702 770 4746 voto
794 4709 1082 4749 assensum
1120 4695 1271 4764 regia
1318 4694 1564 4764 prabens
1604 4695 1886 4764 maiestas,
1929 4702 2073 4748 tuto-

493 4799 612 4840 rem
642 4785 809 4851 illius,
834 4800 931 4839 seu
959 4783 1280 4838 advocatum
1308 4785 1487 4854 ipsum
1520 4783 1834 4850 Fulconem,
1881 4784 2071 4838 videli-

497 4883 582 4928 cet
625 4890 887 4946 proavum
933 4875 1095 4930 istius
1135 4873 1414 4941 Fulconis,
1453 4876 1546 4946 qui
1599 4877 1708 4931 illis
1763 4876 1994 4930 vicinior
2021 4887 2076 4931 et

498 4967 766 5033 potentior
794 4974 918 5035 post
944 4980 1129 5036 regem
1158 4974 1288 5021 tunc
1333 4967 1594 5036 temporis
1642 4966 1945 5020 videbatur.
1969 4965 2076 5020 Po-

498 5056 629 5110 steri
658 5071 873 5126 quoque
895 5057 1042 5113 illius
1077 5057 1333 5128 deinceps
1363 5057 1509 5112 illam
1539 5057 1815 5112 abbatiam
1840 5058 1894 5110 in
1912 5072 2071 5112 suum

496 5143 752 5214 redegere
788 5147 1146 5203 dominatum.
1189 5147 1392 5203 Verens
1417 5148 1582 5218 igitur
1611 5147 1956 5216 supradictus
1984 5164 2077 5202 co-

497 5248 613 5260 n‘An
643 5245 1017 5260 Α-πΑΙΔΑΔξ---.-.
1056 5255 1160 5260 -----
1187 5245 1458 5260 __-_-__:-:
1516 5245 1596 5260 --ΑΙ
1621 5253 1821 5260 -----..-
1848 5256 1874 5260 _

2181 4443 2297 4484 rem
2334 4434 2536 4482 sancta
2562 4424 2656 4480 Dei
2714 4423 2971 4478 Ecclesia
3005 4423 3294 4493 pertinent,
3331 4422 3383 4476 id
3429 4421 3545 4476 fieri
3575 4421 3759 4475 conti-—

2180 4519 2334 4590 gerit.
2359 4516 2582 4572 Noverit
2615 4516 2778 4586 igitur
2810 4515 3118 4570 communis
3156 4513 3409 4568 Ecclesia
3456 4522 3620 4583 atque
3654 4528 3754 4566 no-

2177 4619 2418 4664 strorum
2431 4607 2699 4662 industria
2721 4605 3336 4674 fidelium,prasentium
3362 4605 3569 4659 scilicet
3589 4613 3762 4672 atque

2176 4700 2510 4765 futurorum,
2533 4698 2678 4767 quod
2701 4697 2923 4766 quidam
2945 4696 3012 4750 de
3026 4695 3199 4750 nostri
3217 4695 3366 4766 regni
3395 4695 3748 4764 principibus,

2175 4791 2396 4847 nomine
2456 4787 2796 4858 Stephanus,
2840 4786 3125 4841 nobilitate
3176 4795 3230 4841 et
3280 4785 3519 4856 potentia
3565 4797 3748 4840 eomes

2177 4881 2552 4946 clarissimus,
2599 4886 2788 4934 noster
2841 4877 3006 4931 etiam
3065 4892 3237 4946 nepos
3297 4877 3742 4941 amantissimus,

2174 4973 2514 5031 celsitudinis
2551 4981 2754 5026 nostra
2781 4967 3246 5039 magnificentiam
3278 4969 3556 5024 humiliter
3591 4968 3741 5032 adiit,

2174 5075 2229 5122 et
2245 5065 2468 5120 auribus
2498 5069 2700 5118 nostra
2730 5059 3040 5116 serenitatis
3061 5059 3254 5115 devote
3275 5059 3546 5112 intimavit
3572 5057 3744 5127 quali-

2175 5165 2258 5211 ter
2282 5153 2573 5224 quamdam
2605 5151 2899 5217 abbatiam,
2932 5149 3090 5219 cujus
3126 5149 3521 5204 monasterium
3557 5148 3610 5202 in
3634 5146 3740 5200 Pa-

3324 5241 3478 5260 _!‘-_-_
3516 5239 3740 5260 ὶ-ι.-ι-.-
