4058 6390
581 310 690 367 965

1734 312 2034 378 ROBERTI
2070 314 2276 381 necis
2311 313 2739 386 FRANCORUM

3711 347 3795 415 961

581 426 873 482 concessit.
898 425 964 484 Et
988 428 1042 483 in
1078 443 1217 501 pago
1239 429 1482 488 Dunensi
1508 432 1710 488 habent
1748 437 1942 491 cellam
1965 438 2019 492 in
2041 438 2162 494 loco
2191 443 2236 498 A
2261 439 2355 495 ubi
2381 441 2524 496 inter
2545 457 2739 499 eorum
2776 444 3056 516 propriam
3086 444 3280 506 silvam
3303 461 3357 509 et
3382 455 3546 514 silvas
3568 457 3795 525 baronum

578 515 677 585 qui
711 516 911 574 dicitur
930 518 1344 577 Mons-Letardi
1363 538 1488 578 cum
1517 539 1659 594 aqua
1696 525 1934 595 Coneda,
1962 531 2166 584 molen-

579 609 745 676 dinis,
786 611 945 680 silva,
981 615 1176 683 pratis,
1205 616 1366 671 terris
1395 618 1560 672 cultis
1580 628 1633 673 et
1656 620 1896 687 incultis,
1922 623 2162 692 pascuis,

577 701 775 771 vineis,
806 708 1114 777 mancipiis,
1147 711 1323 766 servis
1363 731 1376 765 :
1412 713 1554 767 hanc
1578 714 1769 769 cellam
1796 716 2163 775 Theodericus

578 810 674 850 rex
696 812 763 851 ex
783 798 1097 856 haereditate
1122 800 1261 872 Lupi
1283 805 1508 873 pessimi
1528 806 1685 862 ducis
1706 807 2017 869 Miciacensi
2041 811 2162 866 loco

575 888 828 943 contulit.
884 888 1239 948 Cambiacum
1303 910 1522 966 quoque
1582 899 1865 967 possident
1905 916 1973 956 ex
2013 903 2161 958 dono

575 975 835 1035 Clodovei
869 982 1101 1038 senioris
1126 999 1252 1038 cum
1273 986 1500 1041 ecclesia
1534 998 1588 1043 et
1607 991 1865 1046 omnibus
1897 993 1999 1047 sibi
2038 1010 2163 1064 per-

575 1066 879 1125 tinentibus
907 1089 921 1138 ;
958 1071 1270 1128 Prunedum
1296 1075 1462 1130 etiam
1490 1085 1544 1132 et
1587 1078 1875 1149 Berellam,
1910 1082 2156 1153 Spinam,

574 1156 1201 1233 Toscham-rotundam,
1252 1165 1498 1224 Brulium
1524 1208 1539 1238 ,
1598 1181 1653 1227 et
1696 1172 1932 1230 Boscum
1982 1179 2158 1232 sancti

576 1247 742 1319 Agili,
795 1259 850 1305 et
883 1250 1104 1308 Brasias
1148 1257 1418 1325 quasdam
1446 1259 1603 1329 juxta
1649 1262 1843 1319 silvam
1878 1275 2155 1337 nostram,

569 1354 696 1409 quae
724 1341 924 1398 dicitur
957 1344 1139 1414 forest,
1173 1348 1267 1402 ubi
1299 1358 1457 1406 meta:
1485 1361 1613 1408 sunt
1644 1355 1855 1424 positae.

642 1430 854 1488 Habent
875 1434 1101 1505 insuper
1134 1453 1201 1492 ex
1223 1439 1368 1495 dono
1397 1441 1612 1513 Pippini
1636 1447 1781 1515 regis
1805 1447 2082 1506 Fontanus
2103 1460 2158 1507 et

570 1520 857 1580 Malverias
882 1526 1006 1596 quae
1049 1538 1181 1584 sunt
1221 1530 1277 1584 in
1321 1533 1481 1588 alodo
1508 1544 1563 1590 et
1588 1536 1643 1591 in
1681 1541 2061 1608 manu-ﬁrma,
2101 1552 2158 1598 et

568 1611 858 1671 Fauvanas
891 1625 946 1671 et
977 1619 1161 1674 villam
1202 1620 1470 1691 Marcelli;
1497 1634 1552 1680 et
1577 1626 1831 1685 Chandre
1873 1646 2001 1686 cum
2030 1649 2153 1688 om—

567 1704 731 1761 nibus
779 1707 885 1763 sibi
927 1711 1350 1783 pertinentibus,
1383 1717 1545 1773 terris
1592 1720 1755 1776 cultis
1797 1731 1852 1778 et
1904 1724 2146 1795 incultis,

561 1795 741 1851 servis
776 1805 830 1852 et
843 1801 1090 1869 ancillis.

634 1884 703 1939 Et
722 1889 964 1945 exdono
1004 1891 1267 1951 Ludovici
1300 1897 1645 1969 imperatoris
1674 1912 1728 1959 et
1759 1904 2007 1963 Lotharii
2054 1909 2152 1965 ﬁlii

558 1974 685 2045 ejus
710 1978 915 2035 habent
949 1982 1348 2044 discursionem
1376 1991 1540 2047 trium
1564 1997 1785 2052 navium
1808 2014 1908 2068 per
1936 2000 2153 2058 diversa

562 2065 784 2137 imperii
815 2069 1062 2141 ﬂumina,
1102 2078 1312 2134 scilicet
1357 2097 1452 2150 per
1480 2083 1713 2154 Ligerim
1734 2129 1748 2154 ,
1793 2065 2019 2157 Carum,
2050 2092 2151 2148 Se-

566 2172 834 2228 quanam,
865 2161 1186 2234 Maternam,
1214 2167 1495 2241 Vigenam,
1528 2173 1766 2246 Sartam,
1802 2179 2150 2251 Meduanam,

567 2246 826 2319 Sidilum,
857 2268 958 2323 pro
984 2257 1318 2326 quibuslibet
1341 2267 1661 2321 monasterii
1708 2246 2148 2341 necessitatibus,

562 2347 626 2393 ut
652 2355 842 2398 secure
868 2355 922 2401 et
948 2346 1119 2404 libere
1149 2350 1230 2406 ire
1257 2360 1312 2407 et
1336 2355 1513 2410 redire
1538 2358 1773 2427 valeant,
1814 2370 1868 2417 et
1887 2378 1998 2419 non
2028 2366 2152 2421 red-

560 2429 695 2485 dant
718 2434 993 2493 teloneum
1025 2441 1109 2495 vel
1132 2442 1298 2498 ullam
1324 2450 1778 2506 consuetudinem
1800 2454 1885 2508 vel
1910 2455 2151 2526 aliquam

562 2520 1004 2583 redhibitionem.
1028 2529 1095 2586 Et
1123 2549 1191 2588 ne
1211 2534 1471 2604 quislibet
1492 2550 1715 2597 exactor
1742 2544 1862 2601 ﬁsci
1886 2546 1953 2602 de
1976 2520 2150 2605 carris

561 2610 648 2665 vel
682 2618 912 2672 carretis
954 2622 1037 2675 vel
1068 2626 1358 2694 sagmariis
1397 2630 1482 2683 vel
1531 2646 1863 2705 quocunque
1900 2639 2150 2696 vehiculo

557 2701 676 2757 sive
707 2720 805 2774 per
848 2716 1049 2767 terram
1088 2715 1202 2771 sive
1240 2732 1338 2787 per
1380 2735 1578 2791 aquam
1609 2723 1776 2794 facto,
1812 2729 1894 2783 vel
1921 2730 1988 2785 de
2011 2748 2150 2801 quo-

559 2806 781 2864 cunque
822 2805 1151 2861 commercio
1194 2810 1471 2877 pertinens
1513 2814 1581 2869 ad
1610 2819 1928 2885 praedictum
1967 2822 2148 2879 locum

561 2885 751 2956 exigat
792 2891 877 2944 vel
917 2894 1151 2965 accipiat
1196 2900 1363 2956 ullam
1408 2906 1634 2960 omnino
1673 2914 2145 2984 consuetudinem,

562 2991 669 3033 nec
693 2978 761 3034 de
792 2982 1129 3050 quibuslibet
1154 2991 1384 3061 negotiis
1414 2995 1496 3049 vel
1521 2997 1577 3051 in
1599 2999 1741 3056 villis
1771 3003 1855 3058 vel
1876 3004 1931 3059 in
1963 2978 2144 3076 terris,

555 3067 675 3122 sive
706 3068 762 3125 in
786 3072 940 3130 silvis
966 3085 1063 3131 aut
1091 3078 1148 3133 in
1172 3082 1333 3151 aquis
1372 3087 1613 3154 praedicti
1640 3095 1956 3150 monasterii
1988 3096 2146 3156 factis

557 3160 923 3236 undecunque
939 3167 1232 3238 judiciaria
1264 3184 1506 3245 potestas
1531 3181 1739 3254 aliquid
1766 3187 1982 3259 exigere
2004 3205 2142 3260 prae-

554 3263 763 3339 sumat,
780 3258 1021 3329 aliquam
1036 3262 1209 3334 legem
1224 3268 1308 3321 vel
1324 3275 1777 3331 consuetudinem
1800 3258 2044 3349 accipere
2061 3285 2143 3339 vel

872 3326 889 3329 ν
1090 3326 1117 3334 _
1512 3326 1777 3331 μην-η--
1800 3326 2043 3349 “mpm-
2070 3326 2142 3339 ω.

552 3326 791 3414 exigere,
814 3348 898 3402 vel
922 3353 1221 3419 quamlibet
1245 3358 1552 3416 molestiam
1580 3363 1802 3421 inferre.
1840 3367 1979 3438 Ipsis
2012 3389 2142 3429 vero

553 3437 839 3493 monachis
865 3445 1313 3515 consuetudines,
1337 3465 1477 3520 quas
1506 3454 1717 3524 volunt,
1755 3458 1871 3517 sive
1899 3460 1954 3516 in
1983 3465 2142 3521 terris

553 3522 673 3580 sive
694 3525 749 3580 in
771 3530 930 3599 aquis
949 3533 1065 3590 suis
1089 3550 1292 3605 ponere
1313 3540 1493 3612 liceat,
1518 3544 1571 3600 id
1592 3556 1696 3616 est,
1717 3550 1978 3608 telonium
2009 3556 2141 3612 salis

551 3622 609 3669 et
642 3616 875 3675 aliarum
917 3638 1125 3692 rerum,
1177 3643 1299 3699 quae
1320 3632 1592 3691 vehantur
1633 3637 1749 3694 sive
1796 3657 1893 3711 per
1937 3652 2140 3702 terram

553 3702 670 3759 sive
687 3722 784 3776 per
801 3724 1026 3781 aquam,
1040 3723 1094 3770 et
1103 3727 1330 3776 caeteras
1351 3722 1495 3795 leges
1516 3726 1665 3797 idest
1685 3732 2027 3803 sanguinem,
2047 3754 2139 3792 ra-

553 3804 730 3866 ptum,
763 3800 1141 3875 homicidium,
1189 3810 1523 3884 incendium,
1570 3828 1624 3874 et
1652 3800 1811 3879 alias‘
1835 3826 1978 3898 leges
2017 3800 2141 3900 qua:

554 3887 735 3943 solent
754 3893 985 3963 exsolvi,
1017 3896 1073 3951 in
1100 3900 1218 3956 suis
1244 3905 1407 3961 terris
1432 3908 1725 3979 accipiant.

635 3975 928 4037 Possident
952 3986 1115 4042 etiam
1146 4005 1211 4045 ex
1245 3992 1391 4050 dono
1417 3975 1600 4054 Caro—li
1626 4002 1777 4059 Calvi
1800 4005 2137 4073 Gaudiacum

550 4079 680 4119 cum
709 4071 942 4126 ecclesia
987 4082 1043 4128 et
1067 4079 1324 4137 omnibus
1375 4085 1478 4139 sibi
1521 4090 1944 4164 pertinentibus,
1975 4099 2137 4153 teri-is

552 4156 717 4212 cultis
758 4168 813 4214 et
858 4162 1100 4249 incultis,
1127 4172 1370 4239 pascuis,
1405 4156 1579 4234 servis
1601 4190 1656 4235 et
1689 4185 1901 4243 ancillis
1931 4198 1984 4243 et
2009 4191 2135 4260 qui-

550 4243 786 4345 busdam
822 4249 962 4307 villis
988 4244 1246 4321 {scilicet
1280 4259 1517 4320 Montem
1552 4267 1785 4341 Bellerii,
1833 4243 2132 4345 Patiacum,

552 4330 930 4392 Mauselanum
958 4352 1012 4397 et
1039 4343 1268 4402 boscum
1292 4352 1385 4421 qui
1408 4353 1609 4413 dicitur
1646 4360 1854 4421 Boscus
1893 4371 2058 4440 regis,
2081 4381 2136 4427 et

550 4423 782 4480 boscum
821 4428 1068 4501 Gilfredi,
1098 4437 1326 4495 boscum
1353 4444 1518 4500 etiam
1570 4448 1754 4507 Sancti
1788 4423 2058 4526 Mamili:
2080 4471 2135 4516 et

548 4513 763 4572 brasias
788 4522 1057 4589 quasdam
1091 4527 1232 4584 inter
1260 4543 1499 4592 montem
1543 4539 1742 4599 Belleni
1769 4554 1824 4601 et
1860 4550 2003 4605 viam
2027 4513 2130 4622 ἰηι-
2164 4517 2209 4571 D

545 4604 772 4674 blicam,
807 4611 901 4665 ubi
925 4623 1082 4672 meta:
1109 4621 1302 4689 positae
1324 4635 1473 4681 sunt.

619 4694 679 4750 In
714 4696 999 4760 Secalonia
1038 4725 1256 4781 quoque
1324 4715 1489 4773 habet
1532 4732 1742 4781 curtem
1789 4727 2133 4791 Vennensem

543 4801 669 4889 cum
696 4793 928 4849 ecclesia
956 4806 1010 4851 et
1034 4803 1291 4859 omnibus
1327 4808 1431 4864 sibi
1476 4816 1901 4889 pertinentibus,
1934 4834 1989 4879 et
2021 4826 2129 4883 Ma-

543 4872 759 4932 cherias
782 4888 836 4934 et
861 4881 1071 4941 Mesum
1094 4898 1149 4943 et
1174 4889 1420 4951 Brulium
1437 4940 1451 4965 ,
1492 4909 1546 4955 et
1570 4902 1906 4965 Cosdrenam
1940 4915 2129 4972 silvam

541 4977 668 5017 cum
697 4965 897 5026 brasiis
944 4974 1321 5065 adiacentibus
1343 5027 1359 5051 ,
1407 4996 1462 5043 et
1490 4990 1549 5046 in
1580 4992 1831 5054 Litiniaci
1868 5007 2126 5071 parochia

542 5052 865 5116 fariuarium
911 5060 1225 5139 petrosum;
1265 5075 1367 5132 has
1408 5087 1788 5150 possessiones
1827 5093 2029 5152 habent
2061 5116 2128 5156 ex

539 5146 688 5202 dono
719 5149 966 5210 Lotharii
988 5159 1085 5213 ﬁlii
1113 5161 1374 5224 Ludovici
1399 5146 1764 5244 imperatoris.

611 5237 689 5293 Ex
711 5242 855 5341 dono
876 5255 1056 5303 autem
1082 5252 1382 5315 Clodomiri
1398 5237 1542 5337 regis
1559 5269 1761 5328 habent
1781 5274 2126 5341 Fontanellas

538 5344 665 5384 cum
700 5335 958 5394 omnibus
984 5341 1089 5397 sibi
1120 5335 1542 5425 pertinentibus,
1569 5364 1728 5420 terris
1756 5369 1920 5426 cultis
1959 5382 2014 5428 et
2042 5376 2126 5430 in-

539 5420 720 5490 cultis,
738 5429 981 5494 pascuis,
1005 5434 1162 5504 silva,
1190 5440 1410 5513 brasiis,
1444 5452 1615 5509 servis
1637 5463 1692 5509 et
1712 5460 1944 5519 ancillis.

535 5512 702 5567 etiam
741 5523 1191 5584 communitatem
1218 5533 1421 5592 habent
1442 5556 1509 5595 ex
1533 5543 1679 5603 dono
1715 5549 1952 5611 Alberici
1984 5559 2128 5616 vice-

539 5602 757 5661 comitis
785 5607 1218 5689 Aurelianensis,
1248 5633 1309 5680 ut
1333 5643 1431 5697 per

534 5689 677 5761 jacet
705 5695 1032 5762 Fontanellic
1057 5689 1383 5781 supradictae
1405 5732 1664 5793 potestati
1701 5689 2119 5817 monaclhorum,

2266 540 2322 585 et
2341 533 2575 588 militum
2602 542 2919 592 nostrorum
2943 548 3103 596 meta:
3130 543 3323 612 posita:
3345 557 3497 616 sunt,
3533 556 3668 609 omni
3693 566 3797 615 tem.

2263 636 2395 691 pore
2423 624 2637 693 glandis
2665 642 2864 696 porcos
2891 629 3158 688 ducentos
3183 635 3389 707 absque
3428 641 3538 697 ullo
3560 650 3798 713 pasnatico

2262 712 2348 766 vel
2372 713 2556 783 aliquo
2581 717 2805 773 servitio
2836 719 3037 777 habere
3059 724 3165 779 sibi
3189 727 3368 784 liceat.

2332 804 2507 862 Habet
2551 818 2812 879 praeterea
2858 813 3003 871 idem
3037 820 3348 876 coenobium
3395 824 3590 882 multas
3614 845 3797 899 posses-

2262 896 2636 970 siones,quas,
2650 903 2781 973 quia
2796 904 2851 959 in
2874 906 3172 979 privilegiis
3193 924 3383 982 regum
3405 896 3797 991 praecedentium,

2260 998 2315 1044 et
2347 992 2675 1051 authenticis
2703 998 3024 1066 pontiﬁcum
3064 1002 3392 1059 nominatim
3415 1021 3673 1078 expressae
3690 1030 3798 1069 con-

2258 1078 2521 1150 tinentur,
2552 1084 2609 1140 in
2638 1088 2893 1156 praesenti
2917 1093 3255 1162 pragmatico
3276 1096 3552 1154 noluimus
3570 1102 3796 1160 adnotari.

2258 1171 2371 1230 Nos
2399 1191 2550 1244 vero,
2582 1193 2651 1233 ne
2679 1177 2968 1240 inferiores
2990 1184 3275 1242 videamur
3299 1190 3571 1258 praedictis
3594 1198 3796 1266 regibus,

2258 1266 2522 1323 beneﬁcio
2547 1273 2900 1330 concedimus
2928 1277 3174 1345 praedicti
3199 1285 3521 1339 monasterii
3557 1284 3797 1360 fratribus,

2257 1358 2397 1414 duos
2447 1358 2741 1419 farinarios
2788 1368 3076 1425 censuales
3139 1370 3283 1427 intra
3331 1372 3623 1444 Ligeritum
3667 1397 3799 1453 super

2259 1449 2518 1506 Sanctum
2551 1453 2840 1523 Hilarium,
2873 1473 2999 1514 cum
3027 1468 3139 1516 tota
3181 1478 3325 1534 aqua
3380 1465 3469 1521 illa
3500 1486 3652 1540 quam
3682 1449 3799 1530 dedit

2254 1539 2338 1596 eis
2377 1540 2534 1614 Hugo
2579 1546 2757 1615 miles,
2787 1548 3062 1607 solventes
3086 1553 3140 1607 in
3172 1570 3345 1611 censu
3387 1539 3585 1616 solidos
3624 1570 3720 1620 tres
3753 1567 3797 1623 in

2256 1630 2429 1688 missa
2476 1633 2693 1693 Sancta).
2730 1637 2928 1697 Crucis
2963 1645 3170 1700 mensis
3202 1645 3330 1702 Maii
3356 1666 3370 1702 :
3396 1658 3451 1704 et
3474 1660 3651 1709 contra
3674 1656 3797 1713 dom-

2255 1737 2388 1777 uum
2419 1723 2712 1783 Martinum
2735 1730 2791 1785 in
2812 1730 3072 1803 Ligerito,
3095 1738 3446 1797 molendinos
3470 1744 3602 1801 duos
3619 1762 3678 1802 ex
3693 1760 3795 1818 pro-

2186 1831 2230 1886 B
2254 1813 2376 1883 prio
2406 1815 2531 1885 jure
2551 1828 2763 1888 nostro,
2795 1838 2921 1878 cum
2965 1841 3109 1896 aqua
3159 1830 3262 1885 sibi
3295 1834 3629 1904 pertinente,
3660 1813 3727 1895 eis
3751 1841 3794 1896 in

2254 1915 2574 1976 perpetuum
2596 1913 2950 1970 concedimus
2973 1925 3028 1971 et
3047 1920 3461 1979 conﬁrmamus.
3485 1925 3795 1987 Concedimus

2253 1997 2419 2052 etiam
2439 1999 2521 2054 eis
2549 2010 2611 2056 ut
2638 2003 2892 2062 homines
2926 2011 3103 2065 nostri
3131 2012 3291 2068 liberi
3312 2025 3367 2070 et
3390 2020 3550 2086 servi,
3571 2021 3656 2092 qui
3673 2040 3795 2080 man-

2254 2089 2427 2145 serint
2448 2092 2534 2147 vel
2566 2094 2758 2151 domos
2798 2098 3089 2157 habuerint
3130 2104 3187 2159 in
3214 2108 3381 2164 terris
3406 2124 3611 2179 eorum,
3640 2129 3792 2173 omnes

2251 2181 2470 2250 penitus
2491 2191 2919 2248 consuetudines
2946 2201 3001 2249 et
3032 2210 3099 2251 ex
3126 2200 3353 2257 nomine
3375 2203 3556 2259 talium
3574 2209 3792 2277 quemad-

2258 2274 2483 2330 modum
2519 2280 2726 2349 proprii
2760 2283 3014 2342 homines
3056 2303 3245 2345 eorum
3291 2304 3552 2365 perpetuo
3588 2274 3788 2356 reddant.

2253 2362 2322 2418 Et
2350 2366 2498 2422 sicut
2527 2368 2630 2439 piae
2677 2377 2957 2432 memoria:
2985 2380 3202 2449 genitor
3225 2392 3418 2440 noster
3451 2384 3598 2460 Hugo
3627 2406 3706 2445 rex
3729 2392 3790 2448 eis

2252 2470 2603 2515 concesserat
2636 2463 2867 2536 singulis
2904 2467 3264 2529 hebdomadis
3291 2489 3393 2545 per
3420 2495 3577 2534 unam
3612 2481 3789 2538 diemet

2251 2561 2501 2622 noctem,
2548 2573 2714 2628 quam
2770 2563 3065 2632 voluerint,
3120 2567 3430 2626 libertatem
3475 2574 3789 2643 perlustrandi

2252 2651 2423 2700 totam
2454 2661 2655 2717 aquam
2706 2655 2883 2709 nostri
2929 2655 3073 2726 juris
3115 2657 3343 2730 Ligeriti
3373 2662 3540 2731 ﬂuvii,
3587 2667 3786 2737 quolibet

2251 2737 2416 2792 modo
2439 2738 2782 2812 piscationis,
2833 2747 2917 2803 eis
2960 2748 3015 2803 in
3051 2761 3379 2820 perpetuum
3400 2759 3726 2815 concedimus
3746 2769 3788 2816 ct

2250 2829 2661 2889 conﬁrmamus.
2690 2833 2758 2891 Et
2800 2839 2930 2908 quia
2964 2840 3356 2902 mini'steriales
3385 2848 3555 2904 nostri
3584 2850 3784 2907 Aurelia-

2250 2934 2450 2977 nenses
2479 2931 2533 2977 et
2553 2925 2772 2995 milites,
2797 2936 2853 2984 et
2877 2932 3175 2989 servientes
3202 2933 3461 2995 Landrici
3494 2941 3663 2997 militis
3687 2942 3784 2996 Bal-

2251 3012 2644 3083 genciacensis,
2672 3026 2726 3072 et
2745 3020 3118 3091 quidam'alii,
3148 3025 3295 3082 sicut
3326 3030 3397 3085 ad
3426 3041 3629 3089 nostras
3653 3050 3781 3092 aures

2251 3102 2450 3172 saepius
2480 3109 2747 3177 pervenit,
2795 3120 2970 3170 terras
3002 3116 3250 3185 pradicti
3299 3125 3607 3180 monasterii
3646 3129 3785 3197 quoti-

2169 3175 2212 3233 (ἶ
2244 3192 2424 3251 dianis
2444 3206 2661 3255 vastant
2681 3175 2910 3272 rapinis,
2935 3214 2989 3260 et
3002 3175 3332 3268 hominibus
3358 3214 3468 3271 illic
3486 3175 3782 3273 commcran-

2200 3291 2211 3297 '
2244 3282 2390 3340 tibus
2418 3287 2620 3345 multas
2650 3291 2881 3362 injurias
2906 3294 3136 3367 faciunt,
3164 3317 3262 3371 per
3284 3303 3393 3362 hoc
3413 3316 3605 3364 nostra:
3625 3310 3781 3380 regalis

2244 3378 2591 3436 auctoritatis
2633 3395 2964 3457 praeceptum
3008 3389 3065 3445 id
3111 3395 3451 3453 omnimodis
3492 3378 3778 3455 amodolieri

2242 3468 2617 3540 prohibemus,
2641 3473 2913 3534 Landrico
2936 3480 3106 3537 milite
3138 3482 3591 3557 Balgenciacensi,
3615 3500 3661 3546 et
3681 3491 3780 3548 ﬁliis

2242 3557 2362 3627 ejus
2387 3558 2678 3632 Landrico,
2711 3566 2921 3626 Joanne
2947 3580 3001 3627 et
3032 3572 3243 3651 Herveo
3284 3579 3355 3635 ad
3391 3580 3563 3650 ipsum
3585 3598 3777 3639 consen-

2242 3649 2522 3722 tientibus,
2549 3665 2605 3712 et
2633 3673 2821 3716 coram
2865 3664 3025 3721 nobis
3049 3674 3105 3722 et
3128 3649 3383 3729 ﬁdelibus
3411 3649 3603 3731 nostris
3631 3676 3775 3746 palam

2240 3744 2630 3803 conﬁtentibus
2675 3765 2734 3806 se
2764 3753 2873 3810 huc
2894 3772 3069 3828 usque
3095 3759 3308 3818 nullum
3352 3767 3568 3821 omnino
3595 3744 3675 3838 jus
3704 3774 3778 3822 aut

2241 3832 2407 3889 ullam
2429 3843 2878 3901 consuetudinem
2902 3850 2986 3903 vel
3009 3852 3292 3910 servitium
3320 3856 3375 3911 in
3393 3860 3629 3915 omnibus
3648 3859 3775 3915 terris

2242 3920 2428 3981 Sancti
2463 3927 2744 3990 Maximini
2798 3937 2882 3992 vel
2931 3939 3247 4001 hominibus
3308 3949 3377 4004 de
3408 3949 3528 4020 jure
3563 3950 3775 4005 habuisse

2238 4014 2324 4068 vel
2352 4016 2549 4073 habere
2570 4021 2786 4080 debere.
2820 4025 3185 4089 Prohibemus
3214 4014 3481 4107 igitur,vet
3503 4042 3775 4104 auctoritate

2241 4107 2388 4177 regia
2417 4113 2764 4183 praecipimus
2791 4118 3039 4178 districte
3082 4134 3144 4180 ut
3172 4127 3227 4182 in
3251 4129 3478 4188 Miciaco
3510 4135 3639 4200 villa,
3667 4134 3773 4188 etin

2236 4207 2501 4266 potestate
2534 4202 2719 4262 Sancti
2743 4208 3012 4285 Dionysii,
3042 4225 3096 4271 et
3118 4218 3173 4274 in
3202 4224 3411 4292 capella
3447 4225 3616 4281 Sancti
3642 4225 3774 4281 Maxi-

2235 4289 2369 4344 mini
2396 4299 2549 4350 trans
2579 4296 2837 4369 Ligerim,
2866 4312 2921 4359 et
2947 4305 3001 4360 in
3023 4289 3339 4383 Cambiaco,
3369 4320 3495 4375 etin
3519 4319 3769 4385 Gaudiaco,

2235 4378 2672 4455 Monte-Bellerii,
2701 4389 2995 4465 Malvariis,
3022 4397 3298 4473 Canariis,
3326 4378 3597 4478 Montanis,
3638 4378 3769 4465 Villa;

2234 4469 2492 4544 Marcelli,
2530 4476 2795 4551 Rosariis,
2823 4484 3071 4567 Asueriis
3098 4493 3154 4548 in
3201 4495 3372 4568 Meso,
3394 4510 3446 4557 et
3477 4504 3528 4558 in
3556 4501 3767 4557 omnibus

2235 4567 2571 4634 appendiciis
2594 4587 2717 4642 quae
2744 4577 2813 4632 ad
2841 4564 2943 4636 has
2974 4582 3132 4641 villas
3167 4564 3439 4658 pertinere
3472 4602 3763 4657 noscuntur,

2239 4656 2375 4710 etin
2403 4659 2527 4716 aliis
2570 4663 2737 4733 villis,
2761 4670 2848 4725 vel
2878 4674 3081 4743 terris,
3127 4656 3211 4734 vel
3247 4682 3555 4741 hominibus
3577 4699 3762 4746 comm.

2235 4747 2379 4803 ullus
2402 4753 2628 4810 omnino
2663 4759 3104 4822 ministerialium
3145 4782 3480 4843 nostrorum,
3506 4792 3661 4848 neque
3687 4790 3762 4829 co-

2234 4853 2369 4906 mes,
2401 4857 2578 4914 neque
2625 4850 2849 4921 missus,
2878 4872 3055 4928 neque
3096 4861 3285 4933 judex,
3331 4877 3425 4923 aut
3444 4870 3655 4933 villicus,
3688 4875 3763 4920 aut

2230 4931 2490 5001 quislibet
2517 4939 2731 5007 publica
2766 4955 3039 5014 potestate.
3070 4931 3351 5026 praeditus,
3392 4961 3546 5015 ullam
3576 4931 3760 5016 omnino

2230 5021 2435 5093 legem,
2488 5029 2574 5083 vel
2616 5021 3104 5110 consuetudinem,
3143 5049 3226 5102 vel
3271 5021 3541 5107 servitium
3580 5049 3759 5121 aliquOi

2227 5113 2428 5185 exigat,
2460 5119 2543 5173 vel
2575 5122 2741 5180 ullam
2764 5127 3194 5198 inquietudinem
3230 5150 3324 5196 aut
3373 5144 3755 5199 contrarietatem

2227 5203 2483 5279 deinceps
2526 5210 2707 5271 facere
2740 5234 3067 5293 priesumat;
3119 5239 3214 5285 aut
3243 5235 3533 5306 quidquam
3574 5235 3775 5291 subtra-'

2228 5295 2377 5365 here,
2408 5310 2504 5357 aut
2529 5305 2769 5377 aliquam
2809 5312 3214 5376 infestationem
3252 5295 3485 5382 inferre:
3514 5326 3598 5382 sed
3627 5326 3755 5379 liccat

2223 5756 2370 5812 turis.
2413 5759 2522 5819 Deo
2564 5765 2886 5839 disponente
2931 5780 3286 5854 temporibus,
3330 5756 3500 5855 quiete
3529 5793 3577 5841 et
3607 5784 3740 5838 libero
