4058 6390
243 354 356 410 965

1671 326 2082 389 DIPLOMATA.

3399 319 3506 376 966

246 464 552 538 possidere.
582 461 652 518 Ut
695 469 877 518 autem
909 458 1026 514 haec
1067 463 1254 511 nostra
1285 450 1584 508 auctoritas
1628 450 1831 505 certius
1859 450 1904 505 A
1928 455 1982 501 et
2010 439 2352 538 sicut:nostri
2381 439 2634 538 praecepti
2683 437 3005 494 auctoritate
3027 435 3408 538 ﬁrmavimus,
3437 436 3515 490 ita

246 556 526 619 credatur,
548 562 602 608 et
625 569 655 607 a
678 551 948 616 ﬁdelibus,
977 548 1090 602 Deo
1114 552 1406 608 annuente,
1431 541 1635 597 nostris
1663 549 1716 594 et
1745 539 1830 593 fu-

248 646 392 700 turis
422 644 758 714 temporibus
796 643 987 697 melius
1032 646 1414 703 conservetur,
1454 635 1615 707 sigilli
1658 633 1832 690 nostri

248 738 569 792 charactere
596 736 782 792 subter
815 751 934 790 eam
965 733 1236 802 jussimus
1259 730 1531 784 roborari.

317 825 556 896 Signum
602 823 850 879 Rotberti
898 822 1064 892 regis.
1103 820 1254 890 Sign.
1285 817 1530 889 Hugonis
1560 816 1702 886 regis
1738 817 1833 869 ﬁlii

239 912 522 967 Botberti.
569 912 721 984 Sign.
773 911 994 968 Henrici
1040 911 1136 966 ﬁlii
1187 908 1430 963 Ilotberti
1468 906 1627 977 regis.
1681 906 1832 977 Sign.

255 1003 503 1058 Rotberti
530 1004 624 1057 ﬁlii
656 1003 910 1057 Rotberti
937 1001 1100 1072 regis.

327 1092 561 1149 Nomina
594 1093 814 1148 testium
848 1111 860 1146 :
889 1090 1040 1162 Sign.
1085 1090 1338 1147 Tetduini
1366 1087 1569 1151 clerici,
1607 1087 1702 1141 ﬁlii
1733 1086 1838 1140 Re-

254 1185 399 1255 ginae
433 1183 699 1249 mulieris,
728 1183 886 1253 cujus
927 1191 1044 1236 erat
1078 1181 1424 1237 beneﬁcium.
1459 1177 1608 1248 Sign.
1644 1176 1840 1229 Lente-

255 1275 409 1329 ricus
439 1273 879 1343 archiepiscopus
902 1272 1166 1328 Senonas.
1197 1271 1349 1342 Sign.
1375 1269 1636 1325 Gostinus
1668 1265 1842 1319 archi-

252 1365 551 1434 episcopus
580 1363 871 1419 Bituricas.
907 1363 1057 1435 Sign.
1091 1361 1380 1418 Odolricus
1406 1361 1696 1430 episcopus
1730 1358 1842 1410 Au-

254 1457 503 1510 relianis.
551 1454 702 1526 Sign.
733 1454 1005 1509 Guarinus
1033 1453 1324 1524 episcopus
1359 1450 1645 1520 Belvagus.
1678 1448 1835 1518 Sign.

251 1546 476 1601 Franco
527 1547 819 1616 episcopus
874 1544 1141 1600 Parisius.
1200 1542 1351 1614 Sign.
1407 1557 1592 1597 comes
1639 1539 1731 1592 Iro
1777 1540 1844 1593 de

255 1638 644 1693 Bello-monte.
686 1635 837 1707 Sign.
868 1635 984 1690 Eho
1013 1636 1188 1690 miles.
1218 1633 1338 1705 .Sig.
1386 1632 1660 1688 Guarinus
1687 1631 1844 1684 miles

256 1729 527 1784 Parisius.
555 1728 706 1800 Sign.
735 1728 1042 1783 Amalricus
1065 1728 1220 1782 miles
1241 1726 1306 1781 de
1330 1723 1698 1780 Monte-forte.
1731 1722 1845 1786 Ego

252 1820 563 1876 Balduinus
598 1819 957 1875 cancellarius
992 1817 1318 1890 perlegendo
1359 1817 1683 1886 subscripsi.

343 1912 538 1966 Actum
591 1910 903 1965 Aurelianis
964 1909 1210 1979 publice,
1256 1924 1402 1963 anno
1448 1907 1846 1964 Incarnationis

258 2002 485 2058 Domini
515 2002 809 2056 millesimo
837 2001 1100 2056 vicesimo
1127 2000 1390 2067 secundo,
1420 2001 1572 2071 regni
1603 1999 1848 2054 Rotherti

257 2093 410 2163 regis
431 2109 604 2159 xxv",
627 2101 682 2146 et
700 2093 998 2148 indictione
1022 2110 1075 2159 v,
1103 2093 1322 2163 quando
1348 2091 1658 2162 Stephanus
1685 2093 1851 2146 haere-

257 2185 514 2238 siarches
543 2194 597 2239 et
621 2185 912 2254 complices
939 2185 1059 2252 ejus
1080 2184 1324 2239 damnati
1352 2192 1481 2239 sunt
1508 2192 1561 2238 et
1591 2183 1700 2238 arsi
1722 2190 1853 2238 sunt

259 2274 580 2329 Aurelianis
609 2273 730 2345 [al.,
755 2274 976 2344 quando
1004 2275 1244 2330 haeretici
1268 2274 1512 2330 damnati
1537 2282 1665 2329 sunt
1687 2273 1852 2328 Aurcc

263 2363 482 2436 lianis].

1010 2477 1126 2534 XII.

265 2565 487 2620 Roberti
534 2585 666 2638 regis
694 2567 1040 2638 privilegium
1084 2585 1178 2638 pro
1224 2568 1443 2638 ecclesia
1489 2566 1545 2621 S.
1595 2566 1849 2634 Martini,

345 2647 547 2719 petente
583 2633 639 2692 Β.
680 2633 996 2704 Cuillelmo;
1052 2633 1238 2693 abbate
1289 2637 1348 2692 S.
1390 2638 1612 2708 Benigm’
1667 2638 1852 2692 Divia-

347 2724 540 2762 nens“.

871 2800 1051 2868 (Anno
1080 2800 1263 2872 1025.)

353 2889 629 2964 Manna“,
661 2890 796 2944 Acta
826 2889 926 2946 SS.
955 2891 1174 2960 Benest,
1202 2908 1326 2948 saec.
1355 2891 1443 2960 V'I,
1470 2908 1592 2965 pag.
1635 2893 1764 2965 467]

352 3003 410 3057 1η
457 3004 674 3059 nomine
711 3012 912 3058 sanetae
953 3011 1008 3058 et
1056 3004 1348 3059 individua:
1395 3003 1700 3060 Trinitatis.
1742 3004 1858 3078 Ego

274 3095 570 3150 Ronsnrus
598 3094 770 3166 gratia
797 3093 889 3148 Dei
912 3093 1248 3150 Francorum
1271 3112 1385 3150 rex.

1932 537 2097 591 etiam
2120 533 2364 605 legaliter
2410 532 2573 586 dandi
2619 532 2674 584 in
2713 540 2992 600 posterum
3027 529 3273 583 habenda
3302 529 3512 596 absque

1932 627 2326 682 declamatione
2346 623 2714 688 decernimus,
2758 631 2810 676 et
2840 622 3032 675 harum
3070 635 3252 674 rerum
3279 634 3515 672 conven-

1934 719 2138 773 tionem
2169 718 2356 772 annuli
2383 717 2553 771 nostri
2581 715 2940 784 impressione
2961 714 3244 783 signamus

2005 810 2199 864 Actum
2254 808 2524 872 Avaloni,
2577 821 2722 860 anno
2789 805 3058 859 incarnati
3121 803 3283 858 Verbi
3334 802 3516 867 10:25,

1935 909 2197 970 regnante
2233 898 2472 952 Roberto
2514 913 2720 951 xxxvii.
2761 895 2874 966 Ego
2918 894 3216 949 Baldoinus
3247 893 3520 948 cancella-

1935 992 2055 1046 rius
2078 991 2369 1061 relegendo
2396 989 2716 1058 subscripsi.

2649 1098 2788 1153 XIII.

1942 1195 2173 1249 Rotberti
2206 1194 2339 1265 regis
2374 1200 2687 1263 praeceptum
2700 1207 2813 1265 ltro
2849 1190 3164 1243 monasterio
3190 1187 3521 1242 Bellimoutis

2503 1278 2661 1332 prope
2701 1276 2724 1312 ι
2742 1276 2954 1312 uronos.

2531 1354 2712 1424 (Anno
2740 1351 2936 1426 1022.).

1943 1446 2217 1520 μίμημα,
2254 1444 2447 1520 Arma].
2489 1443 2711 1520 Beneds,
2760 1439 3049 1520 tom.__IV,_
3089 1441 3334 1520 Append.
3392 1455 3516 1510 pag.

2322 1455 2447 1498 mat.
2489 1455 2707 1507 lienem,
2760 1455 2896 1497 tom.
2944 1455 3034 1506 tv,
3089 1455 3134 1494 Α

2322 1514 2444 1580 708,
2477 1529 2544 1568 ex
2564 1515 2787 1568 archivo
2811 1512 2868 1567 S.
2895 1455 3170 1582 Martiniﬁ

2013 1628 2073 1685 In
2105 1629 2326 1684 nomine
2370 1635 2573 1682 sanctae
2596 1633 2651 1681 et
2696 1625 2990 1681 individua
3036 1624 3340 1689 Trinitatis,
3379 1622 3527 1677 Bor-

1946 1736 2156 1778 Ben'rus
2183 1720 2279 1776 Dei
2309 1719 2686 1774 misericordia
2712 1733 2831 1773 rex.

1875 1809 1916 1863 Β
2015 1812 2070 1868 Si
2120 1811 2478 1884 petitionibus
2525 1823 2811 1865 servorum
2884 1808 2978 1863 Dei
3034 1824 3133 1878 pro
3192 1805 3531 1876 quibuslibet

1945 1903 2329 1961 ecclesiasticis
2371 1901 2793 1956 necessitatibus
2836 1913 2998 1954 aures
3043 1907 3257 1953 nostras
3299 1897 3528 1967 pulsan-

1946 1998 2084 2052 tium
2110 1996 2348 2050 libentur
2376 1993 2732 2056 assentimur,
2758 2002 2812 2045 et
2847 1991 2914 2044 ad
2936 1990 3135 2044 divinae
3161 1990 3370 2044 militiae
3408 1989 3498 2043 cul
3522 2017 3532 2028 -

1948 2095 2065 2141 tum
2097 2087 2154 2140 in
2184 2084 2320 2139 locis
2359 2082 2594 2137 Domino
2623 2082 2821 2136 dicatis
2869 2081 3094 2134 uberius
3140 2079 3533 2134 famulantibus

1949 2177 2212 2232 auxilium
2244 2174 2600 2245 porrigimus,
2634 2173 2687 2226 id
2728 2172 2889 2227 nobis
2923 2172 3115 2241 procul
3156 2171 3324 2226 dubio
3368 2177 3423 2224 et
3463 2170 3532 2223 ad

1950 2270 2243 2325 instantem
2286 2265 2457 2320 vitam
2488 2265 2860 2334 temporalitcr
2892 2263 3296 2333 transigendam
3319 2304 3333 2328 ,
3379 2269 3431 2316 et
3466 2261 3534 2315 ad

1948 2358 2190 2414 futuram
2238 2358 2467 2414 feliciter
2501 2356 2852 2410 obtinendam
2901 2354 3249 2424 profuturum
3303 2353 3533 2407 conﬁdi-

1951 2467 2095 2506 mus.
2143 2447 2344 2504 Notum
2391 2448 2558 2520 igitur
2603 2445 2718 2500 fore
2757 2446 2982 2500 omnino
3027 2446 3277 2515 cupimus
3323 2443 3538 2499 cunctis

1950 2543 2156 2600 Christi
2205 2541 2522 2611 nostrisque
2573 2538 2865 2603 ﬁdelibus,
2914 2537 3275 2606 praesentibus
3329 2535 3539 2591 scilicet

1952 2645 2115 2706 atque
2141 2634 2362 2699 futuris,
2389 2631 2652 2704 quoniam
2682 2630 2816 2685 adiit
2840 2629 3186 2685 serenitatem
3211 2627 3385 2682 nostri
3424 2628 3540 2682 cul-

1954 2729 2120 2783 minis
2173 2726 2450 2797 Sulpicius
2499 2724 2869 2780 subdiaconus
2923 2731 2976 2776 et
3019 2721 3344 2776 archiclavis
3389 2719 3541 2774 Beati

1955 2817 2196 2884 Martini,
2245 2799 2527 2872 humiliter
2574 2814 2849 2887 ﬂagitans,
2889 2822 2943 2868 et
2977 2813 3273 2884 ﬁagitando
3323 2827 3540 2867 summa

1956 2925 2113 2980 prece
2132 2909 2452 2980 deposcens,
2492 2915 2551 2960 ut
2589 2905 2913 2960 auctoritate
2937 2913 3137 2959 nostrm
3162 2903 3544 2973 praeceptionis

1952 3001 2272 3072 juberetnus
2305 3007 2636 3071 praeceptum
2663 2997 2777 3051 ﬁeri
2805 2997 2872 3051 de
2899 2996 2985 3051 his
3016 2996 3159 3050 unde
3199 2996 3314 3065 jam
3338 3010 3544 3064 praece-

1957 3101 2108 3163 ptum
2141 3093 2310 3147 altera
2336 3092 2455 3146 vice
2477 3090 2595 3144 ﬁeri
2615 3089 2959 3160 jusscramus
2982 3103 3079 3159 per
3101 3087 3544 3156 deprecationem

353 3182 572 3238 Noverit
600 3183 845 3238 omnium
872 3192 1073 3239 sanctae
1116 3185 1308 3240 matris
1338 3185 1593 3240 Ecclesiae
1621 3185 1856 3239 ﬁdelium
1886 3160 1926 3216 θ
1961 3188 2116 3241 bonae
2152 3184 2429 3240 memoriae
2452 3163 2664 3238 'IIervei
2704 3182 2882 3237 levitae
2932 3190 2986 3236 et
3024 3181 3352 3236 archiclavis
3397 3180 3546 3234 Beati

280 3275 573 3341 industria,
597 3283 658 3330 ut
680 3290 918 3345 praesens
938 3274 1032 3330 sed
1051 3276 1215 3330 etiam
1243 3275 1448 3342 futura,
1469 3277 1613 3346 quod
1638 3278 1861 3346 quidam

279 3374 472 3421 noster
499 3380 702 3431 comes,
747 3365 1070 3421 Cuillelmus
1114 3366 1366 3433 nomine,
1411 3375 1611 3422 nostrae
1653 3367 1861 3422 sereni-

284 3458 414 3512 tatis
438 3457 632 3512 adierit
651 3457 1020 3526 praesentiam,
1041 3473 1243 3530 rogans
1265 3466 1319 3512 et
1355 3457 1555 3513 obnixe
1581 3458 1865 3528 postulans

285 3557 347 3602 ut
379 3549 673 3618 quamdam
719 3547 1005 3604 ecclesiam
1066 3549 1122 3604 in
1170 3549 1378 3605 honore
1425 3551 1599 3605 sancti
1649 3549 1867 3605 Martini

285 3651 590 3706 sacratam,
614 3642 667 3695 in
700 3642 962 3697 suburbio
996 3639 1284 3698 Belnensis
1321 3642 1490 3697 castri
1522 3642 1706 3707 sitam,
1736 3643 1865 3698 olim

286 3733 562 3788 abbatiam
601 3732 694 3788 sed
719 3732 832 3802 jam
862 3733 1088 3787 omnino
1110 3733 1465 3799 destructam,
1503 3748 1669 3803 quam
1700 3735 1868 3789 etiam

282 3825 409 3895 jure
431 3824 607 3879 nostri
639 3823 885 3879 beneﬁcii
909 3825 1252 3894 possidebat,
1286 3840 1345 3880 se
1369 3825 1503 3879 mihi
1541 3825 1725 3880 liceret
1747 3841 1869 3882 cre-

290 3917 441 3982 dere,
468 3930 534 3970 co
569 3917 950 3971 conventionis
977 3923 1164 3972 tenore
1193 3924 1254 3971 ut
1293 3917 1539 3971 eamdem
1583 3917 1870 3974 ecclesiam

289 4006 511 4062 cuidam
566 4008 973 4079 congregationi
1008 4007 1090 4062 'in
1155 4007 1274 4063 loco
1320 4007 1656 4065 Fructuariae
1718 4010 1872 4081 juxta

292 4099 458 4168 Alpes
491 4097 602 4154 Deo
633 4100 953 4169 regulariter
997 4100 1252 4155 servienti
1299 4102 1597 4171 quominus
1635 4104 1875 4159 tradere-

293 4205 419 4244 mus
439 4189 823 4259 perpetualiter
846 4189 1173 4244 habendam.
1197 4190 1369 4260 Cujus
1391 4193 1700 4247 rationabili
1724 4195 1878 4250 etde—

293 4288 435 4334 votae
447 4279 694 4349 petitioni
711 4280 941 4334 libenter
952 4281 1385 4336 condescendere
1411 4282 1578 4349 volui,
1613 4285 1876 4353 quoniam

295 4371 472 4426 eidem
503 4371 873 4440 etenobiojam
897 4371 1104 4440 pridem
1132 4372 1720 4442 quamdamjabbatiam
1741 4373 1880 4428 San-

1964 3277 2204 3342 Martini,
2253 3275 2676 3346 praedecessoris
2723 3273 2968 3343 ejusdem
3004 3271 3177 3326 ﬁdelis
3211 3271 3384 3325 nostri
3423 3269 3549 3324 Sul-

1965 3369 2112 3439 picii,
2144 3369 2211 3423 dc
2237 3367 2470 3422 ecclesia
2498 3365 2748 3420 videlicet
2778 3365 2955 3419 Beatae
2977 3363 3158 3417 Mariae
3187 3361 3548 3426 Bellimoutis,

1967 3459 2022 3513 in
2048 3475 2155 3528 qua
2186 3459 2430 3529 regulam
2477 3455 2980 3513 sanctimonialium
3027 3455 3375 3525 supradictus
3422 3469 3552 3508 san-

1967 3559 2088 3606 ctus
2125 3550 2209 3604 vir
2238 3548 2480 3604 Herveus
2504 3548 2834 3614 construxit,
2861 3563 2969 3602 non
2991 3547 3150 3617 longe
3183 3546 3287 3600 sita
3315 3561 3346 3600 a
3368 3553 3553 3600 castro

1969 3641 2140 3711 patris
2184 3641 2359 3696 nostri
2404 3640 2647 3707 Martini,
2679 3656 2805 3696 cum
2849 3639 3105 3694 omnibus
3145 3639 3309 3694 rebus
3341 3637 3408 3693 ad
3430 3653 3551 3692 eam

1969 3734 2390 3803 pertinentibus,
2417 3734 2592 3789 vineis
2620 3733 2829 3789 scilicet
2847 3740 2901 3788 et
2922 3732 3120 3802 pratis;
3148 3738 3311 3801 atque
3331 3731 3397 3785 de
3423 3746 3556 3799 quo-

1971 3825 2098 3880 dam
2138 3825 2347 3880 vivario
2387 3825 2703 3880 Malamcrta
2759 3831 3103 3894 nuncupato,
3159 3837 3372 3876 necnon
3403 3831 3455 3876 et
3489 3821 3556 3876 de

1973 3917 2239 3986 quotlibet
2289 3917 2625 3986 arpennibus
2673 3915 2957 3970 vinearum
2985 3957 2998 3979 ,
3042 3930 3163 3984 quae
3211 3913 3446 3968 diversis
3498 3914 3554 3967 in

1976 4009 2110 4064 locis
2155 4024 2324 4078 prope
2359 4008 2685 4063 suburbium
2727 4007 2908 4078 oppidi
2953 4005 3161 4076 praefati
3216 4005 3556 4060 confessoris

1974 4100 2180 4155 Christi
2210 4099 2447 4166 Martini,
2486 4100 2606 4155 sitae
2645 4100 2787 4154 inter
2814 4099 3022 4170 Ligeris
3043 4098 3292 4153 videlicet
3321 4097 3559 4167 Carique

1978 4193 2212 4257 alveum,
2229 4191 2334 4245 hoc
2354 4199 2436 4244 est
2457 4191 2522 4245 de
2539 4190 2788 4246 vineisex
2813 4190 3068 4244 thesauro
3089 4205 3274 4259 arpen.
3301 4198 3556 4259 quatuor,

1979 4299 2088 4337 non
2118 4282 2275 4353 longe
2304 4282 2373 4336 ab
2393 4282 2592 4352 oppido
2613 4282 2756 4338 beati
2781 4281 2997 4336 Martini
3017 4298 3084 4337 ex
3113 4290 3265 4352 parte
3297 4281 3422 4335 Cari
3460 4279 3562 4333 flu-

1982 4373 2174 4439 minis;
2209 4375 2572 4429 terminantur
2597 4375 2662 4429 de
2683 4375 2895 4429 duabus
2921 4374 3168 4443 partibus
3199 4374 3372 4444 ipsius
3409 4382 3562 4443 pote-

290 4471 398 4517 ctae
425 4461 609 4516 Mariae
650 4462 706 4516 in
745 4463 1008 4518 suburbio
1037 4462 1385 4518 Cabilonensi
1411 4465 1596 4529 sitam,
1628 4481 1752 4519 cum
1778 4465 1879 4520 Ec—
1913 4493 1955 4547 ι)
1981 4466 2164 4530 statis;
2188 4465 2254 4520 de
2267 4466 2426 4520 tertia
2448 4473 2600 4535 parte
2613 4474 2769 4520 terrae
2790 4464 2976 4519 Sancti
2999 4465 3228 4520 Andreae
3251 4467 3344 4527 ;de
3365 4473 3560 4533 quarta

295 4555 462 4609 clesia
494 4553 748 4608 Busciani
777 4563 832 4608 et
869 4554 1089 4608 alodum
1127 4553 1431 4609 Cassiniaci
1477 4571 1600 4610 cum
1631 4557 1875 4625 {ecclesia

295 4645 541 4713 ejusdem
564 4645 703 4700 villae
731 4660 823 4714 per
854 4645 1108 4715 praecepti
1132 4645 1445 4700 ﬁrmitatem
1471 4661 1873 4700 concesseram.

299 4735 433 4801 Quae
461 4735 646 4790 omnia
681 4734 804 4790 dedi
829 4736 1089 4790 instinctu
1124 4745 1178 4791 et
1197 4736 1456 4811 petitione
1485 4736 1690 4790 domini
1722 4736 1878 4791 Guil-

305 4826 448 4880 lelmi
497 4826 742 4892 abbatis,
775 4827 1019 4896 ejusdem
1072 4827 1177 4882 loci
1221 4827 1661 4883 Fructuariensis
1699 4829 1881 4883 devoti

303 4915 634 4983 fundatoris,
685 4917 1075 4971 interveniente
1114 4928 1168 4972 et
1207 4919 1583 4974 subscribente
1629 4919 1883 4974 Gosfrido

303 5008 656 5063 Cabilonensi
679 5009 936 5078 episcopo
961 5025 1085 5064 cum
1112 5010 1340 5079 reliquis
1360 5011 1633 5080 episcopis
1659 5011 1754 5080 qui
1798 5011 1886 5066 in-

305 5098 613 5153 terfuerunt
640 5098 876 5154 concilio
905 5113 1077 5168 nuper
1117 5100 1299 5154 Ariaci
1342 5101 1547 5154 habito.
1595 5100 1886 5157 Innotesco

310 5189 478 5260 igitur
499 5190 712 5245 cunctis
733 5189 1044 5259 praedictam
1067 5189 1386 5245 Belnensem
1427 5193 1711 5247 ecclesiam
1737 5192 1889 5248 Guil-

309 5283 532 5337 lelmum
560 5283 816 5338 comitem
838 5283 973 5336 mihi
997 5283 1294 5338 reddidisse
1321 5292 1373 5338 et
1395 5299 1482 5338 me
1501 5300 1618 5338 eam
1634 5283 1891 5341 Fructua—

311 5375 480 5429 ricnsi
516 5375 767 5430 coenobio
798 5374 1039 5439 dedisse;
1097 5390 1225 5444 erga
1273 5391 1434 5444 quem
1487 5376 1667 5430 locum
1712 5378 1892 5432 taliter

314 5475 516 5523 nostrae
550 5467 939 5522 benevolentiae
980 5467 1322 5522 inculcamus
1369 5468 1644 5535 affectum,
1687 5479 1748 5523 ut
1794 5469 1889 5540 qui

315 5577 533 5630 cunque
582 5561 637 5613 in
684 5561 833 5614 omni
880 5568 1080 5614 nostra:
1126 5561 1518 5616 dominationis
1570 5577 1739 5632 regno
1792 5578 1893 5632 pro

315 5653 686 5732 redemptione
713 5661 1057 5722 peccatorum
1090 5669 1314 5708 suorum
1343 5654 1545 5724 aliquid
1583 5653 1716 5708 inibi
1763 5670 1895 5708 con-

321 5745 461 5801 ferre
480 5745 732 5808 voluerit,
765 5753 963 5802 nostrae
1001 5746 1343 5801 auctoritatis
1369 5747 1562 5802 habeat
1584 5761 1894 5814 assensum,

1411 5887 1472 5904 λεν

1981 4557 2068 4608 via
2094 4556 2334 4624 publica:
2361 4557 2584 4611 reddent
2604 4572 2828 4635 censum
2855 4557 2920 4610 ad
2950 4557 3174 4610 missam
3204 4555 3388 4610 Sancti
3420 4557 3562 4609 Mar-

1985 4647 2082 4699 tini
2127 4647 2413 4700 hiemalem
2446 4647 2635 4702 denar.
2669 4647 2963 4701 sexdecim.
3001 4646 3154 4711 Item,
3184 4647 3250 4700 de
3291 4646 3466 4699 vineis
3495 4661 3561 4698 ex

1986 4737 2245 4791 thesauro
2279 4752 2466 4807 arpen.
2501 4745 2738 4806 quatuor
2773 4738 2828 4791 in
2855 4738 3118 4792 suburbio
3158 4739 3366 4792 castelli
3409 4736 3562 4792 Beati

1987 4827 2203 4881 Martini
2229 4843 2293 4880 cx
2318 4837 2472 4897 parte
2519 4828 2787 4894 meridiei,
2825 4829 2918 4881 ubi
2949 4830 3086 4883 ultra
3114 4829 3306 4883 Beram
3338 4827 3559 4902 dicitur.

1991 4918 2378 4973 Terminantur
2404 4921 2470 4975 de
2496 4936 2605 4974 una
2627 4929 2778 4990 parte
2804 4930 2947 4975 terra
2973 4920 3156 4976 Sancti
3191 4920 3465 4986 Venantii,
3495 4919 3565 4975 de

1989 5010 2204 5065 duabus
2226 5018 2369 5064 terra
2412 5013 2691 5066 communi
2738 5010 2987 5078 fratrum,
3021 5014 3088 5067 de
3133 5023 3323 5083 quarta
3351 5013 3438 5066 via
3464 5027 3568 5080 pu-

1989 5102 2149 5157 blica.
2193 5101 2436 5158 Reddent
2479 5119 2706 5158 censum
2737 5105 2804 5158 ad
2845 5105 3071 5159 missam
3121 5104 3306 5158 Sancti
3349 5102 3568 5156 Martini

1989 5191 2280 5248 hiemalem
2325 5195 2450 5249 den.
2485 5197 2779 5252 sexdecim.
2824 5195 2976 5262 Item,
3010 5197 3077 5250 de
3120 5195 3293 5249 vineis
3345 5211 3411 5249 ex
3453 5194 3570 5248 the-

1990 5299 2155 5338 sauro
2175 5299 2400 5353 arpenn.
2430 5300 2446 5338 ι
2475 5284 2529 5339 in
2565 5285 2828 5340 suburbio
2849 5285 3054 5340 castelli
3081 5285 3227 5338 Beati
3256 5284 3472 5339 Martini
3504 5301 3567 5338 ex

1995 5385 2149 5447 parte
2187 5376 2516 5444 occidentis;
2562 5378 2925 5432 terminantur
2967 5378 3033 5432 de
3075 5377 3286 5431 duabus
3326 5375 3576 5446 partibus

2000 5477 2140 5522 terra
2162 5468 2335 5538 ipsius
2355 5469 2657 5538 potestatis,
2689 5469 2755 5523 de
2781 5467 2936 5522 tertia
2970 5477 3111 5522 terra
3137 5466 3320 5522 Sancti
3347 5466 3576 5520 Joannis

2000 5567 2054 5614 et
2103 5559 2288 5615 Sancti
2337 5559 2512 5626 Pauli,
2569 5561 2634 5615 de
2681 5569 2875 5630 quarta
2923 5560 3012 5614 via
3063 5559 3296 5629 publica.
3333 5557 3577 5612 Reddent

2002 5667 2226 5706 censum
2277 5650 2344 5705 ad
2380 5651 2604 5706 missam
2643 5649 2827 5706 Sancti
2869 5651 3083 5706 Martini
3127 5648 3414 5705 hiemalem
3449 5646 3574 5702 de).

2004 5753 2259 5816 quatuor.
2311 5743 2467 5815 Item,
2517 5745 2584 5802 de
2637 5745 2811 5802 vineis
2857 5760 2924 5801 ex
2961 5745 3218 5801 thesauro
3255 5757 3444 5814 arpen.
3477 5755 3493 5794 ι
3523 5738 3578 5792 in
