4104 5260
511 201 617 259 967

1391 188 1689 249 ROBERTI
1726 185 1931 247 REGIS
1970 178 2417 260 rnarvconun‘
2450 176 2865 238 DIPLOMATA.

3678 176 3782 235 968

510 309 776 371 suburbio
811 310 1018 368 castelli
1053 307 1206 365 Beati
1234 306 1453 363 Martini
1479 323 1547 363 ex
1577 313 1732 377 parte
1752 300 2085 368 occidentis;
2116 302 2163 357 A
2189 296 2560 363 lirmavimus,
2608 303 2663 352 et
2713 294 2902 349 annuli
2957 294 3134 349 nostri
3185 293 3548 365 impressione
3593 293 3783 365 signa-

507 404 876 462 terminantur
901 402 968 457 de
1002 416 1110 456 una
1153 408 1307 471 parte
1339 399 1427 455 via
1473 399 1710 469 publica,
1762 397 1832 452 de
1879 394 2093 450 duabus

506 506 655 554 terra
681 496 856 567 ipsius
884 495 1189 567 potestatis,
1217 494 1284 549 de
1310 500 1505 563 quarta
1540 499 1685 546 terra
1708 488 1893 545 Sancti
1916 486 2091 542 Pauli.

507 586 758 644 Reddent
792 602 1020 643 censum
1050 587 1118 641 ad
1153 586 1380 640 missam
1412 581 1599 637 Sancti
1633 580 1849 636 Martini
1880 579 2094 634 hiema-

506 678 616 733 lem
664 678 1070 748 denaquatuor.
1104 674 1261 741 Item,
1294 673 1361 728 de
1389 671 1565 726 vineis
1601 685 1668 725 ex
1702 670 1973 725 thesauro
2005 683 2097 721 ar-

507 784 636 839 pen.
666 784 728 823 ιιι
762 768 818 823 in
851 766 1114 825 suburbio
1140 764 1348 822 castelli
1379 762 1532 818 Beati
1552 760 1773 817 Martini
1802 761 1869 815 ad
1900 758 2090 815 Cura:-

492 859 655 921 ,cium
683 859 968 925 maceriae;
1002 857 1365 912 terminantur
1386 854 1455 909 de
1480 853 1695 908 duabus
1716 853 1964 922 partibus
1987 850 2092 905 viis

506 949 761 1020 publicis,
794 950 863 1005 de
894 948 1119 1018 reliquis
1154 946 1403 1017 partibus
1432 952 1578 999 terra
1622 942 1836 999 Sancta:
1872 942 2090 1008 Crucis,

508 1051 566 1096 et
595 1050 751 1113 prato
775 1040 961 1095 Sancti
996 1037 1244 1094 Venantii
1276 1057 1289 1091 :
1316 1036 1544 1091 reddent
1584 1050 1807 1091 censum
1845 1034 1915 1090 ad
1955 1033 2092 1089 mis-

510 1149 631 1188 sam
663 1132 848 1186 Sancti
897 1129 1182 1185 Martini...
1230 1144 1297 1183 ex
1332 1135 1486 1197 parte
1532 1126 1853 1192 occidentis,
1900 1125 2092 1180 termi-

508 1232 710 1279 nantur
735 1224 801 1278 de
832 1238 940 1277 una
975 1228 1129 1292 parte
1155 1228 1301 1277 terra
1337 1219 1512 1275 sancti
1534 1217 1754 1273 Martini
1788 1218 1856 1273 de
1895 1216 2082 1273 Porta-

504 1315 608 1382 ria,
636 1316 701 1371 de
724 1316 892 1370 altera
917 1315 983 1370 de
1018 1314 1135 1384 ipsa
1158 1312 1409 1368 Portaria
1440 1319 1496 1367 et
1532 1319 1677 1366 terra
1700 1308 1886 1366 Sancti
1911 1308 2092 1380 Sulpi-

504 1406 596 1471 cii,
622 1406 688 1460 de
728 1414 925 1475 quarta
960 1405 1046 1460 via
1078 1403 1294 1474 publica
1321 1422 1334 1457 :
1366 1402 1594 1458 reddent
1616 1417 1843 1458 censum
1869 1401 1936 1456 ad
1961 1401 2093 1455 mis-

503 1513 622 1553 sam
672 1496 856 1553 Sancti
895 1496 1112 1551 Martini
1166 1495 1458 1551 hiemalem
1487 1494 1614 1550 den.
1661 1501 1794 1549 tres.
1826 1491 2093 1558 ltem,'de

501 1588 675 1643 vineis
699 1605 768 1643 ex
794 1590 1053 1643 thesauro
1086 1587 1401 1658 quartarios
1446 1594 1559 1641 tres
1587 1586 1645 1640 in
1686 1584 1952 1641 suburbio
1998 1598 2090 1638 ca-

502 1678 651 1734 stelli
682 1678 835 1734 Beati
865 1679 1106 1743 Martini,
1137 1693 1204 1733 ex
1244 1685 1398 1748 parte
1432 1676 1681 1743 orientis,
1730 1674 2092 1731 terminantur

502 1771 571 1827 de
614 1787 727 1827 una
766 1771 966 1838 fronte,
990 1771 1078 1826 via
1117 1786 1241 1841 quae
1266 1770 1419 1826 ducit
1454 1770 1512 1824 in
1545 1770 1757 1835 urbem,
1799 1777 1854 1824 et
1886 1784 1953 1823 ex
1980 1783 2090 1823 uno

501 1862 676 1918 latere
708 1863 797 1917 via
851 1862 1009 1931 cujus
1035 1870 1200 1931 caput
1221 1868 1437 1932 portam
1461 1859 1648 1915 Sancti
1676 1858 1879 1915 Iuliani
1920 1859 2088 1914 attin-

501 1950 600 2022 git,
637 1951 705 2006 de
750 1951 924 2005 altero
954 1950 1124 2004 latere
1166 1958 1311 2004 terra
1362 1947 1551 2004 Sancti
1595 1946 1770 2014 Pauli,
1815 1947 1883 2003 de
1921 1948 2089 2002 altera

502 2048 689 2095 autem
725 2036 905 2095 fronte
944 2040 1104 2094 alodo
1147 2036 1446 2093 Ademari:
1479 2037 1705 2092 reddent
1745 2052 1973 2092 censum
2021 2036 2091 2091 ad

502 2128 732 2184 missam
771 2127 955 2184 Sancti
986 2127 1205 2182 Martini
1261 2126 1550 2182 hiemalem
1579 2126 1705 2180 den.
1743 2133 1971 2195 septem.
2014 2124 2090 2180 De

501 2219 680 2273 vineis
737 2234 958 2289 quoque
1006 2218 1074 2273 de
1115 2216 1386 2282 Portaiia,
1411 2231 1520 2270 non
1571 2216 1731 2287 longe
1780 2230 1813 2269 a
1865 2214 2089 2270 castello

501 2304 652 2363 Beati
674 2307 890 2364 Martini
920 2323 987 2363 ex
1013 2314 1168 2377 parte
1190 2305 1437 2361 meridiei
1462 2319 1650 2374 arpen.
1693 2312 1949 2374 quatuor,
1975 2312 2087 2358 ter-

488 2398 782 2453 minantur
800 2414 866 2453 ex
893 2397 1105 2452 duabus
1130 2396 1381 2466 partibus
1405 2402 1550 2449 terra
1578 2393 1755 2464 ipsius
1777 2394 2085 2464 potestatis,

498 2489 571 2544 de
601 2490 757 2544 tertia
797 2498 939 2543 terra
991 2487 1176 2543 Sancti
1231 2485 1508 2553 Venantii,
1559 2486 1627 2541 de
1673 2493 1867 2556 quarta
1901 2484 2087 2540 Sancti

507 2576 794 2649 Dionysii;
836 2578 1064 2633 reddent
1099 2591 1326 2632 censum
1363 2576 1432 2630 ad
1468 2575 1692 2631 missam
1735 2573 1922 2631 Sancti
1947 2573 2089 2628 Mar-

500 2669 605 2723 tini
645 2668 931 2722 hiemalem
969 2668 1095 2722 den.
1154 2666 1449 2722 sexdecim.
1490 2664 1644 2732 Item,
1688 2665 1755 2720 de
1802 2663 1979 2720 vineis
2021 2665 2087 2718 de

500 2756 757 2812 P-rtaria
783 2774 972 2827 arpen.
1006 2757 1294 2812 dimidium
1325 2757 1383 2811 in
1413 2757 1676 2812 suburbio
1701 2756 1907 2812 castelli
1938 2754 2085 2833 Beati

502 2847 744 2915 Martini,
788 2863 855 2902 ex
908 2857 1065 2918 parte
1116 2847 1448 2914 occidentis;
1482 2847 1846 2903 terminantur
1883 2846 1948 2901 de
1978 2861 2085 2901 una

2195 405 2397 444 vrmus.

2263 478 2578 533 Botbertus.
2610 474 2725 548 Ego
2750 475 3051 530 Balduinus
3095 474 3457 532 cancellarius
3498 472 3688 548 relegi,
3720 484 3781 534 et

2193 567 2520 640 subscripsi.

2917 674 3057 731 XIV.

2191 788 2406 844 Roberti
2432 789 2569 859 regis
2595 798 2647 843 et
2690 788 3018 861 Constantia:
3063 791 3257 861 regina:
3300 790 3487 844 charta
3509 789 3575 843 de
3600 789 3773 861 dona-

2266 861 2618 982 tionrrfyrtedii
2642 876 2800 932 prope
2823 858 3165 927 Vermeriani,
3183 863 3328 930 [ecta
3359 861 3587 915 abbatia:
3615 859 3774 916 Com-

2263 946 2324 999 pe
2400 945 2552 984 tonsi.

2792 1020 2973 1095 (Anno
3000 1020 3182 1094 1029.)

2196 1109 2475 1184 [MARILL.,
2521 1111 2723 1168 Annal.
2764 1113 2986 1178 Bened.,
3036 1122 3183 1185 tome
3230 1111 3321 1181 IV,
3368 1129 3491 1185 pag.
3539 1113 3664 1181 602,
3702 1130 3767 1170 ex

2784 1181 3172 1256 autographo.]

2261 1293 2322 1350 In
2358 1296 2581 1351 nomine
2612 1305 2814 1352 sancta:
2834 1305 2887 1352 et
2910 1296 3221 1362 individua,
3251 1294 3559 1364 Trinitatis,
3589 1297 3767 1353 Patris

2190 1398 2246 1445 et
2280 1388 2423 1454 Filii,
2463 1396 2519 1444 et
2562 1386 2798 1458 Spiritus
2830 1388 3026 1456 sancti,
3058 1403 3158 1459 ego
3210 1387 3537 1445 Rornznrus
3592 1391 3766 1461 gratia

2193 1479 2286 1535 Dei
2314 1478 2652 1534 Francorum
2679 1496 2794 1546 rex,
2826 1486 2881 1535 ct
2928 1478 3270 1534 Coxsumu
3303 1478 3489 1535 divino
3517 1489 3652 1535 nutu
3682 1495 3764 1535 re—

2190 1571 2337 1643 gina.

2124 1650 2167 1707 B
2263 1662 2321 1717 Si
2356 1662 2617 1734 primitivi
2658 1659 2870 1719 fructus
2904 1660 3209 1727 charitatis,
3242 1674 3383 1733 quos
3426 1670 3658 1718 exornat
3679 1662 3769 1717 de

2189 1762 2318 1809 vota
2353 1754 2595 1825 erogatio
2624 1753 2891 1828 religiosae
2910 1752 3277 1820 liberalitatis,
3299 1753 3368 1808 ad
3393 1753 3499 1810 hoc
3521 1752 3766 1810 etIicaces

2189 1852 2320 1900 sunt
2342 1852 2398 1902 et
2417 1844 2597 1901 idonei
2627 1853 2690 1900 ut
2732 1845 2952 1901 valeant
2979 1844 3197 1900 ﬁrmare
3231 1853 3434 1900 statum
3463 1846 3765 1917 cujuscun‘

2190 1951 2296 2006 que
2329 1936 2577 2004 honoris,
2610 1952 2677 1993 ac
2715 1937 2912 1993 deinde
2956 1945 3349 2008 repraesentare
3373 1937 3763 2007 plenitudinem

2190 2023 2387 2080 futura:
2419 2026 2897 2093 remunerationis,
2934 2027 3221 2082 verissime
3265 2027 3420 2082 decet
3445 2028 3651 2098 regiam
3680 2029 3767 2084 di-

2189 2114 2450 2185 gnitatem
2480 2114 2588 2171 illis
2620 2116 2925 2171 redividare
2964 2124 3019 2171 et
3060 2115 3265 2171 allatim
3295 2117 3620 2185 exuberare,
3666 2134 3768 2188 per

2188 2219 2328 2274 quos
2348 2221 2462 2261 suae
2482 2207 2762 2279 dignitatis
2784 2207 3197 2277 amplitudinem
3217 2207 3396 2262 valeat
3416 2209 3765 2265 sublimanda

2187 2296 2416 2368 erigere,
2437 2305 2493 2353 et
2511 2299 2766 2370 erigendo
2789 2299 3116 2366 sublimare;
3141 2308 3195 2354 et
3212 2299 3431 2354 demum
3449 2299 3591 2356 felici
3613 2317 3765 2357 com-

2188 2388 2391 2442 mercio
2423 2397 2478 2443 et
2511 2390 2923 2460 incomparabili
2956 2397 3231 2461 exspectet
3272 2400 3495 2460 aeterna,
3528 2401 3583 2448 et
3617 2402 3764 2448 certa

2188 2492 2283 2548 spe
2316 2479 2589 2549 possideat
2627 2490 2956 2551 exspectata.
3009 2480 3166 2547 Quod
3198 2471 3550 2540 "liberalitatis
3592 2500 3765 2556 genus

2187 2575 2319 2623 tunc
2341 2583 2406 2623 ex
2427 2579 2580 2639 parte
2603 2584 2703 2642 pro
2732 2571 2917 2627 debito
2939 2585 3278 2639 exercemus,
3302 2572 3349 2626 si
3378 2572 3514 2629 locis
3539 2583 3763 2629 sancto-

2185 2675 2309 2714 rum
2341 2670 2395 2716 et
2427 2663 2941 2734 congregationibus
2982 2662 3224 2718 ﬁdelium
3273 2665 3593 2735 temporalia
3622 2666 3761 2720 bona

2185 2748 2433 2805 conferre
2459 2766 2568 2805 non
2595 2753 2948 2823 denegamus,
2976 2760 3038 2807 ut
3070 2762 3223 2808 tanto
3246 2754 3472 2810 liberius
3528 2754 3762 2810 cultores

2184 2842 2511 2900 Christiana:
2535 2846 2813 2917 religionis
2841 2855 2896 2902 et
2929 2847 3287 2902 ecclesiastici
3315 2847 3525 2905 ordinis
3560 2847 3761 2903 divinis

500 2937 683 2994 fronte
711 2950 858 2995 terra
888 2938 1101 2995 Sanctae
1126 2938 1328 3007 Mariae,
1359 2954 1427 2994 ex
1450 2955 1561 2994 uno
1591 2940 1759 2995 latere
1779 2947 1923 2994 terra
1948 2936 2086 2992 San-
2112 2982 2152 3008 ρ,
2187 2934 2488 2990 inserviant
2509 2937 2802 3003 mundatis,
2826 2945 3031 3007 quanto
3057 2938 3294 3008 amplius
3322 2937 3524 2994 fuerint
3544 2939 3615 2994 ab
3638 2954 3758 2994 omo

499 3038 604 3086 ctte
633 3030 1013 3104 Monegundis,
1044 3048 1111 3088 ex
1142 3032 1315 3087 altero
1348 3047 1479 3087 vero
1516 3033 1686 3088 latere
1723 3039 1778 3088 et
1813 3047 1878 3086 ex
1911 3031 2088 3101 capite
2118 3030 2154 3039 “”
2186 3030 2243 3083 ni
2292 3032 2638 3087 necessitatis
2691 3031 3080 3102 impedimento
3143 3033 3403 3087 absoluti.
3455 3031 3760 3088 Innotescat

500 3122 608 3176 viis
636 3122 906 3191 publicis;
934 3124 1163 3179 reddent
1213 3138 1440 3179 censum
1500 3123 1568 3177 ad
1614 3123 1841 3178 missam
1901 3119 2085 3176 Sancti

499 3208 719 3265 Martini
751 3211 1038 3267 hiemalem
1067 3212 1191 3267 den.
1222 3212 1379 3267 duos.
1412 3210 1488 3266 De
1508 3211 1576 3266 iis
1597 3211 1814 3281 quidem
1832 3209 2088 3266 omnibus

498 3301 698 3368 vineis,
734 3318 872 3372 quas
913 3303 1001 3358 hic
1035 3320 1160 3359 cum
1208 3304 1325 3359 suis
1368 3303 1845 3359 terminationibus
1892 3318 2085 3358 recen-

501 3391 756 3458 suimus,
804 3392 920 3461 jam
987 3392 1401 3471 ﬁrmaveramus
1468 3392 1741 3464 quoddam
1789 3393 2081 3463 scriptum,

500 3482 649 3553 quod
674 3483 815 3538 idem
841 3484 1099 3539 dominus
1127 3482 1401 3555 Sulpicius
1424 3486 1490 3539 de
1520 3484 1653 3554 ipsis
1676 3485 1791 3539 ﬁeri
1819 3485 2080 3555 jusserat,

501 3588 737 3630 assensu
768 3573 986 3645 Rogerii
1017 3576 1211 3631 decani
1242 3585 1297 3631 et
1330 3583 1651 3633 caaterorum
1692 3575 1945 3632 fratrum.
1974 3577 2081 3632 De-

498 3672 753 3734 precatur
782 3680 1001 3735 quoque
1027 3681 1169 3736 saepe
1199 3665 1378 3723 dictus
1408 3666 1583 3721 ﬁdelis
1610 3675 1797 3722 noster
1824 3667 2081 3724 dominus

500 3753 778 3825 Sulpicius
811 3756 1154 3822 archiclavis,
1202 3756 1331 3812 huic
1374 3765 1643 3827 praecepto
1687 3757 1856 3815 inseri
1905 3759 2080 3828 quod-

497 3848 627 3903 dam
654 3850 844 3914 altare,
876 3849 930 3903 in
963 3850 1171 3904 honore
1194 3858 1394 3906 sanctae
1429 3851 1611 3908 crucis
1642 3860 1697 3907 et
1718 3855 1892 3909 sancti
1932 3853 2077 3909 Petri

499 3938 558 3993 in
601 3940 782 3995 medio
835 3940 1084 3996 ecclesiae
1134 3942 1434 3998 beatissimi
1486 3943 1708 4000 Martini
1753 3947 1939 4013 situm,
1983 3948 2076 4002 ubi

498 4036 704 4083 sanctae
748 4030 1027 4085 memoriae
1068 4030 1323 4087 dominus
1355 4031 1595 4089 Herveus
1639 4036 1961 4092 archiclavis
1989 4047 2076 4092 tu-

499 4120 745 4175 mulatus
775 4122 1091 4191 requiescit,
1115 4124 1260 4193 quod
1288 4132 1343 4179 et
1361 4124 1475 4194 jam
1505 4125 1622 4198 ipse
1654 4142 1763 4183 non
1787 4128 2075 4185 immemor

488 4206 616 4264 ‘suae
651 4209 867 4277 animae,
908 4212 1084 4267 eidem
1131 4213 1281 4280 loco,
1332 4213 1544 4272 Sanctae
1588 4218 1835 4275 videlicet
1892 4220 2074 4277 Maria:

2185 3134 2315 3191 ergo
2342 3122 2682 3177 universitati
2716 3132 2918 3178 sancta:
2958 3124 3172 3179 matris
3201 3123 3459 3179 Ecclesiae.
3495 3124 3755 3189 ﬁdelium,

2185 3219 2299 3266 tam
2324 3214 2671 3282 praesentium
2692 3229 2856 3285 quam
2885 3215 3049 3270 etiam
3073 3214 3403 3283 futurorum,
3434 3231 3521 3271 me
3539 3226 3595 3271 et
3621 3231 3755 3270 con-

2178 3305 2363 3376 jugem
2414 3321 2591 3360 meam
2624 3304 3028 3373 Constantiam,
3063 3307 3304 3377 jucunda
3349 3308 3758 3363 conversatione

2180 3397 2318 3453 mihi
2345 3398 2639 3453 admodum
2668 3398 2943 3466 dilectam,
2975 3407 3030 3454 et
3058 3399 3116 3453 in
3158 3399 3633 3455 administratione
3666 3415 3755 3455 re-

2179 3508 2302 3548 rum
2329 3493 2397 3546 ad
2430 3508 2490 3548 se
2525 3493 2915 3563 pertinentium
2946 3494 3082 3548 satis
3111 3493 3301 3548 utilem
3350 3502 3403 3548 et
3452 3502 3754 3561 strenuam,

2179 3583 2444 3654 prsidium
2480 3592 2681 3640 nostra
2718 3584 2887 3656 regali
2935 3586 3049 3641 sedi
3083 3584 3374 3641 V'ermeria:
3414 3586 3753 3656 contiguum,

2178 3676 2325 3748 quod
2351 3677 2418 3731 de
2463 3692 2600 3732 auro
2625 3692 2691 3732 ex
2718 3678 2890 3748 patris
2944 3678 3030 3734 sui
3073 3678 3219 3733 dono
3252 3687 3530 3748 asportato
3559 3680 3755 3748 praedi-

2177 3776 2265 3823 cta
2299 3767 2499 3838 conjux
2555 3784 2676 3823 mea
2726 3778 2954 3835 emerat,
2988 3768 3202 3824 Sancta:
3251 3768 3434 3825 Maria:
3483 3768 3755 3839 Compen-

2176 3860 2385 3915 diensis
2425 3860 2687 3927 ecclesiae,
2720 3860 2880 3930 cujus
2918 3861 3124 3917 cultum
3157 3860 3521 3931 :singulariter
3555 3870 3754 3931 prmter

2174 3958 2401 4006 caeteros
2431 3960 2745 4007 sanctorum
2773 3951 3221 4021 amplectebatur,
3266 3959 3323 4007 et
3354 3952 3558 4011 sanctis
3606 3962 3765 4006 mare

2176 4042 2385 4114 tyribus
2412 4042 2668 4098 Cornelio
2697 4050 2753 4099 et
2775 4040 3048 4114 Cypriano
3076 4043 3132 4097 in
3162 4042 3351 4098 eadem
3384 4043 3616 4099 ecclesia
3660 4060 3741 4097 re-

2173 4130 2586 4198 quiescentibus
2612 4130 2894 4185 humiliter
2921 4131 3143 4186 dedisse
3172 4140 3228 4187 et
3245 4132 3440 4188 devote
3455 4132 3580 4202 jure
3612 4147 3749 4201 pra:-

2171 4222 2316 4275 torio
2341 4231 2395 4277 et
2422 4221 2627 4277 forensi
2649 4222 2938 4278 tradidisse
2957 4238 3057 4293 pro
3084 4233 3272 4279 nostra
3296 4223 3667 4280 incolumitate
3695 4235 3749 4278 et

498 4296 849 4369 Belimontis;
917 4301 972 4355 in
1039 4312 1359 4373 perpetuum
1416 4308 1687 4363 concessit
1739 4309 2067 4366 habendum.
2103 4324 2148 4378 1)
2174 4313 2351 4369 salute
2376 4314 2685 4369 animarum
2730 4323 3067 4382 nostrarum,
3105 4324 3162 4372 et
3196 4316 3292 4371 ﬁlii
3339 4316 3514 4371 nostri
3559 4314 3745 4387 Hugo-

498 4391 597 4447 Est
649 4393 794 4448 enim
832 4394 900 4449 de
933 4395 1193 4450 thesauro
1233 4395 1381 4451 Beati
1429 4396 1666 4466 Martini,
1713 4416 1776 4455 ea
1825 4403 2071 4459 videlicet

497 4481 614 4553 lege
645 4497 818 4553 eoque
838 4492 1025 4539 tenore
1049 4494 1109 4539 ut
1122 4487 1563 4545 sanctimoniales
1584 4489 1814 4547 Domino
1830 4494 2071 4549 servien-

494 4581 610 4638 tes,
635 4575 834 4629 amodo
869 4591 1082 4646 semper
1110 4577 1166 4632 in
1207 4586 1487 4647 posterum
1530 4596 1731 4652 cappas
1770 4592 1826 4638 et
1872 4594 2066 4640 caetera

440 4724 451 4727 π
492 4672 813 4718 ornamenta
841 4663 992 4720 Beati
1030 4665 1270 4735 Martini,
1316 4679 1477 4740 prout
1519 4673 1814 4743 potuerint,
1860 4676 2068 4746 absque

483 4753 670 4825 pretio
695 4756 1005 4812 restituant.
1052 4756 1224 4829 Cujus
1247 4776 1349 4816 nos
1377 4762 1692 4832 petitionem
1722 4767 1857 4822 satis
1898 4768 2068 4822 ratio-

491 4842 729 4898 nabilem
759 4847 1187 4916 considerantes,
1209 4851 1351 4907 votis
1370 4852 1489 4922 ejus
1524 4853 1752 4910 libenter
1775 4871 2064 4912 assensum

488 4931 771 5021 dedimus;
803 4943 858 4989 et
876 4944 988 4991 tam
1009 4937 1076 4992 de
1110 4938 1229 5008 ipso
1258 4940 1416 4995 altari
1444 4958 1611 5011 quam
1639 4944 1706 4999 de
1741 4961 1905 5015 supra
1931 4948 2068 5001 scri-

2174 4405 2282 4472 nis,
2300 4405 2415 4474 jam
2441 4405 2593 4477 regni
2616 4405 2780 4473 solio,
2803 4416 3095 4479 antequam
3122 4407 3423 4473 decederet,
3445 4406 3743 4471 sublimati,

2172 4504 2247 4561 et,
2284 4496 2419 4566 proh
2451 4495 2640 4551 dolor!
2669 4497 2878 4554 nostris
2911 4498 3103 4553 diebus
3130 4495 3262 4551 inibi
3292 4494 3511 4564 sepulti.
3542 4494 3620 4551 Ea
3647 4512 3747 4550 au-

2173 4593 2282 4641 tem
2311 4601 2434 4655 qua:
2486 4587 2791 4658 respiciunt
2843 4589 2912 4644 ad
2953 4588 3267 4659 praedictum
3313 4586 3578 4656 pmdium
3618 4593 3746 4642 sunt

2173 4677 2290 4733 haec
2315 4695 2328 4731 :
2357 4676 2488 4733 Duae.
2510 4679 2756 4735 ecclesia:
2784 4696 2911 4736 cum
2944 4688 3177 4749 quatuor
3202 4677 3552 4743 molendinis,
3583 4677 3744 4748 quin-

2173 4768 2433 4838 quaginta
2456 4777 2565 4825 tres
2592 4770 2946 4836 habitatores,
2985 4769 3227 4839 hospites
3258 4784 3382 4825 cum
3409 4769 3738 4840 quadragin-

2171 4870 2224 4921 ta
2251 4872 2486 4932 quatuor
2514 4864 2774 4933 arpennis
2798 4862 3101 4928 vinearum,
3135 4869 3190 4916 et
3229 4877 3355 4918 cum
3386 4862 3740 4933 quadraginta

2170 4962 2225 5009 ct
2256 4953 2484 5008 dimidio
2537 4955 2794 5024 arpennis
2828 4962 3127 5022 pratorum.
3176 4950 3421 5023 Denique
3467 4955 3607 5008 inter
3642 4954 3741 5007 ho—
