4104 5260
581 164 694 220 971

1590 152 2015 213 HEGINFREDI
2050 153 2498 212 MAGDEBURG.
2541 151 2873 211 MAGISTRI

3760 153 3867 211 973

580 281 971 331 verumtamen
988 271 1165 335 rebus
1189 268 1513 327 monasterii
1536 268 1882 339 prmpositus,
1922 266 2186 338 quidquid
2216 272 2263 331 Α
2299 263 2429 322 Vide
2449 265 2594 335 infra
2618 266 2675 321 in
2696 264 2953 322 Aanonno
2974 264 3053 321 De
3081 265 3360 323 miraculis
3374 263 3433 323 S.
3463 262 3843 322 Emmerammi

589 366 766 423 ﬁdelis
822 366 1048 423 domino
1101 378 1326 430 servus,
1373 377 1469 417 seu
1529 360 1794 432 magistro
1816 359 2177 433 _discipulus.

2288 356 2410 410 init.

612 544 3845 579 ww

1082 680 1442 786 INCIPIT
1498 678 2154 781 EPISTOLA'ET
2212 679 2716 781 PROLOGUS
2769 679 3382 780 MEGINFREDI

1404 865 2105 925 PARTHENOPOLITANI
2138 865 2472 922 MAGISTRI
2509 865 2596 920 ET
2629 864 3021 922 PRIEPOSITI

1692 998 2725 1224 ABNJI'aDUM

854 1309 927 1364 .S.
968 1302 1397 1363 EMMERAMMI
1446 1300 1837 1394 DIONACHUM
1877 1298 2171 1356 EUMDEM
2206 1298 2296 1353 ET
2334 1298 2807 1356 PRASPOSITUM
2844 1301 3081 1371 ATQUE
3119 1301 3550 1364 MAGISTRUM.

1267 1506 1606 1564 Cbarissimo
1632 1518 1734 1560 suo
1768 1505 1834 1559 A.
1873 1502 1943 1558 Μ.
1997 1502 2262 1575 [Arnoldo
2290 1500 2579 1575 magistro]
2606 1501 2838 1559 salutem
2875 1503 2931 1558 in
2961 1502 3201 1561 Christo.

643 1619 974 1676 Sanctorum
1003 1617 1169 1685 dicta,
1198 1634 1321 1689 quae
1342 1618 1595 1673 videntur
1623 1616 1913 1687 simplicia,
1949 1614 2166 1671 viviﬁco
2198 1621 2241 1677 Β
2267 1615 2376 1670 ctio
2402 1623 2496 1670 tua
2534 1616 2750 1686 pondus
2794 1616 3076 1687 imposuit.
3110 1619 3255 1689 quod
3305 1619 3451 1675 beati
3498 1624 3762 1695 martyris
3809 1635 3869 1683 ει

566 1711 810 1769 “fecunda
835 1711 1053 1783 spiritu,
1091 1711 1333 1780 pondere
1376 1709 1622 1765 veritatis
1658 1707 1935 1780 religiosa,
1959 1721 2068 1761 non
2099 1706 2165 1760 il-

576 1806 681 1871 lice
714 1804 1127 1875 compositionis
1169 1809 1295 1857 sunt
1320 1810 1442 1856 astu
1473 1815 1753 1870 pomposa.
1787 1798 1921 1865 Quae
1945 1799 2164 1869 quando

576 1897 1112 1955 incommutabilium
1151 1903 1280 1949 sunt
1306 1893 1461 1965 signa
1486 1893 1774 1958 virtutum,
1807 1906 1985 1962 neque
2011 1889 2166 1945 favor

575 1990 657 2045 eis
690 1989 866 2044 nutrit
891 1988 1144 2044 meritum
1163 2029 1177 2053 ,
1210 2001 1389 2056 neque
1414 1984 1714 2056 indignatio
1742 1982 2160 2049 detrimentum;

575 2083 776 2153 quibus
799 2082 949 2136 velut
969 2096 1037 2151 ex
1063 2079 1355 2135 sanctitate
1385 2076 1540 2131 fluxit
1571 2075 1826 2148 dignitas,
1852 2075 1924 2129 ita
1967 2090 2031 2128 cx
2078 2089 2167 2129 re-

573 2191 697 2230 rum
724 2173 1010 2230 existentia
1032 2172 1180 2227 venit
1204 2170 1528 2242 integritas:
1564 2184 1799 2238 quorum
1849 2166 1993 2222 sicut
2020 2182 2167 2220 com-

528 2270 533 2273 ’
573 2267 776 2338 positio
806 2265 1136 2336 spiritualis,
1163 2264 1243 2319 sic
1277 2260 1519 2333 potentia
1574 2257 1865 2323 mirabilis,
1894 2258 2023 2312 dum
2067 2273 2166 2327 per

573 2360 766 2414 eadem
794 2358 1090 2414 locutionis
1120 2356 1367 2410 membra
1389 2362 1442 2408 et
1462 2352 1528 2407 ad
1555 2352 1864 2424 genituram
1909 2350 2165 2422 imaginis

564 2451 671 2507 sDei
695 2453 962 2523 gremium
990 2449 1114 2505 fidei
1160 2447 1403 2512 maritat,
1426 2456 1482 2501 et
1502 2460 1598 2515 per
1638 2443 1762 2498 ﬁdei
1787 2443 1968 2498 sinum
2005 2442 2165 2496 indu-

576 2551 681 2598 rat.
719 2542 874 2598 Unde
895 2542 1168 2612 conjicere
1215 2555 1462 2610 possum,
1498 2536 1687 2603 frater,
1717 2552 1882 2607 quam
1908 2550 2033 2589 vera
2066 2534 2162 2588 de-

577 2641 772 2689 beatur
817 2633 1093 2690 sanctitati
1121 2632 1335 2703 religio,
1366 2646 1533 2701 quam
1569 2638 1761 2685 sancta
1788 2628 2003 2683 veritati
2040 2643 2169 2683 con-

578 2724 774 2793 fessio;
800 2741 871 2781 ne
894 2726 1084 2780 videar
1136 2725 1217 2779 vel
1264 2723 1319 2777 in
1354 2723 1606 2792 spiritum
1637 2737 1759 2777 esse
1782 2728 2165 2791 praesumptam,

561 2818 661 2873 vel
694 2818 749 2873 in
779 2817 1183 2889 simplicitatem
1216 2816 1502 2887 impostor.
1557 2812 1662 2869 Sed
1711 2813 1841 2883 quia
1881 2812 2017 2866 mihi
2038 2812 2169 2867 dile-

2266 1707 2543 1777 pontilicis
2589 1707 2984 1764 Emmerammi
3021 1711 3291 1766 desiderio
3321 1713 3555 1768 libenter
3578 1716 3784 1784 subivi,
3810 1725 3870 1774 et

2266 1800 2337 1853 ab
2382 1799 2556 1869 ipsius
2610 1800 2899 1856 sanctitate
2953 1811 3007 1857 et
3047 1804 3363 1860 sanctitatis
3429 1806 3548 1876 ejus
3594 1810 3867 1879 scriptore

2265 1892 2482 1946 veniam
2530 1908 2759 1963 quaero;
2805 1902 3079 1964 quatenus
3107 1896 3257 1952 illius
3292 1913 3379 1952 mc
3405 1901 3707 1955 reverentia
3746 1904 3867 1957 cul-

2269 1992 2463 2051 torem,
2487 1985 2648 2041 istius
2673 1986 2940 2057 sapientia
2953 1988 3567 2059 digneturimitatorcm.
3594 1991 3865 2063 Equidem

2267 2078 2314 2131 si
2351 2088 2667 2134 sanctorum
2716 2088 2869 2152 gesta
2912 2096 3024 2134 non
3073 2097 3371 2151 possumus
3413 2084 3646 2148 imitari,
3679 2085 3869 2141 licebit

2267 2170 2461 2224 saltem
2516 2172 2790 2238 meditari,
2838 2172 3023 2227 licebit
3055 2173 3438 2244 mirari,quod
3479 2176 3759 2245 volumus,
3801 2186 3869 2234 ut

2269 2264 2597 2334 quandoque
2630 2265 2792 2319 liceat
2829 2265 2985 2331 velle,
3010 2265 3156 2335 quod
3211 2268 3496 2323 miramur.
3546 2268 3666 2324 Non
3711 2272 3863 2327 enim

2267 2362 2353 2408 est
2395 2356 2806 2426 circumscripta
2864 2357 3048 2411 divina
3094 2358 3490 2422 misericordia,
3540 2377 3664 2431 qua:
3705 2362 3867 2431 juvat

2268 2446 2433 2501 etiam
2470 2448 2564 2501 ubi
2588 2448 2738 2502 nulla
2786 2457 2917 2503 sunt
2945 2450 3161 2504 merita.
3190 2450 3425 2506 Proinde
3448 2452 3637 2522 ﬂagito
3663 2463 3862 2523 quate—

2268 2553 2374 2592 nus
2403 2539 2641 2593 orationi
2689 2555 2825 2594 mea:
2876 2555 3191 2608 succurras,
3229 2558 3297 2596 ne
3317 2543 3403 2596 vel
3433 2543 3709 2613 professio
3738 2560 3861 2600 mea

2268 2628 2545 2684 debilitata
2576 2631 2917 2698 succumbat,
2964 2643 3018 2686 et
3043 2648 3139 2703 per
3165 2634 3512 2689 occasionem
3544 2636 3860 2706 imperitirr,

2268 2720 2356 2790 pia
2386 2722 2642 2776 voluntas
2692 2722 2911 2777 invidiae
2933 2723 3123 2778 dentes
3166 2724 3398 2791 imbuat,
3428 2727 3573 2781 unde
3604 2734 3661 2781 et
3678 2736 3860 2782 tecum

2270 2813 2439 2868 latere
2469 2813 2765 2880 desiderat,
2794 2829 2863 2869 ne
2890 2815 2944 2870 in
2976 2816 3194 2885 publico
3226 2817 3537 2873 erubescat.

1957 2944 2198 3015 Explicit
2235 2948 2483 3017 epistola.

583 3091 3269 3120 Μ

1599 3256 2065 3348 INCIPIT
2136 3242 2807 3350 I’ROLOGUS.

634 3456 893 3512 Militiam
916 3452 1120 3510 Christi
1141 3453 1266 3509 licet
1285 3452 1472 3509 varius
1493 3449 1769 3523 pugnandi
1789 3448 1989 3504 modus
2009 3464 2166 3504 exer-
2193 3454 2234 3513 C
2265 3449 2399 3505 loris
2426 3459 2480 3506 et
2501 3466 2702 3507 amarae
2724 3451 2899 3521 necis,
2930 3453 2994 3509 ad
3034 3453 3291 3510 thronum
3326 3462 3545 3510 a2terna:
3572 3456 3863 3512 charitatis

577 3556 715 3616 ceat,
767 3546 982 3603 diversa
1034 3542 1403 3615 triumphandi
1444 3542 1615 3613 gloria
1666 3546 1910 3603 coronet,
1946 3553 2050 3608 par
2082 3544 2167 3593 cst

560 3651 758 3697 tamen
816 3635 1126 3707 disciplina,
1181 3635 1379 3690 similis
1425 3633 1678 3698 affectus,
1718 3631 1908 3686 eadem
1952 3628 2162 3694 forma;

577 3732 852 3805 quomodo
893 3730 978 3784 sui
1021 3728 1165 3797 regis
1194 3726 1476 3796 -impressi
1522 3724 1797 3795 patientiae
1848 3721 2047 3792 sigillo,
2097 3720 2165 3774 ad

579 3828 759 3897 ipsum
782 3821 1102 3893 inrequietis
1152 3819 1468 3874 anhelantes
1506 3816 1707 3872 animis
1751 3813 2165 3870 similitudinem

579 3930 770 3978 suam,
804 3912 873 3966 ad
909 3925 1075 3965 unam
1122 3907 1316 3963 faciem
1355 3906 1546 3976 prima:
1580 3904 1799 3975 pietatis
1833 3904 2161 3958 instaurant.

580 4002 735 4059 Unde
760 4002 1086 4073 patriarchae
1109 4006 1163 4053 et
1187 3998 1464 4069 propheta:
1483 3997 1686 4050 latores
1711 3996 1908 4066 legum,
1941 3992 2170 4047 victores

580 4107 791 4163 regum,
815 4088 1117 4145 Ecclesiam
1148 4087 1282 4143 Novi
1320 4085 1653 4141 Testamenti
1685 4099 1779 4155 per
1813 4083 2167 4137 mediatorem

581 4186 766 4242 Iesum
788 4185 1084 4246 Christum,
1108 4183 1166 4236 in
1198 4196 1365 4237 unum
1390 4195 1589 4250 corpus
1613 4177 1977 4234 aduniendam
2003 4178 2168 4231 bene-

581 4279 835 4345 dicendo,
886 4276 990 4347 pize
1043 4275 1210 4344 prolis
1258 4272 1665 4330 successionem
1710 4269 1886 4325 sancti
1936 4267 2172 4338 Spiritus

582 4374 804 4429 oraculo
820 4380 873 4427 et
884 4385 1028 4426 vera:
1040 4366 1394 4439 professionis
1416 4379 1623 4437 organo
1644 4364 1710 4419 de
1730 4364 1889 4433 longe
1908 4363 2167 4428 salutant,

582 4476 644 4523 ut
676 4465 844 4522 variis
875 4472 970 4519 aut
999 4463 1289 4518 verborum
1339 4466 1434 4513 aut
1487 4472 1669 4513 terum
1717 4453 1948 4510 ostentis
1992 4451 2170 4522 expri-

581 4563 755 4622 mant,
781 4568 922 4625 quos
956 4551 1057 4608 sibi
1080 4550 1329 4605 videlicet
1358 4546 1605 4602 moribus
1637 4542 1936 4600 concordes
1959 4540 2171 4595 futuros

583 4663 709 4703 esse
756 4645 1135 4717 praeviderant.
1173 4641 1321 4696 Inter
1362 4654 1501 4709 quos
1539 4645 1595 4693 et
1634 4646 1855 4692 sanctos
1904 4641 2172 4704 martyres

2271 3538 2598 3597 familiarius
2629 3541 2905 3611 aspirarit;
2934 3559 3061 3597 nam
3084 3543 3226 3598 inter
3250 3543 3718 3600 cruciatuslibera
3745 3547 3860 3616 spei

2271 3634 2676 3703 contemplatio,
2700 3649 2798 3702 pro
2819 3634 3019 3691 dilﬁcili
3046 3636 3355 3691 conditione
3380 3638 3654 3707 processit
3678 3638 3746 3692 ad
3775 3639 3862 3692 al-

2271 3723 2554 3778 titudinem
2582 3724 2783 3796 gloriae.
2825 3724 3007 3792 C'uare
3040 3725 3086 3781 si
3130 3726 3200 3780 ab
3244 3726 3351 3781 illis
3383 3737 3597 3781 tantum
3630 3742 3862 3783 venera-

2268 3812 2434 3867 tionis
2471 3813 2781 3870 babuerunt
2809 3830 2933 3870 cum
2957 3815 3135 3870 adhuc
3163 3830 3272 3869 non
3298 3824 3506 3881 essent,
3537 3816 3671 3885 quid
3698 3831 3732 3870 a
3755 3831 3862 3871 no-

2271 3904 2355 3959 bis
2396 3905 2631 3959 habituri
2661 3914 2807 3973 sunt,
2837 3906 2931 3976 qui
2959 3906 3225 3964 doctrinis
3254 3922 3442 3962 eorum
3485 3916 3540 3962 et
3589 3907 3863 3980 exemplis

2269 3996 2501 4051 instituti
2549 3998 2791 4068 quotidie
2838 3998 3156 4068 patrociniis
3200 3997 3465 4071 fovemur.
3522 3997 3604 4053 Ex
3657 4000 3864 4069 quibus

2271 4091 2464 4147 beatus
2507 4088 2746 4160 pontifex
2788 4088 3244 4157 Emmerammus,
3292 4106 3515 4145 auream
3558 4091 3615 4144 in
3655 4091 3862 4145 saculo

2273 4183 2473 4238 famam
2505 4182 2811 4252 dereliquit,
2835 4183 2926 4252 qui
2953 4198 3052 4253 pro
3085 4182 3250 4237 fratre
3274 4197 3377 4238 suo
3397 4180 3703 4253 pretiosum
3726 4197 3862 4237 san-

2273 4256 2494 4345 guinem
2517 4273 2671 4328 fudit.
2710 4272 2775 4328 Et
2809 4283 2869 4328 ut
2897 4274 3093 4344 duplex
3120 4274 3338 4344 pietatis
3365 4272 3503 4327 foret
3532 4272 3861 4337 auctoritas,

2268 4364 2477 4418 crimen
2499 4363 2734 4419 alienum
2763 4363 3088 4418 innocentiae
3114 4379 3227 4418 sua:
3263 4362 3542 4432 imposuit,
3584 4371 3863 4432 quatenus

2270 4469 2394 4510 eum
2422 4455 2677 4510 liberaret
2723 4470 2750 4508 a
2797 4465 2969 4510 morte
2998 4456 3262 4525 corporis,
3292 4469 3452 4524 quem
3482 4464 3644 4508 antea
3673 4463 3865 4509 sustu-

2272 4546 2408 4600 lerat
2437 4546 2749 4600 abinteritu
2785 4546 3000 4600 mentis.
3053 4544 3128 4599 De
3167 4546 3325 4615 cujus
3369 4544 3637 4611 moribus,
3685 4554 3864 4599 certa-

2273 4621 2438 4703 mine,
2481 4637 2759 4707 triumpho
2797 4648 2850 4692 et
2885 4637 3113 4702 meritis,
3145 4636 3289 4706 quod
3322 4635 3542 4705 scriptis
3567 4644 3624 4690 et
3651 4635 3861 4691 recenti

582 4756 682 4812 per
725 4737 1031 4807 exemplum
1081 4734 1499 4804 praeteritorum,
1539 4731 1709 4800 aliqui
1744 4729 1816 4783 ita
1837 4726 2170 4787 describunt,
2205 4764 2250 4817 Β
2276 4726 2536 4782 memoria
2569 4727 2724 4781 nobis
2747 4726 2923 4797 potuit
2947 4728 3256 4797 pervenire,
3293 4724 3494 4780 futuris
3521 4725 3861 4796 temporibus

584 4841 647 4887 ut
683 4830 799 4886 sole
828 4829 1007 4883 luceat
1049 4824 1405 4895 splendidius,
1441 4822 1588 4894 quod
1638 4822 1694 4875 in
1740 4819 1994 4874 omnibus
2031 4831 2174 4871 unus
2274 4817 2641 4886 providemus.

568 4920 753 4976 luerit
785 4917 1027 4988 spiritus.
1070 4912 1135 4967 Hi
1155 4926 1288 4984 ergo
1312 4926 1409 4981 per
1431 4917 1804 4979 contemptum
1826 4906 2042 4978 cognati
2071 4905 2170 4958 do-

1966 5039 2201 5110 Explicit
2233 5037 2503 5108 prologus.

1790 5222 2189 5260 INPIDIITNT
2234 5220 2275 5260 Γ
2294 5220 2324 5260 Δ
2340 5218 2555 5260 ὩΙΤῘΠ
2569 5256 2575 5260 .
2588 5217 2619 5260 Δ
