4104 5260
238 194 350 255 973

1508 197 1667 251 \‘iTA
1704 198 1762 253 Β.
1806 196 1838 252 Ε

1940 198 2246 255 IERAMMI.
3401 192 3508 248 97s

204 326 221 343 ‘
244 318 266 331 '
312 319 443 373 CAP.
480 322 569 377 Ill.
617 320 860 388 Qualiter
899 328 1236 389 semetipsum
1278 323 1529 387 palaestra
1574 315 1828 389 uirtutum
1856 318 1902 375 Α
2000 315 2129 371 CAP.
2160 313 2229 370 Χ.
2274 312 2429 389 Quod
2462 312 2656 389 priesul
2694 310 2883 389 _almus
2931 306 3154 362 celebrat
3189 306 3428 376 hymnos,
3459 313 3513 360 et

236 394 491 447 exercuit
505 403 555 447 et
586 387 812 446 subditis
858 398 908 444 et
946 387 1153 443 ceteris
1197 388 1383 441 harum
1427 387 1698 457 exemplar
1738 387 1829 440 de-

236 465 575 531 monstravit.

312 532 443 587 CAP.
478 532 565 586 IV.
609 530 749 596 Quia
779 547 881 584 non
911 537 1183 583 contentus
1206 543 1335 581 cura
1369 527 1543 580 ovium
1576 527 1826 580 commis-

236 618 425 655 sarum
447 603 585 655 alias
611 602 765 654 duxit
791 602 847 653 in
876 599 1009 653 ovile
1034 598 1391 663 Dominicum,
1427 606 1475 651 et
1502 597 1715 667 insuper
1733 611 1828 667 pro

239 674 455 725 nomine
477 672 678 725 Christi
705 671 1020 724 desideravit
1045 668 1388 738 peregrinari.

319 741 451 796 CAP.
480 741 541 795 ν.
584 740 737 805 Quod
784 749 898 809 pos:
935 737 1176 792 nobilem
1198 737 1363 809 animi
1397 737 1828 809 disceptationem

235 811 365 870 exul
396 814 601 867 rem'ens
624 812 680 863 in
713 806 1027 878 Bajoariam
1060 809 1277 878 intravit
1302 806 1697 878 Radasponam.

280 886 444 959 .CAP.
488 880 571 934 Vl.
611 879 761 959 Quod
790 875 829 932 a
860 879 1096 959 principe
1142 875 1737 959 Pannoniampetendi
1767 875 1833 955 li:

238 946 473 1009 cEntiam
497 950 805 1020 postulavit,
837 946 887 1004 et
921 949 1055 1020 hanc
1092 964 1195 1001 non
1228 948 1463 1002 obtinens
1494 946 1829 1016 dispositioni

238 1026 441 1079 dicina:
463 1019 698 1073 animum
723 1019 1017 1089 supposuit.

312 1096 444 1149 CAP.
479 1090 588 1143 VII.
629 1086 875 1155 Qualiter
914 1087 1168 1141 Noricam
1216 1086 1387 1140 adhuc
1432 1087 1489 1140 in
1532 1086 1636 1156 ﬁde
1675 1102 1826 1140 novt—

240 1166 379 1219 tiam
403 1161 632 1215 excoluit
661 1169 708 1212 et
736 1168 852 1230 post
880 1160 1135 1212 triennem
1160 1157 1219 1210 in
1242 1173 1303 1211 ea
1330 1156 1582 1223 laborem,
1607 1156 1830 1210 Romam

242 1236 325 1287 ire
350 1232 630 1301 disposuit.

313 1294 446 1356 Ολρξ
476 1299 608 1353 VIII.
652 1296 803 1364 Quod
833 1297 1125 1351 Dominicw
1148 1295 1448 1351 dilectionis
1478 1294 1713 1365 exemplo
1742 1294 1829 1348 al-

242 1373 479 1427 teritatis
529 1386 688 1423 onera
740 1369 986 1437 suscepit,
1030 1377 1078 1421 et
1121 1385 1214 1436 per
1258 1365 1515 1435 Spiritum
1544 1366 1831 1437 prop/retice

240 1441 618 1498 ecclesiasticis
648 1449 867 1493 ventura
890 1435 1161 1508 prcedixit,
1201 1438 1381 1509 sicque
1408 1438 1509 1491 iter
1540 1435 1695 1490 suum
1723 1435 1831 1490 Ro-

242 1529 389 1566 mam
412 1512 628 1564 direxit.

318 1582 448 1636 CAP.
492 1580 583 1634 lx.
624 1577 776 1645 Quod
812 1579 962 1632 ducis
993 1578 1110 1648 filia
1152 1584 1229 1631 est
1267 1576 1479 1631 sceleris
1530 1574 1826 1648 publicata,

241 1661 295 1706 et
326 1653 454 1721 quia
480 1649 789 1721 Lambertus
820 1647 999 1703 virum
1024 1648 1121 1721 Dei
1146 1656 1221 1701 est
1245 1656 1566 1721 persecutus,
1601 1663 1696 1717 pro
1745 1647 1830 1699 in-

241 1719 545 1776 obedientia
572 1720 827 1773 multatus
860 1728 938 1773 est
962 1719 1112 1790 gravi
1139 1720 1417 1773 sententia.

263 1815 737 1838 Μ’...-

1928 403 2162 441 sermone
2196 382 2783 455 confortat'discipulos.

1999 457 2127 512 CAP.
2170 456 2258 509 ΧΙ.
2295 445 2453 520 ’ρυοά
2493 445 2748 525 tyrannus
2778 458 3023 525 sanctum
3058 447 3156 501 Dei
3192 445 3514 525 _mo_rdaciter

1926 529 2211 596 excipiens,
2258 517 2482 579 tradidit
2514 517 2640 579 vsuis
2688 522 3032 594 puniendum,
3078 528 3128 572 et
3169 518 3233 571 de
3261 517 3391 587 fuga
3423 532 3514 569 co-

1929 608 2136 651 nutum.

1997 666 2127 721 CAP.
2152 664 2267 720 XII.
2308 664 2464 731 Quod
2499 664 2581 718 vir
2603 662 2702 717 Dei
2729 661 3061 716 membratim
3104 664 3274 731 sectus
3323 665 3421 731 est,
3462 662 3515 709 et

1926 739 2064 809 quod
2088 737 2193 790 duo
2213 753 2240 790 e
2271 726 2609 809 carniﬁcibus
2637 751 2729 804 per
2751 733 3001 804 paenitens
3031 745 3120 782 car
3147 726 3340 795 saluati
3366 734 3512 794 sunt,

1925 807 1976 862 et
2016 807 2209 862 Vitalis
2239 807 2524 876 presbyter.
2660 873 2668 876 _
2731 875 2735 876 ί
2949 870 2959 876 _
3008 870 3020 876 _
3115 869 3127 876 _
3167 868 3179 876 _
3230 820 3281 876 _'

2022 825 2209 862 Vitatis
2276 825 2524 876 resnyter.
3262 825 3280 840 -

1998 877 2127 933 CAP.
2160 825 2297 930 Xlrl.
2340 876 2417 931 De
2442 873 2701 929 miraculo
2722 875 2777 927 in
2803 870 3047 926 membris
3077 868 3179 925 viri
3220 866 3319 920 Dei
3349 866 3513 935 facta,

1924 956 1975 1003 et
2003 949 2150 1002 exitu
2172 957 2370 1001 sancta:
2397 946 2545 1000 illius
2576 946 2789 1008 animus,
2830 953 2879 996 et
2922 940 3059 1011 quod
3107 939 3247 1007 apud
3286 936 3517 989 Aschein

1927 1019 2165 1089 sepultus
2180 1028 2291 1089 est,
2315 1027 2365 1089 et
2391 1018 2454 1071 de
2484 1025 2675 1069 natura
2705 1013 2845 1089 orbis
2876 1020 3099 1089 mutata.

1994 1088 2122 1143 CAP.
2152 1074 2291 1141 Χινζ
2329 1088 2482 1153 Quod
2504 1103 2596 1156 per
2629 1085 2964 1156 revelationes
2989 1080 3172 1134 ordine
3196 1077 3421 1156 mirifico
3446 1074 3517 1128 ad

1928 1146 2371 1227 Hiatoscopolim:
2419 1159 2473 1210 id
2504 1146 2609 1227 'estr
2639 1155 3003 1216 Ratisbonam,
3061 1159 3137 1227 est
3186 1146 3517 1227 translatus,

1928 1230 2104 1299 ibique
2134 1216 2421 1299 honoriﬁce
2461 1235 2539 1282 est
2593 1226 2863 1290 humatus,
2909 1231 2956 1277 et
2987 1222 3113 1293 quia
3144 1233 3251 1290 pax
3300 1216 3516 1270 mlieris

1929 1301 2107 1355 rediit.

1997 1370 2127 1424 CAP.
2159 1367 2277 1422 XV.
2322 1367 2595 1433 Quomodo
2632 1365 2684 1419 hi
2722 1373 2824 1419 tres
2864 1362 3176 1435 interierunt
3216 1356 3513 1435 carni/ires,

1926 1449 1979 1495 et
2016 1456 2195 1493 eorum
2218 1432 2491 1492 dominum
2519 1437 2694 1508 qualis
2727 1452 2877 1505 paena
2910 1432 3121 1502 ceperit,
3159 1446 3250 1483 seu
3272 1444 3381 1499 qua
3404 1432 3486 1493 mi
3508 1452 3519 1463 -

1930 1512 2068 1581 seria
2096 1511 2377 1581 posteritas
2411 1509 2523 1581 ejus
2555 1508 2872 1581 allectdsit.

2000 1569 2128 1634 CAP.
2158 1578 2297 1633 XVI.
2339 1569 2724 1632 De'mira'culis
2751 1576 2988 1629 locorum
3014 1569 3260 1626 sectionis
3288 1575 3339 1622 et
3364 1580 3520 1619 voca-

1936 1652 2114 1704 tionis.

2155 1851 3479 1877 Μ

1438 2066 1903 2160 INCIPIT
1974 2063 2336 2152 LIBER

837 2290 968 2389 DE
998 2286 1259 2385 ΝΙΤΑ
1312 2280 1440 2381 ET
1497 2274 2081 2380 VIRTUTIBUS
2142 2272 2224 2375 Β.
2279 2270 2921 2372 EMMERAMMI.

1653 2490 1997 2505 ψ

758 2640 986 2701 CAPUT
1024 2636 1315 2695 PRIMUM.

286 2759 291 2765 '
325 2737 702 2797 Emmerammi
735 2735 932 2806 patria.
958 2760 1029 2772 -——
1048 2730 1146 2785 Est
1170 2731 1224 2784 in
1254 2726 1562 2800 Aquitania:
1585 2724 1834 2796 partibus

248 2834 384 2889 urbs
408 2832 655 2887 virorum
686 2820 980 2881 illustrium
1011 2821 1185 2877 titulis
1207 2818 1579 2882 celeberrima,
1612 2814 1835 2870 nomine

249 2921 515 2987 Pictavis,
554 2922 610 2975 in
646 2933 754 2988 qua
789 2915 849 2969 B.
883 2914 1319 2968 Emmerammus
1344 2910 1469 2965 sinu
1491 2906 1835 2961 Christianoo

248 3029 376 3069 rum
400 3020 684 3085 parentum
717 3017 801 3065 est
837 3006 1099 3071 nutritus,
1132 3012 1187 3059 et
1223 3003 1289 3058 ad
1331 3000 1620 3057 discendas
1665 3011 1837 3054 sacrm

253 3104 617 3160 institutionis
648 3103 858 3156 litteras
892 3097 1096 3154 scholis
1125 3095 1355 3150 traditus
1380 3112 1393 3147 :
1418 3092 1510 3146 ubi
1544 3106 1710 3161 quam
1739 3090 1837 3145 do-

250 3197 376 3251 cilis
406 3196 589 3261 fuerit,
625 3193 751 3248 ﬁnis
789 3190 1111 3260 disciplima,
1154 3186 1371 3241 virtutis
1411 3184 1561 3238 socia
1596 3182 1837 3253 dignitas

254 3289 512 3343 ostendit.
551 3285 687 3341 Nam
719 3285 776 3338 in
815 3284 934 3353 ipsa
970 3279 1338 3350 simplicitate,
1368 3276 1450 3331 sic
1475 3274 1701 3344 puerilis
1728 3272 1839 3327 col-

253 3379 388 3433 latio
433 3385 669 3432 mentem
714 3376 782 3431 ad
820 3376 928 3429 alta
984 3372 1386 3441 Scripturarnm
1433 3366 1739 3437 suspendit,
1777 3372 1840 3419 ut

255 3475 580 3522 cunctorum
608 3465 920 3529 aestimatio,
949 3462 1080 3533 quid
1103 3468 1250 3517 esset
1291 3459 1531 3524 futurus,
1553 3456 1840 3527 'praisagi—

254 3570 361 3626 ret,
404 3567 728 3614 cunctorum
754 3556 899 3612 oculi
927 3563 1196 3635 notarent,
1228 3553 1473 3608 omnium
1505 3550 1731 3606 allectus
1756 3549 1841 3604 di-

254 3650 468 3721 ligeret.
509 3647 608 3703 llic
633 3656 815 3701 tamen
840 3645 1056 3700 oblatus
1087 3660 1151 3701 ex
1178 3643 1373 3713 patria,
1405 3640 1557 3695 favor
1585 3641 1666 3695 sic
1685 3640 1755 3694 ab
1774 3652 1840 3694 eo

256 3742 549 3812 prudenter
583 3740 869 3810 accipitur,
898 3747 952 3793 et
972 3746 1225 3807 acceptus
1254 3743 1500 3806 augetur,
1528 3742 1591 3789 ut
1616 3749 1720 3789 nec
1739 3734 1841 3788 hu-

258 3831 464 3885 militas
494 3831 764 3884 minueret
796 3828 1046 3898 gloriam,
1080 3842 1180 3881 nec
1207 3826 1446 3896 gravitas
1474 3824 1733 3878 excitaret
1757 3822 1843 3877 in—

257 3920 482 3974 vidiam.

874 4047 1103 4104 CAPUT
1160 4045 1227 4102 II.

337 4161 431 4217 Fit
466 4164 759 4233 episcopus.
782 4195 852 4203 —
875 4162 1153 4219 Successit
1185 4163 1349 4233 igitur
1388 4162 1454 4216 'in
1490 4169 1604 4215 tam
1627 4173 1842 4230 perspi-

264 4255 381 4310 caci
408 4270 578 4325 pnero
616 4254 746 4309 felix
782 4254 1168 4319 adolescentia,
1194 4263 1248 4307 et
1274 4253 1611 4307 incrementa
1635 4259 1845 4321 tempo-

264 4363 388 4402 rum
420 4346 612 4402 tlorent
636 4348 971 4402 incremento
991 4346 1284 4411 virtutum;
1309 4351 1364 4399 et
1382 4343 1641 4415 praevenit
1664 4344 1843 4397 virum

267 4439 554 4494 maturitas
609 4454 823 4493 morum
848 4478 862 4505 ,
913 4453 1040 4492 nam
1088 4437 1418 4491 collactanea
1466 4434 1846 4490 teneritudinis

268 4531 388 4600 ejus
417 4530 703 4601 prudentia
725 4529 881 4584 facile
908 4528 1173 4584 suadebat
1205 4525 1415 4595 juveni,
1438 4524 1671 4579 rationis
1708 4539 1846 4594 pon-

270 4624 416 4690 dere,
441 4621 818 4677 transitorium
856 4635 1017 4673 omne
1055 4633 1218 4688 quam
1254 4615 1450 4671 luisset
1494 4616 1629 4670 leve.
1690 4613 1847 4669 Unde

271 4714 474 4769 factum
501 4722 587 4769 est
609 4721 670 4767 ut
696 4728 796 4766 nec
821 4711 887 4766 ad
916 4726 1067 4780 spem
1097 4718 1150 4765 et
1168 4709 1364 4779 gaudia
1407 4707 1595 4763 mundi
1617 4707 1846 4761 inclina-

268 4815 352 4861 ret
378 4806 618 4870 oculum,
646 4803 924 4857 tristitiam
952 4817 1168 4872 quoque
1194 4801 1279 4855 vel
1301 4808 1504 4856 metum
1525 4797 1730 4853 nullius
1748 4798 1848 4852 ha-

268 4893 419 4950 beret
447 4894 625 4964 pensi.
660 4891 840 4958 Quare
874 4889 978 4944 fuit
1003 4898 1057 4945 et
1089 4891 1144 4945 in
1175 4892 1514 4946 correctione
1543 4903 1844 4944 amicorum

269 4984 401 5041 liber
432 4986 675 5050 animus,
723 4981 901 5037 dulcis
944 4983 1270 5048 exhortatio,
1301 4984 1581 5038 moderata
1615 4980 1840 5039 locutio.

270 5075 407 5132 Tum
446 5084 709 5148 praeterea
741 5073 974 5143 pretium
1007 5075 1187 5131 cordis
1210 5074 1558 5131 commendat
1600 5075 1839 5142 pulchri-

263 5169 394 5218 tmtn
423 5167 691 5234 nn'poris,
718 5171 776 5218 et
807 5164 1131 5220 suavissima
1153 5165 1291 5220 dona
1319 5162 1588 5239 sapientia
1617 5166 1850 5233 praebuit

2544 2626 2779 2685 CAPUT
2812 2626 2899 2686 III.

2006 2719 2141 2790 Ejus
2165 2720 2402 2774 virtutes.
2420 2750 2491 2760 ——
2506 2720 2782 2791 Disposita
2795 2736 2926 2777 vero
2948 2723 3003 2777 in
3031 2724 3251 2779 sublimi
3274 2725 3522 2794 lucerna,

1933 2813 2136 2882 quibus
2160 2812 2330 2866 radiis
2359 2810 2641 2878 effulserit,
2673 2825 2780 2882 qua
2814 2814 3103 2870 serenitate
3134 2816 3364 2885 patriam
3406 2817 3527 2872 illu-

1934 2908 2209 2973 straverit,
2243 2906 2392 2961 omni
2429 2907 2664 2961 orationi
2706 2908 2991 2962 materiam
3038 2910 3206 2964 dabit.
3257 2909 3425 2981 Igitur
3471 2921 3528 2965 et

1939 2999 2067 3069 quis
2090 3013 2217 3069 erga
2248 3011 2307 3053 se
2328 2999 2529 3067 ipsum,
2555 2999 2748 3053 deinde
2773 3000 2953 3070 qualis
2978 3001 3045 3055 ad
3074 3002 3342 3069 subditos,
3373 3012 3428 3057 et
3456 3004 3526 3058 ad

1936 3099 2163 3145 exteros
2209 3087 2373 3143 fuerit
2421 3090 2831 3160 proloquamur.
2888 3090 3169 3161 Duplicem
3213 3095 3525 3149 custodiam

1937 3181 2172 3252 corpori,
2204 3181 2474 3250 duplicem
2504 3181 2671 3235 menti
2697 3182 2988 3251 disposuit.
3029 3181 3164 3237 Nam
3196 3200 3264 3238 ne
3292 3186 3375 3239 lex
3399 3200 3526 3240 cor-

1937 3273 2088 3343 poris
2116 3281 2399 3327 enervaret
2426 3272 2597 3342 legem
2626 3274 2848 3339 mentis,
2880 3282 2935 3328 et
2963 3274 3121 3343 plena
3155 3276 3405 3345 voluptas
3426 3293 3526 3331 ex-

1938 3361 2183 3418 hauriret
2216 3363 2519 3418 ubertatem
2547 3362 2749 3429 cordis,
2799 3364 3062 3419 continuo
3094 3365 3433 3435 jejuniorum
3472 3380 3528 3425 et

1937 3454 2248 3524 vigiliarum
2295 3454 2591 3524 prtesulatu
2637 3455 2903 3525 prmvidit.
2954 3455 3125 3513 Porro
3174 3458 3425 3515 lectionis
3473 3469 3530 3517 et

1939 3545 2206 3600 orationis
2252 3546 2453 3599 vicaria
2495 3547 2863 3613 successione,
2894 3556 2947 3603 et
2985 3550 3314 3619 expatiantis
3354 3553 3526 3608 animi

1940 3637 2224 3693 discursus
2249 3636 2505 3703 inhibuit,
2529 3646 2584 3693 et
2610 3641 2979 3711 suggestionis
3001 3642 3242 3699 adversa:
3272 3644 3527 3699 militiam

1938 3728 2202 3795 exclusit;
2225 3738 2280 3783 et
2300 3729 2441 3784 inter
2468 3730 2736 3801 agendum
2762 3732 2913 3801 quid,
2942 3734 3204 3790 solemnis
3232 3735 3281 3790 ei
3312 3751 3530 3806 semper

1942 3820 2011 3875 ad
2035 3827 2328 3890 utrumque
2353 3819 2458 3875 fuit
2493 3836 2631 3893 opus
2669 3823 2986 3893 psalmodiae
3029 3824 3226 3880 dilecta
3274 3828 3525 3883 materia.

1946 3909 2089 3968 Sane
2148 3912 2443 3982 singularis
2488 3929 2789 3984 pauperum
2838 3915 3152 3982 thesaurus,
3198 3918 3527 3988 pupillorum

1944 4011 2117 4074 pater,
2142 4002 2467 4061 refocillatio
2511 4020 2726 4072 senum,
2754 4007 3044 4062 viduarum
3080 4010 3297 4077 unicus,
3338 4010 3527 4080 despe-

1944 4107 2185 4150 ratorum
2216 4111 2364 4166 spes,
2416 4098 2687 4152 medicina
2730 4098 3146 4169 languentium,
3198 4102 3528 4157 miserorum

1943 4183 2284 4255 confugium,
2307 4185 2389 4239 sic
2413 4185 2722 4256 hospitalis,
2771 4196 2833 4242 ut
2867 4203 3043 4258 neque
3086 4204 3309 4243 manum
3343 4205 3373 4243 a
3404 4206 3498 4244 mu

1944 4289 2075 4331 nere
2108 4275 2305 4330 domus
2333 4276 2599 4332 exhausta
2644 4278 2965 4343 retraheret,
3012 4294 3189 4350 neque
3223 4278 3522 4350 frequentia

1944 4363 2180 4420 frontem
2208 4375 2458 4436 rugaret;
2491 4367 2621 4421 dum
2642 4367 2987 4423 venientibus
3007 4377 3059 4423 et
3083 4368 3280 4423 anima:
3306 4369 3527 4424 delicias

1946 4456 2172 4523 affatim,
2223 4466 2277 4512 et
2320 4466 2531 4513 naturae
2580 4458 2762 4513 debita
2813 4459 3096 4528 praeberet.
3150 4459 3233 4513 Ad
3270 4460 3531 4515 excubias

1947 4548 2228 4603 commissi
2275 4548 2456 4619 gregis
2506 4549 2752 4618 pervigili
2805 4550 3171 4604 sollicitudine
3214 4558 3531 4619 porrectus,

1947 4639 2152 4693 aditum
2182 4648 2329 4695 tetra:
2353 4639 2669 4708 rapacitatis
2699 4641 2771 4694 ita
2799 4640 3163 4709 pastoralibus
3184 4640 3354 4695 armis
3373 4639 3535 4693 obse-

1946 4729 2046 4795 dit,
2070 4738 2129 4784 ut
2155 4747 2250 4800 per
2274 4732 2427 4787 vicos
2461 4730 2820 4802 singulasque
2861 4732 3055 4788 domos
3083 4729 3324 4787 fidelium
3368 4729 3535 4785 caele-

1946 4820 2049 4876 stis
2092 4822 2378 4880 discursus
2414 4817 2611 4876 sideris
2652 4825 2910 4882 tenebras
2942 4824 3317 4883 reverberaret
3355 4831 3411 4877 et
3456 4836 3544 4875 er-

1945 4924 2108 4967 τοτιε.

2560 5040 2793 5106 CAPUT
2840 5046 2933 5107 IV.

2020 5172 2289 5242 Convertit
2318 5180 2392 5241 ad
2419 5175 2579 5248 ﬁdem
2612 5176 2899 5243 plurimos.
2923 5172 3224 5234 ——-Nullus
3280 5180 3399 5236 erat
3427 5167 3579 5222 locus
