4104 5260
550 224 658 279 975

1541 219 1962 276 MEGINFREDI
2000 218 2445 277 MAGDEBURG.
2488 222 2818 280 MAGISTRI

3712 238 3816 293 976

548 300 738 394 verum
775 310 851 392 illi
882 346 1031 393 tanta
1068 316 1329 393 sedulitas
1360 336 1661 392 Dominica:
1687 337 1886 393 messis
1924 336 2142 404 inarsit,
2175 342 2220 399 Α
2245 338 2495 405 tendunt,
2539 354 2649 393 non
2707 339 2810 396 hac
2856 343 3189 401 conterritus
3244 355 3415 415 meta,
3453 347 3690 404 devenit.
3728 348 3834 407 Ubi

550 442 610 487 ut
636 432 946 501 adjacentes
969 429 1246 485 Gallorum
1275 430 1617 500 aliarumque
1645 429 1891 507 gentium
1918 430 2145 501 provin-

547 524 665 579 cias
700 522 768 587 ad
796 522 951 576 littus
983 522 1172 577 solida:
1200 522 1632 577 conversationis
1672 523 1835 576 hamo
1876 520 2021 576 Petri
2057 530 2143 576 at-

548 616 808 671 traheret.
849 613 1190 683 QuaprOpter
1225 611 1646 684 frequentabant
1679 613 1863 668 sedem
1898 612 2018 683 ejus
2054 628 2143 667 re-

548 704 760 777 ligiosae
798 707 963 762 simul
991 715 1048 761 et
1095 705 1463 761 inditl‘erentes
1500 721 1749 776 personas
1797 707 2141 775 complures,

538 776 690 871 ‘quas
717 801 851 854 odor
875 808 1179 854 aromatum
1197 800 1317 869 ejus
1346 816 1375 854 a
1400 798 1784 855 remotioribus
1810 800 1947 855 locis
1969 800 2143 855 addu-

536 891 651 957 xit,
680 891 880 960 quibus
911 890 1086 944 ﬁdelis
1120 889 1466 959 dispensator
1494 890 1562 944 ad
1594 905 1910 944 mensuram
1953 890 2144 961 cujus-

551 997 659 1051 que
696 981 1001 1050 depositum
1043 996 1205 1035 suum
1252 981 1546 1050 prudenter
1578 981 1879 1049 distribuit,
1933 992 1991 1037 ut
2034 998 2144 1037 non

553 1072 740 1127 minus
768 1072 833 1125 de
862 1072 955 1125 illo
976 1087 1141 1141 quam
1170 1070 1236 1125 de
1258 1071 1381 1126 aliis
1403 1072 1719 1142 apostolicis
1740 1072 1877 1127 viris
1898 1072 2005 1127 dici
2025 1088 2147 1143 pos-

554 1171 637 1217 set
663 1162 795 1217 illud
820 1163 1015 1232 psalmi
1044 1182 1056 1215 :
1086 1181 1103 1213 ι
1142 1161 1440 1218 llluxerunt
1464 1163 1875 1219 coruscationes
1894 1174 1998 1219 tua:
2025 1161 2146 1219 orbi

549 1259 707 1309 terra:
733 1253 905 1325 (Psal.
942 1253 1181 1325 ωαγιῷ
1224 1253 1361 1309 Nam
1394 1256 1633 1310 candens
1667 1256 1872 1310 amoris
1901 1256 2023 1327 igne
2046 1271 2143 1310 su-

538 1344 703 1413 perni
725 1344 857 1398 dum
895 1343 952 1396 in
982 1344 1304 1414 colligendis
1355 1344 1646 1399 animabus
1679 1344 1912 1420 singulis
1959 1346 2145 1416 pauci-

547 1443 714 1490 tatem
761 1434 976 1491 fructus
1024 1436 1093 1490 ad
1135 1436 1567 1507 magnitudinem
1614 1437 1913 1492 voluntatis
1957 1454 2145 1494 excre-

546 1525 695 1580 visse
720 1541 829 1580 non
866 1536 1130 1594 cerneret,
1180 1535 1235 1581 et
1269 1527 1572 1597 indignatio
1615 1542 1802 1582 secum
1838 1529 2143 1598 reputantis

546 1618 730 1673 studio
771 1633 872 1673 suo
912 1619 1119 1673 nullius
1158 1619 1417 1674 momenti
1448 1620 1678 1675 donaret
1716 1621 1972 1690 pretium,
2005 1621 2144 1677 inter

2247 443 2372 481 cum
2396 426 2681 483 detinentis
2697 416 2865 484 Histri
2897 430 3137 489 fluminis
3171 434 3461 505 imperium
3483 449 3830 509 sequeretur,

2248 515 2605 573 Batisbonam
2647 519 2726 589 (2)
2778 523 3012 579 accessit
3062 526 3252 580 urbem
3305 543 3428 598 quae
3480 529 3614 584 olim
3663 532 3834 586 totius

2248 606 2588 676 Germaniae,
2636 620 2691 664 et
2742 613 2963 668 nomine
3003 624 3059 670 et
3094 617 3356 687 dignitate
3392 620 3701 691 principum
3730 663 3747 688 ,
3778 631 3836 677 et

2248 700 2428 755 adhitc
2454 701 2699 771 ejusdem
2724 705 2901 775 gentis
2923 710 3261 778 metropolis,
3298 712 3539 782 antiquae
3561 713 3833 784 prosapia:

2248 797 2429 860 caput,
2475 791 2711 847 adventu
2753 794 3055 853 beatissimi
3096 801 3396 856 sacerdotis
3456 805 3833 863 ornatioribns

2248 881 2546 937 illustravit
2606 884 2787 941 fastus
2846 897 2903 942 et
2971 889 3208 960 insignia
3276 892 3587 949 victoriosaz
3652 897 3833 966 gentis

2247 976 2529 1045 triumpho
2552 987 2836 1047 concepta,
2877 995 3021 1036 novo
3061 982 3212 1053 pacis
3238 987 3515 1053 praeconio
3552 986 3610 1041 in
3634 988 3834 1042 melius

2247 1076 2604 1136 commutata,
2630 1070 2752 1125 fidei
2784 1072 2976 1142 spoliis
3005 1082 3061 1128 et
3094 1084 3290 1130 ornatu
3321 1086 3528 1133 sanetae
3548 1079 3835 1150 religionis

2245 1157 2544 1230 ampliavit.

2855 1252 3085 1309 CAPUT
3125 1255 3212 1312 VI.

2322 1340 2662 1396 Pannoniam
2682 1345 2837 1413 petit.
2866 1375 2937 1387 —-
2971 1345 3133 1401 Fines
3172 1349 3312 1403 inter
3353 1349 3557 1422 Ungros
3595 1362 3647 1407 et
3674 1353 3840 1424 Baja-

2249 1432 2356 1485 rios
2398 1433 2612 1488 deserti.
2655 1464 2728 1474 —
2775 1434 2951 1507 Hujus
3004 1440 3381 1496 monarchiam
3435 1440 3662 1499 Theodo
3722 1445 3838 1502 dux

2246 1522 2566 1591 provinciae,
2604 1523 2698 1593 qui
2726 1531 2857 1580 tunc
2883 1527 3144 1595 possedit,
3177 1539 3453 1599 comperto
3488 1534 3666 1588 sancti
3697 1550 3842 1605 pon-

2247 1612 2410 1669 tificis
2454 1613 2704 1681 introitu,
2753 1616 3107 1689 adhibitoque
3144 1630 3476 1691 conspectu,
3513 1623 3659 1679 inter
3702 1626 3840 1693 alia,

546 1711 832 1780 angustias
861 1711 1217 1780 diseeptantis
1245 1713 1598 1769 conscientiae
1640 1714 1908 1783 perlatum
1950 1725 2036 1771 est
2071 1717 2137 1772 ad

2242 1721 2365 1774 qua:
2391 1705 2463 1761 sit
2501 1722 2670 1761 causa
2705 1708 2907 1776 exsilii,
2945 1720 3301 1780 percontatus
3336 1723 3440 1768 est.
3468 1713 3573 1781 Qui
3611 1718 3841 1773 nomine

544 1818 692 1869 eum,
722 1786 951 1870 Avares,
975 1820 1115 1874 quos
1144 1805 1269 1860 aliis
1294 1806 1612 1862 nominibus
1637 1805 1825 1862 llunos
1848 1816 1900 1863 et
1923 1806 2141 1879 Ungros

542 1896 905 1965 appellamus,
941 1895 1241 1952 Pannoniae
1268 1896 1509 1969 incolatu
1536 1898 1858 1954 idololatriae
1891 1900 2142 1969 squalere

548 1996 785 2052 veterno,
814 1996 868 2042 et
897 1987 953 2041 in
989 1988 1107 2043 luce
1135 1968 1433 2043 multarum
1476 1989 1528 2043 id
1579 1990 1826 2044 locorum
1871 1991 2136 2058 gentium,

546 2077 689 2133 hanc
720 2078 893 2132 solam
923 2079 1171 2134 veritatis
1211 2079 1354 2134 diem
1391 2094 1504 2133 non
1548 2079 1768 2135 habere.
1809 2078 1907 2135 His
1937 2081 2138 2137 auditis

545 2177 696 2223 tanto
720 2183 1044 2238 compassus
1072 2168 1382 2223 animarum
1426 2170 1734 2239 dispendio,
1759 2171 2137 2241 aegritudinem
2166 2234 2169 2235 ν

534 2259 724 2314 cordis
752 2274 848 2329 Spe
872 2260 1256 2330 recuperanda;
1285 2261 1461 2331 gentis
1492 2261 1768 2317 interdum
1806 2263 2014 2329 lenivit,
2054 2262 2139 2318 in-

536 2350 757 2404 terdum
783 2349 1139 2406 difﬁcultates
1170 2351 1448 2419 itinerum,
1481 2353 1750 2423 peregrini
1780 2369 1961 2409 mores
1989 2355 2139 2409 loco-

542 2457 688 2510 rum,
712 2442 937 2498 allectus
959 2458 1170 2509 eorum,
1204 2458 1345 2512 quos
1371 2444 1661 2498 relicturus
1692 2453 1829 2511 erat,
1855 2454 2138 2514 respectus

544 2534 881 2590 inﬁrmitatis
900 2534 1175 2600 humanm,
1202 2535 1392 2603 pedem
1418 2535 1820 2605 aliquantulum
1851 2538 2139 2593 retrahunt

550 2624 620 2677 ab
654 2624 903 2694 inceptis.
941 2623 1109 2678 Porro
1147 2623 1459 2679 facultatem
1492 2625 1730 2679 oblatam
1762 2626 1890 2692 sibi,
1924 2643 2051 2682 cum
2081 2628 2138 2681 in

545 2714 826 2771 sarrienda
847 2716 1084 2785 deceptae
1101 2715 1420 2786 gentilitatis
1450 2716 1620 2770 humo
1642 2716 1764 2772 ﬁdei
1789 2719 2006 2774 sarculo
2025 2725 2140 2775 ute-

543 2818 696 2865 retur
716 2808 964 2878 impigre,
1001 2823 1105 2863 nec
1130 2823 1294 2878 posse
1323 2823 1425 2863 nec
1456 2817 1706 2878 oportere
1747 2811 1947 2882 negligi
1973 2820 2137 2881 puta-

544 2898 644 2963 vit,
666 2896 885 2967 quando
906 2907 960 2952 et
988 2896 1105 2967 ipse
1124 2898 1229 2952 hoc
1250 2913 1393 2967 saepe
1417 2898 1702 2967 optaverit,
1729 2908 1789 2954 ut
1823 2916 1922 2970 pro
1953 2916 2139 2959 amore

545 2987 903 3044 fraternitatis
926 2998 980 3044 et
1001 2987 1119 3056 Dei,
1143 2989 1448 3059 periculum
1481 2988 1709 3045 subiret.

1168 3079 1401 3136 CAPUT
1442 3080 1507 3136 V.

621 3174 933 3244 Bajoariam
958 3174 1112 3243 petit.
1136 3202 1208 3213 ——
1235 3172 1375 3228 Vicit
1401 3188 1535 3245 ergo
1566 3172 1621 3227 in
1648 3172 1856 3243 optimo
1892 3174 2133 3246 ingenio,

550 3274 607 3320 et
632 3266 802 3320 ardua
830 3264 939 3331 via,
972 3273 1027 3319 et
1062 3264 1245 3335 potior
1284 3279 1494 3320 causa:
1528 3278 1656 3318 nam
1692 3265 1992 3320 constituto
2036 3282 2136 3336 pro

548 3375 609 3415 se
633 3357 958 3414 examinata:
994 3372 1245 3427 personae
1278 3357 1420 3425 viro,
1458 3356 1575 3426 ipse
1594 3356 1663 3411 ad
1697 3372 1839 3412 nova
1867 3358 2135 3429 tyrocinia

538 3460 806 3507 strenuus
856 3448 1016 3505 miles
1068 3448 1445 3520 succingitur;
1479 3456 1534 3502 et
1582 3447 1758 3503 ascito
1813 3448 1955 3503 inter
2000 3450 2137 3505 alios

536 3539 892 3597 necessitatis
915 3554 1029 3596 suae
1053 3539 1312 3606 comites,
1345 3539 1474 3609 quia
1496 3539 1739 3610 linguam
1779 3538 2135 3595 Teutonicam

542 3645 664 3684 non
695 3635 943 3695 noverat,
977 3626 1156 3682 Vitale
1199 3626 1442 3698 quodam
1471 3628 1792 3700 presbytero
1822 3628 2133 3698 interprete,

551 3715 821 3785 perrexit;
874 3714 930 3767 in
972 3713 1227 3768 barbarie
1282 3712 1663 3784 disciplinam,
1710 3714 1769 3768 in
1805 3714 2001 3769 exsilio
2035 3731 2134 3784 pa-

548 3807 737 3875 triam,
777 3808 923 3863 inter
966 3807 1237 3863 immanes
1279 3808 1663 3879 cognationem
1700 3807 1967 3865 facturus.
2004 3809 2137 3876 Quae

532 3878 731 3955 {omnia
770 3900 895 3956 licet
917 3900 1071 3970 prius
1101 3900 1239 3956 bene
1285 3902 1543 3968 tenuerit,
1576 3901 1775 3957 melius
1811 3911 1992 3958 tamen
2035 3904 2134 3958 de-

550 3991 800 4061 reliquit;
858 3999 913 4045 et
947 4006 1071 4062 qua:
1128 3991 1252 4047 sine
1303 3993 1547 4063 appetitu
1594 3993 1838 4063 jucunde
1880 3995 2130 4062 licerent,

550 4082 803 4137 abdicata
849 4081 1189 4152 jocunditate
1238 4099 1365 4137 cum
1420 4083 1662 4151 licentia,
1700 4100 1768 4139 ne
1814 4085 1906 4139 ubi
1948 4102 2133 4142 rerum

554 4188 798 4244 praesens
820 4173 1098 4229 afﬂuentia
1131 4174 1456 4229 thesaurum
1478 4175 1652 4231 beatae
1674 4180 2133 4234 remunerationis

550 4263 848 4329 obaeraret,
885 4279 1154 4334 pauperes
1180 4265 1400 4321 divitias
1429 4266 1580 4323 dives
1622 4283 1829 4338 pauper
1857 4271 2127 4340 exposuit.

2243 1805 2298 1850 et
2334 1797 2553 1853 natione
2585 1799 2855 1868 exposita,
2895 1800 3191 1856 incolatum
3224 1804 3397 1858 nativi
3445 1805 3657 1866 liminis
3702 1823 3839 1879 pro-

2242 1896 2427 1957 pterea
2482 1888 2797 1944 deseruisse
2845 1905 2903 1947 se
2958 1893 3253 1962 perhibuit,
3301 1903 3362 1950 ut
3397 1894 3700 1953 Pannonia:
3734 1913 3838 1969 po-

2241 1979 2430 2049 pulos,
2493 1981 2587 2049 qui
2646 1982 2835 2054 gentili
2898 1982 3114 2039 feritate
3171 1986 3350 2042 adhuc
3407 1987 3836 2056 effremuerant,

2241 2070 2510 2125 conditori
2565 2070 2788 2127 Christo
2819 2076 3219 2142 reconciliaret,
3247 2086 3301 2131 et
3328 2078 3384 2132 in
3412 2079 3517 2134 hoc
3548 2082 3837 2150 proposito

2240 2175 2399 2214 suam
2454 2160 2779 2230 conjurasse
2816 2164 3146 2219 sententiam
3169 2207 3183 2232 ,
3217 2175 3277 2220 ut
3316 2176 3411 2221 aut
3456 2169 3571 2223 voti
3605 2184 3838 2239 compos

2238 2249 2636 2319 professionem
2666 2252 2791 2307 vitae
2821 2268 2947 2308 cum
3003 2253 3289 2311 fructuosa
3320 2273 3456 2327 pace
3493 2259 3695 2327 finiret,
3735 2269 3837 2315 aut

2238 2342 2436 2397 devoto
2495 2343 2821 2410 certamine,
2864 2347 3186 2417 sanguinem
3243 2358 3450 2421 martyr
3504 2351 3832 2407 effunderet.

2237 2432 2317 2487 Ad
2348 2432 2464 2501 haec
2499 2433 2685 2489 divino
2733 2435 2967 2491 consilio
3011 2447 3342 2508 prteventus,
3390 2440 3503 2495 dux
3559 2441 3719 2509 inﬁt,
3772 2459 3836 2498 se

2240 2528 2354 2576 tam
2394 2523 2486 2592 pio
2524 2523 2705 2579 studio
2751 2525 2890 2580 nihil
2926 2541 3220 2596 opponere,
3258 2529 3395 2583 nihil
3432 2537 3598 2587 tantae
3639 2533 3836 2589 virtuti

2239 2614 2526 2681 resistere;
2564 2615 2673 2671 nisi
2712 2617 2857 2687 quod
2895 2619 3240 2674 commeandi
3276 2619 3596 2676 facultatem
3643 2623 3837 2695 inpos-

2240 2705 2474 2760 sibilitas
2524 2706 2774 2777 quaedam
2817 2709 3162 2775 Obstrueret,
3219 2720 3440 2782 propter
3490 2714 3832 2770 discordiam

2240 2796 2468 2863 scilicet,
2502 2808 2555 2851 et
2587 2798 2807 2870 longam
2832 2800 2973 2855 inter
3003 2816 3062 2856 se
3082 2810 3137 2856 et
3165 2802 3371 2859 Avares
3397 2803 3667 2863 bellorum
3697 2822 3834 2862 con-

2240 2888 2588 2955 trcversiam,
2631 2889 2769 2945 ﬁnes
2800 2891 2856 2945 in
2892 2888 3135 2962 utroque
3156 2892 3330 2948 limite
3353 2894 3624 2963 desertos,
3652 2896 3731 2952 ita
3770 2907 3835 2952 ut

2240 2980 2388 3034 circa
2414 2966 2638 3034 Anesdm
2660 2980 2886 3037 ﬂuvium
2913 2983 3078 3039 urbes
3104 2992 3159 3039 et
3183 2985 3304 3041 loca
3330 2986 3461 3041 olim
3493 2990 3830 3057 cultissima,

2243 3071 2408 3125 tantis
2441 3070 2747 3126 bestiarum
2771 3071 3209 3129 immanitatibus
3230 3075 3539 3144 horrerent,
3574 3096 3645 3135 ne
3666 3082 3830 3136 vian-

2242 3162 2388 3216 tibus
2406 3161 2552 3216 ullus
2578 3165 2899 3220 transeundi
2925 3166 3107 3222 aditus
3132 3176 3368 3236 pateret:
3394 3185 3618 3227 monere
3644 3183 3828 3228 autem

2239 3247 2423 3317 potius
2461 3255 2515 3302 et
2567 3249 2905 3319 supplicare,
2960 3260 3235 3322 quatenus
3287 3256 3431 3323 apud
3471 3270 3530 3311 se
3583 3273 3832 3329 suosque

2238 3341 2299 3394 Β.
2324 3340 2486 3396 Pater
2506 3345 2712 3397 morari
2747 3345 3085 3415 dignaretur,
3116 3362 3257 3418 quos
3288 3358 3400 3403 tam
3433 3350 3599 3405 rudes
3631 3360 3689 3405 et
3719 3352 3825 3406 im-

2216 3432 2523 3513 perfectos
2546 3436 2601 3489 in
2643 3436 2748 3491 fide
2794 3440 3064 3507 praateriri
3114 3440 3198 3496 fas
3227 3456 3337 3495 non
3372 3452 3556 3497 esset:
3587 3446 3830 3499 maxime

2238 3537 2363 3576 cum
2403 3521 2493 3577 isti
2538 3527 2911 3582 necessarium
2956 3538 3239 3599 optarent,
3275 3541 3330 3588 et
3367 3532 3443 3586 illi
3482 3532 3626 3589 forte
3668 3538 3828 3606 quasi

2237 3616 2574 3686 superfluum
2625 3620 2999 3677 recusarent.‘
3030 3623 3347 3682 Provideret
3387 3638 3569 3683 autem
3624 3646 3697 3685 ne
3743 3632 3827 3685 in-

2238 3705 2474 3762 discreta
2494 3707 2670 3778 pietas
2691 3712 2977 3780 praemium
3000 3714 3295 3783 amitteret,
3325 3719 3372 3773 si
3396 3719 3617 3775 oﬂ‘erret
3636 3722 3827 3777 invitis

2238 3798 2478 3865 taedium,
2512 3801 2607 3870 qui
2636 3802 2943 3860 volentibus
2984 3814 3198 3876 poterat
3238 3809 3431 3864 afferre
3465 3813 3822 3881 praesidium:

2237 3904 2372 3944 neve
2397 3891 2479 3945 sic
2512 3891 2761 3963 diligeret
2810 3894 3030 3965 impios,
3087 3907 3149 3953 ut
3199 3901 3494 3972 negligeret
3544 3904 3689 3973 pios.
3735 3904 3828 3961 Vir

2239 3989 2419 4035 autem
2466 3981 2582 4050 Dei,
2610 3984 2663 4038 in
2703 4001 2802 4040 sua
2837 3989 3108 4044 sententia
3147 3991 3322 4060 ﬁxus,
3354 3995 3505 4049 nullo
3545 4008 3685 4052 nutu
3724 3999 3826 4054 de-

2237 4073 2431 4127 clinari
2463 4076 2659 4143 potuit,
2689 4086 2749 4131 nt
2774 4080 2919 4135 aliud
2945 4082 3125 4150 vellet,
3166 4102 3329 4154 quam
3360 4090 3507 4158 quod
3546 4102 3823 4162 emperat;

2236 4163 2345 4217 nisi
2393 4162 2533 4219 forte
2580 4168 2821 4224 caelestis
2861 4171 3109 4228 obviaret
3150 4190 3398 4233 censurae
3430 4183 3820 4239 contradictio.

2236 4253 2449 4320 Quibus
2475 4258 2712 4328 acceptis
2738 4260 2894 4317 ducis
2921 4265 3207 4333 prudentia
3240 4269 3536 4341 populique
3559 4272 3825 4345 frequen-

550 4352 678 4409 ]nde
737 4354 908 4420 "iam,
970 4368 1040 4408 ne
1089 4370 1200 4425 quo
1246 4355 1578 4427 pigresceret
1624 4357 1739 4413 οιίο
1791 4358 2131 4429 inrequietus
2164 4348 2465 4441 Deum
2510 4351 2925 4410 exhortationes
2960 4356 3081 4425 ejus
3110 4360 3408 4416 adientium
3452 4366 3734 4423 mentibus
3766 4378 3825 4424 οι

548 4445 809 4516 agricola,
846 4446 1150 4515 praesumit,
1181 4455 1236 4504 et
1255 4447 1529 4521 ‘Galliam,
1565 4465 1689 4521 qua;
1711 4452 1967 4507 tendebat
2003 4453 2126 4521 iter,

547 4544 601 4589 et
649 4535 815 4590 Rheni
845 4536 1088 4594 fluminis
1144 4541 1422 4612 contigua,
1451 4543 1651 4613 plantis
1704 4544 1855 4600 verbi
1888 4544 1985 4600 Dei
2031 4547 2129 4602 sil—

548 4643 771 4685 vescere
807 4635 863 4685 et
893 4629 1174 4686 insitivam
1202 4633 1330 4688 novi
1356 4634 1597 4690 hominis
1624 4651 1918 4707 gemmam,
1943 4647 2130 4709 proto-

546 4721 710 4790 plasti
748 4732 1023 4778 emortuo
1080 4724 1291 4794 stipite,
1342 4724 1695 4785 frondescere
1744 4729 1861 4799 ipse
1908 4730 2126 4800 quidem

548 4812 790 4879 studuit;
822 4813 918 4867 sed
955 4814 1277 4870 incrementi
1321 4816 1571 4873 datorem
1620 4817 1901 4875 Christum
1949 4821 2130 4890 operis

548 4919 763 4957 summa
785 4906 1197 4974 comprobavit:
1251 4909 1454 4978 quippe
1491 4910 1608 4979 qui,
1642 4910 1736 4964 ubi
1778 4910 1873 4964 Dei
1902 4913 2125 4968 scientia

545 4992 756 5047 meritis
789 4994 1043 5060 accessit,
1072 4996 1314 5051 sobolem
1342 5000 1772 5069 regenerationis
1794 5002 1981 5057 edidit.
2012 5002 2128 5059 Hoc

547 5080 712 5150 igitur
733 5084 892 5138 modo
920 5084 1096 5141 fidelis
1124 5087 1180 5140 in
1204 5087 1492 5157 Bajoarios
1518 5090 1673 5156 ﬁnes,
1711 5092 1805 5160 qui
1842 5094 2125 5150 meridiem

2232 4436 2494 4510 pabulum
2526 4443 2775 4500 sufﬁcere
2803 4446 3109 4517 docilitate,
3154 4460 3208 4506 et
3262 4454 3550 4512 dulcedine
3596 4460 3817 4518 deside-

2230 4534 2374 4589 rium
2399 4536 2798 4606 conspicerent,
2833 4540 3063 4596 salutem
3111 4559 3297 4611 suam,
3326 4563 3491 4616 quam
3530 4552 3819 4621 supplica-

2231 4622 2378 4677 tione
2429 4634 2538 4679 non
2568 4634 2854 4695 poterant,
2904 4629 3169 4685 violenter
3213 4634 3597 4705 obtinuerant,
3647 4650 3705 4695 et
3748 4658 3815 4697 ex

2229 4715 2411 4769 verbis
2443 4716 2763 4785 Salvatoris,
2792 4720 2902 4774 vim
2922 4738 3147 4791 passum
3176 4734 3258 4779 est
3287 4742 3516 4798 regnum
3544 4732 3814 4788 caslorum

2234 4802 2453 4874 (Matth.
2483 4806 2585 4877 χι).
2615 4805 2752 4862 Nam
2800 4810 3109 4879 egrediendi
3139 4797 3499 4883 provinciam,
3550 4835 3621 4874 ne
3652 4821 3818 4877 beato

2230 4896 2350 4951 viro
2373 4898 2593 4953 occasio
2618 4901 2951 4969 proveniret,
2979 4903 3329 4972 obstiterant;
3355 4914 3409 4961 et
3444 4908 3584 4964 bene
3603 4927 3817 4981 przeva-

2228 4987 2333 5041 luit
2357 4988 2597 5044 humana
2623 4994 2997 5063 praesumptio,
3026 5011 3136 5066 quo
3165 5012 3231 5050 ex
3275 4996 3423 5054 fonte
3448 5000 3571 5070 ejus
3612 5005 3811 5061 salutis

2222 5081 2477 5135 ascendit
2503 5083 2761 5138 conditio.
2791 5084 2861 5138 At
2879 5084 3041 5141 Pater
3065 5097 3290 5144 sanctus
3310 5131 3325 5157 ,
3354 5106 3518 5160 quem
3545 5094 3809 5163 prohibiti
