4058 6426
216 351 340 411 θπι

1484 362 1649 427 ἩΤΑ
1681 365 1743 421 Β.
1784 366 2228 431 EMMERAMMI.

3381 378 3519 446 978”-

211 468 460 570 maxime
480 484 608 570 eum
640 484 673 525 e
704 471 832 526 sinu
858 473 1109 570 veritatis
1162 479 1410 536 strenuis
1437 483 1580 539 votis
1620 484 1801 554 placa-
1833 491 1880 547 Α
1907 487 1985 541 ire
2033 486 2465 561 permitteretur,
2490 488 2729 547 cmicstis
2761 492 2900 549 aulae
2941 494 3252 565 janitorem,
3278 506 3340 555 ut
3369 502 3490 570 pul—

208 559 344 616 bilis
372 563 782 631 promitteretur
817 564 1067 633 effectus,
1093 584 1256 639 quem
1287 571 1404 641 ipse
1434 590 1654 645 quoque
1694 592 1804 632 non

212 654 433 707 inﬁrma
476 653 581 709 ﬁde
630 666 1072 726 prosequeretur.
1125 658 1251 716 Haec
1300 664 1599 737 agitantem
1657 668 1807 722 subit

208 745 529 814 exemplum
571 749 968 817 apostolorum,
1015 766 1156 819 quos
1205 761 1301 808 aut
1354 759 1672 826 responsis,
1712 767 1806 814 aut

210 835 631 893 difﬁcultatibus
678 854 914 910 superna
956 843 1261 899 moderatio
1288 862 1435 903 nunc
1453 856 1509 903 et
1532 850 1599 904 ad
1631 867 1804 921 quas-

209 926 342 981 dam
392 936 584 998 gentes
638 931 825 999 misit,
877 949 1025 988 nunc
1071 951 1103 989 a
1131 937 1460 1005 quibusdam
1503 942 1802 1011 prohibuit.

210 1016 539 1075 Gratulatus
599 1036 770 1093 ergo,
816 1039 1069 1094 superna:
1118 1027 1469 1099 dispositioni
1518 1036 1807 1104 supposuit

214 1110 491 1177 animum,
522 1121 577 1168 et
599 1114 777 1184 gentis
813 1116 998 1171 studio
1028 1120 1261 1187 praebuit
1286 1135 1715 1191 consensum,et
1750 1127 1807 1182 in

216 1201 385 1257 altari
419 1203 741 1260 obedientia:
766 1205 878 1263 Deo
925 1211 1221 1265 consilium
1267 1215 1462 1270 salutis
1498 1216 1803 1285 oblaturus,

212 1300 413 1351 mutua
448 1309 507 1348 se
537 1296 806 1352 charitate
826 1301 1026 1369 populo
1048 1302 1315 1371 devinxit,
1347 1305 1508 1374 cujus
1528 1307 1807 1364 devotioni

206 1384 530 1442 conﬂictum
559 1389 856 1446 ministerii
892 1393 980 1448 sui
1024 1395 1193 1450 etiam
1228 1396 1354 1453 vitae
1378 1399 1625 1469 periculo
1662 1400 1805 1456 diﬁi-

208 1474 378 1530 nivit.

819 1572 1049 1630 CAPUT
1086 1577 1199 1634 VII.

280 1656 512 1715 Romam
542 1662 655 1716 vult
680 1664 777 1720 ire.
812 1696 883 1706 —-
912 1666 1084 1724 Erant
1113 1679 1296 1727 autem
1321 1684 1636 1731 memoratae
1671 1676 1809 1732 civi-

205 1751 347 1806 tatis
368 1759 424 1805 et
448 1754 639 1822 patriae
659 1756 829 1812 totius
850 1760 1052 1816 accolae
1078 1762 1358 1820 afﬂuentia
1386 1767 1607 1836 quidem
1646 1784 1807 1822 mun-

217 1841 383 1899 danae
443 1843 721 1902 fclicitatis
776 1849 1018 1907 illustres
1044 1895 1059 1920 ,
1112 1856 1205 1911 sed
1269 1858 1482 1913 noviter
1532 1860 1602 1915 ad
1646 1860 1808 1915 ﬁdem
1841 1854 1885 1909 Β

206 1931 471 1999 adducti,
502 1935 707 1992 delusa:
758 1942 1051 1997 vetustatis
1092 1941 1322 2001 frutices
1364 1948 1609 2004 nondum
1656 1949 1806 2005 radi-

204 2023 361 2078 citus
408 2027 809 2097 exstirpabant,
837 2039 892 2086 et
915 2037 1375 2093 consuetudinem
1404 2039 1669 2095 tenaciter
1695 2040 1808 2096 haz-

204 2124 431 2170 rsntem
500 2118 808 2190 ignorantia
863 2122 1020 2179 fovit.
1083 2125 1166 2182 Ad
1228 2130 1377 2199 quod
1428 2147 1568 2201 opus
1621 2133 1811 2195 omnia,

206 2202 553 2265 ferramenta
603 2210 934 2270 Christianae
983 2217 1269 2289 religionis
1321 2221 1585 2277 robustus
1632 2222 1808 2279 cultor

206 2300 583 2386 sugcingitur,
613 2313 669 2359 et
697 2306 902 2362 excisis
951 2308 1242 2367 inutilibus
1275 2315 1582 2384 paganismi
1615 2330 1810 2370 surcu-

208 2389 324 2457 lis,
378 2393 609 2463 erigitur
668 2406 1078 2454 sacramentum
1138 2401 1294 2470 ﬁdei,
1348 2405 1494 2474 quod
1547 2406 1810 2474 universo

209 2483 443 2551 justitite
467 2484 598 2540 ﬂore
636 2486 909 2555 distinxit,
941 2498 995 2544 et
1033 2492 1297 2561 quoniam
1345 2510 1605 2566 magnam
1657 2496 1806 2552 circa

212 2576 611 2645 perﬁciendam
655 2578 766 2636 Deo
803 2582 1013 2653 plebem
1048 2585 1330 2641 solertiam
1354 2588 1567 2656 habuit,
1589 2589 1809 2646 lucidis-

211 2668 362 2723 simo
392 2673 830 2729 conversationis
870 2677 1122 2746 exemplo
1151 2676 1384 2735 formam
1408 2681 1629 2735 vivendi
1663 2697 1806 2751 pra:-

213 2758 361 2825 buit,
400 2768 456 2814 et
501 2763 836 2819 suavissimo
876 2766 1137 2836 loquendi
1178 2770 1340 2826 modo
1369 2771 1607 2827 edocuit.
1657 2770 1809 2828 Unde

212 2867 331 2905 non
354 2852 656 2909 sufﬁciebat
687 2864 796 2910 tam
825 2858 1040 2914 ardenti
1067 2860 1306 2932 lampadi
1335 2877 1587 2917 normam
1610 2863 1810 2932 praedi-

212 2948 458 3004 cationis
479 2954 850 3010 communiter
883 2958 1166 3025 exhibere,
1189 2960 1325 3030 quin
1350 2962 1598 3017 omnium
1627 2977 1808 3018 mores

214 3042 468 3107 notavit,
520 3045 768 3100 omnium
815 3047 1035 3119 ingenia
1086 3051 1366 3107 discussit.
1410 3051 1665 3124 Deposita
1699 3070 1810 3112 non

214 3133 577 3202 auctoritate,
610 3136 704 3191 sed
734 3138 1033 3210 rigiditate,
1062 3143 1131 3198 ad
1183 3143 1496 3201 intrandam
1537 3147 1808 3218 cujusque

216 3227 420 3296 privati
445 3230 670 3286 domum
699 3235 1062 3290 reverentiam
1088 3238 1455 3308 episcopalem
1478 3240 1806 3298 humiliavit.

215 3316 279 3372 In
322 3317 604 3389 Ecclesia,
649 3339 772 3394 quae
818 3329 1143 3384 communia
1184 3328 1448 3398 fuerunt,
1499 3332 1808 3401 ordinavit,

216 3412 365 3481 apud
407 3414 652 3487 singulos
683 3417 750 3473 de
801 3420 1039 3490 propriis
1088 3421 1349 3480 admissis
1379 3424 1729 3494 disceptavit,
1758 3434 1814 3481 et

219 3518 555 3575 cognoscere
599 3524 754 3576 suos,
804 3518 860 3566 et
890 3527 921 3566 a
955 3513 1074 3568 suis
1106 3515 1388 3586 cognosci,
1429 3515 1576 3570 sicut
1627 3525 1813 3586 pastor

216 3593 401 3650 bonus
459 3598 685 3665 maluit,
742 3616 811 3655 ne
871 3602 1220 3659 taciturnitas
1273 3605 1424 3659 vitiis
1474 3606 1815 3675 permitteret

219 3701 536 3755 assensum,
565 3700 886 3764 perurgeret
923 3694 1226 3751 interitum.
1264 3695 1454 3766 Itaque
1488 3712 1650 3752 nemo
1682 3698 1814 3753 sub-

218 3780 457 3834 ditotum
493 3783 616 3852 ejus
659 3794 797 3852 erat,
827 3786 921 3856 qui
950 3787 1035 3840 vel
1072 3787 1139 3842 de
1178 3788 1395 3843 actibus
1441 3788 1527 3843 vel
1565 3804 1595 3841 a
1631 3789 1813 3844 verbis

218 3873 720 3943 magistri,lineam
744 3878 1092 3933 rectitudinis
1130 3894 1239 3933 non
1280 3880 1543 3934 traheret.
1578 3878 1815 3936 Proinde

220 3963 456 4020 celebris
503 3966 581 4020 illi
614 3967 720 4023 fuit
750 3970 1032 4024 contentio
1070 3971 1388 4027 sobrietatis
1436 3987 1564 4026 cum
1607 3973 1811 4041 sobrio,

219 4058 628 4115 extenuationis
657 4076 783 4116 cum
823 4061 1037 4128 humili,
1071 4062 1417 4119 liberalitatis
1459 4080 1583 4120 eum
1631 4065 1815 4119 omni-

221 4146 349 4202 bus.
376 4146 579 4204 Verum
616 4151 671 4205 in
696 4159 1051 4208 contumaces
1078 4154 1433 4225 magnanimo
1455 4164 1656 4211 conatu
1690 4172 1816 4211 sur-

221 4239 368 4293 rexit
401 4247 458 4294 et
478 4243 856 4312 superciliosae
881 4244 1203 4314 procacitati
1227 4247 1440 4319 virgam
1471 4248 1817 4304 auctoritatis

221 4329 481 4397 intendit,
514 4348 665 4403 spem
695 4334 845 4389 votis
868 4351 1201 4405 proponens,
1231 4346 1291 4392 ut
1322 4339 1378 4393 in
1401 4339 1507 4395 hac
1528 4355 1658 4395 area
1697 4355 1817 4395 cer-

221 4423 451 4478 taminis
480 4440 577 4494 per
616 4426 904 4482 diversum
960 4442 1213 4498 agonem,
1246 4430 1577 4500 quandoque
1626 4446 1817 4501 perve-

222 4513 372 4568 niret
426 4516 493 4569 ad
537 4518 797 4586 palmam.
851 4517 949 4574 His
1005 4528 1059 4574 et
1126 4520 1325 4574 horum
1382 4522 1657 4578 similibus
1720 4539 1817 4593 per
1849 4548 1894 4604 ι)

222 4604 526 4661 triennium
577 4607 717 4663 ﬁnes
768 4607 1037 4678 Bajoarize
1076 4611 1450 4680 perlustrans,
1484 4614 1551 4667 ad
1600 4613 1815 4668 laudem

226 4696 473 4752 cmlestis
521 4700 715 4768 patriae
767 4717 876 4755 non
915 4702 1110 4756 ultima
1158 4718 1289 4773 pars
1320 4719 1681 4769 accessurus,
1721 4721 1817 4775 per

225 4791 505 4861 spiritum,
534 4792 630 4862 qui
672 4792 918 4863 loquitur
941 4795 1008 4855 ad
1031 4811 1126 4850 eor
1155 4795 1520 4863 Hierusalem,
1555 4797 1624 4852 ad
1658 4796 1814 4853 littus

225 4891 446 4937 aeterna:
469 4883 672 4954 quietis
701 4894 943 4956 tempora
975 4902 1075 4942 sua
1104 4887 1216 4956 jam
1244 4888 1356 4957 jam
1380 4888 1645 4944 declinari
1678 4904 1817 4958 prae-

226 4975 528 5040 sensit,‘et
572 4984 641 5041 ut
678 4976 851 5046 judiei
893 4979 1135 5047 pulsanti
1181 4981 1488 5049 expeditius
1544 4981 1814 5051 aperiret,

225 5066 475 5137 pervigili
506 5068 755 5124 custodia
794 5069 1130 5137 insidiosum
1180 5079 1396 5141 tempus
1433 5072 1849 5142 exspectabat“

226 5171 297 5211 ne
329 5174 540 5213 moram
594 5160 830 5217 faciente
874 5178 1111 5232 sponso,
1152 5162 1422 5234 fragilitas
1488 5156 1853 5219 obdormiret‘

229 5249 499 5307 humana.
533 5251 601 5307 Et
626 5254 757 5323 quia
788 5264 1018 5309 noverat
1054 5253 1377 5326 fatigatione
1417 5255 1661 5325 corporis
1683 5254 1826 5311 exci-

230 5342 485 5397 tatiorem
508 5345 755 5400 animum
788 5346 961 5411 reddi,
984 5353 1040 5401 et
1061 5346 1116 5400 in
1140 5346 1374 5418 negotiis
1401 5346 1647 5401 honestae
1675 5345 1825 5401 solli-

232 5431 494 5489 citudinis
538 5434 725 5490 minus
751 5436 1017 5506 obrepere
1064 5451 1321 5490 somnum
1361 5435 1679 5506 pigredinis,
1706 5442 1825 5489 tum

222 5535 499 5595 praeterea
551 5536 823 5597 quatenus
882 5528 937 5581 in
986 5528 1075 5582 via
1128 5528 1289 5583 bonae
1344 5526 1662 5581 intentionis
1699 5540 1826 5579 eum

234 5614 392 5672 fraus
415 5618 638 5675 inimica
681 5620 940 5676 calcaneo
974 5620 1277 5675 calceatum
1310 5628 1365 5677 et
1397 5627 1620 5675 cautum
1650 5618 1826 5673 offen-

234 5708 428 5775 deret,
454 5711 730 5767 licentiam
759 5728 791 5768 a
812 5712 951 5768 duce
994 5712 1198 5783 pariter
1229 5722 1284 5768 et
1322 5713 1524 5784 populo
1554 5709 1823 5782 qutesivit,

237 5803 774 5875 quatenusgitomam
807 5804 872 5860 ad
900 5804 1185 5861 beatorum
1237 5804 1425 5861 limina
1454 5799 1823 5878 apostolorum

1906 580 2175 639 sationem
2213 580 2336 653 [al.,
2376 583 2856 659 supplicationem]
2902 602 3059 643 suam
3106 587 3492 649 intromitteret

1904 673 2331 743 supplicaturus.

2495 765 2725 824 CAPUT
2765 768 2899 826 VIII.

1977 856 2110 928 Ejus
2136 860 2523 929 praedictiones.
2567 891 2639 902 —-
2681 862 2796 919 Sub
2849 864 2991 921 idem
3043 875 3259 937 tempus
3305 868 3507 926 invida-

1905 963 2034 1019 pars
2081 967 2336 1022 supremo
2385 970 2686 1025 congressu
2729 966 2884 1013 tanto
2940 960 3306 1029 periculosius
3356 978 3511 1017 con-v

1905 1040 2138 1111 ﬂictura,
2178 1053 2385 1114 quanto
2420 1046 2717 1119 gloriosius
2755 1058 2876 1104 erat
2926 1051 3211 1118 vincenda,
3252 1052 3485 1107 subdola
3503 1075 3515 1089 κ

1906 1137 2198 1194 occasione
2222 1148 2417 1205 nacta,
2446 1141 2552 1197 tale
2593 1144 2871 1213 pugnandi
2899 1161 3071 1217 genus
3118 1147 3360 1215 invenit,
3395 1148 3509 1202 ubi

1906 1237 2003 1285 aut
2030 1230 2239 1285 viscera
2265 1231 2553 1288 charitatis
2583 1235 2939 1303 occludenda,
2969 1245 3064 1292 aut
3092 1237 3319 1293 infamia
3345 1240 3492 1295 sacri

1907 1320 2139 1388 ordinis,
2171 1322 2227 1376 in
2268 1321 2526 1379 Ecclesiae
2556 1325 2898 1401 scandalum,
2932 1327 3073 1383 foret
3112 1329 3489 1399 displodenda.

1906 1409 2042 1465 Nam
2068 1429 2232 1483 supra
2254 1416 2543 1470 memorati
2568 1417 2834 1488 principis
2868 1418 3009 1487 ﬁlia,
3035 1421 3256 1483 nomine
3300 1419 3436 1494 Uta,
3463 1439 3496 1478 a

1907 1504 2199 1574 cujusdam
2243 1506 2448 1577 judieis
2484 1508 2597 1562 ﬁlio
2649 1507 2928 1580 Sigibaldo
2974 1527 3323 1581 compressa,
3356 1527 3493 1568 con—

1908 1604 2079 1652 suetae
2113 1599 2469 1668 turpitudinis
2516 1600 2787 1656 maculam
2838 1610 2994 1657 utero
3046 1602 3491 1673 ingravescente,

1906 1685 2263 1759 detegendam
2295 1704 2404 1744 non
2436 1689 2614 1744 solum
2644 1691 3025 1761 generositatis
3048 1693 3269 1759 damno,
3302 1709 3494 1749 verum

1908 1774 2073 1830 etiam
2107 1791 2367 1831 mensura
2392 1778 2586 1833 mortis
2635 1779 2990 1848 ponderabat.
3028 1779 3169 1847 Quid
3212 1781 3494 1839 facerent?

1909 1866 2055 1936 quod
2080 1867 2372 1923 consilium
2403 1871 2698 1940 caperent?
2733 1879 2948 1942 tempus
2981 1872 3209 1943 urgebat
3250 1882 3492 1944 partum,

1908 1965 1963 2014 et
2000 1958 2158 2029 culpa
2208 1960 2525 2015 minabatur
2557 1961 2859 2017 interitum.
2899 1962 3234 2033 Supererant
3277 1948 3392 2021 sola
3437 1966 3495 2019 in

1906 2048 2052 2105 beati
2084 2050 2476 2107 Emmerammi
2502 2061 2555 2107 et
2580 2052 2779 2122 pietate
2806 2054 3026 2123 ﬁducia,
3051 2063 3105 2109 et
3126 2055 3181 2109 in
3206 2057 3497 2112 sanctitate

1908 2141 2159 2197 consilia.
2197 2141 2317 2199 Huc
2355 2142 2662 2212 desperatio
2700 2145 2896 2215 pallida
2932 2146 3293 2216 provolvitur,
3328 2147 3495 2216 pedes

1911 2233 2213 2289 osculando
2260 2234 2661 2302 demulcentur,
2711 2235 2919 2291 crimen
2969 2236 3291 2306 exponitur,
3337 2236 3493 2291 venia

1908 2334 2147 2397 rogatur.
2201 2325 2486 2382 Postremo
2532 2326 2599 2384 de
2625 2327 2751 2382 vitm
2799 2328 3040 2383 remedio
3070 2328 3157 2398 pia
3189 2327 3509 2407 paternitasl

1909 2418 2257 2487 consulitur,
2305 2426 2568 2488 tantoque
2596 2418 2801 2474 exstitit
2851 2419 3251 2490 querelantium
3302 2419 3499 2474 modus

1908 2508 2164 2570 ﬂebilior.
2193 2517 2401 2579 quanto
2421 2510 2487 2565 de
2517 2511 2771 2566 admissis
2815 2527 3101 2582 ptenarnm
3140 2511 3324 2581 opinio
3354 2526 3495 2580 prec--

1910 2600 2137 2656 sentior.
2193 2599 2401 2655 Horum
2455 2601 2653 2657 beatus
2706 2600 2867 2657 Pater
2924 2602 3161 2672 acceptis
3207 2601 3499 2672 gemitibus

1909 2692 2147 2762 compati
2184 2693 2351 2763 coepit
2376 2693 2630 2760 interius,
2668 2701 2726 2749 et
2753 2694 2878 2749 licet
2907 2694 3201 2764 parturiret
3245 2692 3498 2763 spiritum

1909 2781 2134 2850 doloris,
2167 2783 2478 2839 obﬁrmavit
2499 2792 2683 2839 tamen
2706 2783 2920 2840 delictis
2962 2782 3159 2839 faciem
3183 2784 3464 2859 arguentis
3481 2801 3515 2849 ζ

1908 2872 2102 2929 laesum
2164 2875 2367 2947 quippe
2434 2875 2684 2946 ingenuae
2748 2875 3178 2947 regenerationis
3234 2875 3497 2945 pudorem

1910 2965 2155 3023 referens
2209 2968 2385 3038 magis
2436 2965 2872 3023 erubescendum
2929 2976 2986 3022 et
3045 2974 3305 3022 aeternam
3361 2966 3498 3037 justi

1907 3056 2111 3127 judieis
2140 3058 2671 3115 animadversionem
2725 3059 3103 3114 vehementius
3156 3075 3278 3115 esse
3324 3059 3496 3129 perti-

1912 3149 2279 3216 mescendam,
2311 3150 2548 3205 maxime
2572 3164 2697 3205 cum
2726 3149 2892 3220 hujus
2925 3150 3187 3221 temporis
3219 3150 3487 3220 supplicia

1914 3239 2056 3295 sicut
2090 3242 2416 3310 quantitate,
2445 3241 2525 3296 sic
2551 3241 2716 3295 etiam
2740 3242 2809 3295 ab
2837 3242 3058 3297 aeternis
3095 3241 3311 3297 diversa
3341 3251 3493 3308 sunt,

1914 3331 2194 3400 qualitate.
2216 3331 2470 3399 Proinde,
2500 3332 2643 3388 sicut
2665 3347 2786 3388 mos
2805 3340 2909 3399 est,
2933 3333 3324 3403 paenitentibus
3352 3335 3496 3389 viam

1913 3423 2377 3478 reconciliationis
2404 3424 2661 3490 ostendit,
2694 3424 2811 3494 ipse
2853 3425 2964 3479 alto
3006 3424 3317 3481 dilectionis
3360 3441 3496 3481 con-

1912 3512 2034 3568 silio
2056 3514 2341 3569 alteritatis
2370 3530 2537 3569 onera
2567 3523 2927 3584 suscepturus
2948 3555 2963 3582 ,
2992 3515 3270 3570 mandavit
3319 3531 3499 3571 secre-

1913 3605 2060 3673 tius,
2118 3614 2181 3661 ut
2233 3607 2506 3661 maculam
2566 3606 2709 3661 hanc
2747 3606 2803 3660 in
2851 3622 2909 3662 se
2956 3604 3344 3674 transferrent,
3393 3624 3503 3676 quo

1914 3694 2131 3753 facilius
2180 3695 2420 3752 furorem
2470 3697 2626 3752 ducis
2677 3697 3005 3764 evaderent;
3054 3711 3218 3767 quem
3271 3706 3502 3752 noverat

1913 3784 2340 3852 inexorabilem,
2382 3801 2508 3841 cum
2557 3784 2860 3856 ignominia
2890 3786 3196 3841 cumularet
3235 3786 3498 3842 dolorem.

1919 3875 2026 3932 Sed
2049 3894 2118 3932 ne
2147 3876 2335 3947 pietati
2386 3876 2730 3946 providentia
2786 3878 3031 3945 deesset,
3087 3886 3142 3933 et
3194 3876 3525 3935 innocentia.

1915 3978 2066 4026 muta
2097 3970 2258 4025 ﬁdem
2286 3977 2340 4023 et
2366 3969 2675 4038 exemplum
2723 3969 2897 4039 culpae
2923 3969 3180 4035 donaret,
3225 3967 3272 4023 si
3322 3969 3519 4026 alieno;

1916 4062 2138 4120 crimini
2170 4070 2422 4118 sternens
2449 4062 2730 4129 humeros,
2764 4061 2820 4116 in
2842 4060 3230 4118 oﬁ'endiculum
3263 4061 3348 4117 sui
3377 4061 3505 4116 sile-

1914 4164 2017 4223 ret,
2046 4155 2349 4211 testiﬁcatze
2376 4154 2624 4209 veritatis
2650 4161 2705 4208 et
2736 4169 2879 4209 verte
2903 4154 3285 4211 matimationis
3315 4154 3499 4207 virum

1917 4246 2263 4302 Wolﬁaicum
2291 4246 2587 4316 quemdam
2630 4246 3010 4318 presbyterum
3051 4245 3378 4302 familiarius
3409 4246 3506 4301 add

1918 4337 2100 4403 scivit,
2125 4336 2215 4391 cui
2252 4344 2527 4401 secretum
2562 4351 2747 4402 suum,
2777 4344 3048 4406 quatenus
3084 4336 3267 4391 divina
3293 4333 3506 4389 revela-

1918 4428 2068 4483 tione
2090 4435 2335 4493 noverat,
2354 4426 2569 4481 cautius
2591 4427 2861 4496 exposuit.
2881 4425 3017 4482 Nam
3040 4427 3177 4483 dixit
3207 4426 3503 4485 articulum

1920 4519 2046 4573 vita:
2074 4517 2361 4588 praesentis
2404 4526 2628 4587 propter
2656 4517 2862 4574 crimen
2897 4518 3135 4573 alienum
3178 4516 3395 4572 diverso
3440 4506 3526 4571 se

1921 4610 2169 4666 cruciatu
2217 4625 2566 4680 egressurum
2588 4652 2603 4677 ,
2638 4618 2693 4667 et
2743 4625 2935 4680 poenas
2972 4625 3072 4680 pro
3114 4609 3350 4678 quadam
3380 4609 3511 4665 ﬁcta

1923 4702 2081 4772 culpa
2111 4717 2171 4757 se
2220 4700 2499 4756 laturum:
2532 4708 2797 4771 rogatque
2840 4708 3049 4770 utpost
3083 4699 3291 4756 obitum
3343 4715 3507 4754 suum

1923 4794 2137 4851 eunetis
2166 4792 2426 4849 Ecclesia:
2461 4792 2718 4865 gradibus
2742 4793 3045 4860 denuntiet,
3074 4809 3143 4849 ne
3193 4793 3319 4863 quis
3344 4792 3505 4847 ﬁdem

1916 4887 2090 4962 hujus
2116 4884 2355 4940 infamiae
2376 4885 2442 4940 de
2463 4899 2529 4939 eo
2551 4883 2842 4940 contendat
2862 4866 3093 4950 habere:
3112 4889 3167 4938 et
3190 4883 3508 4938 imitaturus

1921 4979 2231 5047 exemplum
2277 4976 2544 5048 impingat
2590 4975 3000 5043 olfendiculum,
3031 4991 3089 5030 se
3142 4986 3324 5031 autem
3380 4974 3517 5030 vivo

1920 5070 2177 5126 omnibus
2200 5069 2304 5123 hoc
2332 5083 2455 5125 esse
2477 5067 2708 5123 celatum
2731 5068 3036 5138 persuadet.
3062 5065 3217 5132 Quod
3242 5068 3331 5125 ille
3354 5067 3503 5123 idem

1919 5162 2205 5233 presbyter
2234 5161 2309 5215 ita
2331 5168 2392 5214 ut
2437 5159 2700 5229 jusserat,
2760 5158 3139 5215 testimonium
3185 5158 3501 5213 innocentia

1924 5253 2046 5322 ejus
2067 5261 2121 5307 et
2143 5252 2375 5307 ﬁdeliter
2398 5250 2590 5317 tacuit,
2623 5250 2754 5306 dum
2797 5250 3018 5315 debuit;
3056 5257 3109 5304 et
3153 5259 3337 5318 aperte
3370 5264 3506 5319 pim-

1926 5348 2148 5413 dicavit,
2176 5362 2301 5401 cum
2337 5344 2541 5400 decuit.
2586 5343 2717 5398 Post
2740 5344 2857 5399 haec
2886 5342 2999 5398 Deo
3037 5342 3257 5413 dignus,
3287 5353 3506 5411 accepta

1928 5436 2146 5492 licentia
2180 5436 2445 5507 principis
2478 5444 2532 5489 et
2560 5435 2744 5504 populi
2791 5444 3031 5505 optatam
3066 5431 3297 5503 arripuit
3338 5431 3504 5496 viam,

1927 5538 1980 5584 et
2010 5537 2071 5583 ut
2093 5544 2192 5598 par
2221 5526 2342 5593 fuit,
2377 5541 2504 5582 eum
2528 5525 2681 5596 justo
2708 5525 3000 5581 deducitur
3035 5520 3409 5581 aﬂ‘ectu.~Nam
3437 5535 3506 5575 ex

1926 5629 2040 5675 tota
2067 5618 2201 5675 urbe
2222 5618 2510 5687 utriusque
2544 5632 2710 5672 sexus
2730 5617 2903 5672 eﬁ‘usa
2932 5617 3225 5673 multitudo
3251 5612 3508 5686 precibus

1926 5711 2336 5783 laehrymisque
2380 5710 2733 5780 prosequitur
2776 5718 3018 5776 euntem,
3048 5719 3103 5765 et
3144 5710 3198 5763 in
3251 5705 3511 5767 omnibus

1928 5818 2242 5861 mensuram
2265 5801 2470 5858 doloris
2502 5801 2758 5873 expendit
2786 5801 3024 5873 pretium
3054 5809 3286 5871 accepta:
3320 5794 3510 5853 chari-
