4058 6392
581 376 692 432 979

1571 366 1621 421 Μ
1628 358 1999 423 ΕίιὼΤΒΕῡΙ
2031 358 2202 416 MAGI

2291 357 2479 414 SURG.
2516 351 2847 413 MAGISTPJ
3727 343 3811 400 κθ

582 500 732 559 tatis,
758 506 886 548 cum
913 490 1117 562 pariter
1138 496 1193 546 et
1227 485 1457 545 minoris
1479 483 1713 540 fortuna:
1744 482 2037 554 populares
2067 485 2162 534 aut
2189 479 2236 537 Α
2261 483 2539 531 momento
2575 471 2900 545 pertransit,
2939 481 3061 524 esse
3102 465 3342 531 brevem,
3379 470 3435 518 et
3461 475 3689 534 penam,
3712 472 3813 531 qua

580 584 896 640 amovendaa
929 582 1270 655 paternitatis
1316 580 1518 635 damno
1570 578 1887 650 gemebant,
1937 582 2032 629 aut
2062 586 2164 643 pro

583 678 762 733 reditu
805 677 857 732 ei
904 688 1028 732 vota
1075 675 1451 748 geminabant,
1493 672 1648 726 etab
1695 685 1807 725 uno
1855 665 2163 722 dilectionis

582 770 733 825 fonte
779 771 1183 840 lachrymarum
1210 768 1406 837 duplex
1455 764 1685 819 inundat
1722 762 1999 826 materies,
2025 758 2165 813 mix-

583 873 810 933 tamque
834 864 946 917 vim
972 862 1234 927 luctibus,
1260 868 1314 914 et
1351 859 1418 913 de
1446 858 1624 913 reditu
1647 856 1810 912 dubia
1846 869 1992 923 spes,
2018 858 2073 907 et
2099 851 2166 906 de

585 958 848 1013 abscessu
894 956 1116 1010 tristitia
1163 967 1406 1023 prmsens
1448 950 1815 1005 administrat.
1877 945 1988 1002 llos
2042 943 2168 1011 ille,

586 1051 734 1108 sicut
763 1059 989 1105 noverat
1044 1048 1169 1118 pius
1198 1055 1403 1116 pastor,
1452 1043 1634 1115 amplo
1680 1040 2172 1098 commendationis

585 1142 779 1197 ordine
808 1140 1103 1205 demulcet,
1134 1148 1188 1192 et
1221 1136 1471 1193 salutatis
1509 1134 1786 1200 omnibus,
1814 1133 1961 1187 viam
1998 1132 2176 1202 ingre-

589 1236 761 1291 ditur.

1199 1346 1429 1404 CAPUT
1467 1344 1558 1402 IX.

659 1440 823 1497 Ducis
847 1442 967 1511 ﬁlia
997 1450 1261 1512 stuprata.
1289 1471 1361 1481 ——
1380 1440 1501 1508 Quo
1560 1436 1776 1509 longius
1832 1432 2177 1507 procedente,

589 1549 754 1604 supra
778 1533 909 1588 dicti
935 1532 1090 1589 ducis
1117 1533 1227 1588 ﬁlia
1256 1530 1539 1588 commissi
1564 1528 1787 1586 sceleris
1809 1526 2105 1597 publicata,
2129 1532 2184 1579 et

590 1634 715 1680 ante
732 1624 903 1695 patris
927 1625 1164 1680 tribunal
1186 1622 1582 1691 constituta,de
1604 1629 1828 1676 auctore
1850 1627 1961 1674 tam
1986 1618 2186 1673 solem-

589 1719 679 1775 nis
708 1719 923 1789 injuria:
958 1720 1299 1774 convenitur.
1324 1718 1571 1788 Cumque
1590 1717 1705 1781 diu,
1729 1713 1968 1770 femineo
2004 1720 2184 1778 metu,

2264 568 2431 621 vitam
2466 580 2763 636 perennem
2806 563 2983 627 aﬁ'ert,
3014 576 3137 616 esse
3168 559 3363 614 levem.
3391 555 3687 612 Discrimen
3721 565 3809 625 α,

2264 658 2459 728 inquit,
2493 671 2745 727 parvum,
2780 653 2973 711 mortis
3003 652 3168 722 hujus
3193 651 3349 715 hora,
3382 664 3550 719 quam
3598 648 3738 704 bona:
3756 649 3812 704 lio

2264 752 2352 808 dei
2376 759 2565 820 pectus
2588 749 2718 803 dum
2741 748 3008 817 patienter
3054 743 3254 813 excipit
3296 741 3617 796 aeternitatis
3641 740 3815 796 deside-

2266 842 2352 896 rio
2379 840 2637 895 transilit.
2665 838 2820 893 Unde
2847 836 3141 891 videndum
3167 844 3340 889 estne
3366 847 3470 886 nos
3497 831 3652 885 timor
3668 839 3815 885 stran-

2271 933 2418 1005 gulet
2469 941 2764 1001 antequam
2819 928 3034 983 timoris
3090 941 3258 981 causa
3306 923 3626 988 conveniat;
3668 922 3744 977 cui
3778 923 3816 978 si

2272 1040 2470 1079 manus
2497 1024 2718 1088 dantur,
2751 1018 3116 1091 periculosius
3167 1016 3355 1087 punit,
3392 1030 3558 1084 quam
3602 1013 3819 1067 interem-

2273 1124 2417 1187 ptor.
2451 1113 2547 1169 llic
2568 1113 2769 1168 etenim
2796 1127 2862 1166 cx
2892 1110 3119 1165 adversa
3163 1106 3357 1161 militia
3392 1105 3615 1160 tetricus
3651 1103 3821 1174 pariter

2276 1217 2331 1263 et
2351 1206 2702 1277 turpissimus
2722 1203 3070 1274 profligator;
3118 1215 3280 1271 quem
3330 1198 3425 1253 ille
3458 1196 3669 1266 ceperit,
3693 1205 3819 1250 antea

2278 1299 2511 1356 moritur
2532 1312 2695 1369 quam
2724 1295 3003 1366 puniatur.
3033 1291 3285 1358 Moritur,
3343 1290 3589 1359 inquam,
3618 1303 3714 1342 non
3745 1302 3819 1341 so-

2280 1393 2394 1447 lum
2430 1391 2679 1460 turpiter,
2716 1401 2904 1442 verum
2935 1382 3244 1448 infeliciter,
3279 1381 3413 1451 quia
3461 1388 3515 1434 et
3545 1387 3720 1449 sponte
3759 1378 3821 1431 si-

2283 1484 2397 1540 mul
2420 1492 2474 1537 et
2494 1483 2613 1538 sine
2643 1494 2739 1551 spe
2759 1478 2986 1533 tollitur.
3018 1475 3123 1542 Qui
3145 1474 3291 1529 enim
3346 1472 3562 1527 diversa
3603 1468 3702 1540 pati
3746 1482 3823 1537 pro

2281 1576 2494 1648 justitia
2516 1572 2728 1640 diﬁidit,
2762 1579 2819 1626 ct
2841 1570 2960 1627 sine
2982 1567 3089 1624 ﬁde
3128 1565 3364 1623 moritur
3394 1571 3452 1619 et
3495 1563 3608 1617 sine
3632 1561 3722 1615 ﬁne
3742 1575 3824 1630 pu-

2287 1668 2454 1724 nitur.

2891 1750 3123 1810 CAPUT
3175 1748 3268 1805 XI.

590 1812 816 1883 spiritus
851 1813 1246 1884 obtupesceret,
1272 1821 1328 1869 et
1348 1814 1652 1868 alternante
1681 1810 1879 1864 timore
1910 1807 2113 1878 pariter
2133 1814 2187 1860 et
2217 1825 2262 1885 Β
2367 1851 2483 1905 nux
2526 1850 2733 1922 juvenis
2761 1807 2919 1920 plecti
2939 1807 2948 1809 '
2966 1807 3142 1916 gub“.
3170 1874 3242 1883 __
3266 1839 3400 1895 Haec
3431 1854 3498 1893 eo
3520 1837 3826 1907 prosequente

590 1924 779 1964 amore
798 1910 985 1980 lingua
1015 1909 1266 1976 htercret,
1311 1906 1657 1978 arguentium
1688 1904 1893 1973 impetu
1915 1908 2183 1965 coartata,

590 2003 651 2058 in
679 2002 987 2058 innocentis
1001 2001 1241 2072 episcOpi
1260 2014 1550 2070 personam
1568 1997 1804 2052 dedecus
1821 2009 1983 2050 suum
2001 1991 2188 2062 conje-

591 2095 686 2150 cit.
715 2093 835 2160 Quo
865 2101 1020 2162 pater
1040 2093 1245 2157 audito,
1271 2100 1424 2146 tanto
1447 2086 1841 2145 vehementiori
1860 2084 2188 2157 indignatio-

593 2202 664 2240 ne
695 2184 1038 2249 ﬁ-ammescit,
1069 2190 1276 2253 quanto
1307 2180 1519 2236 altioris
1544 2179 1827 2251 dignitatis
1853 2176 1997 2233 fastu
2040 2175 2188 2230 intu-

596 2276 767 2342 muit;
818 2282 1150 2345 acceptoque
1186 2287 1448 2328 mucrone
1491 2271 1560 2326 ad
1609 2268 2028 2340 extinguendam
2062 2280 2190 2337 pro-

596 2370 774 2441 priam
789 2369 1033 2424 sobolem
1055 2369 1186 2435 ruit,
1202 2358 1593 2438 perﬁ‘ceretque
1617 2364 1850 2430 facinus,
1864 2364 1971 2418 nisi
1995 2378 2191 2418 manus

596 2462 970 2519 assistentium
999 2463 1233 2533 puellam
1251 2460 1555 2515 imminenti
1577 2457 1819 2530 pericqu
1840 2457 2186 2513 subduceret.

596 2554 958 2626 Prosequitur
997 2563 1179 2609 autem
1230 2561 1441 2608 tantum
1461 2549 1727 2607 sententia
1757 2547 1999 2604 furorem
2025 2562 2188 2611 saeva,

597 2664 729 2703 nam
767 2647 1170 2702 exhteredatam
1210 2646 1264 2699 in
1299 2644 1558 2700 Ausoniae
1610 2641 1908 2712 longinqua
1957 2640 2189 2709 relegat,

600 2748 863 2809 perpetuo
878 2738 1212 2808 puniendam
1237 2737 1421 2801 exilio,
1443 2751 1607 2805 quam
1656 2748 1937 2803 nunquam
1964 2732 2194 2786 misera-

602 2832 681 2885 tio
704 2838 931 2901 paterna
953 2830 1256 2885 revocavit:
1281 2828 1411 2899 quia
1442 2825 1853 2883 inconsolabilis
1896 2831 1983 2879 est
2015 2822 2192 2889 dolor,

604 2937 768 2992 quem
792 2922 933 2977 altus
954 2922 1255 2977 nutrit-erat
1276 2920 1469 2990 pudor.
1516 2918 1653 2972 Huic
1697 2916 1905 2987 judicio
1934 2915 2195 2985 Lamper-

607 3022 698 3069 tus
727 3014 921 3084 puellae
951 3029 1245 3084 germanus
1289 3010 1553 3076 interfuit,
1605 3025 1768 3080 quem
1816 3007 2061 3080 grandis,
2094 3021 2196 3076 pro

606 3105 930 3163 confusione
959 3105 1185 3170 sororis,
1218 3104 1419 3158 invasit
1440 3103 1688 3169 tristitia;
1747 3100 1969 3171 etquod
2003 3100 2197 3169 juven-

610 3200 713 3255 tuti
738 3198 1007 3254 familiare
1028 3206 1130 3264 est,
1158 3213 1259 3268 pro
1292 3196 1430 3253 falsa
1474 3196 1579 3251 ﬁde
1611 3195 1755 3265 cepit
1792 3210 1916 3263 etim
1964 3201 2197 3247 temera-
2224 3176 2266 3233 Ο

607 3293 728 3347 rius
751 3290 927 3358 furor,
976 3307 1105 3346 nam
1154 3290 1325 3344 mixto
1348 3288 1535 3343 dolore
1569 3295 1857 3358 postquam
1904 3283 2201 3342 bestialiter

611 3384 902 3450 cll'remuit,
950 3383 1089 3438 iram
1143 3382 1293 3438 subit
1346 3380 1604 3447 amentia,
1656 3379 1895 3450 ﬂetuque
1952 3376 2202 3448 deposito

614 3477 831 3548 prosilit
858 3477 925 3532 ad
958 3476 1277 3532 vindictam.
1314 3473 1546 3544 Sumpto
1574 3472 1763 3542 itaque
1800 3470 2065 3527 comitatu
2089 3483 2201 3523 non

614 3584 815 3639 pauco,
846 3575 1104 3639 properat
1133 3566 1313 3621 virum
1340 3564 1436 3619 Dei
1465 3561 1738 3635 persequi.

1237 3676 1465 3734 CAPUT
1504 3674 1574 3733 X.

693 3773 928 3844 Hymnus
961 3774 1104 3827 canit
1120 3766 1848 3826 Emmerammus.——lnterea
1864 3781 2068 3822 sancta:
2089 3780 2204 3844 me:

617 3867 808 3923 muriae
843 3864 1004 3921 Pater
1032 3867 1194 3919 trium
1225 3865 1437 3919 dierum
1469 3876 1691 3916 cursum
1720 3859 1997 3930 explicuit,
2045 3865 2100 3912 et
2147 3834 2205 3912 in

616 3960 799 4013 vicum
831 3957 1121 4028 quemdam
1143 3951 1518 4025 Helphandorf
1536 3960 1931 4022 nuncupatum,
1968 3950 2060 4004 ubi
2083 3948 2207 4003 fons

619 4048 925 4121 perspicuis
963 4049 1224 4117 manabat
1278 4047 1456 4117 aquis,
1510 4059 1790 4098 morarum
1825 4059 2025 4098 causas
2047 4043 2207 4097 inne-

620 4143 721 4198 ctit
778 4141 986 4206 sociis,
1046 4140 1264 4195 inventa
1316 4136 1537 4210 gerendi
1587 4136 1853 4205 quidlibet
1896 4135 2207 4191 occasione.

622 4232 938 4288 Mensenim
960 4231 1146 4287 divino
1204 4246 1387 4284 amore
1438 4228 1689 4295 lustrata,
1754 4226 1847 4281 ubi
1892 4227 2210 4282 certaminis

625 4340 883 4395 campum
906 4323 1134 4390 invenit,
1168 4323 1220 4376 in
1246 4324 1538 4378 adventum
1564 4318 1849 4390 temporis,
1886 4335 2040 4374 arma
2086 4318 2211 4373 ﬁdei

624 4428 681 4476 et
709 4416 1054 4484 constantia,
1106 4415 1220 4486 spei
1263 4423 1317 4470 et
1336 4412 1601 4468 orationis
1638 4428 1824 4484 opera,
1868 4411 2210 4477 subornavit,

2290 1942 2545 1999 funestus
2571 1939 3024 2013 irrupitjuvenis,
3048 1946 3103 1992 et
3133 1944 3194 1990 ut
3227 1935 3283 1989 in
3324 1948 3391 1987 ea
3420 1931 3578 1985 domo
3611 1927 3730 1996 lapis
3758 1925 3823 1992 ja‘

2290 2037 2422 2103 cuit,
2456 2052 2622 2106 super
2642 2051 2767 2090 eum
2791 2032 2991 2089 baculo
3050 2027 3267 2083 inclinis
3299 2033 3479 2087 stans,
3529 2018 3703 2074 adduci
3748 2015 3829 2070 sibi

2289 2128 2510 2183 beatum
2533 2105 3010 2181 Emmerammum
3036 2119 3381 2175 turbulenter
3402 2112 3702 2184 proclamat.
3737 2105 3827 2172 Qua

2290 2218 2526 2275 adducto
2569 2218 2887 2273 ardentibus
2933 2222 2988 2269 et
3033 2210 3208 2267 oculis
3244 2216 3299 2263 et
3353 2204 3554 2260 animis
3597 2208 3829 2268 exceptum

2291 2310 2621 2367 mordaciter
2644 2310 2878 2364 irridens
2910 2319 3169 2377 generum
3197 2300 3457 2371 appellat.
3490 2295 3637 2363 Quod
3658 2292 3735 2346 Dei
3748 2306 3821 2352 ca-

2291 2404 2485 2460 cerdos
2507 2403 2657 2473 justa
2679 2400 3036 2457 detestatione
3062 2411 3186 2453 cum
3220 2393 3537 2463 denegaret,
3561 2389 3641 2442 ille
3680 2398 3823 2455 prose.

2291 2497 2500 2567 quitur,
2518 2496 2598 2550 ira
2634 2492 3038 2549 contumaciam
3079 2488 3434 2557 dispumante
3466 2492 3519 2537 et
3543 2480 3691 2551 ignita
3709 2478 3829 2546 jacu-

2292 2588 2437 2643 latur
2462 2586 2776 2657 opprobria,
2805 2584 3133 2650 tandemque
3160 2577 3381 2632 intulit:
3438 2593 3458 2626 ι
3514 2571 3724 2625 Ruinam
3751 2580 3827 2619 ηοω

2293 2689 2420 2736 strze
2441 2680 2635 2733 domus
2658 2676 3006 2739 sustulimus,
3057 2669 3433 2725 calamitatem
3489 2671 3707 2718 nostram
3732 2670 3829 2726 pro-

2295 2772 2563 2836 veximus,
2592 2767 2906 2824 incendium
2952 2762 3139 2835 gloriae
3162 2769 3367 2814 nostra:
3389 2758 3446 2810 in
3487 2754 3599 2809 sinu
3623 2748 3827 2804 fovimus.

2295 2861 2499 2933 thuid
2537 2876 2666 2931 ergo
2688 2859 2830 2930 patri
2853 2856 3043 2919 ﬁliam,
3069 2851 3201 2906 mihi
3224 2861 3477 2905 sororem
3506 2858 3667 2933 meam
3694 2837 3829 2933 fied:-

2296 2931 2402 3011 sti‘i
2443 2953 2607 3007 Plena
2631 2950 2918 3005 libidinum
2955 2955 3177 3001 tuarum
3216 2942 3379 3011 virgo
3435 2936 3597 3007 regia,
3642 2931 3829 2986 dedecus

2297 3046 2513 3118 generis
2539 3053 2593 3098 et
2637 3043 2897 3097 damnum
2952 3037 3179 3109 pudoris
3229 3030 3505 3101 exposuit.
3557 3025 3701 3079 Risus
3735 3020 3833 3073 hos-

2299 3109 2461 3203 iium,
2508 3151 2712 3192 mmror
2765 3132 2960 3205 patris,
2984 3124 3429 3186 luctusfratris,
3473 3120 3655 3191 pignus
3694 3109 3832 3205 nobile

2303 3232 2597 3286 damnatur
2620 3236 2681 3283 ut
2709 3235 2979 3282 scortum.
3005 3220 3243 3276 Hoccinc
3275 3224 3363 3272 est
3391 3213 3688 3285 episcopum
3714 3199 3833 3257 esse?

2304 3320 2541 3377 Hoccine
2563 3328 2649 3376 est
2669 3317 2909 3374 amicum
2931 3314 3091 3371 esse?
3138 3310 3254 3365 Hoc
3282 3317 3373 3364 est
3409 3299 3742 3362 testimonium
3763 3307 3831 3346 re-

2304 3412 2561 3487 ligionis?
2591 3412 2705 3468 Hoc
2733 3410 2995 3467 indicium
3047 3405 3263 3477 pietatis
3296 3401 3448 3456 tute?
3471 3396 3611 3451 Hanc
3656 3386 3831 3463 gratiam

2304 3507 2517 3563 meritis
2540 3505 2745 3560 nostris
2767 3499 3055 3574 rependis?
3079 3497 3173 3569 qui
3202 3504 3254 3550 te
3290 3494 3553 3548 advenam
3583 3495 3629 3541 et
3651 3492 3831 3574 egenum

2305 3600 2508 3657 nostris
2532 3598 2692 3654 bonis
2721 3598 2776 3651 in
2807 3591 3163 3650 reverentiam
3207 3585 3381 3641 totius
3407 3580 3585 3655 populi
3605 3569 3834 3631 aediﬁcavi—

2305 3710 2450 3750 mus.
2478 3693 2593 3749 Sub
2616 3695 2728 3746 haec
2757 3688 2915 3743 miles
2940 3683 3180 3741 Christi:
3204 3680 3344 3745 lmo,
3376 3675 3575 3746 inquit,
3604 3669 3688 3733 ﬁli,
3710 3665 3831 3718 aliam

2305 3795 2361 3842 et
2393 3787 2552 3854 longe
2579 3780 2901 3857 dissimilem
2922 3775 3154 3848 gratiam
3186 3781 3239 3827 et
3260 3778 3446 3825 vestra
3493 3762 3668 3820 merita
3694 3765 3738 3810 et
3766 3766 3834 3806 no-

2308 3889 2421 3935 stra
2458 3851 2711 3932 voluntas
2741 3870 2997 3941 exquirit.
3050 3864 3287 3919 Proinde
3336 3863 3494 3916 bonae
3515 3856 3638 3926 spei,
3680 3851 3835 3941 bertam

2307 3971 2467 4025 ﬁdem
2500 3966 2700 4021 habere
2724 3938 2993 4025 debuisti;
3018 3974 3147 4012 nam
3180 3957 3269 4010 illa
3296 3951 3537 4023 suspicio
3558 3962 3657 4002 non
3676 3938 3830 4013 proba-

2308 4073 2418 4128 tur,
2447 4074 2571 4131 qum
2592 4072 2769 4126 neque
2792 4055 2951 4109 ﬁdem
2977 4051 3146 4107 trahit
3173 4065 3203 4103 a
3236 4045 3545 4119 praeteritis,
3568 4052 3719 4107 neque
3735 4044 3834 4131 ςξιῑν

2310 4165 2431 4206 sam
2465 4120 2631 4203 habet
2669 4120 2737 4200 ex
2793 4140 3023 4198 meritis.
3069 4139 3182 4193 Cur
3212 4136 3362 4191 enim
3395 4135 3528 4189 bene
3568 4120 3837 4184 merentibus

2312 4241 2583 4304 obessem,
2614 4236 2708 4308 qui
2733 4235 2818 4289 vel
2842 4232 2983 4288 male
3018 4228 3357 4285 merentibus
3400 4239 3537 4294 saepe
3563 4206 3838 4292 profueram?

2312 4330 2546 4388 Proinde
2571 4338 2652 4395 tu,
2675 4342 2840 4399 quem
2868 4339 3045 4395 neque
3065 4329 3288 4393 propter
3313 4319 3493 4375 minas
3521 4316 3685 4373 timeo,
3705 4314 3838 4399 neque

2313 4431 2536 4495 propter
2567 4421 2822 4476 timorem
2846 4431 3066 4481 moneo,
3095 4414 3306 4483 depone
3334 4405 3689 4481 pertinaciam,
3721 4391 3839 4492 differ

627 4514 705 4571 ita
753 4522 813 4569 ut
846 4522 1037 4583 stupor
1092 4483 1388 4580 discipulos
1446 4483 1757 4574 invaderet,
1809 4514 2023 4561 tantum
2064 4503 2202 4574 quod

2291 4545 2294 4566 ι
2320 4517 2566 4571 animum
2589 4510 2941 4582 suspicionis,
2971 4516 3025 4563 et
3054 4506 3169 4562 redi
3200 4504 3267 4560 ad
3305 4500 3707 4572 experimentum
3734 4483 3840 4583 veri-

627 4606 940 4678 pontiﬁcem
966 4611 1238 4676 gravaret.
1290 4600 1459 4672 Igitur
1492 4600 1711 4656 circiter
1737 4600 1930 4654 horam
1965 4598 2072 4653 diei
2116 4606 2222 4651 ter-

627 4701 763 4755 tiam
799 4699 1109 4754 celebrante
1146 4696 1241 4751 illo
1272 4693 1570 4749 canonicos
1598 4693 1852 4763 hymnos,
1875 4700 1930 4745 et
1976 4689 2220 4745 debitum

631 4794 870 4849 oﬁicium
899 4791 1002 4847 sub
1027 4798 1343 4846 sanctarum
1374 4785 1690 4842 testimonio
1728 4782 2085 4854 reliquiarum
2106 4780 2219 4835 sol-

631 4893 815 4952 vente,
843 4882 1064 4956 juvenis
1129 4880 1391 4952 przefatus
1423 4876 1818 4949 superveniens
1856 4874 2219 4946 praecipitium

632 4980 816 5038 cordis
840 4992 1046 5033 vesano
1068 4974 1304 5029 tumultu
1335 4969 1667 5043 designavit,
1695 4983 1821 5022 nam
1852 4965 2222 5022 multitudinis

633 5087 793 5128 arma
817 5068 1028 5134 collisa,
1051 5064 1339 5121 minaciter
1372 5061 1600 5132 inquirit
1643 5075 1847 5115 nomen
1910 5056 2185 5127 pontiﬁcis
2205 5097 2220 5121 ,

637 5160 922 5219 comitatui
988 5158 1109 5228 ejus
1150 5169 1411 5227 magnum
1454 5166 1710 5222 pavorem
1765 5149 2017 5204 incussit.
2072 5146 2227 5202 Unde

640 5255 836 5311 festina
876 5250 1268 5322 trepidatione.
1322 5248 1466 5302 sicut
1511 5246 1601 5312 ﬁt,
1651 5244 1720 5300 ad
1781 5243 1984 5299 ostium
2029 5243 2228 5297 domus

643 5356 1019 5413 occurrentes,
1056 5362 1349 5419 postquam
1410 5350 1654 5406 habitum
1683 5347 1887 5403 furoris
1908 5356 1962 5402 et
2012 5345 2227 5400 turbam

647 5448 1040 5510 cognoverunt,
1099 5440 1253 5493 illum
1298 5441 1416 5495 haec
1459 5440 1678 5494 inimica
1722 5437 2002 5493 intendere
2057 5434 2235 5490 timidi

647 5531 1106 5604 praenuntiabant.
1146 5530 1390 5597 Quorum
1413 5534 1502 5588 ille
1532 5532 1719 5603 pavori
1751 5547 1818 5586 ex
1869 5545 2073 5586 arcano
2105 5528 2238 5583 soli-

649 5628 733 5682 de
783 5624 894 5693 spei
920 5624 1103 5678 retulit
1149 5641 1296 5691 orsa,
1330 5627 1538 5693 dicens,
1571 5627 1861 5681 adventum
1892 5637 2080 5679 eorum
2130 5636 2239 5676 non

652 5719 846 5774 aﬁ‘erre
877 5718 979 5773 sibi
1011 5719 1260 5774 timorem
1294 5735 1391 5789 per
1417 5735 1578 5790 quem
1608 5727 1661 5773 et
1685 5716 1930 5773 molestia
1962 5721 2167 5785 pereat,
2187 5722 2241 5768 et

651 5812 851 5890 gaudia
875 5813 995 5871 sine
1018 5813 1125 5870 ﬁne
1150 5814 1450 5872 succedant
1493 5831 1505 5865 :
1555 5812 1800 5868 dolorem
1834 5807 2105 5880 corporis,
2147 5807 2241 5878 qui

2329 4608 2477 4675 tatis,
2508 4622 2576 4660 ne
2595 4613 2815 4675 propter
2844 4600 3204 4657 temeritatem
3258 4606 3410 4651 tuam
3444 4593 3670 4646 incurras
3694 4574 3838 4635 iueri-

2331 4702 2486 4756 tium.
2527 4698 2610 4753 Ad
2672 4697 2864 4752 limina
2919 4701 3236 4750 sanctorum
3289 4685 3643 4758 apostolorum
3662 4675 3839 4768 Romam

2330 4795 2410 4850 ire
2437 4791 2672 4856 decrevi,
2703 4789 2797 4844 ubi
2823 4786 3143 4844 cathedram
3176 4781 3372 4836 Petrus
3420 4775 3613 4837 habuit,
3645 4778 3774 4856 quem
3797 4771 3837 4811 ιη

2330 4885 2570 4941 Ecclesia
2601 4898 2701 4937 sua
2722 4894 3007 4936 censorem
3041 4873 3286 4931 veritatis
3317 4869 3523 4924 Veritas
3564 4864 3663 4932 ipsa
3699 4854 3838 4950 dispo-

2328 4978 2457 5034 suit.
2510 4974 2686 5044 Hujus
2713 4972 2951 5027 vicarius
3002 4966 3238 5024 sicutab
3262 4963 3451 5019 eodem
3484 4959 3594 5011 loco
3630 4959 3675 5004 et
3697 4943 3838 5044 ordth

2294 5133 2309 5145 O
2329 5070 2495 5125 trahit
2517 5035 2802 5131 honorem,
2827 5065 2907 5119 sic
2948 5062 3017 5116 ab
3041 5060 3231 5115 eadem
3282 5063 3429 5110 tenet
3458 5043 3784 5142 auctoritatem
3799 5035 3838 5082 et

2329 5162 2450 5231 ejus
2467 5159 2741 5231 judicium
2768 5171 2878 5211 non
2909 5153 3135 5217 fallitur,
3166 5148 3313 5220 quod
3344 5152 3556 5201 auctore
3575 5132 3757 5190 Christo

2330 5226 2551 5308 lidatur.
2583 5250 2661 5306 Ibi
2685 5264 2815 5320 ergo
2844 5248 2928 5301 vel
2964 5261 3059 5316 per
3087 5254 3140 5297 te
3167 5242 3251 5296 vel
3278 5256 3374 5310 per
3407 5226 3836 5320 nuntium

2335 5361 2413 5401 ca:
2437 5340 2860 5399 examinationis
2887 5338 3103 5409 pondus
3124 5335 3190 5389 de
3215 5330 3439 5402 objectis
3459 5305 3834 5409 experiri‘liCChllb

2338 5446 2613 5509 quatenus
2640 5402 2912 5503 obligatus
2949 5438 3043 5484 aut
3065 5427 3348 5483 absolutus
3378 5418 3623 5509 inveniar.

2339 5536 2522 5582 autem
2588 5520 3024 5578 mansuetudinis
3086 5516 3328 5581 oraculo,
3377 5512 3483 5566 vim
3548 5492 3835 5558 animositate

2340 5636 2482 5676 emea
2516 5616 2733 5690 tyranni
2764 5612 3117 5685 praesumptio
3165 5608 3349 5664 furore
3376 5602 3593 5661 lavabat,
3620 5583 3832 5690 baculu‘nt:

2341 5729 2467 5784 ‘1“‘3,
2500 5678 2662 5782 quem
2710 5678 2876 5762 manu
2927 5678 3189 5777 gestabat,
3251 5700 3381 5756 tanti
3430 5678 3832 5784 patrisin.

2346 5770 2587 5878 impegit,
2619 5812 2671 5858 et
2701 5818 2811 5858 non
2854 5770 3120 5856 reveritus
3170 5795 3368 5866 templo
3410 5780 3606 5843 Domini
3650 5770 3829 5831 funt-’5'“
