4058 6394
199 391 313 449 Oli

1456 395 1618 453 VITA
1653 396 1712 454 Β.
1756 398 2200 459 EMMERAMMI.

3372 407 3496 465 Μ

195 506 435 577 injicere
486 518 705 574 manus,
755 505 934 563 socios
988 507 1238 565 nefandis
1292 510 1513 581 instigat
1542 512 1788 577 vocibus,
1819 514 2147 570 Asalutaris
2174 515 2409 569 hostiam
2465 514 2729 583 fastidire,
2782 532 2909 573 cum
2961 533 2992 573 e
3030 527 3220 575 contra
3268 534 3500 592 magna?

195 609 482 668 quatenus
510 600 846 654 vineulatum
877 599 1193 655 deformiter
1213 603 1511 657 traherent.
1543 600 1796 657 Factum-

192 702 315 757 que
338 695 422 741 est
453 688 551 751 sic,
581 696 639 741 ut
663 689 959 742 assentatio
984 705 1197 759 semper
1245 690 1507 745 declivem
1551 691 1796 762 tyrannis

193 777 469 847 impetum
529 777 679 845 facit,
706 789 764 834 ut
815 796 847 833 a
877 781 1142 835 militibus
1180 782 1325 837 illico
1351 782 1602 849 vallatus,
1635 792 1688 837 et
1709 798 1795 838 re-

191 870 424 943 ligionis
455 874 699 928 vestibus
744 860 961 941 exutus,
1001 874 1058 929 in
1087 875 1324 945 hospitio
1356 875 1601 945 ipsorum
1633 890 1791 945 super

191 964 408 1019 scalam
432 963 656 1020 funibus
687 966 1064 1036 stringeretur.
1097 964 1211 1021 Iloc
1232 981 1372 1021 ausu
1393 974 1505 1020 tam
1530 966 1793 1022 scelerato

190 1057 478 1124 perterriti
512 1057 741 1112 comites
785 1059 964 1113 sancti
1018 1059 1143 1125 viri,
1201 1060 1512 1130 dill'ugiunt,
1560 1060 1793 1130 exempli

190 1145 431 1213 majoris
491 1146 748 1217 imagine,
796 1148 1177 1216 propheticum
1237 1148 1523 1218 implentes
1591 1165 1793 1219 pratsa-

191 1236 376 1308 gium,
416 1252 528 1307 quo
554 1238 781 1292 dicitur:
826 1257 844 1290 ‹
885 1237 1118 1295 Percute
1168 1249 1466 1309 pastorem,
1494 1241 1792 1311 etldisper-

190 1336 402 1400 geritur
431 1343 561 1385 oves
594 1331 773 1401 gregis
809 1330 1028 1402 (Matth.
1081 1333 1253 1404 xxvi).
1300 1353 1318 1385 ι
1359 1332 1639 1391 Pretiosus
1688 1351 1790 1390 au-

190 1424 315 1473 tem
343 1417 549 1475 Christi
579 1428 809 1492 martyr,
830 1422 960 1477 olim
993 1423 1244 1478 devotam
1270 1423 1512 1480 animam
1547 1426 1788 1482 oblatum

191 1510 272 1564 iri
307 1509 418 1566 Deo
439 1514 798 1583 perpendens,
821 1524 1028 1585 quanto
1050 1517 1275 1571 arctiori
1309 1517 1626 1573 discrimine
1652 1534 1788 1573 con-

189 1601 498 1673 ﬂigendum
521 1606 625 1660 sibi
648 1607 918 1678 cognovit,
934 1617 1087 1662 tanto
1110 1610 1385 1665 attentiori
1401 1611 1786 1678 sollicitudine,

192 1694 271 1747 ad
295 1695 540 1751 victoriae
564 1713 678 1753 suae
701 1698 896 1753 ducem
941 1698 1225 1755 Christum
1262 1716 1320 1756 se
1350 1702 1602 1768 contulit,
1657 1702 1789 1757 foris

190 1788 484 1855 patientia,
512 1790 764 1859 precibus
793 1791 940 1846 intus
966 1802 1230 1858 armatus,
1256 1801 1369 1848 toto
1393 1793 1641 1848 videlicet
1673 1794 1786 1863 spi-

1897 606 1969 660 sit
2013 607 2333 663 obedientize
2400 609 2721 664 sententiam
2775 610 2976 680 judicis
3028 620 3361 682 exspectare.
3410 612 3480 666 At

1895 701 2172 769 quomodo
2200 716 2362 772 grave
2386 709 2472 758 est
2499 703 2730 773 pigritiae
2753 712 2881 773 tum,
2925 704 3161 760 ofﬁcium
3188 706 3345 760 nobis
3373 706 3479 760 hu-

1895 790 2174 846 manitatis
2201 800 2256 846 et
2274 793 2543 848 exhausto
2569 795 2858 851 tormentis
2891 796 3099 865 pectori
3122 794 3495 867 refrigerandi

1894 882 2106 951 copiam
2128 884 2406 953 praebere?
2438 885 2557 940 dies
2578 893 2703 941 tuos
2735 887 2850 941 haec
2872 888 3087 943 exactio
3114 895 3386 956 torqueat,
3421 897 3493 943 ut'

1893 971 2108 1041 quoties
2154 973 2446 1042 cujuslibet
2484 975 2701 1045 generis
2744 984 2933 1045 potum
2958 992 3165 1043 sumas,
3198 975 3497 1032 alienatio—

1892 1078 2018 1119 nem
2052 1065 2250 1121 mentis
2285 1066 2558 1132 incurras,
2586 1067 2720 1122 nulli
2759 1068 3063 1137 periculum
3096 1069 3331 1135 laturus,
3386 1069 3483 1123 sed

1890 1157 2199 1226 exemplum
2223 1158 2603 1213 inobcdicntia:
2624 1160 2728 1214 hoc
2778 1168 2904 1231 typo
2941 1160 3179 1217 futurus.
3229 1181 3248 1212 ι
3310 1158 3497 1230 Cujus

1892 1249 2176 1304 sententiae
2197 1250 2308 1304 vim
2333 1250 2475 1304 idem
2502 1248 2695 1305 Vitalis
2731 1252 2939 1318 multis,
2967 1252 3169 1322 quibus
3191 1261 3379 1322 postea
3405 1252 3485 1305 vi-

1891 1349 2045 1395 xerat
2077 1342 2258 1409 annis,
2291 1352 2551 1412 expertus
2582 1351 2684 1398 cst.
2714 1341 2852 1397 Nam
2876 1344 3091 1413 quoties
3112 1344 3351 1413 aliquem
3384 1359 3486 1413 gu-

1891 1432 2069 1487 stabat
2092 1443 2300 1502 potum,
2325 1433 2473 1487 illico
2494 1442 2672 1487 mente
2693 1441 2887 1502 captus
2930 1448 3026 1502 per
3070 1433 3224 1487 urbis
3276 1431 3497 1501 plateas

1889 1539 2093 1594 perque
2124 1525 2241 1578 loca
2268 1534 2548 1595 petrarum
2584 1525 2838 1594 abrupta,
2865 1532 2921 1579 et
2943 1532 3300 1578 monumenta
3335 1538 3485 1577 mor-

1891 1622 2108 1669 tuorum
2143 1616 2504 1671 discurrendo
2530 1616 2846 1670 terribiliter
2868 1615 3261 1686 perstrepebat,
3304 1623 3359 1669 et
3404 1623 3486 1667 ta-

1892 1724 2015 1763 men
2044 1709 2117 1763 ita
2146 1708 2418 1779 stupidus,
2446 1708 2581 1763 nulli
2619 1707 2724 1764 fuit
2751 1709 3112 1779 periculosus.
3153 1706 3307 1777 Saepe
3340 1719 3500 1775 quo--

1892 1816 1999 1871 que
2020 1802 2100 1857 sic
2119 1809 2381 1872 evagatus
2407 1808 2509 1866 est,
2542 1807 2603 1855 ut
2621 1815 2719 1870 per
2771 1800 3057 1856 cacumina
3088 1800 3323 1855 turrium
3353 1813 3484 1852 cur-

191 1879 311 1934 ritu
367 1881 443 1934 illi
494 1882 785 1950 inhaerens,
823 1884 982 1953 cujus
1033 1901 1186 1939 amor
1215 1885 1459 1940 animum
1515 1885 1783 1952 delinirct,
1820 1865 1863 1920 Β
1890 1903 2063 1959 νει-ει,
2087 1901 2141 1947 et
2172 1894 2529 1963 pracipitium
2552 1893 2777 1947 minime
2802 1894 3077 1947 toleraret.
3102 1892 3374 1946 Caeterum
3402 1889 3501 1943 vir-

189 1971 333 2027 dum
362 1973 595 2029 crudelis
621 1989 781 2045 pmna
807 1991 1006 2045 cmpus
1027 1976 1272 2032 laniaret.

808 2067 1039 2123 CAPUT
1079 2067 1193 2123 XII.

269 2154 654 2212 Emmerammz‘
678 2176 867 2229 corpus
932 2168 1185 2215 secutum.
1209 2190 1281 2200 —-
1313 2159 1523 2216 Interea
1547 2160 1789 2231 quinque

190 2248 550 2306 carniﬁcibus
579 2251 646 2306 ad
676 2252 972 2307 secandum
1016 2253 1361 2308 membratim
1392 2261 1555 2324 atque
1583 2253 1791 2308 articu-

192 2330 354 2398 latﬂ'n
405 2347 542 2401 tanti
592 2347 891 2403 sacerdotis
946 2348 1355 2417 corpusculum,
1395 2356 1455 2403 ut
1507 2347 1789 2403 bcstialem

194 2438 417 2509 tyranni
456 2440 701 2494 animum
726 2440 1015 2510 multiplici
1078 2440 1303 2495 vulnere
1334 2449 1638 2511 pascerent,
1682 2440 1791 2495 cle-

195 2531 330 2596 ctis,
353 2530 531 2586 divisa
572 2541 658 2587 est
698 2534 967 2588 sententia
1009 2541 1299 2587 tortorum.
1338 2532 1547 2603 Quippe
1590 2533 1699 2588 duo
1722 2548 1790 2588 ex

198 2620 355 2691 ipsis,
381 2622 711 2679 detestantes
748 2634 856 2678 tam
884 2624 1100 2679 crudele
1126 2624 1383 2692 cilicium,
1425 2626 1641 2685 veniam
1689 2641 1789 2695 po-

197 2713 497 2781 stulabant,
528 2731 595 2770 ne
647 2732 745 2785 pro
766 2716 860 2770 illo
904 2716 1145 2772 facinore
1188 2718 1404 2788 puniret
1440 2734 1536 2773 eos
1553 2719 1788 2787 justitia,

197 2805 268 2860 ad
290 2807 438 2875 quod
474 2823 582 2862 non
605 2808 879 2874 voluntas,
923 2809 1016 2863 sed
1045 2808 1261 2864 Domini
1312 2811 1397 2865 sui
1441 2820 1659 2882 cogeret
1686 2828 1791 2866 sa:-

199 2897 328 2951 vitia
353 2915 366 2962 ;
418 2899 597 2953 caeteri
618 2915 747 2954 vero
768 2916 904 2955 vana
934 2916 1033 2970 pro
1053 2902 1196 2958 veris
1211 2903 1561 2970 :estimantes,
1578 2903 1790 2973 Manus,

199 2987 474 3057 inquiunt,
508 2990 781 3060 impudice
835 2992 1154 3047 mulieribus
1215 2992 1467 3061 insertas,
1519 2994 1585 3049 ad
1614 2995 1793 3049 deter-

199 3079 368 3135 renda
409 3081 740 3137 ineestorum
782 3080 1024 3138 facinora
1052 3085 1271 3155 prtecidi
1316 3094 1548 3155 Oportet.
1605 3085 1793 3157 Itaque

1892 1986 2034 2040 idem
2071 1986 2260 2041 callem
2284 1986 2387 2055 βίω
2427 1985 2861 2042 conversationis
2906 1992 3054 2039 recte
3108 1982 3483 2054 gradiebatur,

1889 2086 1945 2133 et
1968 2078 2264 2133 missarum
2290 2077 2466 2132 cilicia
2493 2086 2798 2147 cmteraque
2848 2075 3239 2131 Ecclesiastica
3264 2082 3501 2129 strenue

1890 2170 2219 2240 peragendo,
2236 2169 2518 2225 charitatis
2543 2169 2731 2224 munia
2753 2176 2970 2235 cuncta,
2995 2175 3263 2238 quantum
3288 2164 3484 2230 valuit,

1891 2261 2233 2332 adimplevit:
2258 2262 2363 2317 hoc
2382 2269 2599 2316 tantum
2634 2261 2812 2317 solum
2846 2275 3023 2331 usque
3043 2259 3112 2315 ad
3143 2258 3309 2313 tinem
3332 2257 3482 2323 vitae,

1891 2362 1951 2410 ut
1971 2354 2127 2409 nobis
2157 2354 2430 2409 restimare
2458 2353 2797 2418 conceditur,
2825 2361 3004 2423 et.pro
3027 2350 3279 2421 exemplo
3301 2358 3358 2405 et
3384 2364 3500 2405 oro.

1892 2446 2218 2502 humilitatis
2240 2446 2508 2512 custodia,
2532 2444 2775 2515 pertulit.

2482 2536 2712 2592 CAPUT
2753 2533 2891 2590 XIII.

1964 2627 2341 2684 Emmerammi
2372 2630 2665 2699 sepultura.
2694 2658 2762 2668 —
2791 2626 3000 2683 Interea
3025 2627 3273 2682 locorum
3293 2623 3499 2679 incola:-

1893 2721 2132 2791 pretiosa
2185 2722 2442 2794 martyris
2500 2721 2748 2776 membra
2803 2720 3146 2774 humanitate
3214 2733 3482 2786 compun—

1892 2813 1967 2868 eti
2000 2813 2054 2867 in
2084 2800 2357 2880 arborem,
2389 2829 2512 2884 quae
2565 2811 2732 2882 Spina
2772 2812 2908 2866 Alba
2949 2819 3200 2876 vocatur,
3232 2809 3482 2875 collecta,

1892 2904 2022 2959 dum
2063 2906 2379 2971 conderent,
2418 2904 2764 2975 conditisque
2791 2918 2903 2958 non
2952 2903 3043 2957 diu
3098 2901 3480 2967 recessissent,

1893 2996 2003 3052 duo
2033 2996 2386 3066 pulcherrimi
2412 2995 2513 3051 viri
2568 3003 2728 3051 antea
2777 3010 2886 3049 non
2931 2994 3035 3049 visi
3084 2993 3229 3048 viam
3275 2992 3483 3064 regiam

1893 3089 2205 3158 cquitantes
2233 3089 2299 3143 de
2320 3097 2554 3159 utroque
2588 3096 2810 3142 arantcs
2854 3088 3042 3154 latere,
3077 3102 3177 3157 pro
3221 3083 3484 3139 membris

199 3172 493 3242 digitorum
520 3175 779 3230 articulos
807 3174 1123 3233 vulneribus
1156 3187 1468 3246 numerant,
1515 3187 1569 3233 et
1626 3179 1790 3233 simul
1818 3205 1859 3263 ρ
1894 3174 2041 3236 beati
2072 3182 2367 3251 pontiﬁcis,
2394 3180 2484 3236 ubi
2533 3180 2711 3251 posita
2770 3179 3024 3245 fuissent,
3062 3176 3479 3234 conveniebant.

200 3274 328 3319 nata
351 3266 619 3334 dividunt,
652 3284 748 3339 per
775 3279 1024 3339 tempora
1074 3270 1237 3324 morti
1266 3286 1450 3326 moras
1503 3270 1787 3339 facientes,

200 3365 260 3411 ut
281 3358 520 3413 amarior
548 3375 642 3429 per
666 3369 935 3416 tormenta
979 3362 1206 3415 veniret.
1256 3359 1362 3416 Sed
1411 3378 1510 3417 cur
1543 3372 1792 3418 moratur

198 3445 290 3502 hic
320 3447 596 3518 facundia,
625 3452 718 3506 ubi
762 3452 918 3508 locus
971 3460 1056 3508 est
1082 3453 1198 3507 voci
1225 3450 1477 3523 suspiriis
1530 3453 1791 3508 interclu-

198 3555 298 3605 sa,
326 3556 438 3596 non
460 3544 876 3613 compositionis
897 3552 1013 3599 arte
1041 3544 1301 3614 depictre?
1331 3543 1471 3616 Ergo
1492 3545 1721 3614 pedibus
1737 3554 1790 3600 et

199 3632 457 3689 manibus
482 3635 763 3704 abscissis,
778 3635 1080 3691 luminibus
1100 3635 1339 3702 cll'ossis,
1354 3637 1580 3691 auribus
1597 3631 1790 3705 ampu-

199 3726 350 3792 tatis,
387 3727 612 3783 naribus
636 3728 924 3795 truncatis,
980 3728 1200 3783 tandem
1232 3727 1491 3798 pudicitia
1534 3727 1797 3800 martyris

198 3826 287 3875 est
316 3818 527 3884 invasa,
556 3826 611 3875 et
631 3828 839 3874 secreta
877 3818 1103 3889 pudoris
1129 3819 1440 3874 detestabili
1502 3828 1633 3875 sunt
1672 3820 1790 3875 acie

197 3912 398 3968 recisa.
439 3911 584 3968 Inter
633 3928 756 3982 quas
783 3913 968 3966 omnia
1003 3911 1059 3966 in
1111 3911 1326 3966 laudem
1357 3910 1652 3979 Creatoris,
1683 3928 1790 3967 vox

198 4004 454 4073 quamvis
475 4004 710 4071 modica,
735 4004 1053 4060 Davidicum
1077 4005 1247 4060 melos
1275 4005 1535 4060 exercuit.
1563 4003 1685 4073 Quo
1708 4004 1789 4076 ip-

201 4094 251 4149 si
280 4094 583 4150 invidentes
639 4095 881 4165 linguam
925 4094 1185 4151 radicitus
1218 4096 1462 4151 evulsam
1508 4112 1789 4152 resccave-

201 4193 355 4252 runt,
387 4184 687 4255 relictoque
720 4194 831 4239 tam
854 4184 1386 4256 multipliciterwso
1418 4194 1784 4242 recesserunt.

198 4273 321 4346 Ipse
366 4291 498 4331 vero
546 4276 638 4332 Dei
701 4277 931 4332 bellator
970 4278 1027 4332 in
1078 4278 1268 4333 eodem
1316 4278 1559 4334 victoria:
1593 4295 1787 4350 campo

200 4382 399 4422 cruore
430 4368 823 4435 involvebatur,
877 4367 1052 4423 donec
1080 4369 1214 4424 socii
1274 4370 1417 4424 beati
1446 4370 1549 4424 viri
1593 4385 1623 4423 e
1650 4370 1787 4424 late-

199 4457 318 4512 bris
345 4465 399 4512 et
431 4459 643 4528 angulis
665 4459 884 4526 emersi,
917 4475 1044 4515 cum
1086 4460 1283 4515 vicinis
1311 4463 1629 4517 mulieribus
1659 4479 1789 4517 cau-

1892 3271 2103 3339 Quilius
2149 3272 2205 3327 in
2248 3274 2445 3328 arbore
2485 3272 2742 3343 prmdicta
2799 3269 3141 3338 monstratis,
3172 3267 3482 3325 videntibus

1891 3364 2135 3429 cunctis,
2160 3364 2288 3420 illuc
2328 3365 2727 3435 pervenientes,
2763 3362 2945 3418 subito
2999 3377 3110 3416 non
3150 3374 3481 3431 comparue-

1892 3463 2039 3509 runt.
2069 3451 2183 3508 Hac
2225 3454 2603 3525 disparitione,
2632 3453 2727 3523 qui
2766 3461 2968 3524 praesto
3019 3450 3238 3505 fuerant
3286 3465 3481 3505 omnes

1891 3544 2203 3616 stupefacti,
2239 3545 2307 3601 ad
2338 3546 2591 3601 arborem
2640 3544 2785 3599 illico
2832 3543 3185 3599 convolantes
3232 3543 3481 3597 membra

1890 3639 2054 3709 paulo
2101 3647 2228 3692 ante
2266 3637 2445 3708 posita
2490 3652 2595 3692 non
2656 3635 3010 3699 invenerunt;
3058 3633 3298 3705 factique
3350 3644 3481 3689 sunt

1892 3729 2057 3800 hujus
2077 3728 2158 3783 rei
2188 3737 2355 3783 testes
2379 3736 2433 3783 et
2456 3726 2649 3782 notitia
2686 3735 2741 3781 et
2784 3726 3030 3781 novitate
3078 3740 3216 3796 pene
3259 3740 3487 3792 omnes,

1889 3821 1984 3893 qui
2012 3821 2255 3892 ejusdem
2279 3820 2385 3875 loci
2414 3820 2630 3875 fuerant
2652 3818 3008 3885 habitatores,
3042 3819 3361 3873 consulente
3401 3819 3482 3874 di-

1888 3914 2015 3968 vina
2040 3913 2393 3984 dispositione
2429 3910 2693 3965 membris
2734 3909 2841 3965 illis
2889 3910 3167 3980 pretiosis,
3209 3926 3333 3980 quae
3366 3925 3483 3964 non

1889 4004 2089 4060 amittit
2110 4004 2166 4057 in
2192 4002 2399 4057 sanctis
2430 4001 2596 4055 etiam
2632 4000 2887 4070 capillum
2928 4000 3127 4070 capitis
3151 3998 3302 4071 (Luc.
3334 3998 3475 4066 XXI);

1889 4092 2031 4148 Dum
2057 4093 2176 4147 hasc
2202 4098 2487 4162 geruntur,
2515 4089 2611 4161 qui
2634 4091 2782 4145 circa
2822 4099 3072 4144 sanctum
3102 4088 3196 4143 Dei
3238 4087 3482 4154 fuerant;

1891 4186 2138 4242 tollentes
2170 4199 2296 4238 eum
2325 4182 2392 4237 de
2420 4181 2733 4237 certaminis
2759 4196 2973 4251 campo,
3006 4180 3058 4234 in
3090 4181 3336 4252 plaustro
3379 4195 3479 4250 pm

1888 4280 2109 4342 nebant,
2143 4275 2456 4347 perducturi
2480 4290 2605 4329 eum
2636 4274 2689 4328 in
2722 4274 2904 4328 villam
2931 4274 3208 4340 Asclteim,
3242 4289 3369 4344 qua:
3394 4273 3479 4328 di-

1890 4373 2068 4427 stabat
2090 4370 2215 4423 indc
2246 4384 2321 4421 xu
2348 4367 2696 4432 milliaribus,
2723 4366 2812 4421 ubi
2837 4374 2891 4421 et
2917 4367 3148 4421 ecclesia
3173 4365 3276 4420 fuit
3296 4365 3356 4419 Β.
3382 4364 3478 4420 Pe-

1891 4474 1979 4520 tro
2041 4461 2415 4531 apostolorum
2478 4458 2713 4529 principi
2750 4442 3020 4524 dedicata,
3058 4472 3126 4512 ne
3169 4456 3224 4510 in
3277 4455 3478 4510 vilibus

197 4567 261 4607 sa
285 4551 640 4630 humanitatis
666 4552 878 4619 excitis,
905 4552 1149 4607 aderant.
1182 4552 1331 4619 Quos
1357 4554 1547 4609 adesse
1583 4570 1784 4624 cegno-
1817 4553 1861 4608 D
1887 4556 2218 4612 rusticorum
2272 4551 2436 4617 casis,
2462 4558 2612 4604 tanta
2640 4550 2873 4620 talisque
2911 4564 3143 4619 persona
3200 4547 3474 4602 deficeret.

198 4656 382 4708 secus,
406 4658 604 4713 aquam
629 4642 698 4698 ad
724 4642 1138 4698 refocillandum
1172 4651 1363 4713 pectus
1404 4644 1652 4713 requirit.
1686 4644 1791 4699 Cui

200 4730 395 4788 Yitalis
412 4734 755 4803 supradictus
778 4733 1092 4806 presbyter:
1129 4752 1145 4785 ε
1186 4731 1368 4787 Mirari
1392 4733 1525 4788 satis
1553 4749 1785 4803 nequeo,

200 4827 416 4883 cunctis
446 4843 583 4897 pene
642 4828 906 4883 membris
946 4827 1187 4894 amissis,
1230 4837 1392 4897 atque
1440 4828 1617 4898 ipsum
1648 4829 1788 4886 lucis

197 4914 366 4969 limen
407 4931 749 4985 egressurus,
806 4917 1066 4986 quidnam
1102 4924 1290 4987 potum
1327 4928 1581 4988 exoptes;
1626 4920 1788 4989 quasi

198 5005 474 5061 d:laniat:e
509 5008 736 5063 merulis
785 5008 911 5063 vitze
946 5008 1233 5075 fruiturus,
1275 5025 1398 5063 cum
1423 5019 1502 5064 tot
1527 5011 1784 5065 cruciati-

196 5102 303 5156 bus
335 5100 657 5168 exhaustus,
695 5100 856 5155 tinem
886 5101 1187 5168 doloribus,
1233 5102 1416 5172 potius
1460 5119 1624 5173 quam
1658 5119 1784 5173 spa-

199 5192 335 5246 tium
372 5201 631 5262 exoptare
664 5194 907 5249 deberes.
942 5213 961 5247 ι
1005 5194 1087 5249 Ad
1131 5195 1246 5250 haec
1275 5196 1476 5251 athleta
1529 5196 1622 5252 Dei
1672 5206 1783 5252 tam

196 5299 430 5353 magnus
461 5285 528 5340 ad
563 5287 951 5356 prosternenda
977 5287 1034 5341 in
1069 5287 1301 5343 subditis
1324 5289 1477 5356 vitia,
1500 5306 1665 5360 quam
1702 5290 1787 5344 in-

195 5372 375 5429 victus
424 5374 493 5430 ad
540 5376 793 5445 patienda
824 5386 1117 5445 tormenta,
1172 5378 1423 5448 spiritum
1472 5379 1705 5451 collegit,
1733 5390 1787 5436 et

194 5466 502 5521 animosam
525 5468 780 5524 virtutem
803 5471 1051 5538 rationis,
1079 5487 1248 5541 parvo
1272 5488 1383 5543 quo
1435 5474 1611 5542 potuit
1658 5489 1783 5528 cor-

192 5558 345 5626 poris
371 5558 497 5614 nisu
517 5562 709 5629 erexit,
738 5570 1062 5632 temptatum
1115 5564 1285 5618 robur
1335 5565 1531 5621 mentis
1566 5566 1786 5635 gravius

192 5648 400 5715 ferens,
436 5668 603 5721 quam
638 5655 1012 5709 membrorum
1048 5655 1340 5711 sectiones.
1373 5675 1392 5708 ι
1445 5656 1783 5727 Impaticntis

191 5746 297 5803 est,
333 5740 530 5811 inquit,
563 5754 788 5815 cogente
813 5746 1020 5812 dolore,
1073 5747 1383 5817 quempiam
1431 5748 1568 5803 velle
1613 5756 1786 5804 metas

190 5831 316 5887 vita
345 5838 632 5904 praesentis
655 5851 961 5911 erumpere,
999 5848 1053 5894 et
1082 5853 1403 5897 concessam
1452 5842 1782 5914 paenitentia:

1891 4646 2127 4703 Proinde
2152 4644 2409 4698 mulieres
2436 4658 2501 4696 ex
2528 4641 2725 4696 vicinia
2749 4642 3006 4706 collectm,
3043 4638 3222 4694 et'viri
3257 4637 3478 4693 circiter

1890 4736 2143 4802 ducenti,
2196 4733 2532 4789 venerabiles
2579 4734 2841 4803 exequias
2892 4730 3199 4801 prosecuti,
3262 4729 3477 4784 viscera

1889 4826 2389 4886 connuiserationis
2430 4826 2573 4880 votis
2632 4823 2908 4879 indulsere
2939 4823 3209 4878 fidelibus.
3238 4820 3483 4876 Emensa

1880 4922 1997 4993 jam
2025 4934 2219 4991 magna
2248 4918 2461 4973 itineris
2480 4926 2654 4988 parte,
2683 4917 2739 4971 in
2764 4932 3017 4987 campum
3044 4915 3334 4987 quemdam
3352 4931 3476 4985 gra‘

1888 5015 2130 5069 mineum
2153 5012 2332 5066 tribus
2358 5010 2602 5065 millibus
2652 5008 2950 5063 distantem
2999 5025 3028 5063 a
3061 5008 3184 5063 vico
3215 5006 3474 5062 Ascheim

1888 5106 2274 5177 perveniebant
2307 5123 2320 5157 :
2349 5112 2403 5158 et
2431 5118 2555 5158 cccc
2593 5102 3082 5172 transmigraturus
3132 5099 3197 5155 ad
3224 5100 3473 5155 rmlcstia

1889 5199 2083 5254 beatus
2111 5196 2351 5267 pontifex
2397 5210 2530 5250 voce
2574 5210 2681 5264 qua
2711 5194 2883 5248 valuit
2931 5191 3360 5262 ejulare'coepit,
3391 5191 3474 5245 in-

1890 5306 2067 5346 nuens
2096 5290 2287 5345 horam
2320 5288 2626 5343 vocationis
2657 5302 2770 5342 sure
2813 5285 3119 5340 advenisse.
3148 5283 3305 5351 Quod
3349 5284 3471 5353 qui-

1890 5382 2019 5437 dam
2034 5381 2462 5437 commeantium
2486 5379 2759 5435 subtiliter
2778 5377 3116 5440 discernens,
3142 5385 3203 5431 ut
3223 5375 3291 5430 de
3317 5376 3470 5445 plau-

1887 5483 2003 5529 stro
2030 5474 2271 5528 levatum
2300 5471 2509 5526 Christi
2559 5479 2851 5542 martyrem
2895 5468 3230 5523 dimitterent
3265 5468 3470 5536 telluri,

1885 5581 2010 5621 cum
2034 5564 2457 5635 prmmonuisset
2477 5563 2678 5629 socios,
2713 5576 2841 5615 mox
2888 5560 3115 5616 herbido
3171 5560 3228 5614 in
3285 5561 3472 5631 aprico

1883 5656 2006 5712 loco
2054 5655 2415 5712 tremebunda
2460 5655 2725 5725 religione
2748 5653 2949 5708 resolvi
2997 5652 3183 5722 cmpit.
3215 5650 3277 5707 In
3318 5652 3471 5708 exitu

1882 5765 2015 5805 vero
2042 5758 2245 5804 sancta:
2266 5748 2464 5802 animae
2499 5746 2647 5802 illius
2694 5746 2763 5802 de
2799 5745 3033 5818 Egypto
3062 5746 3227 5816 hujus
3253 5741 3466 5807 mundi,

1885 5844 2062 5901 lucem
2094 5841 2255 5916 quasi
2287 5839 2557 5913 lampadis
2597 5840 2880 5898 immensae
2914 5856 2980 5896 ex
3014 5854 3107 5896 ore
3153 5837 3340 5907 sancti,
3364 5836 3467 5894 viri
