  <div class='ocr_page' id='page_1' title='image "/cluster/home/n/w/nwhite01/storage/ocr_20150623/141/hvd.32044015471790/497.png"; bbox 0 0 4058 6414; ppageno 0'>
   <div class='ocr_carea' id='block_1_1' title="bbox 647 376 751 457">
    <p class='ocr_par' dir='ltr' id='par_1_1' title="bbox 647 376 751 457">
     <span class='ocr_line' id='line_1_1' title="bbox 647 376 751 457; baseline 0 -27"><span class='ocrx_word' id='word_1_1' title='bbox 647 376 751 457; x_wconf 65' lang='lat'><strong>985</strong></span> 
     </span>
    </p>
   </div>
   <div class='ocr_carea' id='block_1_2' title="bbox 641 492 2300 571">
    <p class='ocr_par' dir='ltr' id='par_1_2' title="bbox 641 492 2300 571">
     <span class='ocr_line' id='line_1_2' title="bbox 641 492 2300 571; baseline 0.001 -27"><span class='ocrx_word' id='word_1_2' title='bbox 641 492 1000 562; x_wconf 66' lang='lat' dir='ltr'><strong>processisse,</strong></span> <span class='ocrx_word' id='word_1_3' title='bbox 1052 492 1365 563; x_wconf 76' lang='lat' dir='ltr'><strong>cmlnmqne</strong></span> <span class='ocrx_word' id='word_1_4' title='bbox 1413 495 1597 565; x_wconf 88' lang='lat' dir='ltr'><strong>ipsum</strong></span> <span class='ocrx_word' id='word_1_5' title='bbox 1651 506 1988 565; x_wconf 74' lang='lat' dir='ltr'><strong>penetrasse,</strong></span> <span class='ocrx_word' id='word_1_6' title='bbox 2042 493 2225 551; x_wconf 93' lang='lat' dir='ltr'><strong>cuncti</strong></span> <span class='ocrx_word' id='word_1_7' title='bbox 2257 516 2300 571; x_wconf 68' lang='grc' dir='ltr'><strong>Α</strong></span> 
     </span>
    </p>
   </div>
   <div class='ocr_carea' id='block_1_3' title="bbox 640 582 2227 658">
    <p class='ocr_par' dir='ltr' id='par_1_3' title="bbox 640 582 2227 658">
     <span class='ocr_line' id='line_1_3' title="bbox 640 582 2227 658; baseline 0.003 -22"><span class='ocrx_word' id='word_1_8' title='bbox 640 582 968 638; x_wconf 89' lang='lat' dir='ltr'><strong>assistentcs</strong></span> <span class='ocrx_word' id='word_1_9' title='bbox 1007 583 1280 650; x_wconf 81' lang='lat' dir='ltr'><strong>videbant,</strong></span> <span class='ocrx_word' id='word_1_10' title='bbox 1306 594 1567 656; x_wconf 84' lang='lat' dir='ltr'><strong>tantaque</strong></span> <span class='ocrx_word' id='word_1_11' title='bbox 1617 588 1700 642; x_wconf 89' lang='lat' dir='ltr'><strong>vis</strong></span> <span class='ocrx_word' id='word_1_12' title='bbox 1742 589 1958 658; x_wconf 85' lang='lat' dir='ltr'><strong>jubaris</strong></span> <span class='ocrx_word' id='word_1_13' title='bbox 2004 595 2139 653; x_wconf 87' lang='lat' dir='ltr'><strong>erat,</strong></span> <span class='ocrx_word' id='word_1_14' title='bbox 2168 596 2227 640; x_wconf 90' lang='lat' dir='ltr'><strong>ut</strong></span> 
     </span>
    </p>
   </div>
   <div class='ocr_carea' id='block_1_4' title="bbox 640 672 2222 749">
    <p class='ocr_par' dir='ltr' id='par_1_4' title="bbox 640 672 2222 749">
     <span class='ocr_line' id='line_1_4' title="bbox 640 672 2222 749; baseline 0.003 -22"><span class='ocrx_word' id='word_1_15' title='bbox 640 672 972 729; x_wconf 75' lang='lat' dir='ltr'><strong>intuentium</strong></span> <span class='ocrx_word' id='word_1_16' title='bbox 1020 678 1209 732; x_wconf 89' lang='lat' dir='ltr'><strong>oculos</strong></span> <span class='ocrx_word' id='word_1_17' title='bbox 1239 679 1399 749; x_wconf 88' lang='lat' dir='ltr'><strong>quasi</strong></span> <span class='ocrx_word' id='word_1_18' title='bbox 1452 677 1796 734; x_wconf 84' lang='lat' dir='ltr'><strong>fulminando</strong></span> <span class='ocrx_word' id='word_1_19' title='bbox 1833 680 2222 744; x_wconf 84' lang='lat' dir='ltr'><strong>reverberarct,</strong></span> 
     </span>
    </p>
   </div>
   <div class='ocr_carea' id='block_1_5' title="bbox 639 768 2224 837">
    <p class='ocr_par' dir='ltr' id='par_1_5' title="bbox 639 768 2224 837">
     <span class='ocr_line' id='line_1_5' title="bbox 639 768 2224 837; baseline 0.006 -20"><span class='ocrx_word' id='word_1_20' title='bbox 639 779 920 835; x_wconf 92' lang='lat' dir='ltr'><strong>pavorque</strong></span> <span class='ocrx_word' id='word_1_21' title='bbox 947 768 1193 824; x_wconf 89' lang='lat' dir='ltr'><strong>membra</strong></span> <span class='ocrx_word' id='word_1_22' title='bbox 1214 785 1403 825; x_wconf 90' lang='lat' dir='ltr'><strong>eorum</strong></span> <span class='ocrx_word' id='word_1_23' title='bbox 1436 778 1668 825; x_wconf 90' lang='lat' dir='ltr'><strong>tremore</strong></span> <span class='ocrx_word' id='word_1_24' title='bbox 1694 780 2029 837; x_wconf 88' lang='lat' dir='ltr'><strong>concuteret,</strong></span> <span class='ocrx_word' id='word_1_25' title='bbox 2047 779 2109 826; x_wconf 84' lang='lat' dir='ltr'><strong>ut</strong></span> <span class='ocrx_word' id='word_1_26' title='bbox 2134 772 2224 826; x_wconf 80' lang='lat' dir='ltr'><strong>vix</strong></span> 
     </span>
    </p>
   </div>
   <div class='ocr_carea' id='block_1_6' title="bbox 640 856 2221 934">
    <p class='ocr_par' dir='ltr' id='par_1_6' title="bbox 640 856 2221 934">
     <span class='ocr_line' id='line_1_6' title="bbox 640 856 2221 934; baseline 0.004 -24"><span class='ocrx_word' id='word_1_27' title='bbox 640 856 786 911; x_wconf 82' lang='lat' dir='ltr'><strong>beati</strong></span> <span class='ocrx_word' id='word_1_28' title='bbox 810 858 916 912; x_wconf 90' lang='lat' dir='ltr'><strong>viri</strong></span> <span class='ocrx_word' id='word_1_29' title='bbox 945 875 1143 930; x_wconf 91' lang='lat' dir='ltr'><strong>corpus</strong></span> <span class='ocrx_word' id='word_1_30' title='bbox 1184 862 1239 915; x_wconf 92' lang='lat' dir='ltr'><strong>in</strong></span> <span class='ocrx_word' id='word_1_31' title='bbox 1275 862 1582 931; x_wconf 83' lang='lat' dir='ltr'><strong>plaustrum</strong></span> <span class='ocrx_word' id='word_1_32' title='bbox 1622 863 1888 919; x_wconf 81' lang='lat' dir='ltr'><strong>auderent</strong></span> <span class='ocrx_word' id='word_1_33' title='bbox 1938 879 2221 934; x_wconf 83' lang='lat' dir='ltr'><strong>reponere.</strong></span> 
     </span>
    </p>
   </div>
   <div class='ocr_carea' id='block_1_7' title="bbox 637 944 2225 1025">
    <p class='ocr_par' dir='ltr' id='par_1_7' title="bbox 637 944 2225 1025">
     <span class='ocr_line' id='line_1_7' title="bbox 637 944 2225 1025; baseline 0.003 -21"><span class='ocrx_word' id='word_1_34' title='bbox 637 944 829 1019; x_wconf 79' lang='lat' dir='ltr'><strong>Itaque</strong></span> <span class='ocrx_word' id='word_1_35' title='bbox 850 948 974 1006; x_wconf 89' lang='lat' dir='ltr'><strong>inde</strong></span> <span class='ocrx_word' id='word_1_36' title='bbox 994 950 1159 1023; x_wconf 89' lang='lat' dir='ltr'><strong>digna</strong></span> <span class='ocrx_word' id='word_1_37' title='bbox 1193 962 1346 1021; x_wconf 82' lang='lat' dir='ltr'><strong>patre</strong></span> <span class='ocrx_word' id='word_1_38' title='bbox 1374 954 1678 1009; x_wconf 86' lang='lat' dir='ltr'><strong>reverentia</strong></span> <span class='ocrx_word' id='word_1_39' title='bbox 1706 954 1775 1010; x_wconf 90' lang='lat' dir='ltr'><strong>ad</strong></span> <span class='ocrx_word' id='word_1_40' title='bbox 1806 954 2092 1025; x_wconf 69' lang='lat' dir='ltr'><strong>praefatum</strong></span> <span class='ocrx_word' id='word_1_41' title='bbox 2120 955 2225 1009; x_wconf 90' lang='lat' dir='ltr'><strong>As-</strong></span> 
     </span>
    </p>
   </div>
   <div class='ocr_carea' id='block_1_8' title="bbox 638 1041 2222 1119">
    <p class='ocr_par' dir='ltr' id='par_1_8' title="bbox 638 1041 2222 1119">
     <span class='ocr_line' id='line_1_8' title="bbox 638 1041 2222 1119; baseline 0.006 -26"><span class='ocrx_word' id='word_1_42' title='bbox 638 1041 818 1094; x_wconf 89' lang='lat' dir='ltr'><strong>cheim</strong></span> <span class='ocrx_word' id='word_1_43' title='bbox 853 1042 1176 1112; x_wconf 87' lang='lat' dir='ltr'><strong>perductum</strong></span> <span class='ocrx_word' id='word_1_44' title='bbox 1205 1045 1260 1098; x_wconf 90' lang='lat' dir='ltr'><strong>in</strong></span> <span class='ocrx_word' id='word_1_45' title='bbox 1300 1046 1533 1101; x_wconf 89' lang='lat' dir='ltr'><strong>ecclesia</strong></span> <span class='ocrx_word' id='word_1_46' title='bbox 1580 1045 1732 1100; x_wconf 87' lang='lat' dir='ltr'><strong>Beati</strong></span> <span class='ocrx_word' id='word_1_47' title='bbox 1775 1046 1921 1103; x_wconf 84' lang='lat' dir='ltr'><strong>Petri</strong></span> <span class='ocrx_word' id='word_1_48' title='bbox 1969 1049 2222 1119; x_wconf 85' lang='lat' dir='ltr'><strong>apostoli,</strong></span> 
     </span>
    </p>
   </div>
   <div class='ocr_carea' id='block_1_9' title="bbox 637 1131 2224 1209">
    <p class='ocr_par' dir='ltr' id='par_1_9' title="bbox 637 1131 2224 1209">
     <span class='ocr_line' id='line_1_9' title="bbox 637 1131 2224 1209; baseline 0.005 -22"><span class='ocrx_word' id='word_1_49' title='bbox 637 1131 1057 1189; x_wconf 84' lang='lat' dir='ltr'><strong>confavent-ibus</strong></span> <span class='ocrx_word' id='word_1_50' title='bbox 1079 1135 1199 1204; x_wconf 86' lang='lat' dir='ltr'><strong>ejus</strong></span> <span class='ocrx_word' id='word_1_51' title='bbox 1238 1135 1342 1191; x_wconf 86' lang='lat' dir='ltr'><strong>loci</strong></span> <span class='ocrx_word' id='word_1_52' title='bbox 1386 1137 1622 1206; x_wconf 85' lang='lat' dir='ltr'><strong>populis,</strong></span> <span class='ocrx_word' id='word_1_53' title='bbox 1646 1137 1829 1193; x_wconf 87' lang='lat' dir='ltr'><strong>debito</strong></span> <span class='ocrx_word' id='word_1_54' title='bbox 1893 1140 2224 1209; x_wconf 81' lang='lat' dir='ltr'><strong>sepelierunt</strong></span> 
     </span>
    </p>
   </div>
   <div class='ocr_carea' id='block_1_10' title="bbox 528 1211 2222 1297">
    <p class='ocr_par' dir='ltr' id='par_1_10' title="bbox 528 1211 2222 1297">
     <span class='ocr_line' id='line_1_10' title="bbox 528 1211 2222 1297; baseline 0.006 -21"><span class='ocrx_word' id='word_1_55' title='bbox 528 1211 539 1219; x_wconf 75' lang='grc'><strong>’</strong></span> <span class='ocrx_word' id='word_1_56' title='bbox 635 1221 863 1281; x_wconf 88' lang='lat' dir='ltr'><strong>honore.</strong></span> <span class='ocrx_word' id='word_1_57' title='bbox 919 1223 1026 1280; x_wconf 91' lang='lat' dir='ltr'><strong>Sed</strong></span> <span class='ocrx_word' id='word_1_58' title='bbox 1080 1227 1342 1295; x_wconf 87' lang='lat' dir='ltr'><strong>quoniam</strong></span> <span class='ocrx_word' id='word_1_59' title='bbox 1395 1228 1517 1297; x_wconf 85' lang='lat' dir='ltr'><strong>ejus</strong></span> <span class='ocrx_word' id='word_1_60' title='bbox 1553 1231 2009 1294; x_wconf 65' lang='lat' dir='ltr'><strong>resurrectionis</strong></span> <span class='ocrx_word' id='word_1_61' title='bbox 2074 1231 2222 1287; x_wconf 89' lang='lat' dir='ltr'><strong>diem</strong></span> 
     </span>
    </p>
   </div>
   <div class='ocr_carea' id='block_1_11' title="bbox 635 1314 2221 1388">
    <p class='ocr_par' dir='ltr' id='par_1_11' title="bbox 635 1314 2221 1388">
     <span class='ocr_line' id='line_1_11' title="bbox 635 1314 2221 1388; baseline 0.005 -19"><span class='ocrx_word' id='word_1_62' title='bbox 635 1314 990 1371; x_wconf 76' lang='lat' dir='ltr'><strong>beatissimus</strong></span> <span class='ocrx_word' id='word_1_63' title='bbox 1015 1317 1258 1387; x_wconf 78' lang='lat' dir='ltr'><strong>pontifex</strong></span> <span class='ocrx_word' id='word_1_64' title='bbox 1288 1320 1593 1388; x_wconf 72' lang='lat' dir='ltr'><strong>przestolari</strong></span> <span class='ocrx_word' id='word_1_65' title='bbox 1626 1321 1855 1378; x_wconf 89' lang='lat' dir='ltr'><strong>minime</strong></span> <span class='ocrx_word' id='word_1_66' title='bbox 1880 1323 2074 1386; x_wconf 88' lang='lat' dir='ltr'><strong>voluit,</strong></span> <span class='ocrx_word' id='word_1_67' title='bbox 2096 1324 2221 1378; x_wconf 79' lang='lat' dir='ltr'><strong>exi-</strong></span> 
     </span>
    </p>
   </div>
   <div class='ocr_carea' id='block_1_12' title="bbox 637 1406 2222 1483">
    <p class='ocr_par' dir='ltr' id='par_1_12' title="bbox 637 1406 2222 1483">
     <span class='ocr_line' id='line_1_12' title="bbox 637 1406 2222 1483; baseline 0.008 -25"><span class='ocrx_word' id='word_1_68' title='bbox 637 1413 796 1474; x_wconf 89' lang='lat' dir='ltr'><strong>gente</strong></span> <span class='ocrx_word' id='word_1_69' title='bbox 813 1406 1051 1476; x_wconf 82' lang='lat' dir='ltr'><strong>justitia,</strong></span> <span class='ocrx_word' id='word_1_70' title='bbox 1083 1417 1147 1465; x_wconf 91' lang='lat' dir='ltr'><strong>ut</strong></span> <span class='ocrx_word' id='word_1_71' title='bbox 1195 1426 1335 1480; x_wconf 91' lang='lat' dir='ltr'><strong>quos</strong></span> <span class='ocrx_word' id='word_1_72' title='bbox 1384 1410 1511 1467; x_wconf 83' lang='lat' dir='ltr'><strong>fidei</strong></span> <span class='ocrx_word' id='word_1_73' title='bbox 1564 1413 1774 1483; x_wconf 86' lang='lat' dir='ltr'><strong>gremio</strong></span> <span class='ocrx_word' id='word_1_74' title='bbox 1821 1414 2110 1481; x_wconf 89' lang='lat' dir='ltr'><strong>nutrierat,</strong></span> <span class='ocrx_word' id='word_1_75' title='bbox 2140 1415 2222 1470; x_wconf 91' lang='lat' dir='ltr'><strong>eis</strong></span> 
     </span>
    </p>
   </div>
   <div class='ocr_carea' id='block_1_13' title="bbox 633 1500 2222 1576">
    <p class='ocr_par' dir='ltr' id='par_1_13' title="bbox 633 1500 2222 1576">
     <span class='ocr_line' id='line_1_13' title="bbox 633 1500 2222 1576; baseline 0.007 -25"><span class='ocrx_word' id='word_1_76' title='bbox 633 1511 856 1567; x_wconf 71' lang='lat' dir='ltr'><strong>quoque</strong></span> <span class='ocrx_word' id='word_1_77' title='bbox 881 1500 1025 1555; x_wconf 86' lang='lat' dir='ltr'><strong>sacri</strong></span> <span class='ocrx_word' id='word_1_78' title='bbox 1053 1502 1299 1572; x_wconf 87' lang='lat' dir='ltr'><strong>corporis</strong></span> <span class='ocrx_word' id='word_1_79' title='bbox 1343 1503 1784 1573; x_wconf 90' lang='lat' dir='ltr'><strong>patrocinaretur</strong></span> <span class='ocrx_word' id='word_1_80' title='bbox 1807 1506 2077 1576; x_wconf 82' lang='lat' dir='ltr'><strong>reliquiis,</strong></span> <span class='ocrx_word' id='word_1_81' title='bbox 2111 1522 2222 1562; x_wconf 84' lang='lat' dir='ltr'><strong>coe-</strong></span> 
     </span>
    </p>
   </div>
   <div class='ocr_carea' id='block_1_14' title="bbox 632 1589 2221 1665">
    <p class='ocr_par' dir='ltr' id='par_1_14' title="bbox 632 1589 2221 1665">
     <span class='ocr_line' id='line_1_14' title="bbox 632 1589 2221 1665; baseline 0.007 -23"><span class='ocrx_word' id='word_1_82' title='bbox 632 1589 713 1658; x_wconf 90' lang='lat' dir='ltr'><strong>pit</strong></span> <span class='ocrx_word' id='word_1_83' title='bbox 733 1590 882 1645; x_wconf 84' lang='lat' dir='ltr'><strong>orbis</strong></span> <span class='ocrx_word' id='word_1_84' title='bbox 905 1600 1101 1648; x_wconf 83' lang='lat' dir='ltr'><strong>natura</strong></span> <span class='ocrx_word' id='word_1_85' title='bbox 1130 1594 1361 1662; x_wconf 80' lang='lat' dir='ltr'><strong>moveri,</strong></span> <span class='ocrx_word' id='word_1_86' title='bbox 1380 1603 1546 1665; x_wconf 88' lang='lat' dir='ltr'><strong>atque</strong></span> <span class='ocrx_word' id='word_1_87' title='bbox 1588 1596 1982 1653; x_wconf 82' lang='lat' dir='ltr'><strong>elementorum</strong></span> <span class='ocrx_word' id='word_1_88' title='bbox 2010 1598 2221 1654; x_wconf 86' lang='lat' dir='ltr'><strong>violen-</strong></span> 
     </span>
    </p>
   </div>
   <div class='ocr_carea' id='block_1_15' title="bbox 632 1678 2223 1759">
    <p class='ocr_par' dir='ltr' id='par_1_15' title="bbox 632 1678 2223 1759">
     <span class='ocr_line' id='line_1_15' title="bbox 632 1678 2223 1759; baseline 0.008 -27"><span class='ocrx_word' id='word_1_89' title='bbox 632 1678 709 1734; x_wconf 85' lang='lat' dir='ltr'><strong>tia</strong></span> <span class='ocrx_word' id='word_1_90' title='bbox 730 1681 865 1739; x_wconf 80' lang='lat' dir='ltr'><strong>tanti</strong></span> <span class='ocrx_word' id='word_1_91' title='bbox 892 1682 1193 1741; x_wconf 86' lang='lat' dir='ltr'><strong>sacerdotis</strong></span> <span class='ocrx_word' id='word_1_92' title='bbox 1216 1694 1409 1740; x_wconf 90' lang='lat' dir='ltr'><strong>nutum</strong></span> <span class='ocrx_word' id='word_1_93' title='bbox 1431 1686 1749 1755; x_wconf 62' lang='lat' dir='ltr'><strong>praedicare;</strong></span> <span class='ocrx_word' id='word_1_94' title='bbox 1773 1704 1900 1743; x_wconf 90' lang='lat' dir='ltr'><strong>nam</strong></span> <span class='ocrx_word' id='word_1_95' title='bbox 1922 1697 2107 1745; x_wconf 84' lang='lat' dir='ltr'><strong>coorta</strong></span> <span class='ocrx_word' id='word_1_96' title='bbox 2128 1705 2223 1759; x_wconf 84' lang='lat' dir='ltr'><strong>su-</strong></span> 
     </span>
    </p>
   </div>
   <div class='ocr_carea' id='block_1_16' title="bbox 632 1769 2220 1851">
    <p class='ocr_par' dir='ltr' id='par_1_16' title="bbox 632 1769 2220 1851">
     <span class='ocr_line' id='line_1_16' title="bbox 632 1769 2220 1851; baseline 0.009 -27"><span class='ocrx_word' id='word_1_97' title='bbox 632 1769 748 1827; x_wconf 90' lang='lat' dir='ltr'><strong>bito</strong></span> <span class='ocrx_word' id='word_1_98' title='bbox 789 1782 1076 1830; x_wconf 82' lang='lat' dir='ltr'><strong>ventorum</strong></span> <span class='ocrx_word' id='word_1_99' title='bbox 1107 1776 1573 1846; x_wconf 87' lang='lat' dir='ltr'><strong>procella,lucida</strong></span> <span class='ocrx_word' id='word_1_100' title='bbox 1620 1780 1771 1850; x_wconf 86' lang='lat' dir='ltr'><strong>regio</strong></span> <span class='ocrx_word' id='word_1_101' title='bbox 1819 1781 1931 1851; x_wconf 88' lang='lat' dir='ltr'><strong>poli</strong></span> <span class='ocrx_word' id='word_1_102' title='bbox 1979 1783 2220 1838; x_wconf 88' lang='lat' dir='ltr'><strong>nubibus</strong></span> 
     </span>
    </p>
   </div>
   <div class='ocr_carea' id='block_1_17' title="bbox 1257 374 3835 452">
    <p class='ocr_par' dir='ltr' id='par_1_17' title="bbox 1257 374 3835 452">
     <span class='ocr_line' id='line_1_17' title="bbox 1257 374 3835 452; baseline 0.005 -20"><span class='ocrx_word' id='word_1_103' title='bbox 1257 377 1681 435; x_wconf 77' lang='lat' dir='ltr'><strong>MEGINFREDI</strong></span> <span class='ocrx_word' id='word_1_104' title='bbox 1720 378 2172 452; x_wconf 71' lang='lat' dir='ltr'><strong>MAGDEBURG.</strong></span> <span class='ocrx_word' id='word_1_105' title='bbox 2213 374 2546 431; x_wconf 71' lang='lat' dir='ltr'><strong>MAGISTRI</strong></span> <span class='ocrx_word' id='word_1_106' title='bbox 2580 378 2739 434; x_wconf 71' lang='lat' dir='ltr'><strong>V&#39;iTA</strong></span> <span class='ocrx_word' id='word_1_107' title='bbox 2780 381 2839 437; x_wconf 87' lang='grc' dir='ltr'><strong>Β.</strong></span> <span class='ocrx_word' id='word_1_108' title='bbox 2879 381 3350 440; x_wconf 72' lang='lat' dir='ltr'><strong>EMMERAMMI.‘</strong></span> <span class='ocrx_word' id='word_1_109' title='bbox 3756 390 3835 447; x_wconf 60' lang='lat'><strong>98%</strong></span> 
     </span>
    </p>
   </div>
   <div class='ocr_carea' id='block_1_18' title="bbox 2923 497 3307 553">
    <p class='ocr_par' dir='ltr' id='par_1_18' title="bbox 2923 497 3307 553">
     <span class='ocr_line' id='line_1_18' title="bbox 2923 497 3307 553; baseline 0.003 -1"><span class='ocrx_word' id='word_1_110' title='bbox 2923 497 3156 552; x_wconf 84' lang='lat' dir='ltr'><strong>CAPUT</strong></span> <span class='ocrx_word' id='word_1_111' title='bbox 3194 497 3307 553; x_wconf 75' lang='lat' dir='ltr'><strong>XV.</strong></span> 
     </span>
    </p>
   </div>
   <div class='ocr_carea' id='block_1_19' title="bbox 2399 581 3838 655">
    <p class='ocr_par' dir='ltr' id='par_1_19' title="bbox 2399 581 3838 655">
     <span class='ocr_line' id='line_1_19' title="bbox 2399 581 3838 655; baseline 0.008 -19"><span class='ocrx_word' id='word_1_112' title='bbox 2399 581 2727 654; x_wconf 82' lang='lat' dir='ltr'><strong>Carniﬁcnm</strong></span> <span class='ocrx_word' id='word_1_113' title='bbox 2753 604 2923 655; x_wconf 78' lang='lat' dir='ltr'><strong>paena.</strong></span> <span class='ocrx_word' id='word_1_114' title='bbox 2945 620 2992 627; x_wconf 96' lang='lat'><strong>—</strong></span> <span class='ocrx_word' id='word_1_115' title='bbox 3039 587 3306 654; x_wconf 78' lang='lat' dir='ltr'><strong>Quoniam</strong></span> <span class='ocrx_word' id='word_1_116' title='bbox 3334 589 3401 643; x_wconf 85' lang='lat' dir='ltr'><strong>de</strong></span> <span class='ocrx_word' id='word_1_117' title='bbox 3432 592 3673 645; x_wconf 79' lang='lat' dir='ltr'><strong>exercitio</strong></span> <span class='ocrx_word' id='word_1_118' title='bbox 3702 606 3838 648; x_wconf 65' lang='lat' dir='ltr'><strong>cena-</strong></span> 
     </span>
    </p>
   </div>
   <div class='ocr_carea' id='block_1_20' title="bbox 2324 674 3839 751">
    <p class='ocr_par' dir='ltr' id='par_1_20' title="bbox 2324 674 3839 751">
     <span class='ocr_line' id='line_1_20' title="bbox 2324 674 3839 751; baseline 0.009 -25"><span class='ocrx_word' id='word_1_119' title='bbox 2324 674 2489 729; x_wconf 87' lang='lat' dir='ltr'><strong>minis</strong></span> <span class='ocrx_word' id='word_1_120' title='bbox 2520 677 2795 744; x_wconf 85' lang='lat' dir='ltr'><strong>pontilicis</strong></span> <span class='ocrx_word' id='word_1_121' title='bbox 2834 687 2997 748; x_wconf 84' lang='lat' dir='ltr'><strong>atque</strong></span> <span class='ocrx_word' id='word_1_122' title='bbox 3046 680 3319 749; x_wconf 88' lang='lat' dir='ltr'><strong>triumpho</strong></span> <span class='ocrx_word' id='word_1_123' title='bbox 3361 682 3568 751; x_wconf 83' lang='lat' dir='ltr'><strong>cognita</strong></span> <span class='ocrx_word' id='word_1_124' title='bbox 3608 691 3655 738; x_wconf 86' lang='lat' dir='ltr'><strong>et</strong></span> <span class='ocrx_word' id='word_1_125' title='bbox 3681 686 3839 741; x_wconf 72' lang='lat' dir='ltr'><strong>credita</strong></span> 
     </span>
    </p>
   </div>
   <div class='ocr_carea' id='block_1_21' title="bbox 2323 768 3839 843">
    <p class='ocr_par' dir='ltr' id='par_1_21' title="bbox 2323 768 3839 843">
     <span class='ocr_line' id='line_1_21' title="bbox 2323 768 3839 843; baseline 0.008 -25"><span class='ocrx_word' id='word_1_126' title='bbox 2323 768 2602 821; x_wconf 83' lang='lat' dir='ltr'><strong>contexuit</strong></span> <span class='ocrx_word' id='word_1_127' title='bbox 2630 769 2825 833; x_wconf 83' lang='lat' dir='ltr'><strong>oratio,</strong></span> <span class='ocrx_word' id='word_1_128' title='bbox 2854 785 3198 839; x_wconf 86' lang='lat' dir='ltr'><strong>consequens</strong></span> <span class='ocrx_word' id='word_1_129' title='bbox 3235 786 3355 825; x_wconf 90' lang='lat' dir='ltr'><strong>esse</strong></span> <span class='ocrx_word' id='word_1_130' title='bbox 3392 772 3616 837; x_wconf 88' lang='lat' dir='ltr'><strong>videtur,</strong></span> <span class='ocrx_word' id='word_1_131' title='bbox 3653 777 3755 843; x_wconf 82' lang='lat' dir='ltr'><strong>quis</strong></span> <span class='ocrx_word' id='word_1_132' title='bbox 3775 794 3839 831; x_wconf 86' lang='lat' dir='ltr'><strong>re-</strong></span> 
     </span>
    </p>
   </div>
   <div class='ocr_carea' id='block_1_22' title="bbox 2322 857 3838 934">
    <p class='ocr_par' dir='ltr' id='par_1_22' title="bbox 2322 857 3838 934">
     <span class='ocr_line' id='line_1_22' title="bbox 2322 857 3838 934; baseline 0.008 -26"><span class='ocrx_word' id='word_1_133' title='bbox 2322 870 2446 910; x_wconf 88' lang='lat' dir='ltr'><strong>rum</strong></span> <span class='ocrx_word' id='word_1_134' title='bbox 2484 857 2610 913; x_wconf 82' lang='lat' dir='ltr'><strong>ﬁnis</strong></span> <span class='ocrx_word' id='word_1_135' title='bbox 2655 869 3033 928; x_wconf 88' lang='lat' dir='ltr'><strong>persecutores</strong></span> <span class='ocrx_word' id='word_1_136' title='bbox 3074 860 3194 930; x_wconf 85' lang='lat' dir='ltr'><strong>ejus</strong></span> <span class='ocrx_word' id='word_1_137' title='bbox 3236 863 3632 930; x_wconf 75' lang='lat' dir='ltr'><strong>przesentialiter</strong></span> <span class='ocrx_word' id='word_1_138' title='bbox 3666 867 3838 934; x_wconf 83' lang='lat' dir='ltr'><strong>ceperit,</strong></span> 
     </span>
    </p>
   </div>
   <div class='ocr_carea' id='block_1_23' title="bbox 2322 952 3838 1025">
    <p class='ocr_par' dir='ltr' id='par_1_23' title="bbox 2322 952 3838 1025">
     <span class='ocr_line' id='line_1_23' title="bbox 2322 952 3838 1025; baseline 0.007 -26"><span class='ocrx_word' id='word_1_139' title='bbox 2322 961 2614 1015; x_wconf 87' lang='lat' dir='ltr'><strong>enarrare;</strong></span> <span class='ocrx_word' id='word_1_140' title='bbox 2646 959 2917 1019; x_wconf 89' lang='lat' dir='ltr'><strong>quatenus</strong></span> <span class='ocrx_word' id='word_1_141' title='bbox 2938 960 2992 1006; x_wconf 90' lang='lat' dir='ltr'><strong>et</strong></span> <span class='ocrx_word' id='word_1_142' title='bbox 3012 952 3131 1005; x_wconf 70' lang='lat' dir='ltr'><strong>haec</strong></span> <span class='ocrx_word' id='word_1_143' title='bbox 3156 952 3393 1022; x_wconf 83' lang='lat' dir='ltr'><strong>cognitio</strong></span> <span class='ocrx_word' id='word_1_144' title='bbox 3412 962 3465 1007; x_wconf 90' lang='lat' dir='ltr'><strong>et</strong></span> <span class='ocrx_word' id='word_1_145' title='bbox 3487 952 3661 1009; x_wconf 73' lang='lat' dir='ltr'><strong>fraenet</strong></span> <span class='ocrx_word' id='word_1_146' title='bbox 3683 956 3838 1025; x_wconf 83' lang='lat' dir='ltr'><strong>impro-</strong></span> 
     </span>
    </p>
   </div>
   <div class='ocr_carea' id='block_1_24' title="bbox 2322 1034 3840 1115">
    <p class='ocr_par' dir='ltr' id='par_1_24' title="bbox 2322 1034 3840 1115">
     <span class='ocr_line' id='line_1_24' title="bbox 2322 1034 3840 1115; baseline 0.005 -25"><span class='ocrx_word' id='word_1_147' title='bbox 2322 1034 2441 1102; x_wconf 90' lang='lat' dir='ltr'><strong>bos,</strong></span> <span class='ocrx_word' id='word_1_148' title='bbox 2483 1047 2538 1093; x_wconf 92' lang='lat' dir='ltr'><strong>et</strong></span> <span class='ocrx_word' id='word_1_149' title='bbox 2577 1048 2793 1094; x_wconf 90' lang='lat' dir='ltr'><strong>tueatur</strong></span> <span class='ocrx_word' id='word_1_150' title='bbox 2829 1042 3058 1110; x_wconf 91' lang='lat' dir='ltr'><strong>probos;</strong></span> <span class='ocrx_word' id='word_1_151' title='bbox 3098 1042 3228 1095; x_wconf 85' lang='lat' dir='ltr'><strong>dum</strong></span> <span class='ocrx_word' id='word_1_152' title='bbox 3260 1058 3368 1096; x_wconf 90' lang='lat' dir='ltr'><strong>non</strong></span> <span class='ocrx_word' id='word_1_153' title='bbox 3403 1043 3597 1098; x_wconf 85' lang='lat' dir='ltr'><strong>audent</strong></span> <span class='ocrx_word' id='word_1_154' title='bbox 3632 1045 3726 1110; x_wconf 87' lang='lat' dir='ltr'><strong>isti,</strong></span> <span class='ocrx_word' id='word_1_155' title='bbox 3752 1062 3840 1115; x_wconf 71' lang='lat' dir='ltr'><strong>qua</strong></span> 
     </span>
    </p>
   </div>
   <div class='ocr_carea' id='block_1_25' title="bbox 2322 1128 3841 1201">
    <p class='ocr_par' dir='ltr' id='par_1_25' title="bbox 2322 1128 3841 1201">
     <span class='ocr_line' id='line_1_25' title="bbox 2322 1128 3841 1201; baseline 0.005 -20"><span class='ocrx_word' id='word_1_156' title='bbox 2322 1128 2544 1196; x_wconf 91' lang='lat' dir='ltr'><strong>volunt;</strong></span> <span class='ocrx_word' id='word_1_157' title='bbox 2574 1138 2629 1184; x_wconf 89' lang='lat' dir='ltr'><strong>et</strong></span> <span class='ocrx_word' id='word_1_158' title='bbox 2650 1146 2758 1184; x_wconf 93' lang='lat' dir='ltr'><strong>non</strong></span> <span class='ocrx_word' id='word_1_159' title='bbox 2789 1131 3066 1200; x_wconf 88' lang='lat' dir='ltr'><strong>patiantur</strong></span> <span class='ocrx_word' id='word_1_160' title='bbox 3089 1131 3188 1197; x_wconf 89' lang='lat' dir='ltr'><strong>illi,</strong></span> <span class='ocrx_word' id='word_1_161' title='bbox 3218 1148 3340 1201; x_wconf 74' lang='lat' dir='ltr'><strong>qua:</strong></span> <span class='ocrx_word' id='word_1_162' title='bbox 3368 1149 3478 1187; x_wconf 91' lang='lat' dir='ltr'><strong>non</strong></span> <span class='ocrx_word' id='word_1_163' title='bbox 3500 1134 3694 1188; x_wconf 85' lang='lat' dir='ltr'><strong>debent.</strong></span> <span class='ocrx_word' id='word_1_164' title='bbox 3728 1135 3841 1189; x_wconf 83' lang='lat' dir='ltr'><strong>Sicut</strong></span> 
     </span>
    </p>
   </div>
   <div class='ocr_carea' id='block_1_26' title="bbox 2323 1221 3842 1294">
    <p class='ocr_par' dir='ltr' id='par_1_26' title="bbox 2323 1221 3842 1294">
     <span class='ocr_line' id='line_1_26' title="bbox 2323 1221 3842 1294; baseline 0.004 -21"><span class='ocrx_word' id='word_1_165' title='bbox 2323 1221 2576 1288; x_wconf 88' lang='lat' dir='ltr'><strong>superius</strong></span> <span class='ocrx_word' id='word_1_166' title='bbox 2598 1221 2858 1288; x_wconf 81' lang='lat' dir='ltr'><strong>diximus,</strong></span> <span class='ocrx_word' id='word_1_167' title='bbox 2886 1223 3129 1292; x_wconf 88' lang='lat' dir='ltr'><strong>quinque</strong></span> <span class='ocrx_word' id='word_1_168' title='bbox 3165 1233 3292 1279; x_wconf 90' lang='lat' dir='ltr'><strong>sunt</strong></span> <span class='ocrx_word' id='word_1_169' title='bbox 3317 1224 3497 1290; x_wconf 89' lang='lat' dir='ltr'><strong>electi,</strong></span> <span class='ocrx_word' id='word_1_170' title='bbox 3526 1224 3615 1294; x_wconf 92' lang='lat' dir='ltr'><strong>qui</strong></span> <span class='ocrx_word' id='word_1_171' title='bbox 3636 1241 3741 1278; x_wconf 89' lang='lat' dir='ltr'><strong>eum</strong></span> <span class='ocrx_word' id='word_1_172' title='bbox 3764 1235 3842 1279; x_wconf 86' lang='lat' dir='ltr'><strong>tor-</strong></span> 
     </span>
    </p>
   </div>
   <div class='ocr_carea' id='block_1_27' title="bbox 2322 1313 3842 1382">
    <p class='ocr_par' dir='ltr' id='par_1_27' title="bbox 2322 1313 3842 1382">
     <span class='ocr_line' id='line_1_27' title="bbox 2322 1313 3842 1382; baseline 0.005 -19"><span class='ocrx_word' id='word_1_173' title='bbox 2322 1319 2574 1378; x_wconf 90' lang='lat' dir='ltr'><strong>querent,</strong></span> <span class='ocrx_word' id='word_1_174' title='bbox 2600 1328 2665 1366; x_wconf 81' lang='lat' dir='ltr'><strong>ex</strong></span> <span class='ocrx_word' id='word_1_175' title='bbox 2696 1313 2897 1382; x_wconf 88' lang='lat' dir='ltr'><strong>quibus</strong></span> <span class='ocrx_word' id='word_1_176' title='bbox 2917 1314 3057 1368; x_wconf 90' lang='lat' dir='ltr'><strong>duos</strong></span> <span class='ocrx_word' id='word_1_177' title='bbox 3084 1315 3300 1369; x_wconf 83' lang='lat' dir='ltr'><strong>facinus</strong></span> <span class='ocrx_word' id='word_1_178' title='bbox 3324 1315 3536 1381; x_wconf 89' lang='lat' dir='ltr'><strong>terruit,</strong></span> <span class='ocrx_word' id='word_1_179' title='bbox 3562 1324 3662 1369; x_wconf 86' lang='lat' dir='ltr'><strong>tres</strong></span> <span class='ocrx_word' id='word_1_180' title='bbox 3689 1332 3789 1371; x_wconf 83' lang='lat' dir='ltr'><strong>vero</strong></span> <span class='ocrx_word' id='word_1_181' title='bbox 3801 1326 3842 1371; x_wconf 88' lang='lat' dir='ltr'><strong>et</strong></span> 
     </span>
    </p>
   </div>
   <div class='ocr_carea' id='block_1_28' title="bbox 2322 1401 3841 1475">
    <p class='ocr_par' dir='ltr' id='par_1_28' title="bbox 2322 1401 3841 1475">
     <span class='ocr_line' id='line_1_28' title="bbox 2322 1401 3841 1475; baseline 0.002 -19"><span class='ocrx_word' id='word_1_182' title='bbox 2322 1401 2391 1456; x_wconf 89' lang='lat' dir='ltr'><strong>ad</strong></span> <span class='ocrx_word' id='word_1_183' title='bbox 2416 1402 2809 1458; x_wconf 82' lang='lat' dir='ltr'><strong>audendumct</strong></span> <span class='ocrx_word' id='word_1_184' title='bbox 2837 1404 2905 1458; x_wconf 91' lang='lat' dir='ltr'><strong>ad</strong></span> <span class='ocrx_word' id='word_1_185' title='bbox 2942 1405 3365 1475; x_wconf 88' lang='lat' dir='ltr'><strong>perpetrandum</strong></span> <span class='ocrx_word' id='word_1_186' title='bbox 3411 1406 3583 1461; x_wconf 89' lang='lat' dir='ltr'><strong>scelus</strong></span> <span class='ocrx_word' id='word_1_187' title='bbox 3608 1405 3737 1469; x_wconf 87' lang='lat' dir='ltr'><strong>foris,</strong></span> <span class='ocrx_word' id='word_1_188' title='bbox 3768 1406 3841 1459; x_wconf 86' lang='lat' dir='ltr'><strong>im-</strong></span> 
     </span>
    </p>
   </div>
   <div class='ocr_carea' id='block_1_29' title="bbox 2321 1491 3840 1565">
    <p class='ocr_par' dir='ltr' id='par_1_29' title="bbox 2321 1491 3840 1565">
     <span class='ocr_line' id='line_1_29' title="bbox 2321 1491 3840 1565; baseline 0.003 -21"><span class='ocrx_word' id='word_1_189' title='bbox 2321 1491 2531 1561; x_wconf 83' lang='lat' dir='ltr'><strong>perium</strong></span> <span class='ocrx_word' id='word_1_190' title='bbox 2566 1493 2798 1549; x_wconf 91' lang='lat' dir='ltr'><strong>senioris</strong></span> <span class='ocrx_word' id='word_1_191' title='bbox 2833 1494 3043 1562; x_wconf 83' lang='lat' dir='ltr'><strong>incitat,</strong></span> <span class='ocrx_word' id='word_1_192' title='bbox 3077 1504 3238 1565; x_wconf 89' lang='lat' dir='ltr'><strong>atque</strong></span> <span class='ocrx_word' id='word_1_193' title='bbox 3274 1495 3439 1550; x_wconf 88' lang='lat' dir='ltr'><strong>insita</strong></span> <span class='ocrx_word' id='word_1_194' title='bbox 3465 1495 3742 1551; x_wconf 86' lang='lat' dir='ltr'><strong>medullitus</strong></span> <span class='ocrx_word' id='word_1_195' title='bbox 3762 1496 3840 1549; x_wconf 89' lang='lat' dir='ltr'><strong>ini-</strong></span> 
     </span>
    </p>
   </div>
   <div class='ocr_carea' id='block_1_30' title="bbox 2321 1581 3842 1654">
    <p class='ocr_par' dir='ltr' id='par_1_30' title="bbox 2321 1581 3842 1654">
     <span class='ocr_line' id='line_1_30' title="bbox 2321 1581 3842 1654; baseline 0.002 -19"><span class='ocrx_word' id='word_1_196' title='bbox 2321 1581 2501 1650; x_wconf 90' lang='lat' dir='ltr'><strong>quitas</strong></span> <span class='ocrx_word' id='word_1_197' title='bbox 2532 1584 2766 1639; x_wconf 84' lang='lat' dir='ltr'><strong>exacuit.</strong></span> <span class='ocrx_word' id='word_1_198' title='bbox 2806 1581 2960 1640; x_wconf 90' lang='lat' dir='ltr'><strong>Unde</strong></span> <span class='ocrx_word' id='word_1_199' title='bbox 2991 1585 3166 1640; x_wconf 90' lang='lat' dir='ltr'><strong>timidi</strong></span> <span class='ocrx_word' id='word_1_200' title='bbox 3191 1585 3301 1639; x_wconf 87' lang='lat' dir='ltr'><strong>duo</strong></span> <span class='ocrx_word' id='word_1_201' title='bbox 3337 1585 3433 1651; x_wconf 92' lang='lat' dir='ltr'><strong>illi,</strong></span> <span class='ocrx_word' id='word_1_202' title='bbox 3476 1600 3650 1654; x_wconf 85' lang='lat' dir='ltr'><strong>preces</strong></span> <span class='ocrx_word' id='word_1_203' title='bbox 3679 1600 3757 1653; x_wconf 77' lang='lat' dir='ltr'><strong>pro</strong></span> <span class='ocrx_word' id='word_1_204' title='bbox 3780 1584 3842 1638; x_wconf 87' lang='lat' dir='ltr'><strong>his</strong></span> 
     </span>
    </p>
   </div>
   <div class='ocr_carea' id='block_1_31' title="bbox 2322 1671 3839 1747">
    <p class='ocr_par' dir='ltr' id='par_1_31' title="bbox 2322 1671 3839 1747">
     <span class='ocr_line' id='line_1_31' title="bbox 2322 1671 3839 1747; baseline 0.003 -20"><span class='ocrx_word' id='word_1_205' title='bbox 2322 1671 2582 1730; x_wconf 80' lang='lat' dir='ltr'><strong>fundente</strong></span> <span class='ocrx_word' id='word_1_206' title='bbox 2626 1685 2816 1731; x_wconf 88' lang='lat' dir='ltr'><strong>sancto</strong></span> <span class='ocrx_word' id='word_1_207' title='bbox 2847 1685 3104 1747; x_wconf 80' lang='lat' dir='ltr'><strong>martyre,</strong></span> <span class='ocrx_word' id='word_1_208' title='bbox 3145 1678 3305 1733; x_wconf 88' lang='lat' dir='ltr'><strong>venia</strong></span> <span class='ocrx_word' id='word_1_209' title='bbox 3342 1678 3548 1744; x_wconf 84' lang='lat' dir='ltr'><strong>donati,</strong></span> <span class='ocrx_word' id='word_1_210' title='bbox 3576 1678 3624 1732; x_wconf 90' lang='lat' dir='ltr'><strong>in</strong></span> <span class='ocrx_word' id='word_1_211' title='bbox 3647 1693 3755 1747; x_wconf 83' lang='lat' dir='ltr'><strong>pace</strong></span> <span class='ocrx_word' id='word_1_212' title='bbox 3770 1678 3839 1732; x_wconf 84' lang='lat' dir='ltr'><strong>de-</strong></span> 
     </span>
    </p>
   </div>
   <div class='ocr_carea' id='block_1_32' title="bbox 2321 1764 3841 1836">
    <p class='ocr_par' dir='ltr' id='par_1_32' title="bbox 2321 1764 3841 1836">
     <span class='ocr_line' id='line_1_32' title="bbox 2321 1764 3841 1836; baseline 0 -17"><span class='ocrx_word' id='word_1_213' title='bbox 2321 1764 2596 1821; x_wconf 80' lang='lat' dir='ltr'><strong>duxerunt</strong></span> <span class='ocrx_word' id='word_1_214' title='bbox 2632 1774 2914 1835; x_wconf 87' lang='lat' dir='ltr'><strong>tempora;</strong></span> <span class='ocrx_word' id='word_1_215' title='bbox 2957 1766 3154 1836; x_wconf 88' lang='lat' dir='ltr'><strong>reliqui</strong></span> <span class='ocrx_word' id='word_1_216' title='bbox 3194 1783 3325 1823; x_wconf 85' lang='lat' dir='ltr'><strong>vero</strong></span> <span class='ocrx_word' id='word_1_217' title='bbox 3372 1767 3513 1821; x_wconf 89' lang='lat' dir='ltr'><strong>intra</strong></span> <span class='ocrx_word' id='word_1_218' title='bbox 3556 1776 3731 1835; x_wconf 89' lang='lat' dir='ltr'><strong>septem</strong></span> <span class='ocrx_word' id='word_1_219' title='bbox 3756 1765 3841 1820; x_wconf 76' lang='lat' dir='ltr'><strong>dies</strong></span> 
     </span>
    </p>
   </div>
   <div class='ocr_carea' id='block_1_33' title="bbox 630 1853 3839 1944">
    <p class='ocr_par' dir='ltr' id='par_1_33' title="bbox 630 1853 3839 1944">
     <span class='ocr_line' id='line_1_33' title="bbox 630 1853 3839 1944; baseline 0.002 -44"><span class='ocrx_word' id='word_1_220' title='bbox 630 1864 943 1933; x_wconf 54' lang='lat' dir='ltr'><strong>obducitur,</strong></span> <span class='ocrx_word' id='word_1_221' title='bbox 972 1876 1028 1923; x_wconf 67' lang='grc' dir='ltr'><strong>ει</strong></span> <span class='ocrx_word' id='word_1_222' title='bbox 1054 1870 1478 1925; x_wconf 57' lang='lat' dir='ltr'><strong>comend,th</strong></span> <span class='ocrx_word' id='word_1_223' title='bbox 1500 1871 1625 1926; x_wconf 65' lang='grc' dir='ltr'><strong>οωιί</strong></span> <span class='ocrx_word' id='word_1_224' title='bbox 1647 1870 1841 1940; x_wconf 66' lang='lat' dir='ltr'><strong>facies,</strong></span> <span class='ocrx_word' id='word_1_225' title='bbox 1872 1875 2084 1944; x_wconf 59' lang='lat' dir='ltr'><strong>mugitu</strong></span> <span class='ocrx_word' id='word_1_226' title='bbox 2136 1882 2220 1929; x_wconf 70' lang='grc' dir='ltr'><strong>ιο,</strong></span> <span class='ocrx_word' id='word_1_227' title='bbox 2252 1876 2295 1930; x_wconf 76' lang='grc' dir='ltr'><strong>Β</strong></span> <span class='ocrx_word' id='word_1_228' title='bbox 2322 1853 2535 1922; x_wconf 87' lang='lat' dir='ltr'><strong>spiritui</strong></span> <span class='ocrx_word' id='word_1_229' title='bbox 2558 1854 2647 1908; x_wconf 88' lang='lat' dir='ltr'><strong>cui</strong></span> <span class='ocrx_word' id='word_1_230' title='bbox 2671 1854 2981 1909; x_wconf 88' lang='lat' dir='ltr'><strong>servierunt</strong></span> <span class='ocrx_word' id='word_1_231' title='bbox 3001 1854 3057 1908; x_wconf 90' lang='lat' dir='ltr'><strong>in</strong></span> <span class='ocrx_word' id='word_1_232' title='bbox 3076 1853 3289 1911; x_wconf 88' lang='lat' dir='ltr'><strong>mundo</strong></span> <span class='ocrx_word' id='word_1_233' title='bbox 3313 1854 3515 1919; x_wconf 83' lang='lat' dir='ltr'><strong>traditi,</strong></span> <span class='ocrx_word' id='word_1_234' title='bbox 3538 1862 3683 1924; x_wconf 90' lang='lat' dir='ltr'><strong>atque</strong></span> <span class='ocrx_word' id='word_1_235' title='bbox 3706 1853 3839 1906; x_wconf 84' lang='lat' dir='ltr'><strong>horri—</strong></span> 
     </span>
    </p>
   </div>
   <div class='ocr_carea' id='block_1_34' title="bbox 628 1956 2215 2034">
    <p class='ocr_par' dir='ltr' id='par_1_34' title="bbox 628 1956 2215 2034">
     <span class='ocr_line' id='line_1_34' title="bbox 628 1956 2215 2034; baseline 0.007 -24"><span class='ocrx_word' id='word_1_236' title='bbox 628 1956 822 2023; x_wconf 88' lang='lat' dir='ltr'><strong>nitrui,</strong></span> <span class='ocrx_word' id='word_1_237' title='bbox 846 1958 1286 2031; x_wconf 85' lang='lat' dir='ltr'><strong>fulguribusque,</strong></span> <span class='ocrx_word' id='word_1_238' title='bbox 1317 1962 1629 2019; x_wconf 88' lang='lat' dir='ltr'><strong>mortalium</strong></span> <span class='ocrx_word' id='word_1_239' title='bbox 1662 1964 1825 2019; x_wconf 91' lang='lat' dir='ltr'><strong>corda</strong></span> <span class='ocrx_word' id='word_1_240' title='bbox 1854 1966 2215 2034; x_wconf 89' lang='lat' dir='ltr'><strong>terrentibus;</strong></span> 
     </span>
    </p>
   </div>
   <div class='ocr_carea' id='block_1_35' title="bbox 631 2047 2218 2123">
    <p class='ocr_par' dir='ltr' id='par_1_35' title="bbox 631 2047 2218 2123">
     <span class='ocr_line' id='line_1_35' title="bbox 631 2047 2218 2123; baseline 0.008 -21"><span class='ocrx_word' id='word_1_241' title='bbox 631 2047 904 2106; x_wconf 89' lang='lat' dir='ltr'><strong>dissoluto</strong></span> <span class='ocrx_word' id='word_1_242' title='bbox 930 2052 1149 2107; x_wconf 90' lang='lat' dir='ltr'><strong>interim</strong></span> <span class='ocrx_word' id='word_1_243' title='bbox 1200 2053 1256 2108; x_wconf 89' lang='lat' dir='ltr'><strong>in</strong></span> <span class='ocrx_word' id='word_1_244' title='bbox 1296 2054 1513 2123; x_wconf 83' lang='lat' dir='ltr'><strong>pluvias</strong></span> <span class='ocrx_word' id='word_1_245' title='bbox 1569 2063 1625 2109; x_wconf 91' lang='lat' dir='ltr'><strong>et</strong></span> <span class='ocrx_word' id='word_1_246' title='bbox 1674 2055 1977 2113; x_wconf 78' lang='lat' dir='ltr'><strong>defluentes</strong></span> <span class='ocrx_word' id='word_1_247' title='bbox 2027 2073 2218 2114; x_wconf 89' lang='lat' dir='ltr'><strong>amnes</strong></span> 
     </span>
    </p>
   </div>
   <div class='ocr_carea' id='block_1_36' title="bbox 631 2143 1716 2216">
    <p class='ocr_par' dir='ltr' id='par_1_36' title="bbox 631 2143 1716 2216">
     <span class='ocr_line' id='line_1_36' title="bbox 631 2143 1716 2216; baseline 0.006 -20"><span class='ocrx_word' id='word_1_248' title='bbox 631 2155 758 2197; x_wconf 84' lang='lat' dir='ltr'><strong>aere</strong></span> <span class='ocrx_word' id='word_1_249' title='bbox 793 2143 1073 2200; x_wconf 86' lang='lat' dir='ltr'><strong>continuis</strong></span> <span class='ocrx_word' id='word_1_250' title='bbox 1101 2144 1473 2216; x_wconf 78' lang='lat' dir='ltr'><strong>quadraginta</strong></span> <span class='ocrx_word' id='word_1_251' title='bbox 1497 2146 1716 2203; x_wconf 87' lang='lat' dir='ltr'><strong>diebus.</strong></span> 
     </span>
    </p>
   </div>
   <div class='ocr_carea' id='block_1_37' title="bbox 1197 2337 1652 2397">
    <p class='ocr_par' dir='ltr' id='par_1_37' title="bbox 1197 2337 1652 2397">
     <span class='ocr_line' id='line_1_37' title="bbox 1197 2337 1652 2397; baseline 0.004 -3"><span class='ocrx_word' id='word_1_252' title='bbox 1197 2337 1428 2394; x_wconf 83' lang='lat' dir='ltr'><strong>CAPUT</strong></span> <span class='ocrx_word' id='word_1_253' title='bbox 1511 2339 1652 2397; x_wconf 81' lang='lat' dir='ltr'><strong>XIV.</strong></span> 
     </span>
    </p>
   </div>
   <div class='ocr_carea' id='block_1_38' title="bbox 706 2486 2221 2568">
    <p class='ocr_par' dir='ltr' id='par_1_38' title="bbox 706 2486 2221 2568">
     <span class='ocr_line' id='line_1_38' title="bbox 706 2486 2221 2568; baseline 0.009 -26"><span class='ocrx_word' id='word_1_254' title='bbox 706 2486 841 2558; x_wconf 52' lang='lat' dir='ltr'><strong>Ejus</strong></span> <span class='ocrx_word' id='word_1_255' title='bbox 869 2491 1172 2548; x_wconf 79' lang='lat' dir='ltr'><strong>translatio.</strong></span> <span class='ocrx_word' id='word_1_256' title='bbox 1200 2525 1272 2535; x_wconf 91' lang='lat'><strong><em>—</em></strong></span> <span class='ocrx_word' id='word_1_257' title='bbox 1310 2493 1467 2549; x_wconf 90' lang='lat' dir='ltr'><strong>Tunc</strong></span> <span class='ocrx_word' id='word_1_258' title='bbox 1494 2496 1640 2550; x_wconf 89' lang='lat' dir='ltr'><strong>sicut</strong></span> <span class='ocrx_word' id='word_1_259' title='bbox 1686 2496 1741 2551; x_wconf 91' lang='lat' dir='ltr'><strong>in</strong></span> <span class='ocrx_word' id='word_1_260' title='bbox 1777 2500 2032 2568; x_wconf 79' lang='lat' dir='ltr'><strong>angustia</strong></span> <span class='ocrx_word' id='word_1_261' title='bbox 2074 2515 2221 2555; x_wconf 88' lang='lat' dir='ltr'><strong>sem-</strong></span> 
     </span>
    </p>
   </div>
   <div class='ocr_carea' id='block_1_39' title="bbox 630 2580 2215 2661">
    <p class='ocr_par' dir='ltr' id='par_1_39' title="bbox 630 2580 2215 2661">
     <span class='ocr_line' id='line_1_39' title="bbox 630 2580 2215 2661; baseline 0.009 -29"><span class='ocrx_word' id='word_1_262' title='bbox 630 2593 727 2648; x_wconf 87' lang='lat' dir='ltr'><strong>per</strong></span> <span class='ocrx_word' id='word_1_263' title='bbox 773 2580 1077 2637; x_wconf 84' lang='lat' dir='ltr'><strong>humannm</strong></span> <span class='ocrx_word' id='word_1_264' title='bbox 1102 2600 1275 2656; x_wconf 88' lang='lat' dir='ltr'><strong>genus</strong></span> <span class='ocrx_word' id='word_1_265' title='bbox 1303 2585 1370 2643; x_wconf 88' lang='lat' dir='ltr'><strong>de</strong></span> <span class='ocrx_word' id='word_1_266' title='bbox 1409 2587 1643 2643; x_wconf 90' lang='lat' dir='ltr'><strong>insuetis</strong></span> <span class='ocrx_word' id='word_1_267' title='bbox 1664 2589 1913 2657; x_wconf 89' lang='lat' dir='ltr'><strong>attendit,</strong></span> <span class='ocrx_word' id='word_1_268' title='bbox 1939 2599 1993 2645; x_wconf 92' lang='lat' dir='ltr'><strong>et</strong></span> <span class='ocrx_word' id='word_1_269' title='bbox 2015 2590 2083 2645; x_wconf 83' lang='lat' dir='ltr'><strong>de</strong></span> <span class='ocrx_word' id='word_1_270' title='bbox 2118 2607 2215 2661; x_wconf 90' lang='lat' dir='ltr'><strong>pe-</strong></span> 
     </span>
    </p>
   </div>
   <div class='ocr_carea' id='block_1_40' title="bbox 629 2671 2217 2753">
    <p class='ocr_par' dir='ltr' id='par_1_40' title="bbox 629 2671 2217 2753">
     <span class='ocr_line' id='line_1_40' title="bbox 629 2671 2217 2753; baseline 0.009 -29"><span class='ocrx_word' id='word_1_271' title='bbox 629 2671 824 2727; x_wconf 90' lang='lat' dir='ltr'><strong>riculis</strong></span> <span class='ocrx_word' id='word_1_272' title='bbox 857 2675 1106 2744; x_wconf 89' lang='lat' dir='ltr'><strong>requirit,</strong></span> <span class='ocrx_word' id='word_1_273' title='bbox 1134 2677 1383 2732; x_wconf 89' lang='lat' dir='ltr'><strong>consulta</strong></span> <span class='ocrx_word' id='word_1_274' title='bbox 1416 2688 1502 2734; x_wconf 92' lang='lat' dir='ltr'><strong>est</strong></span> <span class='ocrx_word' id='word_1_275' title='bbox 1522 2679 1707 2735; x_wconf 89' lang='lat' dir='ltr'><strong>divina</strong></span> <span class='ocrx_word' id='word_1_276' title='bbox 1737 2683 1979 2750; x_wconf 89' lang='lat' dir='ltr'><strong>potentia</strong></span> <span class='ocrx_word' id='word_1_277' title='bbox 2015 2690 2070 2737; x_wconf 92' lang='lat' dir='ltr'><strong>et</strong></span> <span class='ocrx_word' id='word_1_278' title='bbox 2099 2685 2217 2753; x_wconf 92' lang='lat' dir='ltr'><strong>pie-</strong></span> 
     </span>
    </p>
   </div>
   <div class='ocr_carea' id='block_1_41' title="bbox 628 2766 2216 2833">
    <p class='ocr_par' dir='ltr' id='par_1_41' title="bbox 628 2766 2216 2833">
     <span class='ocr_line' id='line_1_41' title="bbox 628 2766 2216 2833; baseline 0.011 -19"><span class='ocrx_word' id='word_1_279' title='bbox 628 2769 716 2817; x_wconf 92' lang='lat' dir='ltr'><strong>tas</strong></span> <span class='ocrx_word' id='word_1_280' title='bbox 758 2773 1008 2833; x_wconf 78' lang='lat' dir='ltr'><strong>exorata,</strong></span> <span class='ocrx_word' id='word_1_281' title='bbox 1056 2766 1231 2823; x_wconf 90' lang='lat' dir='ltr'><strong>donec</strong></span> <span class='ocrx_word' id='word_1_282' title='bbox 1265 2768 1383 2823; x_wconf 91' lang='lat' dir='ltr'><strong>visu</strong></span> <span class='ocrx_word' id='word_1_283' title='bbox 1416 2780 1699 2827; x_wconf 83' lang='lat' dir='ltr'><strong>nocturnae</strong></span> <span class='ocrx_word' id='word_1_284' title='bbox 1731 2774 2079 2832; x_wconf 89' lang='lat' dir='ltr'><strong>revelationis</strong></span> <span class='ocrx_word' id='word_1_285' title='bbox 2117 2775 2216 2831; x_wconf 86' lang='lat' dir='ltr'><strong>de-</strong></span> 
     </span>
    </p>
   </div>
   <div class='ocr_carea' id='block_1_42' title="bbox 631 2855 2216 2938">
    <p class='ocr_par' dir='ltr' id='par_1_42' title="bbox 631 2855 2216 2938">
     <span class='ocr_line' id='line_1_42' title="bbox 631 2855 2216 2938; baseline 0.011 -28"><span class='ocrx_word' id='word_1_286' title='bbox 631 2855 898 2913; x_wconf 89' lang='lat' dir='ltr'><strong>claratum</strong></span> <span class='ocrx_word' id='word_1_287' title='bbox 949 2869 1051 2927; x_wconf 92' lang='lat' dir='ltr'><strong>est,</strong></span> <span class='ocrx_word' id='word_1_288' title='bbox 1086 2862 1270 2931; x_wconf 77' lang='lat' dir='ltr'><strong>deberi</strong></span> <span class='ocrx_word' id='word_1_289' title='bbox 1313 2863 1498 2921; x_wconf 80' lang='lat' dir='ltr'><strong>felices</strong></span> <span class='ocrx_word' id='word_1_290' title='bbox 1544 2868 1803 2938; x_wconf 88' lang='lat' dir='ltr'><strong>reliquias</strong></span> <span class='ocrx_word' id='word_1_291' title='bbox 1845 2870 2100 2927; x_wconf 91' lang='lat' dir='ltr'><strong>festinato</strong></span> <span class='ocrx_word' id='word_1_292' title='bbox 2148 2875 2216 2928; x_wconf 82' lang='lat' dir='ltr'><strong>ad</strong></span> 
     </span>
    </p>
   </div>
   <div class='ocr_carea' id='block_1_43' title="bbox 628 2947 2216 3033">
    <p class='ocr_par' dir='ltr' id='par_1_43' title="bbox 628 2947 2216 3033">
     <span class='ocr_line' id='line_1_43' title="bbox 628 2947 2216 3033; baseline 0.011 -32"><span class='ocrx_word' id='word_1_293' title='bbox 628 2947 821 3002; x_wconf 88' lang='lat' dir='ltr'><strong>urbem</strong></span> <span class='ocrx_word' id='word_1_294' title='bbox 849 2949 1205 3008; x_wconf 81' lang='lat' dir='ltr'><strong>Ratisbonam</strong></span> <span class='ocrx_word' id='word_1_295' title='bbox 1239 2955 1365 3011; x_wconf 91' lang='lat' dir='ltr'><strong>inde</strong></span> <span class='ocrx_word' id='word_1_296' title='bbox 1395 2957 1701 3014; x_wconf 84' lang='lat' dir='ltr'><strong>transferri.</strong></span> <span class='ocrx_word' id='word_1_297' title='bbox 1757 2959 1910 3017; x_wconf 89' lang='lat' dir='ltr'><strong>Unde</strong></span> <span class='ocrx_word' id='word_1_298' title='bbox 1953 2965 2216 3033; x_wconf 87' lang='lat' dir='ltr'><strong>primates</strong></span> 
     </span>
    </p>
   </div>
   <div class='ocr_carea' id='block_1_44' title="bbox 628 3037 2213 3121">
    <p class='ocr_par' dir='ltr' id='par_1_44' title="bbox 628 3037 2213 3121">
     <span class='ocr_line' id='line_1_44' title="bbox 628 3037 2213 3121; baseline 0.013 -30"><span class='ocrx_word' id='word_1_299' title='bbox 628 3037 735 3094; x_wconf 87' lang='lat' dir='ltr'><strong>loci</strong></span> <span class='ocrx_word' id='word_1_300' title='bbox 771 3039 918 3097; x_wconf 91' lang='lat' dir='ltr'><strong>illius</strong></span> <span class='ocrx_word' id='word_1_301' title='bbox 943 3044 1187 3120; x_wconf 80' lang='lat' dir='ltr'><strong>adunati,</strong></span> <span class='ocrx_word' id='word_1_302' title='bbox 1212 3048 1485 3103; x_wconf 89' lang='lat' dir='ltr'><strong>sublatum</strong></span> <span class='ocrx_word' id='word_1_303' title='bbox 1509 3065 1540 3103; x_wconf 92' lang='lat' dir='ltr'><strong>a</strong></span> <span class='ocrx_word' id='word_1_304' title='bbox 1570 3053 1820 3121; x_wconf 91' lang='lat' dir='ltr'><strong>sepulcro</strong></span> <span class='ocrx_word' id='word_1_305' title='bbox 1843 3057 2213 3111; x_wconf 89' lang='lat' dir='ltr'><strong>venerandum</strong></span> 
     </span>
    </p>
   </div>
   <div class='ocr_carea' id='block_1_45' title="bbox 628 3133 2217 3212">
    <p class='ocr_par' dir='ltr' id='par_1_45' title="bbox 628 3133 2217 3212">
     <span class='ocr_line' id='line_1_45' title="bbox 628 3133 2217 3212; baseline 0.011 -27"><span class='ocrx_word' id='word_1_306' title='bbox 628 3145 831 3202; x_wconf 89' lang='lat' dir='ltr'><strong>corpus</strong></span> <span class='ocrx_word' id='word_1_307' title='bbox 858 3134 926 3189; x_wconf 84' lang='lat' dir='ltr'><strong>ad</strong></span> <span class='ocrx_word' id='word_1_308' title='bbox 958 3133 1169 3190; x_wconf 89' lang='lat' dir='ltr'><strong>lsuram</strong></span> <span class='ocrx_word' id='word_1_309' title='bbox 1197 3138 1423 3193; x_wconf 85' lang='lat' dir='ltr'><strong>fluvium</strong></span> <span class='ocrx_word' id='word_1_310' title='bbox 1448 3141 1573 3195; x_wconf 87' lang='lat' dir='ltr'><strong>navi</strong></span> <span class='ocrx_word' id='word_1_311' title='bbox 1596 3141 1994 3212; x_wconf 89' lang='lat' dir='ltr'><strong>imposuerunt,</strong></span> <span class='ocrx_word' id='word_1_312' title='bbox 2027 3162 2217 3202; x_wconf 87' lang='lat' dir='ltr'><strong>accen-</strong></span> 
     </span>
    </p>
   </div>
   <div class='ocr_carea' id='block_1_46' title="bbox 627 3215 2282 3298">
    <p class='ocr_par' dir='ltr' id='par_1_46' title="bbox 627 3215 2282 3298">
     <span class='ocr_line' id='line_1_46' title="bbox 627 3215 2282 3298; baseline 0.01 -20"><span class='ocrx_word' id='word_1_313' title='bbox 627 3221 727 3288; x_wconf 90' lang='lat' dir='ltr'><strong>sis,</strong></span> <span class='ocrx_word' id='word_1_314' title='bbox 764 3224 922 3294; x_wconf 80' lang='lat' dir='ltr'><strong>juxta</strong></span> <span class='ocrx_word' id='word_1_315' title='bbox 956 3227 1236 3298; x_wconf 83' lang='lat' dir='ltr'><strong>religionis</strong></span> <span class='ocrx_word' id='word_1_316' title='bbox 1287 3232 1530 3298; x_wconf 89' lang='lat' dir='ltr'><strong>modum,</strong></span> <span class='ocrx_word' id='word_1_317' title='bbox 1569 3233 1776 3289; x_wconf 64' lang='lat' dir='ltr'><strong>cazreis.</strong></span> <span class='ocrx_word' id='word_1_318' title='bbox 1835 3234 1913 3289; x_wconf 88' lang='lat' dir='ltr'><strong>lbi</strong></span> <span class='ocrx_word' id='word_1_319' title='bbox 1957 3253 2081 3291; x_wconf 88' lang='lat' dir='ltr'><strong>cum</strong></span> <span class='ocrx_word' id='word_1_320' title='bbox 2120 3239 2214 3293; x_wconf 86' lang='lat' dir='ltr'><strong>de-</strong></span> <span class='ocrx_word' id='word_1_321' title='bbox 2242 3215 2282 3271; x_wconf 55' lang='grc' dir='ltr'><strong>(ἶ</strong></span> 
     </span>
    </p>
   </div>
   <div class='ocr_carea' id='block_1_47' title="bbox 625 3312 2212 3397">
    <p class='ocr_par' dir='ltr' id='par_1_47' title="bbox 625 3312 2212 3397">
     <span class='ocr_line' id='line_1_47' title="bbox 625 3312 2212 3397; baseline 0.01 -29"><span class='ocrx_word' id='word_1_322' title='bbox 625 3312 797 3369; x_wconf 87' lang='lat' dir='ltr'><strong>ﬂuum</strong></span> <span class='ocrx_word' id='word_1_323' title='bbox 825 3317 947 3383; x_wconf 89' lang='lat' dir='ltr'><strong>iter,</strong></span> <span class='ocrx_word' id='word_1_324' title='bbox 992 3334 1154 3374; x_wconf 90' lang='lat' dir='ltr'><strong>amne</strong></span> <span class='ocrx_word' id='word_1_325' title='bbox 1201 3320 1256 3375; x_wconf 91' lang='lat' dir='ltr'><strong>in</strong></span> <span class='ocrx_word' id='word_1_326' title='bbox 1305 3323 1523 3392; x_wconf 89' lang='lat' dir='ltr'><strong>propria</strong></span> <span class='ocrx_word' id='word_1_327' title='bbox 1570 3333 1780 3391; x_wconf 90' lang='lat' dir='ltr'><strong>ruente,</strong></span> <span class='ocrx_word' id='word_1_328' title='bbox 1831 3338 2212 3397; x_wconf 87' lang='lat' dir='ltr'><strong>sequerentur,</strong></span> 
     </span>
    </p>
   </div>
   <div class='ocr_carea' id='block_1_48' title="bbox 624 3408 2215 3481">
    <p class='ocr_par' dir='ltr' id='par_1_48' title="bbox 624 3408 2215 3481">
     <span class='ocr_line' id='line_1_48' title="bbox 624 3408 2215 3481; baseline 0.01 -21"><span class='ocrx_word' id='word_1_329' title='bbox 624 3419 725 3477; x_wconf 87' lang='lat' dir='ltr'><strong>per</strong></span> <span class='ocrx_word' id='word_1_330' title='bbox 778 3408 919 3464; x_wconf 87' lang='lat' dir='ltr'><strong>ostia</strong></span> <span class='ocrx_word' id='word_1_331' title='bbox 962 3410 1134 3481; x_wconf 89' lang='lat' dir='ltr'><strong>ipsius</strong></span> <span class='ocrx_word' id='word_1_332' title='bbox 1185 3413 1252 3467; x_wconf 91' lang='lat' dir='ltr'><strong>ad</strong></span> <span class='ocrx_word' id='word_1_333' title='bbox 1314 3412 1620 3470; x_wconf 89' lang='lat' dir='ltr'><strong>Danubium</strong></span> <span class='ocrx_word' id='word_1_334' title='bbox 1662 3417 2024 3474; x_wconf 86' lang='lat' dir='ltr'><strong>intraverunt.</strong></span> <span class='ocrx_word' id='word_1_335' title='bbox 2086 3420 2215 3477; x_wconf 89' lang='lat' dir='ltr'><strong>Inde</strong></span> 
     </span>
    </p>
   </div>
   <div class='ocr_carea' id='block_1_49' title="bbox 624 3500 2214 3581">
    <p class='ocr_par' dir='ltr' id='par_1_49' title="bbox 624 3500 2214 3581">
     <span class='ocr_line' id='line_1_49' title="bbox 624 3500 2214 3581; baseline 0.01 -32"><span class='ocrx_word' id='word_1_336' title='bbox 624 3505 815 3551; x_wconf 89' lang='lat' dir='ltr'><strong>contra</strong></span> <span class='ocrx_word' id='word_1_337' title='bbox 836 3507 1016 3553; x_wconf 90' lang='lat' dir='ltr'><strong>ortum</strong></span> <span class='ocrx_word' id='word_1_338' title='bbox 1038 3500 1279 3557; x_wconf 83' lang='lat' dir='ltr'><strong>fluminis</strong></span> <span class='ocrx_word' id='word_1_339' title='bbox 1307 3504 1679 3572; x_wconf 88' lang='lat' dir='ltr'><strong>enitentibus,-</strong></span> <span class='ocrx_word' id='word_1_340' title='bbox 1695 3508 1840 3576; x_wconf 89' lang='lat' dir='ltr'><strong>quod</strong></span> <span class='ocrx_word' id='word_1_341' title='bbox 1871 3509 1988 3563; x_wconf 91' lang='lat' dir='ltr'><strong>sine</strong></span> <span class='ocrx_word' id='word_1_342' title='bbox 2016 3526 2214 3581; x_wconf 86' lang='lat' dir='ltr'><strong>magno</strong></span> 
     </span>
    </p>
   </div>
   <div class='ocr_carea' id='block_1_50' title="bbox 623 3587 2215 3666">
    <p class='ocr_par' dir='ltr' id='par_1_50' title="bbox 623 3587 2215 3666">
     <span class='ocr_line' id='line_1_50' title="bbox 623 3587 2215 3666; baseline 0.008 -24"><span class='ocrx_word' id='word_1_343' title='bbox 623 3587 812 3645; x_wconf 83' lang='lat' dir='ltr'><strong>labore</strong></span> <span class='ocrx_word' id='word_1_344' title='bbox 836 3594 1172 3648; x_wconf 89' lang='lat' dir='ltr'><strong>consuetudo</strong></span> <span class='ocrx_word' id='word_1_345' title='bbox 1194 3603 1402 3650; x_wconf 67' lang='lat' dir='ltr'><strong>natura:</strong></span> <span class='ocrx_word' id='word_1_346' title='bbox 1427 3612 1535 3651; x_wconf 91' lang='lat' dir='ltr'><strong>non</strong></span> <span class='ocrx_word' id='word_1_347' title='bbox 1564 3606 1803 3666; x_wconf 60' lang='lat' dir='ltr'><strong>praestat,</strong></span> <span class='ocrx_word' id='word_1_348' title='bbox 1844 3608 1993 3654; x_wconf 87' lang='lat' dir='ltr'><strong>tanta</strong></span> <span class='ocrx_word' id='word_1_349' title='bbox 2019 3601 2215 3655; x_wconf 87' lang='lat' dir='ltr'><strong>celeri-</strong></span> 
     </span>
    </p>
   </div>
   <div class='ocr_carea' id='block_1_51' title="bbox 624 3684 2216 3762">
    <p class='ocr_par' dir='ltr' id='par_1_51' title="bbox 624 3684 2216 3762">
     <span class='ocr_line' id='line_1_51' title="bbox 624 3684 2216 3762; baseline 0.007 -26"><span class='ocrx_word' id='word_1_350' title='bbox 624 3689 738 3736; x_wconf 89' lang='lat' dir='ltr'><strong>tate</strong></span> <span class='ocrx_word' id='word_1_351' title='bbox 760 3698 849 3738; x_wconf 90' lang='lat' dir='ltr'><strong>res</strong></span> <span class='ocrx_word' id='word_1_352' title='bbox 884 3684 1177 3740; x_wconf 76' lang='lat' dir='ltr'><strong>immobilis</strong></span> <span class='ocrx_word' id='word_1_353' title='bbox 1201 3695 1388 3742; x_wconf 90' lang='lat' dir='ltr'><strong>contra</strong></span> <span class='ocrx_word' id='word_1_354' title='bbox 1416 3688 1670 3743; x_wconf 90' lang='lat' dir='ltr'><strong>mobilem</strong></span> <span class='ocrx_word' id='word_1_355' title='bbox 1708 3691 1919 3746; x_wconf 83' lang='lat' dir='ltr'><strong>meritis</strong></span> <span class='ocrx_word' id='word_1_356' title='bbox 1960 3693 2216 3762; x_wconf 79' lang='lat' dir='ltr'><strong>martyris</strong></span> 
     </span>
    </p>
   </div>
   <div class='ocr_carea' id='block_1_52' title="bbox 623 3774 2214 3849">
    <p class='ocr_par' dir='ltr' id='par_1_52' title="bbox 623 3774 2214 3849">
     <span class='ocr_line' id='line_1_52' title="bbox 623 3774 2214 3849; baseline 0.006 -22"><span class='ocrx_word' id='word_1_357' title='bbox 623 3774 964 3844; x_wconf 85' lang='lat' dir='ltr'><strong>propellitur,</strong></span> <span class='ocrx_word' id='word_1_358' title='bbox 994 3791 1058 3831; x_wconf 89' lang='lat' dir='ltr'><strong>ac</strong></span> <span class='ocrx_word' id='word_1_359' title='bbox 1084 3777 1129 3832; x_wconf 93' lang='lat' dir='ltr'><strong>si</strong></span> <span class='ocrx_word' id='word_1_360' title='bbox 1153 3777 1333 3833; x_wconf 84' lang='lat' dir='ltr'><strong>velum</strong></span> <span class='ocrx_word' id='word_1_361' title='bbox 1363 3786 1558 3834; x_wconf 89' lang='lat' dir='ltr'><strong>ventus</strong></span> <span class='ocrx_word' id='word_1_362' title='bbox 1584 3789 1706 3849; x_wconf 91' lang='lat' dir='ltr'><strong>post</strong></span> <span class='ocrx_word' id='word_1_363' title='bbox 1732 3780 1934 3835; x_wconf 81' lang='lat' dir='ltr'><strong>flumen</strong></span> <span class='ocrx_word' id='word_1_364' title='bbox 1964 3782 2214 3837; x_wconf 88' lang='lat' dir='ltr'><strong>intende-</strong></span> 
     </span>
    </p>
   </div>
   <div class='ocr_carea' id='block_1_53' title="bbox 623 3865 2217 3940">
    <p class='ocr_par' dir='ltr' id='par_1_53' title="bbox 623 3865 2217 3940">
     <span class='ocr_line' id='line_1_53' title="bbox 623 3865 2217 3940; baseline 0.006 -20"><span class='ocrx_word' id='word_1_365' title='bbox 623 3874 729 3921; x_wconf 90' lang='lat' dir='ltr'><strong>ret.</strong></span> <span class='ocrx_word' id='word_1_366' title='bbox 771 3865 937 3922; x_wconf 81' lang='lat' dir='ltr'><strong>Auxit</strong></span> <span class='ocrx_word' id='word_1_367' title='bbox 957 3868 1104 3924; x_wconf 90' lang='lat' dir='ltr'><strong>bunc</strong></span> <span class='ocrx_word' id='word_1_368' title='bbox 1129 3878 1407 3940; x_wconf 86' lang='lat' dir='ltr'><strong>stuporem</strong></span> <span class='ocrx_word' id='word_1_369' title='bbox 1448 3871 1505 3925; x_wconf 93' lang='lat' dir='ltr'><strong>in</strong></span> <span class='ocrx_word' id='word_1_370' title='bbox 1535 3887 1601 3926; x_wconf 93' lang='lat' dir='ltr'><strong>eo</strong></span> <span class='ocrx_word' id='word_1_371' title='bbox 1629 3873 1891 3928; x_wconf 89' lang='lat' dir='ltr'><strong>comitatu</strong></span> <span class='ocrx_word' id='word_1_372' title='bbox 1913 3888 1999 3928; x_wconf 90' lang='lat' dir='ltr'><strong>res</strong></span> <span class='ocrx_word' id='word_1_373' title='bbox 2029 3873 2217 3928; x_wconf 89' lang='lat' dir='ltr'><strong>admo-</strong></span> 
     </span>
    </p>
   </div>
   <div class='ocr_carea' id='block_1_54' title="bbox 625 3957 2215 4026">
    <p class='ocr_par' dir='ltr' id='par_1_54' title="bbox 625 3957 2215 4026">
     <span class='ocr_line' id='line_1_54' title="bbox 625 3957 2215 4026; baseline 0.004 -15"><span class='ocrx_word' id='word_1_374' title='bbox 625 3957 756 4012; x_wconf 90' lang='lat' dir='ltr'><strong>dum</strong></span> <span class='ocrx_word' id='word_1_375' title='bbox 788 3959 1074 4026; x_wconf 85' lang='lat' dir='ltr'><strong>mirabilis,</strong></span> <span class='ocrx_word' id='word_1_376' title='bbox 1105 3962 1201 4017; x_wconf 90' lang='lat' dir='ltr'><strong>sed</strong></span> <span class='ocrx_word' id='word_1_377' title='bbox 1227 3968 1411 4017; x_wconf 89' lang='lat' dir='ltr'><strong>tamen</strong></span> <span class='ocrx_word' id='word_1_378' title='bbox 1455 3963 1630 4019; x_wconf 89' lang='lat' dir='ltr'><strong>sancti</strong></span> <span class='ocrx_word' id='word_1_379' title='bbox 1659 3964 1763 4017; x_wconf 87' lang='lat' dir='ltr'><strong>viri</strong></span> <span class='ocrx_word' id='word_1_380' title='bbox 1789 3965 2035 4019; x_wconf 91' lang='lat' dir='ltr'><strong>moribus</strong></span> <span class='ocrx_word' id='word_1_381' title='bbox 2061 3980 2215 4021; x_wconf 90' lang='lat' dir='ltr'><strong>com-</strong></span> 
     </span>
    </p>
   </div>
   <div class='ocr_carea' id='block_1_55' title="bbox 624 4051 2217 4121">
    <p class='ocr_par' dir='ltr' id='par_1_55' title="bbox 624 4051 2217 4121">
     <span class='ocr_line' id='line_1_55' title="bbox 624 4051 2217 4121; baseline 0.006 -15"><span class='ocrx_word' id='word_1_382' title='bbox 624 4052 907 4121; x_wconf 89' lang='lat' dir='ltr'><strong>parabilis.</strong></span> <span class='ocrx_word' id='word_1_383' title='bbox 947 4051 1084 4108; x_wconf 90' lang='lat' dir='ltr'><strong>Nam</strong></span> <span class='ocrx_word' id='word_1_384' title='bbox 1122 4054 1266 4110; x_wconf 87' lang='lat' dir='ltr'><strong>sicut</strong></span> <span class='ocrx_word' id='word_1_385' title='bbox 1286 4055 1375 4109; x_wconf 92' lang='lat' dir='ltr'><strong>ille</strong></span> <span class='ocrx_word' id='word_1_386' title='bbox 1397 4055 1454 4109; x_wconf 89' lang='lat' dir='ltr'><strong>in</strong></span> <span class='ocrx_word' id='word_1_387' title='bbox 1484 4055 1589 4111; x_wconf 90' lang='lat' dir='ltr'><strong>hoc</strong></span> <span class='ocrx_word' id='word_1_388' title='bbox 1614 4056 1821 4111; x_wconf 89' lang='lat' dir='ltr'><strong>mundo</strong></span> <span class='ocrx_word' id='word_1_389' title='bbox 1859 4066 2217 4115; x_wconf 79' lang='lat' dir='ltr'><strong>conversatus</strong></span> 
     </span>
    </p>
   </div>
   <div class='ocr_carea' id='block_1_56' title="bbox 626 4141 2218 4219">
    <p class='ocr_par' dir='ltr' id='par_1_56' title="bbox 626 4141 2218 4219">
     <span class='ocr_line' id='line_1_56' title="bbox 626 4141 2218 4219; baseline 0.006 -23"><span class='ocrx_word' id='word_1_390' title='bbox 626 4141 771 4197; x_wconf 87' lang='lat' dir='ltr'><strong>inter</strong></span> <span class='ocrx_word' id='word_1_391' title='bbox 808 4145 1111 4213; x_wconf 83' lang='lat' dir='ltr'><strong>grassantis</strong></span> <span class='ocrx_word' id='word_1_392' title='bbox 1156 4147 1401 4202; x_wconf 84' lang='lat' dir='ltr'><strong>stultitiae</strong></span> <span class='ocrx_word' id='word_1_393' title='bbox 1437 4147 1703 4212; x_wconf 85' lang='lat' dir='ltr'><strong>turbines,</strong></span> <span class='ocrx_word' id='word_1_394' title='bbox 1750 4164 1853 4203; x_wconf 91' lang='lat' dir='ltr'><strong>nec</strong></span> <span class='ocrx_word' id='word_1_395' title='bbox 1904 4149 2085 4219; x_wconf 83' lang='lat' dir='ltr'><strong>ignem</strong></span> <span class='ocrx_word' id='word_1_396' title='bbox 2124 4166 2218 4205; x_wconf 90' lang='lat' dir='ltr'><strong>su-</strong></span> 
     </span>
    </p>
   </div>
   <div class='ocr_carea' id='block_1_57' title="bbox 626 4234 2219 4307">
    <p class='ocr_par' dir='ltr' id='par_1_57' title="bbox 626 4234 2219 4307">
     <span class='ocr_line' id='line_1_57' title="bbox 626 4234 2219 4307; baseline 0.006 -20"><span class='ocrx_word' id='word_1_397' title='bbox 626 4234 780 4303; x_wconf 89' lang='lat' dir='ltr'><strong>perni</strong></span> <span class='ocrx_word' id='word_1_398' title='bbox 803 4236 1028 4302; x_wconf 87' lang='lat' dir='ltr'><strong>amoris,</strong></span> <span class='ocrx_word' id='word_1_399' title='bbox 1051 4252 1152 4292; x_wconf 89' lang='lat' dir='ltr'><strong>nec</strong></span> <span class='ocrx_word' id='word_1_400' title='bbox 1176 4238 1422 4293; x_wconf 79' lang='lat' dir='ltr'><strong>veritatis</strong></span> <span class='ocrx_word' id='word_1_401' title='bbox 1446 4238 1630 4294; x_wconf 90' lang='lat' dir='ltr'><strong>lumen</strong></span> <span class='ocrx_word' id='word_1_402' title='bbox 1654 4239 1856 4307; x_wconf 89' lang='lat' dir='ltr'><strong>amisit,</strong></span> <span class='ocrx_word' id='word_1_403' title='bbox 1885 4239 1959 4294; x_wconf 90' lang='lat' dir='ltr'><strong>ita</strong></span> <span class='ocrx_word' id='word_1_404' title='bbox 1980 4241 2219 4297; x_wconf 69' lang='lat' dir='ltr'><strong>candela:</strong></span> 
     </span>
    </p>
   </div>
   <div class='ocr_carea' id='block_1_58' title="bbox 619 4322 2217 4402">
    <p class='ocr_par' dir='ltr' id='par_1_58' title="bbox 619 4322 2217 4402">
     <span class='ocr_line' id='line_1_58' title="bbox 619 4322 2217 4402; baseline 0.007 -25"><span class='ocrx_word' id='word_1_405' title='bbox 619 4322 780 4393; x_wconf 81' lang='lat' dir='ltr'><strong>juxta</strong></span> <span class='ocrx_word' id='word_1_406' title='bbox 836 4341 1052 4381; x_wconf 91' lang='lat' dir='ltr'><strong>sacrum</strong></span> <span class='ocrx_word' id='word_1_407' title='bbox 1110 4328 1257 4384; x_wconf 89' lang='lat' dir='ltr'><strong>illius</strong></span> <span class='ocrx_word' id='word_1_408' title='bbox 1290 4345 1489 4399; x_wconf 89' lang='lat' dir='ltr'><strong>corpus</strong></span> <span class='ocrx_word' id='word_1_409' title='bbox 1534 4345 1778 4386; x_wconf 65' lang='lat' dir='ltr'><strong>accensa:</strong></span> <span class='ocrx_word' id='word_1_410' title='bbox 1831 4339 2217 4402; x_wconf 90' lang='lat' dir='ltr'><strong>tempestatum</strong></span> 
     </span>
    </p>
   </div>
   <div class='ocr_carea' id='block_1_59' title="bbox 624 4415 2219 4494">
    <p class='ocr_par' dir='ltr' id='par_1_59' title="bbox 624 4415 2219 4494">
     <span class='ocr_line' id='line_1_59' title="bbox 624 4415 2219 4494; baseline 0.007 -25"><span class='ocrx_word' id='word_1_411' title='bbox 624 4415 848 4471; x_wconf 86' lang='lat' dir='ltr'><strong>ﬂamina</strong></span> <span class='ocrx_word' id='word_1_412' title='bbox 874 4428 1036 4488; x_wconf 82' lang='lat' dir='ltr'><strong>atque</strong></span> <span class='ocrx_word' id='word_1_413' title='bbox 1061 4419 1317 4475; x_wconf 77' lang='lat' dir='ltr'><strong>imbrium</strong></span> <span class='ocrx_word' id='word_1_414' title='bbox 1343 4420 1567 4476; x_wconf 87' lang='lat' dir='ltr'><strong>ﬂumina</strong></span> <span class='ocrx_word' id='word_1_415' title='bbox 1589 4422 1705 4493; x_wconf 88' lang='lat' dir='ltr'><strong>jugi</strong></span> <span class='ocrx_word' id='word_1_416' title='bbox 1729 4438 1924 4478; x_wconf 90' lang='lat' dir='ltr'><strong>sereno</strong></span> <span class='ocrx_word' id='word_1_417' title='bbox 1956 4424 2219 4494; x_wconf 80' lang='lat' dir='ltr'><strong>despexe—</strong></span> 
     </span>
    </p>
   </div>
   <div class='ocr_carea' id='block_1_60' title="bbox 622 4510 2294 4612">
    <p class='ocr_par' dir='ltr' id='par_1_60' title="bbox 622 4510 2294 4612">
     <span class='ocr_line' id='line_1_60' title="bbox 622 4510 2294 4612; baseline 0.005 -50"><span class='ocrx_word' id='word_1_418' title='bbox 622 4515 770 4574; x_wconf 85' lang='lat' dir='ltr'><strong>rant,</strong></span> <span class='ocrx_word' id='word_1_419' title='bbox 798 4510 1272 4566; x_wconf 89' lang='lat' dir='ltr'><strong>consalutantibus</strong></span> <span class='ocrx_word' id='word_1_420' title='bbox 1293 4519 1402 4566; x_wconf 91' lang='lat' dir='ltr'><strong>tam</strong></span> <span class='ocrx_word' id='word_1_421' title='bbox 1439 4513 1649 4567; x_wconf 87' lang='lat' dir='ltr'><strong>clarum</strong></span> <span class='ocrx_word' id='word_1_422' title='bbox 1677 4513 1915 4584; x_wconf 85' lang='lat' dir='ltr'><strong>signum,</strong></span> <span class='ocrx_word' id='word_1_423' title='bbox 1942 4523 1997 4569; x_wconf 90' lang='lat' dir='ltr'><strong>et</strong></span> <span class='ocrx_word' id='word_1_424' title='bbox 2024 4515 2216 4585; x_wconf 88' lang='lat' dir='ltr'><strong>conju-</strong></span> <span class='ocrx_word' id='word_1_425' title='bbox 2246 4553 2294 4612; x_wconf 66' lang='grc' dir='ltr'><strong>Β</strong></span> 
     </span>
    </p>
   </div>
   <div class='ocr_carea' id='block_1_61' title="bbox 623 4600 2211 4675">
    <p class='ocr_par' dir='ltr' id='par_1_61' title="bbox 623 4600 2211 4675">
     <span class='ocr_line' id='line_1_61' title="bbox 623 4600 2211 4675; baseline 0.004 -20"><span class='ocrx_word' id='word_1_426' title='bbox 623 4600 924 4658; x_wconf 88' lang='lat' dir='ltr'><strong>bilantibus</strong></span> <span class='ocrx_word' id='word_1_427' title='bbox 946 4603 1197 4675; x_wconf 87' lang='lat' dir='ltr'><strong>utrisque</strong></span> <span class='ocrx_word' id='word_1_428' title='bbox 1218 4603 1514 4660; x_wconf 88' lang='lat' dir='ltr'><strong>littoribus.</strong></span> <span class='ocrx_word' id='word_1_429' title='bbox 1559 4603 1672 4660; x_wconf 86' lang='lat' dir='ltr'><strong>Hac</strong></span> <span class='ocrx_word' id='word_1_430' title='bbox 1696 4606 1981 4661; x_wconf 89' lang='lat' dir='ltr'><strong>alacritate</strong></span> <span class='ocrx_word' id='word_1_431' title='bbox 2020 4607 2211 4662; x_wconf 81' lang='lat' dir='ltr'><strong>urbem</strong></span> 
     </span>
    </p>
   </div>
   <div class='ocr_carea' id='block_1_62' title="bbox 622 4692 2219 4766">
    <p class='ocr_par' dir='ltr' id='par_1_62' title="bbox 622 4692 2219 4766">
     <span class='ocr_line' id='line_1_62' title="bbox 622 4692 2219 4766; baseline 0.004 -21"><span class='ocrx_word' id='word_1_432' title='bbox 622 4692 936 4763; x_wconf 74' lang='lat' dir='ltr'><strong>prmdictam</strong></span> <span class='ocrx_word' id='word_1_433' title='bbox 976 4694 1231 4766; x_wconf 86' lang='lat' dir='ltr'><strong>ingressi,</strong></span> <span class='ocrx_word' id='word_1_434' title='bbox 1271 4695 1485 4750; x_wconf 88' lang='lat' dir='ltr'><strong>obviam</strong></span> <span class='ocrx_word' id='word_1_435' title='bbox 1526 4696 1835 4751; x_wconf 79' lang='lat' dir='ltr'><strong>habuerunt</strong></span> <span class='ocrx_word' id='word_1_436' title='bbox 1871 4713 2058 4753; x_wconf 87' lang='lat' dir='ltr'><strong>sacros</strong></span> <span class='ocrx_word' id='word_1_437' title='bbox 2086 4698 2219 4754; x_wconf 81' lang='lat' dir='ltr'><strong>cleri</strong></span> 
     </span>
    </p>
   </div>
   <div class='ocr_carea' id='block_1_63' title="bbox 621 4784 2217 4860">
    <p class='ocr_par' dir='ltr' id='par_1_63' title="bbox 621 4784 2217 4860">
     <span class='ocr_line' id='line_1_63' title="bbox 621 4784 2217 4860; baseline 0.005 -23"><span class='ocrx_word' id='word_1_438' title='bbox 621 4784 864 4850; x_wconf 81' lang='lat' dir='ltr'><strong>ordines,</strong></span> <span class='ocrx_word' id='word_1_439' title='bbox 910 4793 965 4841; x_wconf 89' lang='lat' dir='ltr'><strong>et</strong></span> <span class='ocrx_word' id='word_1_440' title='bbox 999 4787 1201 4856; x_wconf 66' lang='lat' dir='ltr'><strong>praevia</strong></span> <span class='ocrx_word' id='word_1_441' title='bbox 1236 4786 1515 4857; x_wconf 86' lang='lat' dir='ltr'><strong>religionis</strong></span> <span class='ocrx_word' id='word_1_442' title='bbox 1560 4788 1778 4856; x_wconf 85' lang='lat' dir='ltr'><strong>vexilla,</strong></span> <span class='ocrx_word' id='word_1_443' title='bbox 1832 4805 1955 4844; x_wconf 92' lang='lat' dir='ltr'><strong>cum</strong></span> <span class='ocrx_word' id='word_1_444' title='bbox 2004 4789 2217 4860; x_wconf 88' lang='lat' dir='ltr'><strong>reliquo</strong></span> 
     </span>
    </p>
   </div>
   <div class='ocr_carea' id='block_1_64' title="bbox 621 4875 2215 4949">
    <p class='ocr_par' dir='ltr' id='par_1_64' title="bbox 621 4875 2215 4949">
     <span class='ocr_line' id='line_1_64' title="bbox 621 4875 2215 4949; baseline 0.006 -23"><span class='ocrx_word' id='word_1_445' title='bbox 621 4875 991 4943; x_wconf 79' lang='lat' dir='ltr'><strong>processiouis</strong></span> <span class='ocrx_word' id='word_1_446' title='bbox 1021 4878 1150 4942; x_wconf 91' lang='lat' dir='ltr'><strong>ritu,</strong></span> <span class='ocrx_word' id='word_1_447' title='bbox 1175 4877 1587 4948; x_wconf 84' lang='lat' dir='ltr'><strong>principemque</strong></span> <span class='ocrx_word' id='word_1_448' title='bbox 1610 4877 1894 4934; x_wconf 87' lang='lat' dir='ltr'><strong>Theodum</strong></span> <span class='ocrx_word' id='word_1_449' title='bbox 1922 4880 2215 4949; x_wconf 67' lang='lat' dir='ltr'><strong>provinciae</strong></span> 
     </span>
    </p>
   </div>
   <div class='ocr_carea' id='block_1_65' title="bbox 620 4967 2214 5041">
    <p class='ocr_par' dir='ltr' id='par_1_65' title="bbox 620 4967 2214 5041">
     <span class='ocr_line' id='line_1_65' title="bbox 620 4967 2214 5041; baseline 0.004 -21"><span class='ocrx_word' id='word_1_450' title='bbox 620 4980 748 5020; x_wconf 86' lang='lat' dir='ltr'><strong>cum</strong></span> <span class='ocrx_word' id='word_1_451' title='bbox 783 4967 1160 5037; x_wconf 87' lang='lat' dir='ltr'><strong>optimatibus,</strong></span> <span class='ocrx_word' id='word_1_452' title='bbox 1206 4968 1381 5024; x_wconf 71' lang='lat' dir='ltr'><strong>effusa</strong></span> <span class='ocrx_word' id='word_1_453' title='bbox 1428 4969 1485 5023; x_wconf 89' lang='lat' dir='ltr'><strong>in</strong></span> <span class='ocrx_word' id='word_1_454' title='bbox 1521 4970 1816 5025; x_wconf 86' lang='lat' dir='ltr'><strong>adventum</strong></span> <span class='ocrx_word' id='word_1_455' title='bbox 1864 4971 1950 5027; x_wconf 91' lang='lat' dir='ltr'><strong>sui</strong></span> <span class='ocrx_word' id='word_1_456' title='bbox 1999 4971 2214 5041; x_wconf 87' lang='lat' dir='ltr'><strong>patroni</strong></span> 
     </span>
    </p>
   </div>
   <div class='ocr_carea' id='block_1_66' title="bbox 618 5058 2216 5132">
    <p class='ocr_par' dir='ltr' id='par_1_66' title="bbox 618 5058 2216 5132">
     <span class='ocr_line' id='line_1_66' title="bbox 618 5058 2216 5132; baseline 0.005 -21"><span class='ocrx_word' id='word_1_457' title='bbox 618 5063 733 5112; x_wconf 88' lang='lat' dir='ltr'><strong>tota</strong></span> <span class='ocrx_word' id='word_1_458' title='bbox 759 5058 1017 5129; x_wconf 87' lang='lat' dir='ltr'><strong>regione;</strong></span> <span class='ocrx_word' id='word_1_459' title='bbox 1048 5076 1283 5131; x_wconf 89' lang='lat' dir='ltr'><strong>quorum</strong></span> <span class='ocrx_word' id='word_1_460' title='bbox 1322 5061 1661 5132; x_wconf 83' lang='lat' dir='ltr'><strong>hymnisonis</strong></span> <span class='ocrx_word' id='word_1_461' title='bbox 1693 5064 1919 5119; x_wconf 83' lang='lat' dir='ltr'><strong>vocibus</strong></span> <span class='ocrx_word' id='word_1_462' title='bbox 1952 5064 2112 5120; x_wconf 92' lang='lat' dir='ltr'><strong>tellus</strong></span> <span class='ocrx_word' id='word_1_463' title='bbox 2133 5064 2216 5119; x_wconf 88' lang='lat' dir='ltr'><strong>vi-</strong></span> 
     </span>
    </p>
   </div>
   <div class='ocr_carea' id='block_1_67' title="bbox 619 5149 2213 5225">
    <p class='ocr_par' dir='ltr' id='par_1_67' title="bbox 619 5149 2213 5225">
     <span class='ocr_line' id='line_1_67' title="bbox 619 5149 2213 5225; baseline 0.003 -22"><span class='ocrx_word' id='word_1_464' title='bbox 619 5149 851 5205; x_wconf 88' lang='lat' dir='ltr'><strong>debatur</strong></span> <span class='ocrx_word' id='word_1_465' title='bbox 896 5167 1020 5209; x_wconf 91' lang='lat' dir='ltr'><strong>esse</strong></span> <span class='ocrx_word' id='word_1_466' title='bbox 1069 5166 1359 5208; x_wconf 90' lang='lat' dir='ltr'><strong>concussa.</strong></span> <span class='ocrx_word' id='word_1_467' title='bbox 1416 5150 1604 5223; x_wconf 90' lang='lat' dir='ltr'><strong>Itaque</strong></span> <span class='ocrx_word' id='word_1_468' title='bbox 1654 5154 1710 5208; x_wconf 88' lang='lat' dir='ltr'><strong>in</strong></span> <span class='ocrx_word' id='word_1_469' title='bbox 1756 5154 1907 5210; x_wconf 88' lang='lat' dir='ltr'><strong>Beati</strong></span> <span class='ocrx_word' id='word_1_470' title='bbox 1967 5154 2213 5225; x_wconf 83' lang='lat' dir='ltr'><strong>Gregorii</strong></span> 
     </span>
    </p>
   </div>
   <div class='ocr_carea' id='block_1_68' title="bbox 620 5235 2213 5315">
    <p class='ocr_par' dir='ltr' id='par_1_68' title="bbox 620 5235 2213 5315">
     <span class='ocr_line' id='line_1_68' title="bbox 620 5235 2213 5315; baseline 0.005 -23"><span class='ocrx_word' id='word_1_471' title='bbox 620 5235 887 5312; x_wconf 84' lang='lat' dir='ltr'><strong>[Georgii]</strong></span> <span class='ocrx_word' id='word_1_472' title='bbox 935 5242 1195 5314; x_wconf 81' lang='lat' dir='ltr'><strong>martyris</strong></span> <span class='ocrx_word' id='word_1_473' title='bbox 1233 5242 1496 5308; x_wconf 89' lang='lat' dir='ltr'><strong>ecclesia,</strong></span> <span class='ocrx_word' id='word_1_474' title='bbox 1555 5258 1721 5313; x_wconf 89' lang='lat' dir='ltr'><strong>quam</strong></span> <span class='ocrx_word' id='word_1_475' title='bbox 1772 5244 1889 5314; x_wconf 89' lang='lat' dir='ltr'><strong>ipse</strong></span> <span class='ocrx_word' id='word_1_476' title='bbox 1935 5245 2213 5315; x_wconf 90' lang='lat' dir='ltr'><strong>quondam</strong></span> 
     </span>
    </p>
   </div>
   <div class='ocr_carea' id='block_1_69' title="bbox 617 5328 2216 5408">
    <p class='ocr_par' dir='ltr' id='par_1_69' title="bbox 617 5328 2216 5408">
     <span class='ocr_line' id='line_1_69' title="bbox 617 5328 2216 5408; baseline 0.008 -27"><span class='ocrx_word' id='word_1_477' title='bbox 617 5328 928 5387; x_wconf 90' lang='lat' dir='ltr'><strong>orationum</strong></span> <span class='ocrx_word' id='word_1_478' title='bbox 953 5332 1323 5389; x_wconf 84' lang='lat' dir='ltr'><strong>familiaritate</strong></span> <span class='ocrx_word' id='word_1_479' title='bbox 1350 5332 1748 5404; x_wconf 90' lang='lat' dir='ltr'><strong>frequentabat,</strong></span> <span class='ocrx_word' id='word_1_480' title='bbox 1776 5337 2043 5408; x_wconf 87' lang='lat' dir='ltr'><strong>solempni</strong></span> <span class='ocrx_word' id='word_1_481' title='bbox 2073 5339 2216 5394; x_wconf 86' lang='lat' dir='ltr'><strong>cele-</strong></span> 
     </span>
    </p>
   </div>
   <div class='ocr_carea' id='block_1_70' title="bbox 616 5419 2216 5501">
    <p class='ocr_par' dir='ltr' id='par_1_70' title="bbox 616 5419 2216 5501">
     <span class='ocr_line' id='line_1_70' title="bbox 616 5419 2216 5501; baseline 0.006 -26"><span class='ocrx_word' id='word_1_482' title='bbox 616 5419 820 5477; x_wconf 89' lang='lat' dir='ltr'><strong>britate</strong></span> <span class='ocrx_word' id='word_1_483' title='bbox 848 5426 1151 5495; x_wconf 90' lang='lat' dir='ltr'><strong>composito</strong></span> <span class='ocrx_word' id='word_1_484' title='bbox 1172 5426 1500 5481; x_wconf 86' lang='lat' dir='ltr'><strong>truculentia</strong></span> <span class='ocrx_word' id='word_1_485' title='bbox 1544 5425 1775 5483; x_wconf 90' lang='lat' dir='ltr'><strong>furentis</strong></span> <span class='ocrx_word' id='word_1_486' title='bbox 1814 5444 1960 5484; x_wconf 74' lang='lat' dir='ltr'><strong>aura:</strong></span> <span class='ocrx_word' id='word_1_487' title='bbox 2006 5431 2216 5501; x_wconf 79' lang='lat' dir='ltr'><strong>quievit</strong></span> 
     </span>
    </p>
   </div>
   <div class='ocr_carea' id='block_1_71' title="bbox 618 5511 2216 5585">
    <p class='ocr_par' dir='ltr' id='par_1_71' title="bbox 618 5511 2216 5585">
     <span class='ocr_line' id='line_1_71' title="bbox 618 5511 2216 5585; baseline 0.006 -20"><span class='ocrx_word' id='word_1_488' title='bbox 618 5511 868 5583; x_wconf 88' lang='lat' dir='ltr'><strong>reditque</strong></span> <span class='ocrx_word' id='word_1_489' title='bbox 889 5529 995 5585; x_wconf 78' lang='lat' dir='ltr'><strong>pax</strong></span> <span class='ocrx_word' id='word_1_490' title='bbox 1019 5517 1237 5572; x_wconf 66' lang='lat' dir='ltr'><strong>aetheris</strong></span> <span class='ocrx_word' id='word_1_491' title='bbox 1271 5524 1327 5573; x_wconf 91' lang='lat' dir='ltr'><strong>et</strong></span> <span class='ocrx_word' id='word_1_492' title='bbox 1354 5517 1638 5572; x_wconf 90' lang='lat' dir='ltr'><strong>arbitrium</strong></span> <span class='ocrx_word' id='word_1_493' title='bbox 1670 5519 1911 5575; x_wconf 89' lang='lat' dir='ltr'><strong>luminis.</strong></span> <span class='ocrx_word' id='word_1_494' title='bbox 1960 5518 2216 5575; x_wconf 84' lang='lat' dir='ltr'><strong>Traditur</strong></span> 
     </span>
    </p>
   </div>
   <div class='ocr_carea' id='block_1_72' title="bbox 620 5604 2210 5682">
    <p class='ocr_par' dir='ltr' id='par_1_72' title="bbox 620 5604 2210 5682">
     <span class='ocr_line' id='line_1_72' title="bbox 620 5604 2210 5682; baseline 0.004 -21"><span class='ocrx_word' id='word_1_495' title='bbox 620 5611 801 5661; x_wconf 78' lang='lat' dir='ltr'><strong>autem</strong></span> <span class='ocrx_word' id='word_1_496' title='bbox 848 5604 1116 5678; x_wconf 86' lang='lat' dir='ltr'><strong>firmaque</strong></span> <span class='ocrx_word' id='word_1_497' title='bbox 1157 5610 1462 5665; x_wconf 87' lang='lat' dir='ltr'><strong>assertione</strong></span> <span class='ocrx_word' id='word_1_498' title='bbox 1511 5611 1792 5680; x_wconf 80' lang='lat' dir='ltr'><strong>probatur,</strong></span> <span class='ocrx_word' id='word_1_499' title='bbox 1836 5613 1980 5682; x_wconf 89' lang='lat' dir='ltr'><strong>quod</strong></span> <span class='ocrx_word' id='word_1_500' title='bbox 2027 5614 2080 5667; x_wconf 90' lang='lat' dir='ltr'><strong>in</strong></span> <span class='ocrx_word' id='word_1_501' title='bbox 2122 5614 2210 5668; x_wconf 83' lang='lat' dir='ltr'><strong>illa</strong></span> 
     </span>
    </p>
   </div>
   <div class='ocr_carea' id='block_1_73' title="bbox 621 5693 2212 5766">
    <p class='ocr_par' dir='ltr' id='par_1_73' title="bbox 621 5693 2212 5766">
     <span class='ocr_line' id='line_1_73' title="bbox 621 5693 2212 5766; baseline 0.006 -19"><span class='ocrx_word' id='word_1_502' title='bbox 621 5693 731 5761; x_wconf 90' lang='lat' dir='ltr'><strong>via,</strong></span> <span class='ocrx_word' id='word_1_503' title='bbox 760 5710 869 5766; x_wconf 92' lang='lat' dir='ltr'><strong>qua</strong></span> <span class='ocrx_word' id='word_1_504' title='bbox 893 5697 1103 5754; x_wconf 89' lang='lat' dir='ltr'><strong>levatus</strong></span> <span class='ocrx_word' id='word_1_505' title='bbox 1143 5716 1174 5755; x_wconf 91' lang='lat' dir='ltr'><strong>a</strong></span> <span class='ocrx_word' id='word_1_506' title='bbox 1210 5701 1334 5756; x_wconf 88' lang='lat' dir='ltr'><strong>navi</strong></span> <span class='ocrx_word' id='word_1_507' title='bbox 1371 5700 1646 5757; x_wconf 83' lang='lat' dir='ltr'><strong>ferebatur</strong></span> <span class='ocrx_word' id='word_1_508' title='bbox 1681 5703 1745 5757; x_wconf 91' lang='lat' dir='ltr'><strong>ad</strong></span> <span class='ocrx_word' id='word_1_509' title='bbox 1785 5702 2070 5758; x_wconf 87' lang='lat' dir='ltr'><strong>ecclesiam</strong></span> <span class='ocrx_word' id='word_1_510' title='bbox 2115 5703 2212 5757; x_wconf 91' lang='lat' dir='ltr'><strong>tri-</strong></span> 
     </span>
    </p>
   </div>
   <div class='ocr_carea' id='block_1_74' title="bbox 622 5784 1903 5861">
    <p class='ocr_par' dir='ltr' id='par_1_74' title="bbox 622 5784 1903 5861">
     <span class='ocr_line' id='line_1_74' title="bbox 622 5784 1903 5861; baseline 0.008 -23"><span class='ocrx_word' id='word_1_511' title='bbox 622 5784 775 5856; x_wconf 75' lang='lat' dir='ltr'><strong>ginta</strong></span> <span class='ocrx_word' id='word_1_512' title='bbox 802 5786 972 5861; x_wconf 81' lang='lat' dir='ltr'><strong>signis</strong></span> <span class='ocrx_word' id='word_1_513' title='bbox 994 5789 1176 5848; x_wconf 89' lang='lat' dir='ltr'><strong>divina</strong></span> <span class='ocrx_word' id='word_1_514' title='bbox 1210 5807 1336 5848; x_wconf 90' lang='lat' dir='ltr'><strong>eum</strong></span> <span class='ocrx_word' id='word_1_515' title='bbox 1366 5792 1540 5861; x_wconf 85' lang='lat' dir='ltr'><strong>pietas</strong></span> <span class='ocrx_word' id='word_1_516' title='bbox 1564 5793 1903 5849; x_wconf 87' lang='lat' dir='ltr'><strong>clariticaret.</strong></span> 
     </span>
    </p>
   </div>
   <div class='ocr_carea' id='block_1_75' title="bbox 2319 1944 3841 2016">
    <p class='ocr_par' dir='ltr' id='par_1_75' title="bbox 2319 1944 3841 2016">
     <span class='ocr_line' id='line_1_75' title="bbox 2319 1944 3841 2016; baseline -0.003 -15"><span class='ocrx_word' id='word_1_517' title='bbox 2319 1946 2502 2001; x_wconf 87' lang='lat' dir='ltr'><strong>biliter</strong></span> <span class='ocrx_word' id='word_1_518' title='bbox 2550 1947 2756 2016; x_wconf 89' lang='lat' dir='ltr'><strong>diuque</strong></span> <span class='ocrx_word' id='word_1_519' title='bbox 2791 1945 2994 2013; x_wconf 77' lang='lat' dir='ltr'><strong>vexati,</strong></span> <span class='ocrx_word' id='word_1_520' title='bbox 3042 1945 3262 2000; x_wconf 90' lang='lat' dir='ltr'><strong>tandem</strong></span> <span class='ocrx_word' id='word_1_521' title='bbox 3291 1945 3530 2015; x_wconf 86' lang='lat' dir='ltr'><strong>quodam</strong></span> <span class='ocrx_word' id='word_1_522' title='bbox 3572 1944 3841 2012; x_wconf 71' lang='lat' dir='ltr'><strong>intempestae</strong></span> 
     </span>
    </p>
   </div>
   <div class='ocr_carea' id='block_1_76' title="bbox 2321 2034 3840 2104">
    <p class='ocr_par' dir='ltr' id='par_1_76' title="bbox 2321 2034 3840 2104">
     <span class='ocr_line' id='line_1_76' title="bbox 2321 2034 3840 2104; baseline -0.004 -12"><span class='ocrx_word' id='word_1_523' title='bbox 2321 2037 2498 2094; x_wconf 89' lang='lat' dir='ltr'><strong>noctis</strong></span> <span class='ocrx_word' id='word_1_524' title='bbox 2520 2037 2737 2093; x_wconf 90' lang='lat' dir='ltr'><strong>silentio</strong></span> <span class='ocrx_word' id='word_1_525' title='bbox 2775 2037 2832 2091; x_wconf 92' lang='lat' dir='ltr'><strong>in</strong></span> <span class='ocrx_word' id='word_1_526' title='bbox 2870 2037 3148 2092; x_wconf 85' lang='lat' dir='ltr'><strong>desertum</strong></span> <span class='ocrx_word' id='word_1_527' title='bbox 3177 2045 3376 2102; x_wconf 84' lang='lat' dir='ltr'><strong>ruunt;</strong></span> <span class='ocrx_word' id='word_1_528' title='bbox 3404 2035 3496 2089; x_wconf 90' lang='lat' dir='ltr'><strong>ubi</strong></span> <span class='ocrx_word' id='word_1_529' title='bbox 3516 2051 3604 2104; x_wconf 89' lang='lat' dir='ltr'><strong>per</strong></span> <span class='ocrx_word' id='word_1_530' title='bbox 3621 2034 3721 2087; x_wconf 87' lang='lat' dir='ltr'><strong>loca</strong></span> <span class='ocrx_word' id='word_1_531' title='bbox 3743 2049 3840 2087; x_wconf 85' lang='lat' dir='ltr'><strong>eon-</strong></span> 
     </span>
    </p>
   </div>
   <div class='ocr_carea' id='block_1_77' title="bbox 2320 2127 3842 2203">
    <p class='ocr_par' dir='ltr' id='par_1_77' title="bbox 2320 2127 3842 2203">
     <span class='ocr_line' id='line_1_77' title="bbox 2320 2127 3842 2203; baseline -0.005 -18"><span class='ocrx_word' id='word_1_532' title='bbox 2320 2130 2537 2203; x_wconf 84' lang='lat' dir='ltr'><strong>fragosa</strong></span> <span class='ocrx_word' id='word_1_533' title='bbox 2567 2138 2623 2186; x_wconf 90' lang='lat' dir='ltr'><strong>et</strong></span> <span class='ocrx_word' id='word_1_534' title='bbox 2661 2128 3068 2186; x_wconf 89' lang='lat' dir='ltr'><strong>inaccessibilia</strong></span> <span class='ocrx_word' id='word_1_535' title='bbox 3102 2128 3437 2200; x_wconf 79' lang='lat' dir='ltr'><strong>lymphando</strong></span> <span class='ocrx_word' id='word_1_536' title='bbox 3474 2127 3842 2197; x_wconf 60' lang='lat' dir='ltr'><strong>perieruntme</strong></span> 
     </span>
    </p>
   </div>
   <div class='ocr_carea' id='block_1_78' title="bbox 2320 2215 3841 2293">
    <p class='ocr_par' dir='ltr' id='par_1_78' title="bbox 2320 2215 3841 2293">
     <span class='ocr_line' id='line_1_78' title="bbox 2320 2215 3841 2293; baseline -0.007 -16"><span class='ocrx_word' id='word_1_537' title='bbox 2320 2238 2427 2293; x_wconf 90' lang='lat' dir='ltr'><strong>quc</strong></span> <span class='ocrx_word' id='word_1_538' title='bbox 2458 2231 2647 2292; x_wconf 89' lang='lat' dir='ltr'><strong>postea</strong></span> <span class='ocrx_word' id='word_1_539' title='bbox 2679 2222 2867 2292; x_wconf 90' lang='lat' dir='ltr'><strong>aliquo</strong></span> <span class='ocrx_word' id='word_1_540' title='bbox 2892 2222 2948 2276; x_wconf 91' lang='lat' dir='ltr'><strong>in</strong></span> <span class='ocrx_word' id='word_1_541' title='bbox 2971 2222 3092 2276; x_wconf 92' lang='lat' dir='ltr'><strong>loco</strong></span> <span class='ocrx_word' id='word_1_542' title='bbox 3119 2220 3204 2274; x_wconf 89' lang='lat' dir='ltr'><strong>vel</strong></span> <span class='ocrx_word' id='word_1_543' title='bbox 3224 2219 3361 2286; x_wconf 86' lang='lat' dir='ltr'><strong>vivi,</strong></span> <span class='ocrx_word' id='word_1_544' title='bbox 3389 2218 3475 2273; x_wconf 89' lang='lat' dir='ltr'><strong>vel</strong></span> <span class='ocrx_word' id='word_1_545' title='bbox 3500 2215 3713 2273; x_wconf 90' lang='lat' dir='ltr'><strong>defuncti</strong></span> <span class='ocrx_word' id='word_1_546' title='bbox 3731 2230 3841 2268; x_wconf 63' lang='lat' dir='ltr'><strong>t&#39;om-</strong></span> 
     </span>
    </p>
   </div>
   <div class='ocr_carea' id='block_1_79' title="bbox 2319 2305 3838 2383">
    <p class='ocr_par' dir='ltr' id='par_1_79' title="bbox 2319 2305 3838 2383">
     <span class='ocr_line' id='line_1_79' title="bbox 2319 2305 3838 2383; baseline -0.005 -17"><span class='ocrx_word' id='word_1_547' title='bbox 2319 2322 2649 2382; x_wconf 87' lang='lat' dir='ltr'><strong>paruerunt;</strong></span> <span class='ocrx_word' id='word_1_548' title='bbox 2695 2312 2901 2383; x_wconf 88' lang='lat' dir='ltr'><strong>duplici</strong></span> <span class='ocrx_word' id='word_1_549' title='bbox 2948 2310 3296 2375; x_wconf 85' lang='lat' dir='ltr'><strong>contritione,</strong></span> <span class='ocrx_word' id='word_1_550' title='bbox 3349 2310 3491 2364; x_wconf 89' lang='lat' dir='ltr'><strong>sicut</strong></span> <span class='ocrx_word' id='word_1_551' title='bbox 3533 2307 3605 2363; x_wconf 90' lang='lat' dir='ltr'><strong>ait</strong></span> <span class='ocrx_word' id='word_1_552' title='bbox 3639 2305 3838 2381; x_wconf 62' lang='lat' dir='ltr'><strong>proplpu</strong></span> 
     </span>
    </p>
   </div>
   <div class='ocr_carea' id='block_1_80' title="bbox 2322 2400 3837 2477">
    <p class='ocr_par' dir='ltr' id='par_1_80' title="bbox 2322 2400 3837 2477">
     <span class='ocr_line' id='line_1_80' title="bbox 2322 2400 3837 2477; baseline -0.006 -19"><span class='ocrx_word' id='word_1_553' title='bbox 2322 2404 2539 2476; x_wconf 81' lang='lat' dir='ltr'><strong>(Jerem.</strong></span> <span class='ocrx_word' id='word_1_554' title='bbox 2600 2405 2768 2477; x_wconf 80' lang='lat' dir='ltr'><strong>xvu),</strong></span> <span class='ocrx_word' id='word_1_555' title='bbox 2811 2404 3051 2461; x_wconf 89' lang='lat' dir='ltr'><strong>contriti.</strong></span> <span class='ocrx_word' id='word_1_556' title='bbox 3106 2402 3214 2459; x_wconf 91' lang='lat' dir='ltr'><strong>Sed</strong></span> <span class='ocrx_word' id='word_1_557' title='bbox 3257 2412 3312 2456; x_wconf 94' lang='lat' dir='ltr'><strong>et</strong></span> <span class='ocrx_word' id='word_1_558' title='bbox 3360 2400 3666 2456; x_wconf 89' lang='lat' dir='ltr'><strong>Lambertus</strong></span> <span class='ocrx_word' id='word_1_559' title='bbox 3698 2411 3837 2452; x_wconf 87' lang='lat' dir='ltr'><strong>eorum</strong></span> 
     </span>
    </p>
   </div>
   <div class='ocr_carea' id='block_1_81' title="bbox 2319 2491 3839 2571">
    <p class='ocr_par' dir='ltr' id='par_1_81' title="bbox 2319 2491 3839 2571">
     <span class='ocr_line' id='line_1_81' title="bbox 2319 2491 3839 2571; baseline -0.009 -14"><span class='ocrx_word' id='word_1_560' title='bbox 2319 2502 2597 2569; x_wconf 89' lang='lat' dir='ltr'><strong>dominus,</strong></span> <span class='ocrx_word' id='word_1_561' title='bbox 2619 2508 2980 2571; x_wconf 69' lang='lat' dir='ltr'><strong>con&#39;surgente</strong></span> <span class='ocrx_word' id='word_1_562' title='bbox 3000 2508 3190 2555; x_wconf 89' lang='lat' dir='ltr'><strong>contra</strong></span> <span class='ocrx_word' id='word_1_563' title='bbox 3215 2513 3346 2553; x_wconf 90' lang='lat' dir='ltr'><strong>eum</strong></span> <span class='ocrx_word' id='word_1_564' title='bbox 3368 2503 3495 2551; x_wconf 91' lang='lat' dir='ltr'><strong>nata</strong></span> <span class='ocrx_word' id='word_1_565' title='bbox 3521 2511 3584 2550; x_wconf 84' lang='lat' dir='ltr'><strong>ex</strong></span> <span class='ocrx_word' id='word_1_566' title='bbox 3605 2491 3839 2548; x_wconf 83' lang='lat' dir='ltr'><strong>sceleribus</strong></span> 
     </span>
    </p>
   </div>
   <div class='ocr_carea' id='block_1_82' title="bbox 2319 2581 3838 2661">
    <p class='ocr_par' dir='ltr' id='par_1_82' title="bbox 2319 2581 3838 2661">
     <span class='ocr_line' id='line_1_82' title="bbox 2319 2581 3838 2661; baseline -0.01 -13"><span class='ocrx_word' id='word_1_567' title='bbox 2319 2593 2437 2649; x_wconf 90' lang='lat' dir='ltr'><strong>suis</strong></span> <span class='ocrx_word' id='word_1_568' title='bbox 2468 2592 2780 2659; x_wconf 84' lang='lat' dir='ltr'><strong>occasione,</strong></span> <span class='ocrx_word' id='word_1_569' title='bbox 2810 2598 3073 2661; x_wconf 88' lang='lat' dir='ltr'><strong>perpetuo</strong></span> <span class='ocrx_word' id='word_1_570' title='bbox 3104 2590 3402 2645; x_wconf 88' lang='lat' dir='ltr'><strong>damnatus</strong></span> <span class='ocrx_word' id='word_1_571' title='bbox 3435 2586 3606 2649; x_wconf 72' lang='lat' dir='ltr'><strong>exilio,</strong></span> <span class='ocrx_word' id='word_1_572' title='bbox 3637 2581 3787 2654; x_wconf 85' lang='lat' dir='ltr'><strong>procul</strong></span> <span class='ocrx_word' id='word_1_573' title='bbox 3816 2596 3838 2633; x_wconf 68' lang='grc' dir='ltr'>ι</span> 
     </span>
    </p>
   </div>
   <div class='ocr_carea' id='block_1_83' title="bbox 2321 2676 3838 2755">
    <p class='ocr_par' dir='ltr' id='par_1_83' title="bbox 2321 2676 3838 2755">
     <span class='ocr_line' id='line_1_83' title="bbox 2321 2676 3838 2755; baseline -0.009 -15"><span class='ocrx_word' id='word_1_574' title='bbox 2321 2684 2439 2740; x_wconf 88' lang='lat' dir='ltr'><strong>suis</strong></span> <span class='ocrx_word' id='word_1_575' title='bbox 2465 2684 2632 2755; x_wconf 85' lang='lat' dir='ltr'><strong>digno</strong></span> <span class='ocrx_word' id='word_1_576' title='bbox 2679 2684 2941 2754; x_wconf 88' lang='lat' dir='ltr'><strong>despectu</strong></span> <span class='ocrx_word' id='word_1_577' title='bbox 2972 2680 3229 2746; x_wconf 86' lang='lat' dir='ltr'><strong>evanuit;</strong></span> <span class='ocrx_word' id='word_1_578' title='bbox 3274 2680 3383 2734; x_wconf 89' lang='lat' dir='ltr'><strong>hac</strong></span> <span class='ocrx_word' id='word_1_579' title='bbox 3423 2680 3477 2733; x_wconf 92' lang='lat' dir='ltr'><strong>in</strong></span> <span class='ocrx_word' id='word_1_580' title='bbox 3512 2686 3728 2749; x_wconf 74' lang='lat' dir='ltr'><strong>posteros</strong></span> <span class='ocrx_word' id='word_1_581' title='bbox 3761 2676 3838 2727; x_wconf 74' lang='lat' dir='ltr'><strong>ha:-</strong></span> 
     </span>
    </p>
   </div>
   <div class='ocr_carea' id='block_1_84' title="bbox 2320 2770 3837 2847">
    <p class='ocr_par' dir='ltr' id='par_1_84' title="bbox 2320 2770 3837 2847">
     <span class='ocr_line' id='line_1_84' title="bbox 2320 2770 3837 2847; baseline -0.01 -16"><span class='ocrx_word' id='word_1_582' title='bbox 2320 2777 2552 2833; x_wconf 89' lang='lat' dir='ltr'><strong>reditate</strong></span> <span class='ocrx_word' id='word_1_583' title='bbox 2594 2792 2883 2847; x_wconf 79' lang='lat' dir='ltr'><strong>poenarum</strong></span> <span class='ocrx_word' id='word_1_584' title='bbox 2924 2775 3138 2839; x_wconf 90' lang='lat' dir='ltr'><strong>relicta,</strong></span> <span class='ocrx_word' id='word_1_585' title='bbox 3182 2781 3243 2827; x_wconf 92' lang='lat' dir='ltr'><strong>ut</strong></span> <span class='ocrx_word' id='word_1_586' title='bbox 3286 2770 3436 2826; x_wconf 90' lang='lat' dir='ltr'><strong>infra</strong></span> <span class='ocrx_word' id='word_1_587' title='bbox 3483 2783 3669 2840; x_wconf 89' lang='lat' dir='ltr'><strong>paucos</strong></span> <span class='ocrx_word' id='word_1_588' title='bbox 3704 2777 3837 2821; x_wconf 80' lang='lat' dir='ltr'><strong>annos</strong></span> 
     </span>
    </p>
   </div>
   <div class='ocr_carea' id='block_1_85' title="bbox 2320 2853 3835 2936">
    <p class='ocr_par' dir='ltr' id='par_1_85' title="bbox 2320 2853 3835 2936">
     <span class='ocr_line' id='line_1_85' title="bbox 2320 2853 3835 2936; baseline -0.011 -13"><span class='ocrx_word' id='word_1_589' title='bbox 2320 2869 2613 2924; x_wconf 88' lang='lat' dir='ltr'><strong>immature</strong></span> <span class='ocrx_word' id='word_1_590' title='bbox 2629 2869 2823 2923; x_wconf 89' lang='lat' dir='ltr'><strong>mortis</strong></span> <span class='ocrx_word' id='word_1_591' title='bbox 2852 2866 2990 2922; x_wconf 90' lang='lat' dir='ltr'><strong>falce</strong></span> <span class='ocrx_word' id='word_1_592' title='bbox 3009 2865 3246 2936; x_wconf 69' lang='lat' dir='ltr'><strong>praecisi,</strong></span> <span class='ocrx_word' id='word_1_593' title='bbox 3270 2878 3414 2933; x_wconf 88' lang='lat' dir='ltr'><strong>pene</strong></span> <span class='ocrx_word' id='word_1_594' title='bbox 3436 2861 3605 2917; x_wconf 87' lang='lat' dir='ltr'><strong>omnis</strong></span> <span class='ocrx_word' id='word_1_595' title='bbox 3622 2859 3715 2913; x_wconf 83' lang='lat' dir='ltr'><strong>vita</strong></span> <span class='ocrx_word' id='word_1_596' title='bbox 3732 2853 3835 2909; x_wconf 67' lang='lat' dir='ltr'><strong>diﬂi«</strong></span> 
     </span>
    </p>
   </div>
   <div class='ocr_carea' id='block_1_86' title="bbox 2317 2948 3839 3030">
    <p class='ocr_par' dir='ltr' id='par_1_86' title="bbox 2317 2948 3839 3030">
     <span class='ocr_line' id='line_1_86' title="bbox 2317 2948 3839 3030; baseline -0.012 -14"><span class='ocrx_word' id='word_1_597' title='bbox 2317 2962 2491 3016; x_wconf 89' lang='lat' dir='ltr'><strong>culter</strong></span> <span class='ocrx_word' id='word_1_598' title='bbox 2509 2970 2738 3025; x_wconf 79' lang='lat' dir='ltr'><strong>extorta,</strong></span> <span class='ocrx_word' id='word_1_599' title='bbox 2761 2974 2860 3030; x_wconf 91' lang='lat' dir='ltr'><strong>pro</strong></span> <span class='ocrx_word' id='word_1_600' title='bbox 2882 2959 3118 3013; x_wconf 90' lang='lat' dir='ltr'><strong>innocuo</strong></span> <span class='ocrx_word' id='word_1_601' title='bbox 3143 2954 3404 3027; x_wconf 77' lang='lat' dir='ltr'><strong>martyris</strong></span> <span class='ocrx_word' id='word_1_602' title='bbox 3425 2951 3666 3023; x_wconf 82' lang='lat' dir='ltr'><strong>sanguine</strong></span> <span class='ocrx_word' id='word_1_603' title='bbox 3683 2948 3839 3002; x_wconf 84' lang='lat' dir='ltr'><strong>discer-</strong></span> 
     </span>
    </p>
   </div>
   <div class='ocr_carea' id='block_1_87' title="bbox 2317 3037 3837 3121">
    <p class='ocr_par' dir='ltr' id='par_1_87' title="bbox 2317 3037 3837 3121">
     <span class='ocr_line' id='line_1_87' title="bbox 2317 3037 3837 3121; baseline -0.011 -15"><span class='ocrx_word' id='word_1_604' title='bbox 2317 3062 2594 3121; x_wconf 77' lang='lat' dir='ltr'><strong>perentur.</strong></span> <span class='ocrx_word' id='word_1_605' title='bbox 2647 3051 2752 3117; x_wconf 85' lang='lat' dir='ltr'><strong>Qui</strong></span> <span class='ocrx_word' id='word_1_606' title='bbox 2788 3065 2916 3105; x_wconf 85' lang='lat' dir='ltr'><strong>vero</strong></span> <span class='ocrx_word' id='word_1_607' title='bbox 2952 3063 3241 3119; x_wconf 90' lang='lat' dir='ltr'><strong>superesse</strong></span> <span class='ocrx_word' id='word_1_608' title='bbox 3284 3053 3552 3116; x_wconf 85' lang='lat' dir='ltr'><strong>poterant,</strong></span> <span class='ocrx_word' id='word_1_609' title='bbox 3597 3041 3670 3096; x_wconf 85' lang='lat' dir='ltr'><strong>vel</strong></span> <span class='ocrx_word' id='word_1_610' title='bbox 3707 3037 3837 3093; x_wconf 75' lang='lat' dir='ltr'><strong>adhuc</strong></span> 
     </span>
    </p>
   </div>
   <div class='ocr_carea' id='block_1_88' title="bbox 2318 3136 3836 3227">
    <p class='ocr_par' dir='ltr' id='par_1_88' title="bbox 2318 3136 3836 3227">
     <span class='ocr_line' id='line_1_88' title="bbox 2318 3136 3836 3227; baseline -0.011 -29"><span class='ocrx_word' id='word_1_611' title='bbox 2318 3152 2632 3214; x_wconf 89' lang='lat' dir='ltr'><strong>supersunt,</strong></span> <span class='ocrx_word' id='word_1_612' title='bbox 2654 3141 2844 3197; x_wconf 88' lang='lat' dir='ltr'><strong>eadem</strong></span> <span class='ocrx_word' id='word_1_613' title='bbox 2869 3139 3204 3197; x_wconf 87' lang='lat' dir='ltr'><strong>infelicitatis</strong></span> <span class='ocrx_word' id='word_1_614' title='bbox 3222 3136 3401 3193; x_wconf 89' lang='lat' dir='ltr'><strong>forma</strong></span> <span class='ocrx_word' id='word_1_615' title='bbox 3426 3137 3658 3191; x_wconf 88' lang='lat' dir='ltr'><strong>miseram</strong></span> <span class='ocrx_word' id='word_1_616' title='bbox 3680 3139 3836 3227; x_wconf 66' lang='lat' dir='ltr'><strong>testan-</strong></span> 
     </span>
    </p>
   </div>
   <div class='ocr_carea' id='block_1_89' title="bbox 2318 3216 3834 3305">
    <p class='ocr_par' dir='ltr' id='par_1_89' title="bbox 2318 3216 3834 3305">
     <span class='ocr_line' id='line_1_89' title="bbox 2318 3216 3834 3305; baseline -0.013 -16"><span class='ocrx_word' id='word_1_617' title='bbox 2318 3244 2405 3289; x_wconf 88' lang='lat' dir='ltr'><strong>tur</strong></span> <span class='ocrx_word' id='word_1_618' title='bbox 2439 3235 2773 3305; x_wconf 87' lang='lat' dir='ltr'><strong>prosapiam,</strong></span> <span class='ocrx_word' id='word_1_619' title='bbox 2807 3242 2860 3287; x_wconf 90' lang='lat' dir='ltr'><strong>et</strong></span> <span class='ocrx_word' id='word_1_620' title='bbox 2894 3232 3271 3287; x_wconf 78' lang='lat' dir='ltr'><strong>calamitosum</strong></span> <span class='ocrx_word' id='word_1_621' title='bbox 3306 3228 3619 3285; x_wconf 87' lang='lat' dir='ltr'><strong>brevitatem</strong></span> <span class='ocrx_word' id='word_1_622' title='bbox 3650 3216 3834 3277; x_wconf 81' lang='lat' dir='ltr'><strong>imbecil-</strong></span> 
     </span>
    </p>
   </div>
   <div class='ocr_carea' id='block_1_90' title="bbox 2317 3306 3838 3395">
    <p class='ocr_par' dir='ltr' id='par_1_90' title="bbox 2317 3306 3838 3395">
     <span class='ocr_line' id='line_1_90' title="bbox 2317 3306 3838 3395; baseline -0.014 -16"><span class='ocrx_word' id='word_1_623' title='bbox 2317 3326 2386 3381; x_wconf 91' lang='lat' dir='ltr'><strong>lis</strong></span> <span class='ocrx_word' id='word_1_624' title='bbox 2434 3327 2558 3380; x_wconf 72' lang='lat' dir='ltr'><strong>viue</strong></span> <span class='ocrx_word' id='word_1_625' title='bbox 2604 3325 2863 3395; x_wconf 89' lang='lat' dir='ltr'><strong>suspiriis</strong></span> <span class='ocrx_word' id='word_1_626' title='bbox 2907 3323 3107 3379; x_wconf 89' lang='lat' dir='ltr'><strong>debent</strong></span> <span class='ocrx_word' id='word_1_627' title='bbox 3153 3322 3340 3392; x_wconf 91' lang='lat' dir='ltr'><strong>potius</strong></span> <span class='ocrx_word' id='word_1_628' title='bbox 3389 3334 3549 3390; x_wconf 89' lang='lat' dir='ltr'><strong>quam</strong></span> <span class='ocrx_word' id='word_1_629' title='bbox 3576 3315 3754 3371; x_wconf 85' lang='lat' dir='ltr'><strong>usibus.</strong></span> <span class='ocrx_word' id='word_1_630' title='bbox 3790 3306 3838 3359; x_wconf 84' lang='lat' dir='ltr'><strong>Et</strong></span> 
     </span>
    </p>
   </div>
   <div class='ocr_carea' id='block_1_91' title="bbox 2316 3402 3835 3500">
    <p class='ocr_par' dir='ltr' id='par_1_91' title="bbox 2316 3402 3835 3500">
     <span class='ocr_line' id='line_1_91' title="bbox 2316 3402 3835 3500; baseline -0.013 -28"><span class='ocrx_word' id='word_1_631' title='bbox 2316 3417 2449 3488; x_wconf 89' lang='lat' dir='ltr'><strong>quid</strong></span> <span class='ocrx_word' id='word_1_632' title='bbox 2481 3417 2725 3472; x_wconf 89' lang='lat' dir='ltr'><strong>mirum?</strong></span> <span class='ocrx_word' id='word_1_633' title='bbox 2756 3416 2805 3472; x_wconf 87' lang='lat' dir='ltr'><strong>si</strong></span> <span class='ocrx_word' id='word_1_634' title='bbox 2834 3414 3276 3485; x_wconf 82' lang='lat' dir='ltr'><strong>consanguineos</strong></span> <span class='ocrx_word' id='word_1_635' title='bbox 3310 3414 3436 3483; x_wconf 84' lang='lat' dir='ltr'><strong>ejus</strong></span> <span class='ocrx_word' id='word_1_636' title='bbox 3485 3406 3687 3500; x_wconf 79' lang='lat' dir='ltr'><strong>sanguis</strong></span> <span class='ocrx_word' id='word_1_637' title='bbox 3719 3402 3835 3500; x_wconf 54' lang='lat' dir='ltr'><strong>iuno:</strong></span> 
     </span>
    </p>
   </div>
   <div class='ocr_carea' id='block_1_92' title="bbox 2316 3484 3835 3578">
    <p class='ocr_par' dir='ltr' id='par_1_92' title="bbox 2316 3484 3835 3578">
     <span class='ocr_line' id='line_1_92' title="bbox 2316 3484 3835 3578; baseline -0.016 -15"><span class='ocrx_word' id='word_1_638' title='bbox 2316 3484 2447 3564; x_wconf 75' lang='lat' dir='ltr'><strong>cens</strong></span> <span class='ocrx_word' id='word_1_639' title='bbox 2468 3508 2667 3578; x_wconf 87' lang='lat' dir='ltr'><strong>tetigit,</strong></span> <span class='ocrx_word' id='word_1_640' title='bbox 2701 3523 2825 3562; x_wconf 92' lang='lat' dir='ltr'><strong>cum</strong></span> <span class='ocrx_word' id='word_1_641' title='bbox 2860 3516 2915 3561; x_wconf 89' lang='lat' dir='ltr'><strong>et</strong></span> <span class='ocrx_word' id='word_1_642' title='bbox 2954 3484 3184 3561; x_wconf 66' lang='lat' dir='ltr'><strong>aedilicia</strong></span> <span class='ocrx_word' id='word_1_643' title='bbox 3227 3503 3405 3572; x_wconf 90' lang='lat' dir='ltr'><strong>ipsius</strong></span> <span class='ocrx_word' id='word_1_644' title='bbox 3452 3496 3720 3555; x_wconf 86' lang='lat' dir='ltr'><strong>secundum</strong></span> <span class='ocrx_word' id='word_1_645' title='bbox 3740 3484 3835 3543; x_wconf 87' lang='lat' dir='ltr'><strong>illud</strong></span> 
     </span>
    </p>
   </div>
   <div class='ocr_carea' id='block_1_93' title="bbox 2317 3582 3834 3669">
    <p class='ocr_par' dir='ltr' id='par_1_93' title="bbox 2317 3582 3834 3669">
     <span class='ocr_line' id='line_1_93' title="bbox 2317 3582 3834 3669; baseline -0.016 -13"><span class='ocrx_word' id='word_1_646' title='bbox 2317 3600 2694 3669; x_wconf 81' lang='lat' dir='ltr'><strong>propheticum</strong></span> <span class='ocrx_word' id='word_1_647' title='bbox 2727 3616 2740 3651; x_wconf 90' lang='lat'><strong>:</strong></span> <span class='ocrx_word' id='word_1_648' title='bbox 2784 3617 2802 3648; x_wconf 72' lang='grc' dir='ltr'><strong>ε</strong></span> <span class='ocrx_word' id='word_1_649' title='bbox 2830 3596 2953 3651; x_wconf 86' lang='lat' dir='ltr'><strong>Fiat</strong></span> <span class='ocrx_word' id='word_1_650' title='bbox 2976 3595 3244 3650; x_wconf 87' lang='lat' dir='ltr'><strong>habitatio</strong></span> <span class='ocrx_word' id='word_1_651' title='bbox 3263 3593 3388 3662; x_wconf 91' lang='lat' dir='ltr'><strong>ejus</strong></span> <span class='ocrx_word' id='word_1_652' title='bbox 3414 3591 3634 3652; x_wconf 84' lang='lat' dir='ltr'><strong>deserta,</strong></span> <span class='ocrx_word' id='word_1_653' title='bbox 3654 3582 3762 3638; x_wconf 89' lang='lat' dir='ltr'><strong>etin</strong></span> <span class='ocrx_word' id='word_1_654' title='bbox 3780 3588 3834 3632; x_wconf 78' lang='lat' dir='ltr'><strong>ta-</strong></span> 
     </span>
    </p>
   </div>
   <div class='ocr_carea' id='block_1_94' title="bbox 2317 3671 3832 3760">
    <p class='ocr_par' dir='ltr' id='par_1_94' title="bbox 2317 3671 3832 3760">
     <span class='ocr_line' id='line_1_94' title="bbox 2317 3671 3832 3760; baseline -0.015 -15"><span class='ocrx_word' id='word_1_655' title='bbox 2317 3690 2614 3745; x_wconf 90' lang='lat' dir='ltr'><strong>bernaculo</strong></span> <span class='ocrx_word' id='word_1_656' title='bbox 2641 3690 2762 3760; x_wconf 90' lang='lat' dir='ltr'><strong>ejus</strong></span> <span class='ocrx_word' id='word_1_657' title='bbox 2786 3705 2892 3745; x_wconf 91' lang='lat' dir='ltr'><strong>non</strong></span> <span class='ocrx_word' id='word_1_658' title='bbox 2921 3688 2990 3743; x_wconf 89' lang='lat' dir='ltr'><strong>sit</strong></span> <span class='ocrx_word' id='word_1_659' title='bbox 3012 3687 3107 3757; x_wconf 89' lang='lat' dir='ltr'><strong>qui</strong></span> <span class='ocrx_word' id='word_1_660' title='bbox 3137 3685 3406 3740; x_wconf 89' lang='lat' dir='ltr'><strong>inhabitet</strong></span> <span class='ocrx_word' id='word_1_661' title='bbox 3433 3679 3597 3754; x_wconf 84' lang='lat' dir='ltr'><strong>(Psal.</strong></span> <span class='ocrx_word' id='word_1_662' title='bbox 3629 3671 3832 3737; x_wconf 64' lang='lat' dir='ltr'><strong>uuln,»</strong></span> 
     </span>
    </p>
   </div>
   <div class='ocr_carea' id='block_1_95' title="bbox 2316 3764 3837 3853">
    <p class='ocr_par' dir='ltr' id='par_1_95' title="bbox 2316 3764 3837 3853">
     <span class='ocr_line' id='line_1_95' title="bbox 2316 3764 3837 3853; baseline -0.012 -14"><span class='ocrx_word' id='word_1_663' title='bbox 2316 3781 2518 3838; x_wconf 88' lang='lat' dir='ltr'><strong>damna</strong></span> <span class='ocrx_word' id='word_1_664' title='bbox 2559 3782 2857 3853; x_wconf 88' lang='lat' dir='ltr'><strong>impietatis</strong></span> <span class='ocrx_word' id='word_1_665' title='bbox 2897 3781 3018 3851; x_wconf 92' lang='lat' dir='ltr'><strong>ejus</strong></span> <span class='ocrx_word' id='word_1_666' title='bbox 3053 3779 3313 3843; x_wconf 86' lang='lat' dir='ltr'><strong>tulerint;</strong></span> <span class='ocrx_word' id='word_1_667' title='bbox 3363 3778 3437 3831; x_wconf 88' lang='lat' dir='ltr'><strong>ita</strong></span> <span class='ocrx_word' id='word_1_668' title='bbox 3478 3784 3535 3830; x_wconf 92' lang='lat' dir='ltr'><strong>ut</strong></span> <span class='ocrx_word' id='word_1_669' title='bbox 3572 3764 3837 3839; x_wconf 56' lang='lat' dir='ltr'><strong>virgulti“:t</strong></span> 
     </span>
    </p>
   </div>
   <div class='ocr_carea' id='block_1_96' title="bbox 2316 3856 3835 3931">
    <p class='ocr_par' dir='ltr' id='par_1_96' title="bbox 2316 3856 3835 3931">
     <span class='ocr_line' id='line_1_96' title="bbox 2316 3856 3835 3931; baseline -0.014 -2"><span class='ocrx_word' id='word_1_670' title='bbox 2316 3875 2512 3931; x_wconf 89' lang='lat' dir='ltr'><strong>urticis</strong></span> <span class='ocrx_word' id='word_1_671' title='bbox 2563 3872 2990 3930; x_wconf 88' lang='lat' dir='ltr'><strong>ascendentibus</strong></span> <span class='ocrx_word' id='word_1_672' title='bbox 3029 3870 3256 3925; x_wconf 90' lang='lat' dir='ltr'><strong>ruinosa</strong></span> <span class='ocrx_word' id='word_1_673' title='bbox 3304 3864 3636 3923; x_wconf 82' lang='lat' dir='ltr'><strong>deformitate</strong></span> <span class='ocrx_word' id='word_1_674' title='bbox 3668 3856 3835 3922; x_wconf 80' lang='lat' dir='ltr'><strong>delapsa</strong></span> 
     </span>
    </p>
   </div>
   <div class='ocr_carea' id='block_1_97' title="bbox 2318 3945 3837 4045">
    <p class='ocr_par' dir='ltr' id='par_1_97' title="bbox 2318 3945 3837 4045">
     <span class='ocr_line' id='line_1_97' title="bbox 2318 3945 3837 4045; baseline -0.01 -24"><span class='ocrx_word' id='word_1_675' title='bbox 2318 3967 2557 4022; x_wconf 89' lang='lat' dir='ltr'><strong>humana</strong></span> <span class='ocrx_word' id='word_1_676' title='bbox 2589 3964 3004 4022; x_wconf 81' lang='lat' dir='ltr'><strong>conversatione</strong></span> <span class='ocrx_word' id='word_1_677' title='bbox 3027 3963 3137 4018; x_wconf 87' lang='lat' dir='ltr'><strong>sint</strong></span> <span class='ocrx_word' id='word_1_678' title='bbox 3164 3962 3487 4031; x_wconf 81' lang='lat' dir='ltr'><strong>incongrua,</strong></span> <span class='ocrx_word' id='word_1_679' title='bbox 3516 3945 3837 4045; x_wconf 43' lang='lat' dir='ltr'><strong>damnabile“?</strong></span> 
     </span>
    </p>
   </div>
   <div class='ocr_carea' id='block_1_98' title="bbox 2318 4036 3834 4127">
    <p class='ocr_par' dir='ltr' id='par_1_98' title="bbox 2318 4036 3834 4127">
     <span class='ocr_line' id='line_1_98' title="bbox 2318 4036 3834 4127; baseline -0.018 -16"><span class='ocrx_word' id='word_1_680' title='bbox 2318 4072 2424 4127; x_wconf 91' lang='lat' dir='ltr'><strong>que</strong></span> <span class='ocrx_word' id='word_1_681' title='bbox 2454 4071 2518 4110; x_wconf 88' lang='lat' dir='ltr'><strong>ac</strong></span> <span class='ocrx_word' id='word_1_682' title='bbox 2554 4053 2937 4110; x_wconf 87' lang='lat' dir='ltr'><strong>detestandum</strong></span> <span class='ocrx_word' id='word_1_683' title='bbox 2965 4052 3265 4117; x_wconf 86' lang='lat' dir='ltr'><strong>hominem,</strong></span> <span class='ocrx_word' id='word_1_684' title='bbox 3294 4058 3350 4105; x_wconf 92' lang='lat' dir='ltr'><strong>ct</strong></span> <span class='ocrx_word' id='word_1_685' title='bbox 3370 4049 3483 4120; x_wconf 91' lang='lat' dir='ltr'><strong>jam</strong></span> <span class='ocrx_word' id='word_1_686' title='bbox 3506 4036 3834 4100; x_wconf 82' lang='lat' dir='ltr'><strong>insensibilium</strong></span> 
     </span>
    </p>
   </div>
   <div class='ocr_carea' id='block_1_99' title="bbox 2320 4144 3078 4218">
    <p class='ocr_par' dir='ltr' id='par_1_99' title="bbox 2320 4144 3078 4218">
     <span class='ocr_line' id='line_1_99' title="bbox 2320 4144 3078 4218; baseline -0.008 -16"><span class='ocrx_word' id='word_1_687' title='bbox 2320 4148 2566 4217; x_wconf 85' lang='lat' dir='ltr'><strong>neglecta</strong></span> <span class='ocrx_word' id='word_1_688' title='bbox 2590 4146 2764 4218; x_wconf 81' lang='lat' dir='ltr'><strong>ﬁgura</strong></span> <span class='ocrx_word' id='word_1_689' title='bbox 2790 4144 3078 4200; x_wconf 85' lang='lat' dir='ltr'><strong>declamet.</strong></span> 
     </span>
    </p>
   </div>
   <div class='ocr_carea' id='block_1_100' title="bbox 2908 4230 3327 4289">
    <p class='ocr_par' dir='ltr' id='par_1_100' title="bbox 2908 4230 3327 4289">
     <span class='ocr_line' id='line_1_100' title="bbox 2908 4230 3327 4289; baseline -0.012 -1"><span class='ocrx_word' id='word_1_690' title='bbox 2908 4231 3137 4289; x_wconf 81' lang='lat' dir='ltr'><strong>CAPUT</strong></span> <span class='ocrx_word' id='word_1_691' title='bbox 3184 4230 3327 4284; x_wconf 77' lang='lat' dir='ltr'><strong>XVI.</strong></span> 
     </span>
    </p>
   </div>
   <div class='ocr_carea' id='block_1_101' title="bbox 2397 4302 3836 4408">
    <p class='ocr_par' dir='ltr' id='par_1_101' title="bbox 2397 4302 3836 4408">
     <span class='ocr_line' id='line_1_101' title="bbox 2397 4302 3836 4408; baseline -0.019 -22"><span class='ocrx_word' id='word_1_692' title='bbox 2397 4329 2685 4385; x_wconf 78' lang='lat' dir='ltr'><strong>Miracula.</strong></span> <span class='ocrx_word' id='word_1_693' title='bbox 2707 4359 2780 4369; x_wconf 90' lang='lat'><strong>-—</strong></span> <span class='ocrx_word' id='word_1_694' title='bbox 2801 4326 3052 4381; x_wconf 76' lang='lat' dir='ltr'><strong>Diximus</strong></span> <span class='ocrx_word' id='word_1_695' title='bbox 3080 4325 3148 4379; x_wconf 91' lang='lat' dir='ltr'><strong>de</strong></span> <span class='ocrx_word' id='word_1_696' title='bbox 3179 4320 3445 4378; x_wconf 86' lang='lat' dir='ltr'><strong>insensati</strong></span> <span class='ocrx_word' id='word_1_697' title='bbox 3482 4302 3836 4408; x_wconf 86' lang='lat' dir='ltr'><strong>hominis</strong></span> 
     </span>
    </p>
   </div>
   <div class='ocr_carea' id='block_1_102' title="bbox 2320 4393 3836 4495">
    <p class='ocr_par' dir='ltr' id='par_1_102' title="bbox 2320 4393 3836 4495">
     <span class='ocr_line' id='line_1_102' title="bbox 2320 4393 3836 4495; baseline -0.024 -15"><span class='ocrx_word' id='word_1_698' title='bbox 2320 4424 2425 4479; x_wconf 92' lang='lat' dir='ltr'><strong>bus</strong></span> <span class='ocrx_word' id='word_1_699' title='bbox 2466 4433 2520 4478; x_wconf 92' lang='lat' dir='ltr'><strong>et</strong></span> <span class='ocrx_word' id='word_1_700' title='bbox 2558 4422 2663 4477; x_wconf 87' lang='lat' dir='ltr'><strong>loci</strong></span> <span class='ocrx_word' id='word_1_701' title='bbox 2710 4419 2885 4490; x_wconf 89' lang='lat' dir='ltr'><strong>ipsius</strong></span> <span class='ocrx_word' id='word_1_702' title='bbox 2915 4419 3143 4483; x_wconf 77' lang='lat' dir='ltr'><strong>aedibus,</strong></span> <span class='ocrx_word' id='word_1_703' title='bbox 3176 4414 3306 4485; x_wconf 85' lang='lat' dir='ltr'><strong>quia</strong></span> <span class='ocrx_word' id='word_1_704' title='bbox 3332 4410 3649 4469; x_wconf 89' lang='lat' dir='ltr'><strong>desolatione</strong></span> <span class='ocrx_word' id='word_1_705' title='bbox 3682 4393 3836 4495; x_wconf 63' lang='lat' dir='ltr'><strong>visibili</strong></span> 
     </span>
    </p>
   </div>
   <div class='ocr_carea' id='block_1_103' title="bbox 2319 4485 3834 4576">
    <p class='ocr_par' dir='ltr' id='par_1_103' title="bbox 2319 4485 3834 4576">
     <span class='ocr_line' id='line_1_103' title="bbox 2319 4485 3834 4576; baseline -0.016 -7"><span class='ocrx_word' id='word_1_706' title='bbox 2319 4521 2590 4569; x_wconf 86' lang='lat' dir='ltr'><strong>testentur</strong></span> <span class='ocrx_word' id='word_1_707' title='bbox 2631 4485 2962 4565; x_wconf 78' lang='lat' dir='ltr'><strong>invisibilem</strong></span> <span class='ocrx_word' id='word_1_708' title='bbox 2998 4507 3119 4576; x_wconf 86' lang='lat' dir='ltr'><strong>ejus</strong></span> <span class='ocrx_word' id='word_1_709' title='bbox 3166 4504 3479 4567; x_wconf 86' lang='lat' dir='ltr'><strong>interitum;</strong></span> <span class='ocrx_word' id='word_1_710' title='bbox 3528 4497 3745 4559; x_wconf 80' lang='lat' dir='ltr'><strong>deinceps</strong></span> <span class='ocrx_word' id='word_1_711' title='bbox 3772 4485 3834 4538; x_wconf 73' lang='grc' dir='ltr'><strong>ὀί·</strong></span> 
     </span>
    </p>
   </div>
   <div class='ocr_carea' id='block_1_104' title="bbox 2318 4585 3835 4665">
    <p class='ocr_par' dir='ltr' id='par_1_104' title="bbox 2318 4585 3835 4665">
     <span class='ocr_line' id='line_1_104' title="bbox 2318 4585 3835 4665; baseline -0.022 -7"><span class='ocrx_word' id='word_1_712' title='bbox 2318 4603 2461 4660; x_wconf 78' lang='lat' dir='ltr'><strong>ctu‘ri</strong></span> <span class='ocrx_word' id='word_1_713' title='bbox 2499 4617 2691 4656; x_wconf 91' lang='lat' dir='ltr'><strong>sumus</strong></span> <span class='ocrx_word' id='word_1_714' title='bbox 2725 4614 2790 4655; x_wconf 80' lang='lat' dir='ltr'><strong>ex</strong></span> <span class='ocrx_word' id='word_1_715' title='bbox 2833 4599 3062 4653; x_wconf 84' lang='lat' dir='ltr'><strong>adverso</strong></span> <span class='ocrx_word' id='word_1_716' title='bbox 3085 4602 3287 4665; x_wconf 89' lang='lat' dir='ltr'><strong>quanta</strong></span> <span class='ocrx_word' id='word_1_717' title='bbox 3317 4592 3485 4663; x_wconf 83' lang='lat' dir='ltr'><strong>gloria</strong></span> <span class='ocrx_word' id='word_1_718' title='bbox 3517 4585 3721 4659; x_wconf 86' lang='lat' dir='ltr'><strong>polleant</strong></span> <span class='ocrx_word' id='word_1_719' title='bbox 3741 4586 3835 4629; x_wconf 82' lang='lat' dir='ltr'><strong>area</strong></span> 
     </span>
    </p>
   </div>
   <div class='ocr_carea' id='block_1_105' title="bbox 2317 4667 3833 4752">
    <p class='ocr_par' dir='ltr' id='par_1_105' title="bbox 2317 4667 3833 4752">
     <span class='ocr_line' id='line_1_105' title="bbox 2317 4667 3833 4752; baseline -0.013 -1"><span class='ocrx_word' id='word_1_720' title='bbox 2317 4694 2636 4752; x_wconf 86' lang='lat' dir='ltr'><strong>certaminis</strong></span> <span class='ocrx_word' id='word_1_721' title='bbox 2661 4692 2806 4747; x_wconf 87' lang='lat' dir='ltr'><strong>beati</strong></span> <span class='ocrx_word' id='word_1_722' title='bbox 2834 4691 2937 4746; x_wconf 86' lang='lat' dir='ltr'><strong>viri</strong></span> <span class='ocrx_word' id='word_1_723' title='bbox 2952 4698 3005 4744; x_wconf 90' lang='lat' dir='ltr'><strong>et</strong></span> <span class='ocrx_word' id='word_1_724' title='bbox 3027 4689 3181 4743; x_wconf 91' lang='lat' dir='ltr'><strong>locus</strong></span> <span class='ocrx_word' id='word_1_725' title='bbox 3208 4684 3524 4745; x_wconf 83' lang='lat' dir='ltr'><strong>vocationis,</strong></span> <span class='ocrx_word' id='word_1_726' title='bbox 3545 4688 3618 4742; x_wconf 91' lang='lat' dir='ltr'><strong>ut,</strong></span> <span class='ocrx_word' id='word_1_727' title='bbox 3646 4675 3752 4729; x_wconf 82' lang='lat' dir='ltr'><strong>dum</strong></span> <span class='ocrx_word' id='word_1_728' title='bbox 3775 4667 3833 4718; x_wconf 75' lang='grc' dir='ltr'><strong>Ιο-</strong></span> 
     </span>
    </p>
   </div>
   <div class='ocr_carea' id='block_1_106' title="bbox 2317 4759 3833 4864">
    <p class='ocr_par' dir='ltr' id='par_1_106' title="bbox 2317 4759 3833 4864">
     <span class='ocr_line' id='line_1_106' title="bbox 2317 4759 3833 4864; baseline -0.015 -22"><span class='ocrx_word' id='word_1_729' title='bbox 2317 4802 2507 4842; x_wconf 89' lang='lat' dir='ltr'><strong>eorum</strong></span> <span class='ocrx_word' id='word_1_730' title='bbox 2537 4786 2756 4840; x_wconf 88' lang='lat' dir='ltr'><strong>illorum</strong></span> <span class='ocrx_word' id='word_1_731' title='bbox 2789 4782 3093 4838; x_wconf 86' lang='lat' dir='ltr'><strong>reverentia</strong></span> <span class='ocrx_word' id='word_1_732' title='bbox 3117 4778 3462 4849; x_wconf 73' lang='lat' dir='ltr'><strong>praedicatur,</strong></span> <span class='ocrx_word' id='word_1_733' title='bbox 3510 4784 3612 4841; x_wconf 88' lang='lat' dir='ltr'><strong>quo</strong></span> <span class='ocrx_word' id='word_1_734' title='bbox 3651 4759 3833 4864; x_wconf 38' lang='lat' dir='ltr'><strong>incolum</strong></span> 
     </span>
    </p>
   </div>
   <div class='ocr_carea' id='block_1_107' title="bbox 2318 4855 3834 4952">
    <p class='ocr_par' dir='ltr' id='par_1_107' title="bbox 2318 4855 3834 4952">
     <span class='ocr_line' id='line_1_107' title="bbox 2318 4855 3834 4952; baseline -0.021 -17"><span class='ocrx_word' id='word_1_735' title='bbox 2318 4876 2575 4950; x_wconf 78' lang='lat' dir='ltr'><strong>martyris</strong></span> <span class='ocrx_word' id='word_1_736' title='bbox 2600 4878 2783 4931; x_wconf 85' lang='lat' dir='ltr'><strong>anima</strong></span> <span class='ocrx_word' id='word_1_737' title='bbox 2813 4873 3092 4944; x_wconf 87' lang='lat' dir='ltr'><strong>tripudict,</strong></span> <span class='ocrx_word' id='word_1_738' title='bbox 3122 4871 3464 4940; x_wconf 87' lang='lat' dir='ltr'><strong>conjiciatur.</strong></span> <span class='ocrx_word' id='word_1_739' title='bbox 3519 4862 3648 4952; x_wconf 84' lang='lat' dir='ltr'><strong>Ergo</strong></span> <span class='ocrx_word' id='word_1_740' title='bbox 3670 4855 3745 4910; x_wconf 92' lang='lat' dir='ltr'><strong>ubi</strong></span> <span class='ocrx_word' id='word_1_741' title='bbox 3759 4855 3834 4952; x_wconf 33' lang='grc' dir='ltr'><strong>’ξυ-</strong></span> 
     </span>
    </p>
   </div>
   <div class='ocr_carea' id='block_1_108' title="bbox 2317 4949 3833 5044">
    <p class='ocr_par' dir='ltr' id='par_1_108' title="bbox 2317 4949 3833 5044">
     <span class='ocr_line' id='line_1_108' title="bbox 2317 4949 3833 5044; baseline -0.018 -17"><span class='ocrx_word' id='word_1_742' title='bbox 2317 4949 2474 5029; x_wconf 87' lang='lat' dir='ltr'><strong>cisus</strong></span> <span class='ocrx_word' id='word_1_743' title='bbox 2491 4981 2574 5027; x_wconf 86' lang='lat' dir='ltr'><strong>est</strong></span> <span class='ocrx_word' id='word_1_744' title='bbox 2605 4970 2732 5025; x_wconf 76' lang='lat' dir='ltr'><strong>felix</strong></span> <span class='ocrx_word' id='word_1_745' title='bbox 2761 4967 3037 5030; x_wconf 86' lang='lat' dir='ltr'><strong>sacerdos,</strong></span> <span class='ocrx_word' id='word_1_746' title='bbox 3064 4966 3243 5019; x_wconf 88' lang='lat' dir='ltr'><strong>locum</strong></span> <span class='ocrx_word' id='word_1_747' title='bbox 3275 4961 3425 5016; x_wconf 88' lang='lat' dir='ltr'><strong>illum</strong></span> <span class='ocrx_word' id='word_1_748' title='bbox 3453 4959 3563 5012; x_wconf 62' lang='lat' dir='ltr'><strong>limo</strong></span> <span class='ocrx_word' id='word_1_749' title='bbox 3584 4949 3833 5044; x_wconf 41' lang='lat' dir='ltr'><strong>solem-nitas</strong></span> 
     </span>
    </p>
   </div>
   <div class='ocr_carea' id='block_1_109' title="bbox 2317 5037 3831 5139">
    <p class='ocr_par' dir='ltr' id='par_1_109' title="bbox 2317 5037 3831 5139">
     <span class='ocr_line' id='line_1_109' title="bbox 2317 5037 3831 5139; baseline -0.017 -20"><span class='ocrx_word' id='word_1_750' title='bbox 2317 5065 2446 5119; x_wconf 90' lang='lat' dir='ltr'><strong>colit</strong></span> <span class='ocrx_word' id='word_1_751' title='bbox 2469 5075 2634 5133; x_wconf 78' lang='lat' dir='ltr'><strong>atque</strong></span> <span class='ocrx_word' id='word_1_752' title='bbox 2655 5062 2771 5116; x_wconf 77' lang='lat' dir='ltr'><strong>haec</strong></span> <span class='ocrx_word' id='word_1_753' title='bbox 2808 5058 3129 5113; x_wconf 84' lang='lat' dir='ltr'><strong>immunitas</strong></span> <span class='ocrx_word' id='word_1_754' title='bbox 3149 5055 3299 5125; x_wconf 82' lang='lat' dir='ltr'><strong>tegit,</strong></span> <span class='ocrx_word' id='word_1_755' title='bbox 3328 5050 3530 5107; x_wconf 87' lang='lat' dir='ltr'><strong>scilicet</strong></span> <span class='ocrx_word' id='word_1_756' title='bbox 3547 5054 3602 5101; x_wconf 89' lang='lat' dir='ltr'><strong>ut</strong></span> <span class='ocrx_word' id='word_1_757' title='bbox 3620 5043 3667 5096; x_wconf 91' lang='lat' dir='ltr'><strong>in</strong></span> <span class='ocrx_word' id='word_1_758' title='bbox 3692 5037 3831 5139; x_wconf 53' lang='lat' dir='ltr'><strong>allii“:</strong></span> 
     </span>
    </p>
   </div>
   <div class='ocr_carea' id='block_1_110' title="bbox 2318 5124 3829 5210">
    <p class='ocr_par' dir='ltr' id='par_1_110' title="bbox 2318 5124 3829 5210">
     <span class='ocr_line' id='line_1_110' title="bbox 2318 5124 3829 5210; baseline -0.017 0"><span class='ocrx_word' id='word_1_759' title='bbox 2318 5155 2500 5210; x_wconf 79' lang='lat' dir='ltr'><strong>dinem</strong></span> <span class='ocrx_word' id='word_1_760' title='bbox 2530 5124 2699 5208; x_wconf 75' lang='lat' dir='ltr'><strong>cubiti</strong></span> <span class='ocrx_word' id='word_1_761' title='bbox 2728 5151 2894 5205; x_wconf 81' lang='lat' dir='ltr'><strong>unius</strong></span> <span class='ocrx_word' id='word_1_762' title='bbox 2936 5156 3189 5203; x_wconf 79' lang='lat' dir='ltr'><strong>excretus</strong></span> <span class='ocrx_word' id='word_1_763' title='bbox 3239 5140 3527 5199; x_wconf 88' lang='lat' dir='ltr'><strong>eminentia</strong></span> <span class='ocrx_word' id='word_1_764' title='bbox 3568 5148 3672 5195; x_wconf 86' lang='lat' dir='ltr'><strong>sua,</strong></span> <span class='ocrx_word' id='word_1_765' title='bbox 3712 5124 3829 5179; x_wconf 64' lang='lat' dir='ltr'><strong>ﬁdem</strong></span> 
     </span>
    </p>
   </div>
   <div class='ocr_carea' id='block_1_111' title="bbox 2317 5228 3808 5316">
    <p class='ocr_par' dir='ltr' id='par_1_111' title="bbox 2317 5228 3808 5316">
     <span class='ocr_line' id='line_1_111' title="bbox 2317 5228 3808 5316; baseline -0.015 -16"><span class='ocrx_word' id='word_1_766' title='bbox 2317 5246 2393 5302; x_wconf 92' lang='lat' dir='ltr'><strong>ibi</strong></span> <span class='ocrx_word' id='word_1_767' title='bbox 2428 5244 2713 5316; x_wconf 70' lang='lat' dir='ltr'><strong>speranda:</strong></span> <span class='ocrx_word' id='word_1_768' title='bbox 2732 5242 2904 5297; x_wconf 65' lang='lat' dir='ltr'><strong>veniae</strong></span> <span class='ocrx_word' id='word_1_769' title='bbox 2925 5238 3237 5309; x_wconf 88' lang='lat' dir='ltr'><strong>petentibus</strong></span> <span class='ocrx_word' id='word_1_770' title='bbox 3259 5234 3531 5306; x_wconf 83' lang='lat' dir='ltr'><strong>promittat</strong></span> <span class='ocrx_word' id='word_1_771' title='bbox 3557 5247 3571 5283; x_wconf 87' lang='lat'><strong>:</strong></span> <span class='ocrx_word' id='word_1_772' title='bbox 3598 5236 3696 5279; x_wconf 87' lang='lat' dir='ltr'><strong>tum</strong></span> <span class='ocrx_word' id='word_1_773' title='bbox 3726 5228 3808 5316; x_wconf 38' lang='lat' dir='ltr'><strong>pl”?</strong></span> 
     </span>
    </p>
   </div>
   <div class='ocr_carea' id='block_1_112' title="bbox 2321 5305 3827 5405">
    <p class='ocr_par' dir='ltr' id='par_1_112' title="bbox 2321 5305 3827 5405">
     <span class='ocr_line' id='line_1_112' title="bbox 2321 5305 3827 5405; baseline -0.015 -12"><span class='ocrx_word' id='word_1_774' title='bbox 2321 5305 2476 5393; x_wconf 45' lang='lat' dir='ltr'><strong>terea.</strong></span> <span class='ocrx_word' id='word_1_775' title='bbox 2488 5337 2664 5393; x_wconf 89' lang='lat' dir='ltr'><strong>nescit</strong></span> <span class='ocrx_word' id='word_1_776' title='bbox 2686 5335 2810 5405; x_wconf 89' lang='lat' dir='ltr'><strong>jura</strong></span> <span class='ocrx_word' id='word_1_777' title='bbox 2842 5331 3117 5388; x_wconf 61' lang='lat' dir='ltr'><strong>saevientis</strong></span> <span class='ocrx_word' id='word_1_778' title='bbox 3142 5345 3309 5395; x_wconf 62' lang='lat' dir='ltr'><strong>aurae,</strong></span> <span class='ocrx_word' id='word_1_779' title='bbox 3342 5340 3514 5396; x_wconf 88' lang='lat' dir='ltr'><strong>neque</strong></span> <span class='ocrx_word' id='word_1_780' title='bbox 3547 5319 3656 5375; x_wconf 84' lang='lat' dir='ltr'><strong>nive</strong></span> <span class='ocrx_word' id='word_1_781' title='bbox 3676 5305 3827 5405; x_wconf 56' lang='grc' dir='ltr'><strong>ςξὶιιάθο</strong></span> 
     </span>
    </p>
   </div>
   <div class='ocr_carea' id='block_1_113' title="bbox 2317 5403 3825 5496">
    <p class='ocr_par' dir='ltr' id='par_1_113' title="bbox 2317 5403 3825 5496">
     <span class='ocr_line' id='line_1_113' title="bbox 2317 5403 3825 5496; baseline -0.018 -12"><span class='ocrx_word' id='word_1_782' title='bbox 2317 5429 2442 5496; x_wconf 88' lang='lat' dir='ltr'><strong>scit,</strong></span> <span class='ocrx_word' id='word_1_783' title='bbox 2486 5442 2589 5482; x_wconf 89' lang='lat' dir='ltr'><strong>nec</strong></span> <span class='ocrx_word' id='word_1_784' title='bbox 2644 5403 2909 5481; x_wconf 84' lang='lat' dir='ltr'><strong>autumno</strong></span> <span class='ocrx_word' id='word_1_785' title='bbox 2960 5421 3259 5485; x_wconf 80' lang='lat' dir='ltr'><strong>flaccessit;</strong></span> <span class='ocrx_word' id='word_1_786' title='bbox 3304 5435 3414 5474; x_wconf 88' lang='lat' dir='ltr'><strong>non</strong></span> <span class='ocrx_word' id='word_1_787' title='bbox 3455 5415 3620 5470; x_wconf 83' lang='lat' dir='ltr'><strong>hieme</strong></span> <span class='ocrx_word' id='word_1_788' title='bbox 3651 5403 3825 5476; x_wconf 61' lang='lat' dir='ltr'><strong>gelatur.</strong></span> 
     </span>
    </p>
   </div>
   <div class='ocr_carea' id='block_1_114' title="bbox 2316 5496 3826 5582">
    <p class='ocr_par' dir='ltr' id='par_1_114' title="bbox 2316 5496 3826 5582">
     <span class='ocr_line' id='line_1_114' title="bbox 2316 5496 3826 5582; baseline -0.012 -9"><span class='ocrx_word' id='word_1_789' title='bbox 2316 5535 2425 5573; x_wconf 90' lang='lat' dir='ltr'><strong>non</strong></span> <span class='ocrx_word' id='word_1_790' title='bbox 2449 5526 2587 5572; x_wconf 66' lang='lat' dir='ltr'><strong>testu</strong></span> <span class='ocrx_word' id='word_1_791' title='bbox 2615 5524 2885 5582; x_wconf 84' lang='lat' dir='ltr'><strong>torretur;</strong></span> <span class='ocrx_word' id='word_1_792' title='bbox 2911 5512 3088 5569; x_wconf 90' lang='lat' dir='ltr'><strong>solum</strong></span> <span class='ocrx_word' id='word_1_793' title='bbox 3123 5511 3341 5566; x_wconf 84' lang='lat' dir='ltr'><strong>vernale</strong></span> <span class='ocrx_word' id='word_1_794' title='bbox 3370 5509 3548 5569; x_wconf 87' lang='lat' dir='ltr'><strong>decus,</strong></span> <span class='ocrx_word' id='word_1_795' title='bbox 3586 5508 3635 5555; x_wconf 89' lang='lat' dir='ltr'><strong>et</strong></span> <span class='ocrx_word' id='word_1_796' title='bbox 3664 5496 3826 5555; x_wconf 63' lang='grc' dir='ltr'><strong>θεωρεῖ</strong></span> 
     </span>
    </p>
   </div>
   <div class='ocr_carea' id='block_1_115' title="bbox 2313 5582 3820 5680">
    <p class='ocr_par' dir='ltr' id='par_1_115' title="bbox 2313 5582 3820 5680">
     <span class='ocr_line' id='line_1_115' title="bbox 2313 5582 3820 5680; baseline -0.015 -14"><span class='ocrx_word' id='word_1_797' title='bbox 2313 5611 2543 5666; x_wconf 67' lang='lat' dir='ltr'><strong>vrrentia</strong></span> <span class='ocrx_word' id='word_1_798' title='bbox 2571 5608 2838 5680; x_wconf 86' lang='lat' dir='ltr'><strong>gramina,</strong></span> <span class='ocrx_word' id='word_1_799' title='bbox 2870 5605 3131 5676; x_wconf 89' lang='lat' dir='ltr'><strong>cespitem</strong></span> <span class='ocrx_word' id='word_1_800' title='bbox 3157 5604 3307 5657; x_wconf 90' lang='lat' dir='ltr'><strong>illum</strong></span> <span class='ocrx_word' id='word_1_801' title='bbox 3328 5597 3613 5671; x_wconf 87' lang='lat' dir='ltr'><strong>jucundum</strong></span> <span class='ocrx_word' id='word_1_802' title='bbox 3632 5582 3820 5680; x_wconf 16' lang='lat' dir='ltr'><strong>ptmllneg</strong></span> 
     </span>
    </p>
   </div>
   <div class='ocr_carea' id='block_1_116' title="bbox 2315 5675 3821 5766">
    <p class='ocr_par' dir='ltr' id='par_1_116' title="bbox 2315 5675 3821 5766">
     <span class='ocr_line' id='line_1_116' title="bbox 2315 5675 3821 5766; baseline -0.026 -9"><span class='ocrx_word' id='word_1_803' title='bbox 2315 5711 2442 5758; x_wconf 90' lang='lat' dir='ltr'><strong>runt</strong></span> <span class='ocrx_word' id='word_1_804' title='bbox 2474 5719 2485 5755; x_wconf 93' lang='lat'><strong>:</strong></span> <span class='ocrx_word' id='word_1_805' title='bbox 2519 5675 2665 5754; x_wconf 75' lang='lat' dir='ltr'><strong>unde</strong></span> <span class='ocrx_word' id='word_1_806' title='bbox 2707 5698 2873 5753; x_wconf 90' lang='lat' dir='ltr'><strong>etiam</strong></span> <span class='ocrx_word' id='word_1_807' title='bbox 2914 5675 3157 5751; x_wconf 85' lang='lat' dir='ltr'><strong>ﬁdelium</strong></span> <span class='ocrx_word' id='word_1_808' title='bbox 3188 5693 3339 5764; x_wconf 86' lang='lat' dir='ltr'><strong>plebs</strong></span> <span class='ocrx_word' id='word_1_809' title='bbox 3367 5689 3557 5748; x_wconf 86' lang='lat' dir='ltr'><strong>vicina,</strong></span> <span class='ocrx_word' id='word_1_810' title='bbox 3598 5675 3821 5766; x_wconf 58' lang='lat' dir='ltr'><strong>eet-lenam</strong></span> 
     </span>
    </p>
   </div>
   <div class='ocr_carea' id='block_1_117' title="bbox 2316 5770 3819 5862">
    <p class='ocr_par' dir='ltr' id='par_1_117' title="bbox 2316 5770 3819 5862">
     <span class='ocr_line' id='line_1_117' title="bbox 2316 5770 3819 5862; baseline -0.016 -14"><span class='ocrx_word' id='word_1_811' title='bbox 2316 5794 2389 5848; x_wconf 87' lang='lat' dir='ltr'><strong>ibi</strong></span> <span class='ocrx_word' id='word_1_812' title='bbox 2416 5793 2483 5849; x_wconf 91' lang='lat' dir='ltr'><strong>ob</strong></span> <span class='ocrx_word' id='word_1_813' title='bbox 2511 5792 2826 5862; x_wconf 88' lang='lat' dir='ltr'><strong>frequentes</strong></span> <span class='ocrx_word' id='word_1_814' title='bbox 2858 5789 3051 5846; x_wconf 69' lang='lat' dir='ltr'><strong>votivae</strong></span> <span class='ocrx_word' id='word_1_815' title='bbox 3080 5781 3505 5859; x_wconf 82' lang='lat' dir='ltr'><strong>congregationis</strong></span> <span class='ocrx_word' id='word_1_816' title='bbox 3525 5778 3755 5832; x_wconf 70' lang='lat' dir='ltr'><strong>accessus,</strong></span> <span class='ocrx_word' id='word_1_817' title='bbox 3777 5770 3819 5810; x_wconf 70' lang='grc' dir='ltr'><strong>ιη</strong></span> 
     </span>
    </p>
   </div>
  </div>
