4058 6390
236 425 373 484 985

989 422 1363 479 ARNOLDUS
1396 420 2000 481 EMMERAMMENSIS
2036 422 2433 481 MONACBUS.
2458 456 2529 466 -—
2555 424 2855 481 NOTITIA.

3419 427 3525 484 986

234 540 509 595 honorem
547 538 744 593 ibidem
776 526 1165 608 triumphantis
1207 538 1461 612 martyris
1505 548 1829 595 construxe-
1860 544 1906 600 Α
1931 540 2122 608 libera,
2158 541 2287 595 dum
2323 540 2773 611 praetereuntibus
2798 541 2903 596 hac
2921 550 2976 597 et
3002 541 3126 597 illac
3153 542 3404 598 miraculi
3435 545 3523 599 sui

230 641 392 686 runt.
436 631 667 686 Proinde
697 631 851 686 locus
873 631 966 685 ubi
998 630 1224 701 spiritus
1260 631 1381 699 ejus
1409 632 1675 687 sideream
1709 632 1830 701 pla-

231 739 368 793 gam
399 724 551 788 adiit,
579 724 752 778 multo
782 732 1021 791 tempore
1045 723 1313 793 neglectui
1334 723 1589 790 traditus,
1620 732 1674 778 et
1693 739 1832 793 pene

231 816 515 870 oblivione
544 816 843 881 obsoletos,
867 815 972 869 hoc
991 815 1153 870 modo
1186 815 1504 886 dignitatem
1529 832 1685 871 suam
1716 816 1834 870 vin-

230 906 464 963 dicavit.
512 906 739 962 Hiemali
789 914 1130 976 tempestate,
1168 906 1313 962 sicut
1348 915 1543 962 natura
1583 918 1667 963 cst
1695 909 1832 963 Ger-

229 1002 459 1065 maniae,
493 1016 617 1055 eum
647 1007 817 1054 totam
852 1008 1011 1054 terra:
1040 997 1382 1069 superﬁciem
1414 1000 1619 1055 nivium
1647 1001 1794 1070 operi
1814 1031 1829 1041 -

227 1099 324 1147 ret
356 1091 716 1158 immensitas,
749 1092 865 1147 sola
906 1092 1150 1162 corporis
1177 1092 1359 1147 areola
1389 1092 1485 1146 tali
1515 1094 1829 1148 conditione

1932 642 2207 702 stuporem
2232 634 2480 704 ingessit,
2505 650 2727 689 causam
2763 634 2967 703 pariter
2990 650 3104 690 suae
3132 634 3447 702 viriditatis,
3469 645 3525 689 et

1933 724 2253 779 memoriam
2277 726 2458 781 obitus
2483 726 2626 780 beati
2642 725 2897 797 martyris
2918 726 3154 781 edocuit.
3170 725 3524 795 Quapropter

1932 823 1988 870 et
2022 814 2095 869 ibi
2138 816 2421 871 basilicam
2479 817 2663 886 posuit
2709 817 2863 883 tides,
2925 825 3199 887 quatenus
3246 816 3522 871 efﬁcacius

1934 905 2269 961 animaretur
2298 923 2446 976 spes,
2469 924 2592 978 qure
2615 908 2668 962 in
2692 908 2942 977 utrisque
2976 908 3113 963 locis
3151 908 3227 962 ita
3265 914 3521 961 votorum

1936 997 2205 1054 fructibus
2231 1000 2423 1070 viguit,
2448 1010 2508 1055 ut
2532 1001 2577 1056 si
2602 1002 2878 1056 numerari
2914 1001 3195 1067 deberent,
3227 1013 3525 1054 numerana

1930 1091 2001 1147 tis
2030 1093 2356 1148 industriam
2388 1103 2718 1164 premerent.

234 1228 3502 1279 Mm

1528 1403 1668 1443 ANTE
1708 1402 1914 1442 nemeu
1954 1401 2231 1444 είεεςῑτιωι.

1240 1554 2521 1722 ARNOLDUS

634 1808 727 1867 EX
757 1808 1016 1868 COMITE
1051 1807 1545 1866 VOHBURGENSI
1582 1807 2188 1864 EMMERAMMENSIS
2223 1808 2603 1866 MONACIIUS
2641 1808 2729 1865 ET
2770 1807 3112 1867 DECANUS.

1129 2102 1642 2197 NOTITIA
1714 2106 1839 2194 IN
1912 2103 2629 2199 ARNOLDUM.

866 2299 1123 2376 AETAS,
1168 2298 1491 2372 PATRIA,
1541 2294 1931 2371 NATALES,
1978 2295 2129 2360 RES
2175 2296 2501 2372 GESTJE',
2548 2296 2905 2361 SCRIPTA.

1105 2462 1285 2536 (Apud
1312 2462 1518 2530 Psnrz,
1558 2460 1793 2515 Monum.
1827 2460 2004 2516 Germ.
2033 2460 2186 2529 lu'st.,
2216 2458 2318 2517 SS.
2360 2460 2451 2531 ιν,
2488 2460 2642 2533 545.)

301 2777 601 2846 Arnoldus,
651 2792 721 2833 ex
767 2773 937 2831 nobili
990 2787 1188 2845 genere
1240 2780 1434 2837 ortus,
1481 2772 1683 2842 quippe
1723 2771 1818 2841 qui
1852 2775 1897 2830 Β
1923 2771 2255 2841 perfectumr
2275 2770 2499 2841 cliquit;
2529 2769 2677 2841 quod
2706 2786 2757 2825 a.
2788 2770 2925 2825 l050
2954 2769 3175 2826 demum
3203 2770 3523 2827 Burchardo

231 2888 400 2929 avum
420 2880 726 2927 maternum
748 2865 1101 2921 Berhtoldum
1116 2864 1513 2927 marchionem,
1539 2872 1826 2933 paternum

232 2964 536 3020 Arnoldum
566 2963 745 3017 virum
775 2959 1015 3014 nobilem
1048 2958 1164 3027 ipse
1191 2955 1339 3011 dicat
1377 2957 1476 3026 (l),
1512 2956 1568 3009 in
1608 2953 1664 3009 S.
1694 2954 1826 3008 Em-

232 3055 522 3112 merammi
549 3052 888 3109 monasterio
914 3048 1303 3111 Ratisbonensi
1330 3048 1599 3103 educatus
1628 3057 1681 3104 ct
1709 3063 1828 3102 mo-

232 3148 473 3225 nachum
513 3145 838 3217 professus,
885 3144 1124 3214 primum
1170 3141 1432 3196 Rmnana‘.
1481 3139 1827 3209 antiquitatis

234 3237 598 3307 scriptoribus
628 3235 1135 3307 legendiscperam
1184 3232 1399 3287 navavit
1427 3274 1441 3295 ,
1486 3240 1672 3301 postea
1699 3244 1828 3284 vero

231 3329 429 3384 eodem
471 3328 633 3383 modo
672 3344 783 3398 quo
828 3324 1100 3381 Otlllonus
1145 3340 1177 3379 a
1224 3324 1422 3378 litteris
1474 3320 1829 3377 szecalaribus

233 3422 457 3477 transiit
486 3421 553 3475 ad
580 3421 815 3475 divinas.
847 3419 1062 3485 Quibus
1093 3416 1295 3474 Studiis
1340 3415 1584 3468 imbutus
1610 3422 1664 3467 ct
1698 3426 1829 3465 «vce

234 3522 403 3568 nusto
446 3528 696 3567 sermone
745 3511 1067 3577 delectatus,
1093 3528 1111 3560 ι
1172 3506 1559 3561 Emmerammi
1612 3504 1828 3575 patroni

235 3605 327 3659 sui
356 3603 535 3658 Vitam
568 3604 771 3659 inculta
797 3612 852 3658 et
884 3602 1090 3657 rustica
1118 3615 1240 3656 esse
1278 3597 1537 3669 scriptam
1581 3596 1830 3653 oratione

234 3695 452 3761 doluit,
499 3696 729 3765 ejusque
774 3693 1130 3749 emendandte
1174 3692 1466 3747 consilium
1508 3688 1670 3758 cepit.
1722 3686 1826 3741 Sed

236 3788 439 3843 fratres
484 3786 847 3842 venerandam
888 3785 1269 3856 antiquitatem
1311 3783 1380 3838 ab
1409 3782 1634 3836 homine
1662 3795 1830 3834 nova-

236 3896 363 3935 rum
398 3896 584 3934 rerum
612 3921 628 3946 ,
663 3888 721 3933 ut
748 3879 816 3933 iis
846 3878 1154 3943 videbatur,
1188 3874 1437 3931 studioso
1466 3872 1612 3944 tangi
1653 3870 1829 3926 sacri-

236 3974 441 4045 legium
485 3973 611 4037 rati,
654 3981 713 4026 ut
754 3970 1028 4025 Arnoldus
1077 3969 1133 4023 in
1176 3968 1433 4023 exsiliunt
1487 3966 1825 4028 mitteretur,

238 4064 382 4137 apud
424 4066 673 4119 abbatem
710 4072 955 4134 egerunt.
990 4060 1176 4131 Itaque
1213 4060 1267 4113 in
1309 4057 1606 4113 Savoniam
1650 4054 1829 4127 profe-

1930 2863 2126 2917 abbate
2170 2863 2469 2918 constituto
2516 2862 2719 2932 recepit
2767 2862 2866 2933 (l),
2909 2878 3087 2932 neque
3121 2873 3301 2917 tamen
3333 2863 3520 2917 statim

1930 2970 2056 3010 cum
2093 2955 2218 3010 aliis
2266 2955 2709 3009 communicasse
2750 2953 2967 3009 videtur
3007 2955 3104 3025 (5).
3147 2953 3333 3009 Sancti
3372 2954 3521 3008 enim

1930 3047 2196 3101 miracula
2246 3063 2305 3102 se
2359 3047 2692 3116 scripturum
2739 3061 2863 3101 esse
2894 3046 3011 3115 jam
3055 3045 3265 3100 dudum
3300 3054 3523 3100 voverat

1930 3138 2030 3211 (6),
2061 3155 2237 3210 eaque
2263 3139 2462 3209 partim
2504 3139 2559 3192 in
2601 3138 2826 3209 antiqua
2856 3136 2976 3193 Vita
3021 3148 3237 3193 narrata
3268 3180 3283 3204 ,
3320 3136 3520 3207 partim

1930 3243 2117 3300 postea
2174 3229 2490 3285 Ratisbonze
2523 3242 2643 3285 acta
2678 3228 2813 3284 Vitae
2854 3229 2931 3283 illi
2970 3227 3276 3297 adjicienda
3315 3226 3518 3288 duxit;

1930 3324 1984 3377 in
2010 3323 2213 3392 quibus
2239 3322 2653 3378 conscribendis
2677 3337 2802 3376 eum
2831 3337 2882 3376 a.
2916 3320 3054 3374 1055
3072 3320 3154 3374 vel
3181 3318 3337 3373 l056.
3355 3334 3521 3373 occu-

1931 3425 2116 3485 patum
2156 3414 2410 3469 videmus
2447 3414 2546 3483 (7).
2587 3412 2707 3480 Quo
2742 3413 2933 3479 ﬁnito,
2974 3421 3270 3480 utrumque
3320 3410 3519 3464 librum

1930 3505 2249 3561 Burchardo
2274 3506 2457 3561 abbati
2487 3505 2785 3574 inscripsit.
2810 3533 2884 3543 -—
2913 3502 3020 3558 Sed
3048 3518 3173 3557 mox
3205 3517 3401 3555 novum
3441 3502 3518 3571 (8)

1931 3598 2178 3668 suscepit
2225 3598 2488 3662 laborem,
2535 3605 2590 3652 ct
2636 3596 2979 3651 devotionem
3010 3610 3136 3665 erga
3175 3590 3523 3665 sanctumut

1930 3690 2281 3755 ostenderet,
2315 3689 2552 3744 cultores
2602 3688 2723 3757 ejus
2766 3687 3045 3742 celebrare
3075 3686 3180 3741 sibi
3211 3683 3516 3754 proposuit.

1929 3781 2172 3837 Primum
2208 3782 2375 3852 igitur
2397 3789 2517 3835 acta
2541 3778 2853 3850 \Volfgangi
2876 3778 3119 3848 episcopi
3147 3785 3202 3831 et
3227 3772 3519 3829 Ramuoldi

1929 3875 2146 3930 abbatis
2181 3874 2447 3940 narravit,
2481 3881 2536 3928 et
2572 3887 2663 3927 res
2703 3871 3155 3936 llatisbonenscs,
3191 3882 3332 3938 quas
3364 3881 3521 3922 com-

1930 3976 2114 4038 pertas
2148 3966 2370 4030 habuit,
2409 3965 2688 4021 memoria:
2723 3963 2965 4020 tradidit.
3000 3961 3194 4017 Postea
3232 3975 3357 4015 cum
3400 3958 3490 4021 dia

1932 4061 2037 4131 logi
2074 4059 2305 4115 formam
2334 4057 2466 4113 huic
2497 4058 2636 4111 libro
2678 4057 3057 4127 imposuisset,
3095 4053 3260 4107 latius
3287 4059 3521 4121 vagatus

238 4134 381 4223 etus,
432 4157 783 4229 Magdeburgi
830 4153 1226 4226 Meginfredum
1277 4152 1355 4222 (εἰ)
1406 4151 1606 4207 schola:
1655 4148 1830 4220 magi-
1856 4134 1896 4191 Ο
1928 4163 2031 4219 est,
2061 4160 2115 4208 et
2141 4152 2211 4207 ab
2248 4149 2597 4205 Ammonicio
2638 4148 2751 4213 illo,
2790 4163 2954 4218 quem
2986 4160 3171 4202 secum
3204 4145 3519 4212 loquentem

239 4259 416 4306 strum
454 4250 695 4305 amicitia
756 4248 861 4305 sibi
915 4247 1240 4318 conjunxit,
1305 4261 1467 4316 quem
1529 4253 1588 4299 ut
1647 4241 1826 4298 Vitam

239 4342 389 4397 illam
415 4341 482 4397 de
510 4358 650 4397 novo
690 4343 952 4397 scriberet
986 4340 1243 4411 precibus
1284 4339 1402 4393 suis
1431 4337 1731 4408 permovit;
1772 4334 1828 4390 id

239 4433 387 4505 quod
411 4435 621 4497 ultimis
642 4433 883 4489 lleinrici
925 4433 968 4486 ll
1008 4432 1168 4488 annis
1196 4430 1401 4486 factum
1442 4438 1527 4485 est
1558 4430 1655 4496 (5).
1696 4426 1830 4482 Post

240 4536 352 4582 tres
375 4544 550 4583 annos
582 4528 651 4582 ad
681 4526 1079 4582 monasterium
1109 4540 1364 4580 reversus
1401 4523 1501 4591 (5),
1540 4536 1680 4590 opus
1722 4520 1826 4575 im-

309 4639 387 4761 Q)
428 4638 467 4694 1.
504 4640 584 4693 l5.
620 4640 683 4693 A.
713 4638 1007 4694 Berhtoldo
1048 4653 1221 4708 genus
1259 4638 1520 4691 comitum
1551 4638 1617 4686 de
1653 4638 1827 4711 Unam

238 4717 293 4764 ct
350 4708 614 4779 'ochburg
650 4710 971 4772 deducitur,
1014 4725 1125 4778 quo
1171 4708 1503 4779 factum‘est
1555 4712 1613 4757 ut
1660 4713 1827 4779 et_Iam

238 4780 539 4834 Arnoldum
568 4771 635 4835 ad
666 4781 808 4834 hanc
833 4771 1098 4834 familiam
1121 4778 1279 4832 multi
1311 4775 1593 4831 referrent.
1615 4803 1685 4810 -ι
1709 4771 1828 4841 lpse

240 4848 281 4915 Ι,
317 4851 404 4916 l5,
438 4852 641 4919 neptim
674 4851 941 4916 nominat,
974 4866 1099 4920 quae
1123 4848 1478 4903 Adalrammo
1510 4842 1677 4900 nobili
1709 4843 1829 4899 viro

238 4936 311 4974 nu
355 4928 523 4975 serat.

238 5059 276 5061 _
311 4937 387 5060 (p2)
429 4990 691 5046 Eumdem
736 5007 861 5047 esse
905 5006 1067 5060 quem
1117 4987 1453 5061 Trithemius
1500 4991 1825 5061 magistrum

236 5059 565 5134 Fuldensem
612 5061 804 5134 fuisse,
832 5071 885 5134 ct
926 5059 1561 5134 Chronicon___Fuldcnse
1599 5059 1828 5134 aliaque

237 5132 741 5210 multamsc’ripsisse
775 5130 1198 5210 digitm/inre";
1227 5129 1479 5210 11ἱγεαιι9ἶ
1530 5147 1599 5210 a_._
1622 5129 1823 5210 9136.1.

236 5218 292 5272 ι).
330 5202 477 5284 128),
503 5189 763 5259 Cdnisius
796 5202 881 5273 (ιι.
914 5189 1122 5272 Νηρεῖ),
1156 5199 1388 5256 Vossius
1423 5189 1507 5271 (de
1545 5202 1616 5257 Il.
1656 5203 1720 5258 L.
1760 5189 1824 5271 ιι,

234 5272 356 5343 42.)
387 5273 591 5343 aliique
629 5283 929 5343 putarunt;
967 5273 1061 5331 sed
1096 5272 1158 5327 C.
1194 5270 1513 5343 Suyskcnus
1546 5274 1686 5342 (Act.
1722 5274 1822 5331 SS.

239 5290 356 5342 az.)
387 5290 591 5343 atuque
629 5290 929 5343 putarunt;
967 5290 1061 5331 seu
1096 5290 1158 5327 ιλ.
1194 5290 1513 5344 auysncnus
1546 5290 1686 5342 (Act.
1722 5290 1822 5331 .35.

239 5340 515 5425 SophuVl.
538 5360 597 5425 ρ.
627 5346 757 5425 είῦϋ)
789 5354 1167 5425 τρςξεῐηριιρι,
1201 5343 1673 5425 ιτιιι.ι(ὶ.ερρυψξμιιι
1706 5345 1827 5425 Τιίί-

234 5413 432 5497 themii
469 5412 813 5497 calcttlo_s_'(p.
838 5417 973 5497 .155)
1015 5416 1131 5497 jam
1182 5430 1233 5467 a.
1286 5412 1822 5497 llgl‘q..9bi‘issc.__ln

1048 4653 1221 4708 genus
1259 4636 1520 4691 comitum
1551 4632 1617 4686 de
1653 4630 1827 4708 Cham

235 5481 560 5554 ﬁecrologio
590 5481 850 5541 Fuldensi
887 5481 1182 5539 vero'inter
1209 5483 1615 5554 aalOOO-lOBO,
1640 5487 1824 5543 nullus
1856 5485 1902 5540 Ι)

236 5552 611 5625 Megiul‘redus
637 5558 893 5612 occurrit.
931 5555 1126 5611 Nescio
1152 5571 1223 5609 an
1268 5553 1604 5611 Trithcmius
1633 5572 1731 5612 sua
1757 5574 1823 5613 ex

239 5625 461 5695 ingenio
491 5625 723 5681 tinxerit.

336 5696 391 5835 δὲ
427 5695 653 5751 Arnoldi
680 5698 840 5766 epist.
875 5696 940 5751 ad
972 5695 1367 5753 Burchardum.

336 5766 368 5819 Ιι
422 5765 498 5823 ita
524 5769 766 5835 cpistola:
792 5768 954 5824 verba
980 5766 1324 5835 intelligenda
1352 5783 1367 5819 t

336 5765 389 5835 Ιι)
422 5765 498 5823 lta
524 5765 766 5837 epistolae
792 5768 954 5824 verba
980 5766 1324 5835 intelligenda
1350 5781 1475 5837 esse
1498 5777 1648 5835 puto.
1684 5766 1818 5823 Nam

238 5836 421 5894 tribus
448 5836 771 5901 annis'opus
797 5839 1106 5896 absolutum
1138 5853 1260 5894 esse
1285 5880 1298 5905 ,
1329 5836 1604 5893 Arnoldus
1642 5839 1822 5895 dicere

1932 4246 2106 4311 finxit,
2140 4242 2456 4299 admonitus
2476 4284 2491 4305 ,
2527 4257 2616 4296 res
2643 4240 2893 4296 diversas
2915 4281 2930 4305 ,
2964 4237 3223 4294 historias
3250 4234 3435 4290 varias
3463 4241 3523 4293 cl

1929 4338 2280 4407 multiplices,
2305 4334 2619 4391 utCollectii
2645 4333 2853 4389 nomini
2877 4333 2983 4389 sibi
3011 4330 3266 4402 imposito
3288 4342 3488 4396 respon

1928 4432 2081 4486 deret
2110 4430 2208 4501 (9),
2243 4428 2609 4496 undecunque
2637 4425 2895 4497 collegit;
2930 4425 3193 4493 nulloque
3235 4429 3385 4475 certo
3423 4433 3517 4471 or-

1892 4582 1897 4589 .
1929 4533 2057 4587 dine
2085 4531 2283 4585 ductus
2309 4530 2455 4599 (I0),
2490 4527 2651 4581 modo
2685 4528 2799 4582 lucc
2826 4566 2842 4591 ,
2875 4524 3039 4580 modo
3068 4524 3159 4577 illa
3197 4521 3252 4574 in
3283 4517 3528 4576 schcdas

1929 4645 2189 4715 nequibat
2215 4685 2228 4705 ,
2273 4656 2397 4695 cum
2446 4639 2497 4692 id
2537 4637 2775 4715 lleinrici
2816 4638 2857 4691 Il
2891 4649 3169 4715 tempore,
3213 4633 3250 4686 i.
3294 4647 3343 4687 e.
3390 4640 3531 4712 ante

1929 4732 1981 4770 a.
2020 4702 2163 4768 ’1024
2205 4702 2521 4779 susceptum
2568 4725 2713 4763 anno
2744 4702 3145 4779 demumﬂ'lOSO
3182 4702 3469 4779 acceperit.
3514 4728 3517 4731 λ

2002 4786 2079 4855 (ὅ)
2113 4783 2179 4838 lu
2210 4772 2435 4855 adventu
2459 4778 3073 4855 vestro—rem](libellus
3097 4792 3115 4829 :
3144 4774 3209 4855 ad
3244 4772 3516 4854 llurcltart

1928 4844 2072 4911 dum,
2097 4855 2306 4910 scribit.
2341 4850 2439 4905 llic
2465 4866 2595 4903 vero
2636 4865 2688 4903 a.
2744 4851 2897 4914 1056,
2926 4866 2990 4903 ex
3029 4844 3292 4917 Augiensi
3328 4857 3491 4917 mena

1929 4909 2113 4983 sterio
2141 4925 2208 4981 ad
2248 4922 2703 4977 Ratisbonensetn
2734 4909 2905 4975 abbas
2935 4919 3085 4975 venit
3110 4909 3145 4979 ἶ
3165 4931 3219 4967 v.
3246 4914 3409 4983 Λίδη.
3453 4909 3517 4973 8¹

1929 4982 2318 5052 Emmerammi
2364 4993 2498 5047 min.
2553 4991 2694 5046 Men.
2749 4990 2849 5045 SS.
2901 4991 2941 5057 l,
2991 5007 3045 5061 p.
3094 4988 3185 5052 94,
3215 4982 3519 5038 Hermann.

1927 5069 2203 5124 Contract.
2216 5110 2229 5127 .
2261 5083 2313 5121 a.
2347 5062 2505 5118 1030.

2023 5141 2077 5206 6)
2113 5139 2177 5205 ll,
2216 5138 2304 5193 52.
3028 5205 3037 5206 7
3067 5205 3089 5206 η
3307 5194 3337 5206 ί,

2219 5141 2245 5169 Γ.

2104 5141 2421 5269 llrlt’sﬁimdi
2463 5212 2589 5267 libri
2620 5227 2670 5265 a.
2704 5206 2843 5282 1056
2873 5216 2927 5261 et
2956 5205 3113 5258 l057.
3146 5194 3339 5282 scripti
3378 5208 3488 5282 prie

1928 5263 2882 5354 fat‘iolne’divcituzﬁiyuevut—prwlerito
2933 5292 3073 5329 uqu
3121 5272 3186 5326 de
3240 5263 3521 5321 tuimrulis

1927 5355 2342 5422 conscripserant
2363 5354 2619 5408 libellum.

2000 5424 2075 5493 (8)
2106 5420 2279 5493 Epist.
2308 5424 2377 5481 ad
2407 5420 2802 5478 Burchardum.

2001 5425 2054 5489 (8
2106 5424 2279 5493 Epist.
2308 5424 2377 5481 ad
2407 5424 2802 5478 Burchartlum.

2001 5424 2078 5564 (9;
2114 5495 2177 5548 C.
2203 5495 2272 5548 55
2307 5514 2319 5550 :
2356 5511 2492 5548 nunc
2528 5501 2690 5546 restat
2723 5499 2778 5543 ut
2809 5489 3094 5564 secundum
3126 5494 3494 5564 uoluetutuum

1932 5582 1962 5619 ο
1992 5557 2295 5631 Cdllcctiti,
2333 5582 2450 5635 qum
2482 5563 2721 5635 posthinc
2761 5560 3056 5631 colligenda
3093 5561 3197 5613 sint
3236 5557 3517 5628 diligenter

1930 5633 2354 5690 subscribauturf
2383 5636 2454 5690 cf.
2484 5633 2539 5689 'c.
2573 5633 2662 5687 69.

1927 5708 1943 5761 Γ
2002 5706 2114 5776 (10)
2141 5706 2202 5760 C.
2236 5707 2305 5760 50
2336 5724 2348 5760 :
2388 5703 2698 5777 opusculum
2726 5744 2738 5756 .
2767 5743 2779 5777 .
2812 5717 3116 5777 quocunque
3152 5718 3243 5771 per
3281 5698 3516 5754 varieta-

1931 5773 2030 5833 tem
2061 5773 2439 5832 sententiarum
2473 5784 2719 5846 ragatum
2750 5773 2931 5841 fuerit.
