4058 6392
608 352 707 406 931

1609 353 1914 410 ΑιιΝοωι
1951 349 2214 407 EMMER.

2304 348 2553 423 MENSIS
2590 355 2899 416 mensem
3270 392 3287 397 -
3744 374 3826 429 ως

795 487 906 548 AD
949 487 1469 553 PROVISOREM
1515 494 1799 556 SANCTI
1839 495 2349 556 EMMERAMMI
2392 496 2586 570 QUID
2627 499 2947 560 DEBEAT
2989 501 3067 562 EI
3113 501 3271 563 VEL
3325 485 3651 569 ΒΑΤΙΟΝἸ

678 604 892 660 Domno
914 606 1236 663 Buncuanoo
1262 611 1328 666 ad
1357 611 1561 681 optima
1587 628 1818 683 quaeque
1845 615 1989 671 haud
2019 615 2192 681 tardo,
2224 622 2269 673 A
2295 631 2406 686 quo
2432 617 2721 686 innitebar,
2769 620 2997 675 baculus
3042 624 3378 681 aruudinens
3416 643 3601 684 versus
3628 641 3699 686 est
3722 634 3826 690 mihi

604 712 711 766 pro
756 704 984 766 paterna
1012 700 1232 768 quidem
1263 702 1526 772 dignitate
1573 705 1894 771 reverendo,
1928 723 1992 762 ac
2022 707 2196 776 pluri-

609 805 748 861 gena
802 791 1070 860 probitate
1109 794 1401 864 diligendo,
1447 795 1753 861 ARNOLDUS,
1806 798 2053 867 adprime
2092 800 2196 853 sibi

611 891 800 952 utpote
825 884 1010 938 abbati
1045 885 1170 940 exin
1195 886 1391 941 ceteris
1416 888 1611 941 merito
1643 891 1979 959 suppositus,
2000 906 2200 945 verun-

615 981 797 1030 tamen
826 976 991 1031 rebus
1020 978 1340 1032 monasterii
1372 980 1705 1048 prepositus,
1739 980 2000 1051 quicquid
2026 981 2201 1037 ﬁdelis

611 1060 839 1123 domino
866 1085 1079 1136 servus,
1110 1086 1206 1124 seu
1236 1070 1499 1143 magistro
1525 1072 1844 1142 discipulus.

687 1156 941 1228 Inprimis
1010 1176 1136 1215 cum
1213 1162 1519 1217 beatissimi
1578 1164 1820 1219 martiris
1869 1163 2202 1219 Emmeram-

612 1250 691 1304 mi
753 1252 1072 1320 patrociniis
1128 1268 1239 1307 non
1304 1269 1404 1324 ego
1456 1255 1629 1321 solus,
1701 1256 1796 1311 sed
1850 1256 2014 1311 etiam
2088 1272 2202 1312 me—

613 1356 740 1395 cum
776 1342 897 1411 ejus
931 1344 1201 1412 generalis
1235 1346 1637 1407 monachorum
1662 1355 1838 1401 cretus
1867 1347 2203 1418 gratificatur

613 1430 747 1497 Deo,
776 1434 1007 1489 antehac
1032 1434 1464 1490 misericordiam
1497 1453 1656 1492 suam
1679 1438 2053 1507 multipliciter
2077 1455 2203 1509 par-

611 1524 765 1578 vitati
805 1532 1008 1580 nostra:
1059 1526 1354 1597 impertito,
1391 1543 1539 1582 nunc
1563 1545 1694 1584 vero
1722 1530 1878 1585 solita
1918 1530 2203 1587 clementia

611 1616 758 1671 circa
791 1632 893 1672 nos
942 1618 1289 1674 manifestius
1329 1621 1598 1675 uso—in
1639 1621 1745 1677 hoc
1784 1624 1976 1692 procul
2013 1624 2200 1693 dubio,

612 1708 761 1778 quod
786 1723 884 1763 vos
914 1710 1008 1764 tali
1037 1711 1102 1765 de
1136 1712 1259 1766 loco
1292 1711 1583 1767 destinavit
1601 1713 1667 1768 ad
1698 1729 1820 1781 nos,
1866 1714 1922 1769 in
1967 1731 2077 1786 quo
2100 1715 2202 1771 ha-

620 1806 815 1854 ctenus
867 1801 988 1870 ipso
1034 1802 1274 1858 donante
1320 1810 1375 1859 et
1404 1805 1750 1860 sanctissima
1775 1805 1995 1879 Virgine
2036 1807 2204 1863 Maria

612 1890 903 1960 adjuvante
934 1893 1214 1949 abundant
1245 1904 1427 1965 patres
1455 1912 1518 1951 ac
1542 1895 1758 1964 fratres,
1788 1898 1901 1953 sive
1925 1901 2067 1970 apud
2096 1900 2205 1955 Do-

2299 707 2355 761 in
2381 708 2686 777 colubrum,
2703 711 2776 765 ita
2798 720 2860 766 ut
2883 712 3145 784 fugerem.
3162 714 3288 771 Inde
3304 718 3622 776 absterritus
3637 724 3827 781 subduxi

2300 813 2405 863 me,
2439 799 2638 868 quibus
2682 811 2912 857 eatenus
2934 804 3004 858 ob
3044 805 3328 876 gloriolam
3358 811 3527 863 seculi
3565 813 3748 880 adliesi,
3774 817 3826 869 li-

2298 889 2415 944 bris
2438 893 2683 962 paganis,
2714 903 2766 948 ct
2795 896 3011 951 saniore
3046 899 3276 954 consilio
3318 901 3615 972 inplicabar
3650 906 3824 964 divinis.

2301 980 2456 1037 Tunc
2480 984 2719 1052 primum
2742 988 2886 1057 coepi
2910 988 3237 1056 discernere,
3276 1008 3401 1062 quae
3440 993 3682 1049 distantia
3717 1008 3827 1053 esset

2301 1072 2445 1128 inter
2480 1075 2655 1130 lucem
2703 1086 2757 1131 et
2785 1079 3057 1147 tenebras,
3104 1082 3242 1136 inter
3284 1082 3573 1139 Dominum
3611 1096 3658 1140 et
3680 1086 3825 1144 Belial.

2302 1164 2442 1219 Tum
2470 1183 2688 1238 quoque
2718 1170 2785 1224 ad
2813 1186 2899 1225 me
2921 1172 3318 1242 aliquantulum
3340 1191 3611 1241 reversus,
3634 1193 3691 1232 ex
3712 1193 3828 1248 parte

2302 1257 2516 1329 collegi,
2547 1261 2641 1330 qui
2684 1261 2888 1318 fuerint
2914 1265 3208 1335 scriptores
3232 1267 3602 1322 ecclesiastici.
3638 1268 3687 1323 In
3721 1287 3827 1341 quo-

2303 1366 2427 1406 rum
2499 1355 2758 1411 varietate
2814 1357 3180 1427 pulcherrima
3236 1359 3459 1413 cnotavi
3508 1360 3828 1417 beatissimum

2303 1442 2508 1500 Christi
2555 1446 2927 1503 confessorem
2979 1448 3268 1515 llilazium,
3327 1450 3421 1505 alti
3477 1452 3646 1506 cordis
3672 1453 3828 1519 virum,

2303 1551 2469 1605 quam
2495 1537 2654 1608 longe
2699 1539 2770 1593 sit
2809 1555 2839 1594 a
2892 1540 3128 1595 lectione
3185 1540 3578 1610 simpliciorum
3618 1541 3827 1609 fratrum;

2304 1627 2678 1695 Ambrosium,
2701 1646 2866 1700 quam
2891 1630 3131 1686 disertus
3153 1639 3207 1685 et
3227 1631 3596 1697 ortiiodoxus;
3617 1630 3828 1688 Joannem

2306 1719 2995 1793 Constantinopolitanum,
3048 1740 3211 1795 quam
3245 1723 3527 1793 jocundus
3563 1733 3614 1778 ct
3646 1741 3828 1789 aureus;

2308 1814 2631 1886 Gregorium
2668 1816 3038 1883 Nazazcnuni,
3074 1818 3264 1873 doctor
3293 1832 3466 1887 quam
3496 1819 3517 1847 ⁵
3547 1818 3830 1874 mirificuset

2308 1909 2722 1976 anastasificus;
2751 1908 3150 1975 Hieronimum,
3193 1925 3364 1983 quam
3394 1908 3574 1964 brevis
3596 1919 3647 1964 et
3667 1920 3828 1975 rectus;

614 1983 826 2036 minum
874 1984 988 2039 sive
1038 1986 1180 2054 apud
1219 1988 1464 2042 scculum
1499 1988 1655 2044 valde
1685 1990 1895 2045 nobiles
1927 2000 1983 2047 et
2011 1993 2203 2048 lauda-
2238 1979 2281 2034 Β
2307 1998 2697 2069 Augustinum,
2747 2016 2912 2071 quam
2947 1979 3225 2055 facundus
3247 2008 3301 2055 et
3336 1998 3655 2069 profundus;
3677 2001 3833 2071 Grego-

612 2073 772 2140 biles,
789 2076 883 2144 qui
900 2092 1025 2131 cum
1046 2079 1259 2134 ratione
1278 2095 1379 2134 sua
1406 2090 1677 2136 noverunt
1700 2092 1754 2137 et
1775 2082 1950 2138 aliena
1975 2091 2205 2141 tractare

619 2194 685 2203 -ο
711 2166 855 2220 unde
882 2175 935 2221 et
965 2184 1065 2239 ego
1122 2171 1348 2226 ultimus
1376 2188 1519 2228 verae
1544 2174 1774 2229 rationis
1796 2176 2073 2243 alumnus,
2107 2193 2206 2247 pro

614 2256 721 2311 hac
768 2267 953 2313 vestro
1007 2261 1110 2316 sub
1168 2262 1434 2333 regimine
1486 2265 1792 2334 probanda,
1860 2268 2204 2324 occasionem

613 2349 824 2419 sumpsi
849 2366 915 2405 ac
942 2351 1220 2420 ﬁduciam,
1260 2363 1571 2424 presentem
1614 2358 1854 2414 scribere
1884 2360 2202 2429 epistolam;

613 2454 736 2508 quae
767 2443 1020 2509 quamvis
1044 2443 1275 2499 inscitim
1313 2462 1447 2501 meae
1479 2447 1767 2502 historiam
1797 2452 1996 2519 partim
2020 2451 2205 2507 videa-

614 2541 705 2587 tur
743 2535 1045 2603 continere,
1082 2547 1265 2592 tamen
1309 2538 1365 2593 in
1415 2538 1511 2593 vili
1561 2548 1800 2595 scemate
1843 2544 2207 2612 prenominati

615 2639 829 2680 necnon
879 2643 1006 2697 sepe
1038 2628 1357 2683 nominandi
1399 2630 1614 2700 patroni
1658 2633 1833 2688 nostri
1877 2633 2208 2690 dulcissimae

616 2724 732 2770 tota
763 2716 1065 2773 famulatur
1084 2721 1384 2776 memoriae.
1413 2720 1585 2793 lgitur
1610 2722 1768 2779 libris
1805 2725 1859 2778 in
1894 2726 2092 2781 divinis
2127 2727 2207 2781 le—

618 2809 811 2879 gendis
855 2818 907 2864 et
962 2808 1348 2882 intelligendis,
1383 2816 1622 2883 peccatis
1670 2817 1808 2871 meis
1858 2815 2207 2884 facientibus,

622 2898 917 2953 admodum
962 2899 1041 2954 fui
1087 2903 1290 2972 segnis,
1334 2912 1389 2958 ct
1429 2912 1489 2958 ut
1518 2920 1708 2959 verum
1741 2905 1840 2971 fer,
1892 2907 2069 2961 adhuc
2100 2924 2207 2964 non

619 3006 744 3046 sum
772 2991 1063 3048 indemnis.
1101 2993 1273 3064 Cujus
1298 2997 1735 3052 emendationem
1764 2998 1888 3053 vicii
1917 3007 1979 3053 ut
2000 3007 2210 3055 cetero-
2248 3016 2251 3019 ‘

618 3098 745 3136 rum
772 3099 897 3138 cum
928 3083 1129 3141 habere
1151 3102 1370 3156 possem
1412 3089 1677 3157 exemplis
1702 3090 1994 3159 majorum,
2033 3092 2209 3161 impe—

617 3173 862 3230 dimento
912 3187 1030 3233 erat
1063 3180 1225 3245 nolle,
1273 3187 1329 3233 et
1369 3180 1656 3235 abusivum
1688 3180 1820 3235 illud
1849 3182 1995 3251 quod
2021 3182 2210 3237 dicunt

620 3267 922 3338 neglegere.
949 3269 1195 3336 Quadam
1227 3278 1409 3325 autem
1450 3272 1538 3326 die
1567 3273 1842 3342 quendam
1865 3288 1895 3327 e
1923 3273 2206 3339 fratribus,

620 3369 936 3415 concretum
986 3371 1039 3417 et
1085 3363 1545 3419 conscolasticum
1578 3380 1782 3431 meum,
1826 3373 2075 3434 prcsente
2102 3381 2210 3433 me,
2240 3351 2281 3374 “

623 3452 874 3507 aculeum
902 3454 1095 3509 mortis
1119 3456 1347 3526 contigit
1369 3456 1541 3510 obire.
1576 3454 1626 3511 Is
1650 3470 1779 3527 ergo
1797 3457 1853 3510 in
1885 3457 2003 3526 ipso
2023 3458 2216 3512 mortis

625 3543 860 3598 articulo
896 3545 1027 3615 quid
1048 3545 1263 3611 viderit,
1305 3548 1473 3601 etiam
1515 3562 1623 3601 non
1646 3544 1878 3617 loquens
1909 3548 2218 3603 astantibus

623 3631 893 3701 patefecit.
924 3632 1062 3689 Nam
1087 3652 1214 3691 cum
1246 3636 1481 3691 levatum
1518 3653 1548 3691 e
1578 3638 1718 3692 lecto
1748 3638 1901 3691 humi
1929 3638 2217 3708 deposuis-

623 3740 831 3793 semus,
864 3727 1102 3796 primum
1135 3728 1376 3784 brachiis
1424 3729 1582 3798 quasi
1627 3737 1819 3783 contra
1866 3729 2100 3799 aliquem
2130 3744 2218 3785 re—

626 3825 887 3887 uzctatus,
928 3820 1150 3874 demum
1200 3822 1268 3875 ad
1313 3821 1597 3876 sinistram
1647 3822 1967 3878 acutissime
1997 3822 2219 3877 ﬂectens

625 3909 864 3977 obtutus,
898 3912 1033 3968 adeo
1069 3913 1397 3969 abhorrebat
1426 3926 1457 3968 a
1504 3913 1643 3969 facie
1667 3914 1899 3981 inimici,
1932 3924 1994 3969 ut
2024 3915 2218 3970 oculo-

627 4016 749 4055 rum
800 4004 1052 4059 versione
1098 4007 1404 4076 capitisque
1452 4007 1739 4061 aversione
1787 4022 1851 4060 ac
1894 4006 2135 4076 inpulsu,
2160 4014 2222 4060 ut

626 4101 840 4160 gestum
865 4093 1187 4162 exprimam,
1232 4094 1472 4165 capitali,
1504 4110 1645 4165 pene
1691 4095 1812 4149 loco
1841 4094 1945 4150 sibi
1976 4103 2220 4151 astantes
2248 4126 2251 4127 ν

630 4183 982 4252 propelleret;
1013 4195 1069 4239 et
1092 4196 1150 4240 ut
1172 4188 1519 4256 patesceret‘,
1552 4197 1817 4257 quantum
1848 4188 1980 4244 fides
2011 4188 2219 4244 Christi

629 4273 775 4328 valet
831 4276 923 4329 ubi
989 4278 1247 4332 meritum
1297 4279 1478 4346 habet,
1538 4288 1874 4350 quantumve
1923 4282 2078 4336 deest
2127 4282 2219 4336 ubi

631 4379 850 4427 mortua
875 4380 979 4436 est,
1014 4373 1137 4429 nisu
1165 4391 1274 4444 quo
1299 4377 1474 4445 potuit
1507 4376 1754 4431 dextram
1781 4394 2002 4432 manum
2033 4387 2222 4433 cxten-

631 4460 731 4526 dit,
790 4448 1007 4533 signum
1055 4465 1248 4521 salutis
1298 4465 1481 4522 facere
1513 4468 1732 4535 volens;
1775 4469 1871 4524 sed
1914 4470 2221 4539 exprimere.

632 4552 857 4609 minime
884 4555 1091 4623 valens,
1153 4558 1333 4612 subita
1374 4561 1739 4615 concussione
1771 4562 2119 4627 contremuit,
2158 4577 2223 4617 ac
2252 4574 2255 4575 '

631 4644 834 4714 pallore
856 4646 1123 4704 obductus
1145 4648 1390 4722 irriguit;
1426 4646 1616 4721 siCque
1638 4654 1892 4707 cxalavit.
1922 4652 2034 4708 Nos
2068 4669 2219 4721 vero,

632 4736 959 4808 singultibus
990 4742 1350 4810 psalmodiam
1380 4744 1874 4814 intercipientibus,
1907 4761 2100 4800 omnes
2124 4760 2221 4815 pa-

633 4841 689 4881 ιοο
709 4845 764 4883 er
793 4829 848 4883 in
878 4830 1083 4887 luctum
1114 4834 1363 4889 conversi
1404 4851 1616 4890 sumus.
1642 4835 1776 4902 Quis
1817 4837 1961 4890 enim
1995 4837 2068 4891 ibi
2109 4852 2220 4891 non

631 4918 806 4986 ﬂeret,
852 4922 942 4976 ubi
985 4925 1219 4995 quisque
1255 4926 1588 4983 inﬁrmitatis
1634 4928 1869 4998 propriae
1904 4928 2047 4983 intra
2089 4944 2221 4983 con-

634 5012 920 5068 scientiam
949 5018 1443 5084 cominonitus,vix
1471 5019 1623 5073 effari
1654 5028 1838 5090 posset
1860 5036 1955 5090 pre
1984 5020 2218 5088 ﬂetibus,

633 5118 758 5158 cum
784 5113 837 5159 et
857 5120 957 5177 ego
989 5115 1112 5177 post
1139 5124 1317 5164 annos
1342 5109 1571 5180 aliquot,
1601 5119 1740 5166 teste
1783 5111 2026 5177 Christo,
2075 5112 2221 5165 haud

635 5195 844 5264 absque
866 5198 1069 5267 gemitu
1092 5210 1146 5255 et
1172 5199 1298 5255 fletu
1346 5201 1447 5257 hec
1482 5203 1795 5274 scripserim
1834 5203 2222 5273 mcmorimque

638 5287 993 5344 tradiderim?
1020 5289 1244 5349 Juvenis
1287 5309 1527 5365 namque
1554 5295 1799 5362 floridus,
1852 5294 2023 5350 frater
2061 5296 2227 5350 etiam

2306 2091 2448 2145 rium
2479 2107 2674 2161 papam
2702 2091 3031 2158 Romanum,
3058 2108 3223 2162 quam
3250 2092 3433 2147 dulcis
3457 2102 3511 2147 et
3531 2093 3718 2157 clarus;
3742 2091 3832 2147 Ysi-

2306 2182 2503 2238 dorum
2534 2181 2858 2253 Hispanum,
2881 2198 3047 2253 quam
3071 2185 3396 2237 succinctus
3417 2191 3472 2237 et
3492 2182 3762 2237 distinctus.
3784 2181 3832 2235 lli

2308 2273 2578 2343 siquidem
2627 2282 2681 2328 et
2724 2273 2920 2329 horum
2979 2288 3326 2342 prccessores
3372 2272 3457 2327 vel
3502 2272 3832 2328 sueccssorcs'

2308 2364 2463 2419 valde
2490 2364 2829 2429 venerabiles
2854 2373 2908 2418 et
2936 2364 3097 2419 utiles
3137 2374 3461 2433 operatores
3492 2363 3515 2396 ⁸
3550 2362 3651 2433 jam
3670 2362 3833 2416 habuit.

2306 2455 2501 2512 danter
2521 2456 2843 2510 hauriebant
2868 2471 2900 2510 e
2929 2453 3171 2510 fontibus
3198 2453 3525 2521 Saivatoris,
3548 2469 3660 2525 qua:
3679 2451 3833 2507 dulcis-

2308 2547 2449 2602 sima
2500 2548 2726 2603 caritate
2764 2547 3121 2619 propinarent
3157 2546 3338 2602 nobis.
3374 2546 3611 2612 Quorum
3648 2560 3749 2599 cum
3778 2544 3833 2596 le-

2308 2638 2508 2710 gissem
2537 2654 2723 2708 opera,
2747 2654 2870 2708 quae
2891 2636 3238 2707 peritissimis
3261 2637 3583 2708 probabilia,
3610 2635 3721 2690 mihi
3738 2648 3833 2689 vero

2307 2745 2408 2800 pro
2435 2737 2594 2799 captu
2637 2744 2759 2783 meo
2794 2728 3118 2783 videbantur
3147 2728 3316 2783 etiam
3338 2728 3361 2759 ⁸
3392 2727 3665 2791 mirabilia,
3688 2733 3833 2779 aucto-

2308 2821 2468 2875 ritate
2490 2820 2654 2875 simul
2676 2828 2730 2875 et
2762 2821 2972 2875 venusti
3005 2820 3277 2875 sermonis
3302 2820 3531 2875 dulcare
3566 2816 3830 2873 delectabar.

2312 2909 2418 2967 Sed
2447 2911 2721 2967 contrario
2754 2911 3047 2966 admodum
3082 2912 3432 2967 amaricabar
3470 2910 3523 2964 in
3553 2910 3700 2981 gestis
3722 2906 3833 2961 vide-

2310 3003 2435 3057 licet
2454 3002 2789 3066 domesticis,
2806 3001 3098 3057 clarissimi
3119 3002 3338 3072 patroni
3363 3002 3535 3057 nostri
3558 2999 3833 3055 Emmeram-

2311 3094 2416 3148 mi'
2448 3094 2723 3165 martyris,
2770 3094 2974 3148 dudum
3020 3110 3050 3147 a
3099 3093 3366 3163 quodam,
3399 3093 3491 3163 qui
3538 3108 3593 3147 se
3619 3090 3832 3149 Cirinum,

2313 3185 2365 3238 id
2389 3185 2410 3217 ⁸
2459 3185 2581 3240 est‘
2616 3184 2914 3251 heredem",
2941 3184 3206 3247 nominat,
3239 3182 3604 3255 Frisingensis
3646 3177 3835 3235 ecclesia

2313 3277 2586 3347 episcopo,
2623 3285 2684 3330 ut
2726 3287 2857 3346 puto
2914 3284 3059 3331 recte
3095 3274 3341 3345 scriptis,
3394 3284 3519 3329 ante
3571 3289 3661 3329 nos
3696 3280 3834 3327 autem

2316 3369 2588 3438 majorum
2623 3367 2965 3439 neglegentia,
2999 3367 3333 3437 depravatis.
3380 3367 3513 3434 Qum
3537 3381 3668 3429 cum,
3690 3363 3836 3417 abbate

2316 3459 2369 3513 id
2418 3459 2598 3528 penite
2645 3459 2763 3514 ﬁeri
2808 3457 3173 3529 permittente,
3232 3459 3473 3530 simplici
3494 3458 3663 3512 animo
3692 3469 3835 3509 emen-

2314 3551 2445 3605 dare
2511 3550 2703 3605 vellem
2733 3592 2748 3614 ,
2810 3558 2865 3605 et
2940 3550 2995 3604 in
3077 3548 3466 3605 confusionem
3539 3549 3635 3603 loci
3705 3542 3837 3597 nostn'

2315 3641 2522 3696 diutius
2550 3642 2854 3696 iucorreela
2887 3650 3033 3696 stare
3054 3641 3277 3706 nollem,
3313 3646 3659 3710 consurgunt,
3684 3635 3835 3690 adver—

2317 3746 2440 3786 sum
2482 3747 2567 3785 me
2590 3731 2935 3800 quorundam
2962 3730 3129 3784 animi
3155 3728 3393 3784 fratrum
3416 3728 3710 3790 dicentium,
3729 3721 3837 3777 haud

2316 3837 2540 3892 equum,
2565 3838 2594 3875 a
2619 3837 2705 3875 me
2727 3822 2887 3876 dictis
2920 3819 3261 3891 antiquitatis
3285 3820 3418 3890 quid
3445 3819 3563 3874 addi
3590 3817 3666 3872 vel
3690 3811 3836 3875 minui,

2320 3913 2558 3967 maxime
2600 3929 2725 3967 cum
2769 3913 2884 3967 haec
2912 3912 3201 3983 peritiores
3237 3910 3546 3966 omiserint.
3575 3907 3751 3974 Quibus
3778 3903 3837 3955 vi—

2322 4002 2483 4058 detur
2532 4004 2763 4074 probum
2811 4012 3028 4074 meapte
3057 4002 3139 4058 sic
3183 4010 3491 4071 temperare
3539 4009 3835 4069 reSponsum.

2320 4096 2499 4163 Quare
2524 4098 2600 4150 illi
2639 4098 2745 4152 hoc
2766 4096 3014 4162 fecerint,
3051 4094 3222 4150 immo
3243 4096 3395 4164 quod
3441 4094 3568 4148 utile
3604 4091 3694 4145 fuit
3726 4082 3836 4141 bac‘

2320 4190 2376 4244 in
2405 4191 2425 4220 ⁶
2450 4200 2602 4260 parte
2629 4190 2650 4221 ³
2672 4205 2779 4244 non
2821 4187 3071 4255 fecerint,
3107 4203 3139 4242 a
3166 4187 3378 4241 vilitate
3399 4186 3504 4240 mei
3551 4177 3835 4238 temerarium

2321 4291 2405 4338 est
2430 4283 2742 4338 discussum
2767 4281 2856 4336 iri.
2887 4280 3002 4336 Hoc
3034 4288 3246 4335 tantum
3281 4278 3514 4333 dixerim
3554 4288 3673 4346 pace
3693 4279 3835 4325 eorum

2321 4387 2376 4430 et
2405 4375 2652 4429 omnium
2686 4376 2977 4437 bonorum,
3016 4373 3143 4443 quia
3173 4388 3282 4426 non
3326 4371 3502 4427 solum
3544 4365 3682 4422 novis
3699 4369 3836 4415 vetera

2321 4464 2449 4519 licet
2484 4473 2717 4529 mutare,
2747 4465 2841 4519 sed
2866 4465 3053 4529 etiam,
3092 4463 3136 4517 si
3171 4462 3281 4517 sint
3317 4461 3632 4523 inordinata,
3671 4451 3837 4523 penitus

2325 4558 2578 4627 abjicerc,
2616 4557 2700 4612 sin
2724 4572 2853 4611 vero
2882 4555 3160 4612 ordinaria
3210 4554 3305 4609 sed
3347 4554 3529 4608 minus
3570 4547 3720 4608 utilia,
3744 4553 3837 4595 cum

2254 4664 2299 4718 ι)
2323 4651 2675 4705 veneratione
2706 4649 2969 4720 sepelire;
2995 4657 3051 4703 et
3073 4648 3201 4717 quia
3232 4645 3628 4716 dispensatione
3654 4636 3798 4693 divina
3815 4645 3836 4683 ³

2326 4742 2742 4812 procedentibus
2780 4741 2950 4795 multa
2996 4725 3384 4808 relinquuntur
3433 4731 3764 4806 sequentibus.
3796 4721 3837 4774 in

2326 4831 2528 4900 quibus
2585 4830 2799 4900 possint
2846 4828 3048 4883 mereri
3086 4827 3319 4895 alicujus
3374 4833 3469 4880 aut
3517 4817 3834 4877 admissionem

2326 4933 2419 4978 aut
2440 4923 2821 4977 remissionem
2852 4919 3077 4990 peccati.
3111 4917 3267 4984 Quod
3312 4915 3602 4972 cavendum
3637 4906 3837 4975 hujusce-

2326 5014 2473 5069 modi
2498 5013 2867 5083 simplicitate,
2893 5027 3012 5075 seu,
3032 5025 3144 5079 quo
3167 5009 3348 5063 verius
3370 5008 3563 5069 dicam,
3586 4996 3833 5056 stoliditate,

2324 5105 2489 5160 etiam
2516 5103 2708 5159 rustici
2742 5119 2843 5159 nos
2872 5111 3117 5169 monent,
3161 5100 3255 5172 qui
3287 5114 3510 5170 peccare
3531 5094 3640 5148 illos
3664 5087 3831 5187 ριιιξηιῖ

2327 5197 2421 5269 qui
2460 5198 2688 5251 arbores
2733 5195 3038 5260 succidant,
3069 5194 3123 5247 in
3150 5192 3349 5263 quibus
3395 5188 3580 5260 pagani
3618 5187 3832 5251 augurii"

2330 5288 2595 5344 solebant.
2640 5286 2782 5353 Quid
2805 5284 2998 5356 plura?
3043 5283 3257 5339 Cedens
3304 5281 3500 5337 emuiis
3545 5277 3606 5331 ad
3652 5277 3831 5336 ιειιιριιεν

637 5387 962 5448 coaetaneus,
987 5383 1043 5437 in
1078 5386 1273 5454 puerili
1324 5388 1548 5444 lascivia
1598 5396 2018 5454 consentaneus,
2066 5402 2231 5457 super
2330 5398 2428 5463 per
2454 5383 2670 5437 abbatis
2703 5380 2994 5461 imperium
3031 5378 3246 5450 abripui
3287 5392 3373 5430 me
3418 5376 3471 5429 in
3508 5370 3726 5428 Saxonis:
3754 5370 3831 5414 ευ·

1973 5562 2209 5619 VARl/E
2240 5560 2642 5617 LECTIONES.

716 5692 747 5769 _‘_
766 5693 1091 5769 patefaceret
1122 5715 1258 5752 corr.
1312 5706 1617 5769 patesceret
1644 5698 1689 5751 l.
1802 5699 1823 5728 ¹
1852 5713 2110 5769 superscr.
2148 5697 2196 5750 Ι.

2312 5695 2618 5774 τεθαυθεθξ
2656 5709 2914 5765 superscr.
2974 5704 3319 5765 prccessores
3349 5688 3431 5742 vel
3476 5685 3770 5741 successores
3794 5667 3826 5719 ί-

646 5761 669 5797 δ
695 5761 827 5818 nm
854 5766 1007 5820 rerba
1028 5778 1143 5833 post
1177 5761 1397 5824 addfi.
1476 5770 1496 5802 '
1523 5767 1584 5823 E.
1623 5770 1671 5823 l.
1707 5761 1925 5838 sa'pius:
2003 5768 2022 5797 ⁶
2061 5766 2336 5859 ρρ-ειηαάά.
2368 5768 2417 5820 1.
