4058 6408
250 320 354 382 933

1130 313 1219 368 DE
1256 311 1632 371 MIRACULIS
1669 313 1725 368 S.
1769 310 2187 367 EMMERAMMI
2226 311 2410 367 LIBRI
2444 313 2605 371 DUO.

3396 295 3516 367 ‘99;

252 428 384 482 lium
410 470 425 495 ,
461 439 686 498 portans
718 442 932 483 meeum
973 427 1029 482 in
1065 427 1247 480 libello
1280 441 1381 481 suo
1416 435 1667 482 sanetum
1699 425 1830 480 Em-
1860 429 1905 484 Λ
1931 421 2162 478 mefacta
2190 432 2244 478 et
2270 424 2522 482 interitus
2555 432 2721 496 puteo
2746 413 3269 494 ejecta,'renatabat,
3296 425 3519 479 nemine

244 536 632 586 merammum,
672 521 764 592 qui
796 536 959 577 suum
989 535 1077 575 me
1106 519 1280 574 voluit
1313 534 1436 574 esse
1467 534 1707 574 servum.
1750 517 1828 574 Ibi

246 612 558 667 simulando
604 627 692 666 me
748 613 892 668 scire
939 612 1088 682 quod
1148 610 1357 689 nescio,
1409 609 1825 683 Meginfredum,

244 703 828 774 Parthenopolitanum
872 704 1218 775 magistrum,
1261 703 1511 773 pauculis
1552 702 1829 759 beneﬁciis

243 795 436 866 paravi
465 796 599 849 mihi
621 796 879 851 amicum.
926 794 1084 850 Hunc
1127 795 1258 850 dum
1296 795 1543 849 audirem
1573 793 1829 864 frequen-

244 897 330 943 ter
350 888 627 957 disputare
658 888 953 959 sapienter,
994 887 1238 941 mirabar
1262 886 1382 956 ejus
1418 885 1734 956 ingenium;
1761 901 1828 941 ex

244 995 358 1051 quo
383 989 439 1035 et
459 980 575 1050 ipse
608 981 829 1051 agnovit
849 995 1032 1035 meum
1065 978 1328 1034 studium.
1357 977 1502 1033 Inter
1527 977 1828 1033 familiares

212 1079 430 1126 autem
480 1071 1073 1126 consermocinationes
1120 1070 1304 1125 stilum
1338 1070 1459 1140 ejus
1498 1086 1826 1141 agnoscens,

241 1170 298 1216 et
321 1162 662 1232 propositum
688 1162 857 1215 fixum
884 1161 1072 1215 animo
1096 1169 1307 1225 tenens,
1338 1161 1610 1229 postulavi
1649 1161 1718 1215 ab
1737 1175 1824 1228 eo,

242 1266 355 1321 quo
385 1266 487 1322 pro
545 1251 773 1322 pignore
820 1250 1075 1306 amicitiae
1122 1264 1324 1304 novum
1367 1258 1598 1320 patrono
1637 1260 1828 1306 nostro

240 1342 446 1397 librum
482 1343 667 1396 minus
701 1341 986 1413 pigritaret
1014 1341 1235 1396 cudere.
1261 1339 1418 1406 Quod
1446 1357 1570 1396 cum
1592 1341 1682 1396 ille
1701 1357 1827 1395 ren-

240 1443 456 1501 nueret,
489 1436 644 1505 quasi
691 1450 806 1490 suze
850 1449 959 1488 non
1011 1441 1158 1487 esset
1198 1432 1597 1503 possibilitatis,
1630 1441 1686 1488 et
1725 1449 1826 1504 ego

240 1541 572 1595 opponerem
610 1526 853 1580 debitum
892 1524 1159 1590 caritatis,
1195 1525 1312 1593 ipse
1351 1539 1481 1579 vero
1512 1524 1707 1594 majori
1730 1540 1826 1579 ex-

238 1619 526 1674 cusatione
548 1619 754 1673 nostris
795 1618 847 1672 id
891 1618 1088 1672 melius
1126 1624 1396 1670 assereret
1429 1616 1739 1681 convenire,
1772 1623 1827 1669 et

238 1728 270 1767 e
298 1713 577 1768 contrario
613 1712 894 1779 referrem,
933 1728 1071 1783 pene
1100 1727 1223 1768 esse
1247 1712 1496 1767 naturale
1518 1713 1663 1768 cives
1686 1713 1822 1767 civi--

235 1799 343 1856 bus
363 1802 608 1859 invidere
635 1820 647 1855 :
688 1802 906 1856 tandem
937 1801 1135 1868 victus,
1163 1801 1431 1856 voluntati
1472 1818 1625 1868 meae,
1654 1802 1822 1857 immo

235 1889 400 1945 beato
439 1889 847 1945 Emmerammo
894 1891 1140 1945 animum
1172 1890 1491 1945 substravit.
1536 1889 1607 1947 Ut
1637 1899 1822 1946 autem

236 1981 570 2037 acceleraret
616 1997 704 2037 me
741 1989 990 2053 rogante,
1050 1982 1333 2052 respondit
1386 1998 1580 2038 serena
1620 1982 1820 2050 fronte,

236 2085 453 2124 summa
475 2070 753 2140 diligentia
780 2071 833 2124 in
861 2070 1075 2124 laribus
1094 2072 1459 2140 probandum,
1492 2074 1641 2143 quod
1666 2083 1820 2129 extra

235 2162 473 2231 parietes
507 2162 804 2217 multorum
846 2163 1023 2217 oculis
1050 2161 1190 2218 foret
1212 2165 1659 2234 prcsentandum.
1689 2164 1820 2232 llac,

238 2260 297 2307 ut
317 2253 535 2323 opinor,
568 2254 859 2309 occasione
888 2254 1066 2309 tribus
1108 2255 1269 2310 annis
1312 2270 1453 2326 opus
1491 2257 1629 2311 mihi
1656 2258 1824 2313 caris-

236 2344 439 2399 simum
515 2346 783 2400 remansit
847 2345 1230 2416 inperfectum,
1290 2348 1422 2403 dum
1485 2350 1822 2418 temporibus

235 2433 478 2492 llcinriei
538 2437 921 2507 augustissimi
964 2438 1313 2509 imperatoris
1368 2448 1517 2495 esset
1556 2450 1818 2512 coeptum.

236 2525 543 2599 Regressus
582 2543 712 2599 ergo
758 2528 827 2583 ad
859 2530 1257 2586 monasterium
1299 2546 1331 2586 e
1372 2531 1634 2601 Saxonia,
1687 2532 1823 2589 fere-

234 2620 360 2674 bam
379 2634 593 2676 mecum
621 2621 925 2678 beatissimi
952 2623 1193 2679 martiris
1214 2640 1461 2696 ymnum,
1493 2642 1656 2698 quem
1687 2627 1822 2682 mihi

233 2727 336 2783 pro
362 2713 631 2768 arrabone
679 2714 801 2770 libri
847 2714 1028 2771 saltim
1062 2716 1146 2771 vel
1195 2718 1526 2774 versiculum
1574 2717 1821 2788 poscenti

233 2801 482 2872 prefatus
530 2805 794 2876 magister
837 2816 1010 2862 metro
1045 2810 1357 2878 composuit
1410 2808 1666 2880 Saphico.
1718 2809 1822 2865 De-

234 2907 391 2945 mum
421 2893 789 2950 Chouonrado
817 2896 1139 2967 imperante,
1171 2906 1226 2953 et
1266 2900 1623 2956 nihilominus
1657 2900 1822 2955 Hein-

236 2981 354 3037 rico
384 2983 496 3038 filio
525 2986 644 3055 ejus
670 2997 951 3059 regnante,
997 2988 1317 3046 Gcbchardo
1363 3002 1547 3048 autem
1579 2995 1822 3050 secundo

236 3070 691 3130 ltatishouensem
724 3079 1014 3149 ecclesiam
1055 3090 1293 3153 regente,
1341 3081 1397 3136 in
1444 3084 1678 3140 adventu
1726 3101 1819 3141 ve-

166 3158 177 3167 ’
233 3170 375 3229 stro,
421 3166 723 3234 saepissime
753 3178 973 3239 optatus
1005 3180 1171 3242 atque
1199 3173 1293 3228 diu
1318 3184 1636 3245 expectatus
1670 3179 1825 3232 venit

230 3254 473 3311 libellus.
500 3256 672 3328 Cujus
712 3261 1043 3319 universitas
1084 3265 1246 3320 beato
1279 3265 1568 3336 deputetur
1605 3268 1824 3326 Emme-

230 3363 470 3416 rammo,
497 3353 724 3408 materia
754 3352 964 3423 Cirino,
988 3358 1275 3413 renovatio
1304 3358 1659 3430 Meginfredo,
1686 3378 1823 3418 exat-

229 3437 346 3493 ctio
369 3442 642 3508 peccatori
673 3443 934 3512 Arnoldo,
966 3461 1100 3502 usus
1128 3449 1349 3503 oculum
1398 3450 1618 3506 invidiae
1650 3451 1672 3483 3
1712 3467 1823 3507 non

231 3530 587 3600 habentibus,
626 3534 750 3591 vita:
795 3537 1067 3606 premium
1119 3540 1376 3596 omnibus
1421 3541 1666 3611 ejusdem
1713 3542 1824 3599 Deo

230 3621 420 3677 dilecti
447 3625 689 3681 martiris
726 3629 1052 3683 memoriam
1081 3631 1477 3687 exeolentibus.
1523 3631 1632 3687 Pro
1664 3634 1823 3704 cujus

231 3716 387 3771 cultu
413 3733 535 3773 mea
565 3720 902 3778 exhibitione
940 3723 1158 3779 modico
1193 3723 1244 3791 ⁸,
1289 3725 1473 3780 debito
1502 3725 1589 3780 sui
1618 3742 1826 3798 perma-

231 3822 367 3879 gno,
393 3810 694 3881 quid‘mihi
727 3814 985 3869 acciderit
1020 3816 1104 3869 vel
1148 3816 1326 3886 qualis
1377 3818 1681 3874 consolatio
1706 3834 1825 3874 eve-

230 3903 402 3970 nerit,
440 3906 631 3983 paucis
662 3907 895 3962 edicam.
928 3907 1059 3963 Erat
1087 3909 1339 3979 quaedam
1368 3910 1693 3978 necessitas,
1725 3926 1823 3980 pro

232 4011 345 4064 qua
384 3997 438 4050 in
461 3996 801 4054 Pannoniam
826 4015 914 4054 me
947 4000 1222 4056 direxerat
1250 4018 1409 4058 meus
1431 4003 1623 4058 abbas.
1654 4002 1824 4057 Cum-

232 4104 344 4159 que
371 4090 712 4159 periclitarer
743 4093 931 4163 sepius
960 4094 1015 4147 in
1056 4094 1344 4164 profundis
1373 4094 1607 4150 Danubii
1627 4097 1822 4151 decur-

234 4181 425 4247 sibus,
472 4183 615 4252 apnd
661 4183 920 4255 Pogicam
956 4185 1092 4260 (42)⁴
1121 4186 1386 4257 earibdin,
1439 4187 1533 4242 ubi
1587 4203 1709 4243 esse
1735 4187 1819 4241 vi»

234 4271 397 4326 deter
433 4274 626 4349 mortis
667 4275 997 4345 hospicium,
1049 4278 1348 4334 maximum
1379 4279 1699 4350 experiebar
1728 4296 1821 4349 pe-

234 4356 507 4416 riculum.
557 4361 635 4417 Ibi
696 4364 843 4419 enim
919 4376 1101 4420 nautae
1185 4366 1422 4436 majores
1492 4369 1819 4438 arripientes

1927 517 2176 582 ducente,
2207 519 2376 572 immo
2401 517 2635 573 Domino
2656 524 2898 588 regente.
2930 514 3069 569 Tum
3097 531 3264 571 cursu
3282 531 3516 586 prospe-

1925 617 2045 663 rato
2086 609 2242 663 tertia
2285 610 2373 664 die
2401 610 2710 665 advehebar
2744 607 3043 663 Pannonia:
3085 608 3224 663 solo.
3276 608 3394 674 Qua
3425 621 3516 661 me.

1925 700 2248 755 Anastasius
2288 687 2735 771 archiepiscopus
2771 700 2883 771 (45)
2915 700 3111 754 ceteris
3146 700 3388 767 suscepit
3412 698 3518 753 hu-

1927 792 2145 845 manius
2174 800 2229 846 et
2268 791 2465 846 aﬂ‘atur
2494 792 2838 846 familiarius.
2870 790 2920 845 Is
2951 806 3075 845 cum
3111 790 3258 844 beati
3290 788 3509 842 Ennae-

1926 883 2126 937 rammi
2168 891 2406 937 veterem
2447 884 2599 937 illum
2629 892 2684 938 et
2731 883 2993 936 viciatum
3045 881 3249 951 legeret
3293 880 3513 945 librum,

1926 972 2213 1029 materiam
2240 974 2493 1044 probavit
2520 975 2539 1006 "
2569 990 2695 1029 cum
2727 974 3043 1042 sententiis;
3073 973 3169 1027 sed
3200 973 3395 1027 harum
3434 984 3517 1026 se-

1926 1066 2064 1120 riem
2095 1081 2221 1121 cum
2248 1074 2399 1121 veste
2420 1066 2768 1136 reprehendit
2803 1069 3042 1137 perdere
3074 1066 3325 1121 rationis.
3356 1066 3515 1135 Apud

1926 1173 2091 1228 quem
2139 1174 2234 1213 sex
2279 1158 2613 1214 ebdomadas
2666 1174 2917 1225 manen',
2954 1159 3235 1212 memoriae
3284 1158 3519 1212 sanctis-

1927 1250 2053 1304 simi
2083 1251 2299 1320 patroni
2338 1252 2667 1321 antiphonas
2710 1251 3021 1320 aliquantas
3051 1265 3175 1304 cum
3220 1264 3518 1319 respunse—

1926 1342 2025 1397 riis
2069 1343 2358 1412 composui
2390 1344 2526 1413 (44),
2564 1358 2675 1397 non
2705 1350 2818 1397 tam
2864 1341 3038 1397 fretus
3073 1341 3316 1411 ingenio,
3347 1356 3512 1410 quam

1924 1433 2107 1489 dedito
2139 1434 2394 1489 laudibus
2430 1434 2676 1490 martiris
2723 1434 2929 1488 animo.
2965 1431 3075 1487 llas
3103 1431 3349 1502 prefatus
3394 1433 3515 1501 epi-

1926 1541 2128 1596 scopus
2175 1526 2478 1581 monachos
2508 1534 2562 1580 et
2584 1526 2820 1581 clericos
2848 1539 2980 1579 suos
3014 1524 3144 1579 fecit
3180 1524 3413 1590 discere,
3463 1530 3520 1578 et

1926 1620 1984 1673 in
2021 1619 2253 1674 ecclesia
2297 1618 2386 1673 die
2416 1618 2591 1688 ipsius
2632 1618 2803 1672 natali
2842 1617 3060 1687 publice
3094 1616 3402 1682 celebrare;
3432 1629 3520 1669 se-

1926 1711 2166 1767 cundum
2200 1710 2223 1742 ⁸
2252 1711 2400 1782 quod
2436 1712 2459 1743 ⁸
2485 1710 2752 1780 scriptum
2784 1710 2807 1743 3
2843 1718 2929 1766 est
2962 1711 2983 1742 3
3018 1728 3031 1763 :
3072 1709 3337 1763 chedant
3366 1708 3389 1740 3
3425 1724 3515 1761 ve~

1856 1775 1900 1831 B
1928 1812 2042 1858 tera
2076 1804 2098 1836 3
2123 1804 2187 1858 de
2208 1803 2230 1835 3
2282 1819 2371 1857 ore
2397 1804 2422 1837 ⁸
2456 1812 2625 1857 vestro
2657 1802 2679 1834 3
2700 1844 2714 1868 ,
2752 1802 3029 1872 deponens
3074 1808 3311 1860 veterem
3368 1799 3519 1854 illius

1924 1904 2171 1962 cantum,
2207 1910 2371 1966 quem
2397 1894 2574 1950 nostri
2606 1895 2791 1964 potius
2818 1901 3048 1949 cantant
3077 1908 3145 1948 ex
3170 1891 3518 1962 antiquitatis

1925 2005 2031 2045 usu
2059 2004 2225 2059 quam
2268 1988 2382 2042 ullo
2413 1988 2758 2043 auctoritatis
2794 2002 2953 2042 ausu.
3007 1985 3103 2042 llis
3146 1986 3221 2040 ita
3264 1985 3518 2056 cquilem

1925 2080 2093 2149 gestis
2122 2074 2177 2133 in
2222 2077 2530 2143 Pannonia,
2574 2086 2629 2132 et
2663 2077 2955 2148 legatione,
2988 2092 3088 2147 pro
3133 2092 3242 2147 qua
3271 2076 3517 2132 directus

1920 2184 2096 2236 eram,
2126 2179 2367 2239 peracta,
2399 2169 2661 2225 Noricum
2707 2168 2923 2239 repetii,
2960 2178 3015 2223 et
3054 2170 3109 2223 in
3157 2185 3221 2223 ea
3267 2169 3520 2224 revisens

1925 2260 2096 2330 Ratis,
2118 2277 2301 2327 unam,
2328 2262 2461 2316 satis
2486 2261 2775 2316 karitative
2796 2261 3137 2330 suscipiebar
3167 2277 3197 2315 a
3232 2259 3515 2324 Fratribus,

1923 2354 2126 2426 quibus
2150 2362 2205 2408 et
2229 2355 2335 2409 hoc
2371 2355 2621 2425 dignetur
2672 2353 2897 2408 reddere
2928 2351 3214 2407 Dominus.
3263 2350 3361 2409 Hic
3390 2365 3516 2405 cum

1923 2446 1990 2500 de
2042 2454 2233 2501 sancto
2280 2445 2688 2500 Emmeramnm
2735 2444 2894 2499 dulce
2927 2445 3206 2499 clarumve
3254 2443 3516 2514 quiddam

1923 2542 2020 2589 aut
2045 2535 2235 2590 audire
2261 2543 2356 2590 aut
2375 2536 2559 2590 videre
2591 2549 2810 2589 summo
2843 2533 3116 2589 desiderio
3143 2533 3517 2603 quan-itarem,

1923 2642 2020 2698 per
2049 2641 2308 2682 somnum
2332 2628 2602 2683 visionem
2627 2626 2813 2696 accepi
2845 2626 3028 2681 talem.
3069 2625 3271 2680 Beatus
3310 2623 3523 2678 Emme-

1922 2732 2170 2771 rammus
2196 2717 2361 2787 pallio
2391 2717 2551 2771 viridi
2580 2716 3000 2787 quasi-velatus,
3029 2716 3333 2770 meridiana
3362 2723 3521 2785 parte

1923 2818 2049 2865 ante
2079 2809 2225 2866 fores
2256 2811 2500 2866 ecclesia:
2530 2811 2819 2865 videbatur
2862 2809 2998 2865 mihi
3039 2810 3226 2880 jacere
3265 2808 3320 2863 in
3376 2809 3520 2864 lecto

1922 2901 2059 2957 bene
2087 2918 2151 2957 ac
2179 2903 2431 2957 decenter
2456 2911 2671 2957 ornato.
2712 2903 2885 2969 Quem
2918 2910 2979 2956 ut
3008 2901 3206 2956 fratres
3226 2900 3518 2956 ecclesiam

1922 2990 2129 3047 intrare
2154 2992 2398 3047 volentes
2423 2991 2697 3059 viderunt,
2727 2992 2923 3046 timore
2968 2991 3243 3063 perterriti
3274 3004 3521 3045 recesse-

1924 3096 2070 3138 runt.
2115 3082 2229 3154 Ego
2252 3092 2433 3139 autem
2468 3084 2623 3139 solus
2662 3084 2908 3150 relictus,
2957 3083 3094 3138 adeo
3129 3082 3208 3136 fui
3241 3082 3518 3146 curiosus,

1926 3181 1987 3227 ut
2015 3174 2083 3228 ad
2106 3174 2309 3245 gradus
2333 3174 2491 3243 juxta
2519 3182 2629 3228 tres
2664 3189 2828 3228 arcus
2858 3173 3013 3227 ﬂexis
3051 3172 3280 3242 genibus
3305 3171 3359 3223 in
3386 3185 3512 3224 eum

1926 3266 2284 3333 intenderem,
2329 3267 2503 3337 donec
2533 3268 2745 3320 vultum
2793 3266 3087 3333 detegeret,
3137 3279 3201 3318 ac
3248 3263 3270 3294 3
3325 3261 3524 3317 Latino

1925 3374 2179 3415 sermone
2228 3358 2432 3414 diceret
2480 3376 2493 3412 :
2552 3356 2669 3411 Tibi
2736 3355 3040 3410 conceditur
3085 3354 3261 3407 ridere
3322 3353 3519 3421 faciem

1925 3469 2118 3519 meam,
2163 3452 2290 3522 quia
2339 3453 2396 3505 in
2432 3450 2693 3523 laudibus
2741 3451 2871 3503 meis
2907 3448 3134 3502 sudasti.
3180 3446 3354 3517 Cujus
3391 3462 3519 3501 cum

1923 3542 2163 3597 viderem
2196 3541 2350 3597 valde
2372 3540 2659 3595 candidam
2685 3548 2738 3594 et
2778 3539 3121 3610 splendidam
3150 3536 3368 3603 faciem,
3395 3537 3521 3591 nul-

1923 3634 2141 3689 latenus
2179 3633 2361 3687 dicere
2406 3647 2657 3702 possum,
2709 3647 2874 3701 quam
2925 3646 3184 3702 magnum
3213 3629 3365 3684 cordi
3396 3643 3520 3684 meo

1924 3725 2090 3780 fuerit
2114 3726 2135 3756 ⁸
2153 3725 2410 3796 jubilum.
2440 3723 2557 3779 lloc
2577 3731 2789 3778 tantum
2820 3724 3022 3778 tacitus
3045 3737 3261 3776 mecum
3298 3730 3520 3792 reputa-

1924 3818 2051 3873 bam
2084 3836 2097 3872 :
2138 3836 2157 3868 ι
2188 3816 2468 3872 Fortassis
2502 3816 2555 3869 in
2587 3816 2675 3870 die
2698 3816 2999 3877 novissimo
3022 3830 3122 3884 pro
3157 3830 3245 3868 me
3268 3813 3521 3869 dicturus

1922 3919 2009 3965 est
2034 3908 2257 3965 Christo
2299 3928 2312 3963 :
2362 3908 2608 3973 Domine,
2642 3906 2712 3960 da
2755 3907 2886 3960 mihi
2924 3906 3061 3959 hunc
3112 3914 3456 3976 precatorem.
3494 3923 3512 3955 ι

1922 4002 1981 4057 In
2005 4018 2116 4073 quo
2145 4011 2278 4057 tunc
2300 4008 2675 4070 experrectus,
2704 4007 2759 4053 et
2784 3998 2986 4063 adhuc,
3011 4006 3071 4053 ut
3097 4014 3288 4052 verum
3311 3995 3516 4077 fatear.

1923 4110 2162 4166 nequam
2189 4109 2252 4149 ac
2288 4110 2400 4149 non
2430 4100 2635 4157 rectus,
2667 4107 2735 4146 ne
2772 4091 3030 4161 jucunda:
3055 4089 3285 4144 visionis
3323 4087 3521 4160 gaudia

1920 4187 2245 4260 prepediant
2273 4193 2498 4256 peccata
2527 4199 2673 4251 mea,
2698 4188 2840 4253 apud
2862 4198 3009 4250 eum,
3033 4184 3193 4252 cujus
3219 4180 3411 4235 melior
3435 4186 3523 4234 est

1922 4298 2086 4353 super
2115 4283 2258 4336 vitas
2288 4278 2689 4345 misericordia,
2734 4277 2982 4347 eptinere
3024 4274 3185 4346 cupio
3226 4287 3389 4344 prece
3425 4287 3519 4327 ve-

1922 4382 2037 4429 stra
2059 4389 2275 4428 necnon
2304 4380 2521 4444 patrum
2559 4378 2614 4425 et
2659 4368 2893 4424 fratrum
2938 4368 3188 4422 oratione
3234 4364 3515 4421 continua.

235 4467 444 4518 remos,
467 4454 627 4523 quasi
651 4455 859 4511 viribus
885 4457 1001 4513 suis
1030 4457 1214 4513 navim
1240 4460 1480 4514 evecturi
1514 4461 1535 4491 3
1559 4461 1626 4515 de
1655 4462 1822 4515 abru-
1855 4467 1901 4521 D
1927 4466 2002 4522 De
2037 4475 2218 4522 cetero
2252 4466 2400 4535 quod
2426 4465 2614 4529 instat,
2638 4462 2866 4533 epistola
2892 4459 3303 4515 conclusionem
3327 4464 3520 4526 postu-

233 4553 332 4615 pto
368 4544 627 4612 fluminis,
656 4548 713 4601 in
755 4556 964 4603 tantam
1003 4565 1202 4605 venere
1255 4551 1712 4621 desperationem,
1763 4563 1824 4609 ut

234 4647 433 4694 mutuo
483 4640 859 4713 se_intuentes
904 4657 970 4698 ac
1012 4658 1115 4698 nec
1160 4644 1383 4699 muttire
1415 4646 1677 4713 valentes,
1728 4661 1825 4717 pre

236 4732 437 4786 timore
465 4733 659 4788 mortis
690 4734 908 4804 penitus
931 4734 1297 4805 irriguissent.
1346 4734 1500 4791 Tunc
1542 4739 1825 4795 osculatus

236 4822 604 4888 cruciculam,‘
622 4816 788 4894 quam
831 4824 996 4879 habui
1025 4840 1092 4879 ex
1124 4825 1430 4880 cervicibus
1476 4827 1823 4896 pendentem,

236 4914 503 4984 reliquias
536 4916 778 4971 martiris
812 4917 879 4972 de
905 4917 1157 4972 cambota
1186 4917 1577 4984 continentem,
1617 4921 1825 4991 cogita-

238 5007 421 5063 tiones
450 5007 763 5078 hujusmodi
796 5008 940 5062 intra
980 5024 1068 5063 me
1089 5009 1306 5063 volvere
1331 5011 1469 5080 coepi
1496 5030 1510 5066 :
1542 5010 1779 5066 Putasne
1807 5054 1822 5078 ,

238 5097 350 5152 late
372 5105 538 5153 notus
566 5108 830 5169 patronus
866 5100 1027 5155 hodie
1060 5100 1195 5154 mihi
1223 5101 1330 5154 erit
1353 5115 1449 5170 per
1477 5103 1705 5157 salutem
1736 5103 1861 5157 hic‘

240 5190 641 5262 experiendus?
677 5191 803 5247 Mox
841 5192 998 5248 navis
1031 5206 1133 5246 ceu
1170 5191 1358 5262 aliquo
1389 5193 1680 5248 minitante
1712 5202 1823 5249 tre-

1926 4561 2038 4628 lat;
2072 4562 2255 4630 inqua
2284 4574 2382 4614 vos
2408 4559 2660 4629 ignorare
2695 4556 2842 4621 nolo,
2877 4554 3022 4624 quod
3047 4552 3308 4621 antiquus
3337 4551 3358 4582 3
3388 4564 3519 4619 ope~

1929 4652 2009 4708 ris
2047 4651 2212 4720 hujus
2242 4650 2479 4719 scriptor
2510 4648 2712 4702 librum
2755 4661 2917 4701 suum
2959 4644 3078 4697 linit
3126 4643 3181 4696 in
3230 4656 3317 4707 eo,
3364 4638 3514 4709 quod

1928 4741 2195 4796 volumini
2225 4740 2291 4794 de
2308 4737 2588 4793 miraculis
2612 4732 2918 4789 beatissimi
2944 4731 3208 4795 martiris,
3233 4730 3341 4783 hoc
3361 4728 3382 4760 3
3415 4737 3469 4782 et
3495 4726 3519 4759 ⁸

1932 4830 2301 4885 anterioribus
2334 4826 2512 4882 tribus
2529 4823 2812 4895 diligentia
2841 4837 2961 4877 mea
2988 4818 3329 4875 enucleatius
3367 4815 3519 4887 pusio

1929 4922 2021 4986 tis,
2054 4935 2154 4990 pro
2177 4919 2415 4990 capitulo
2443 4917 2630 4971 datum
2652 4921 2739 4969 est
2767 4921 2985 4984 quarto.
3015 4909 3148 4977 Quae
3166 4918 3299 4965 vero
3322 4921 3519 4961 secun-

1931 5023 2039 5077 tur,
2064 5011 2387 5067 auctoritate
2407 5016 2587 5062 vestra
2602 5014 2791 5061 contra
2811 5002 3036 5059 aemulos
3058 4996 3430 5060 defendendus
3448 4995 3515 5062 ¹⁰,

1932 5105 2126 5160 humili
2161 5100 2424 5171 asseripsi
2465 5099 2613 5164 stilo,
2647 5112 2759 5150 uno
2784 5095 2805 5127 3
2828 5102 3043 5149 tantum
3067 5091 3088 5123 3
3119 5089 3312 5145 ordine
3344 5086 3367 5119 3
3398 5099 3517 5156 pre-

1933 5203 2152 5265 postero
2177 5194 2201 5226 ⁸
2246 5193 2317 5246 ob
2342 5190 2364 5222 3
2398 5186 2812 5244 similitudinem
2835 5185 2857 5216 3
2905 5183 2984 5238 rei
3024 5182 3046 5213 ⁸
3088 5176 3410 5250 interposito
3450 5174 3475 5207 ⁸
3497 5214 3516 5244 ,

1512 5325 1742 5382 VARUS
1781 5325 2185 5384 LECTI’JNES.

372 5459 428 5514 p;
455 5459 487 5499 c
512 5457 559 5498 8.
598 5451 647 5495 et
676 5448 825 5495 veste
854 5456 900 5494 ι’.
929 5457 956 5494 e
982 5456 1120 5493 corr.
1157 5438 1280 5492 aliis
1316 5441 1483 5493 erasis
1513 5441 1563 5494 1.
1644 5441 1666 5473 3
1702 5451 1819 5512 post
1851 5443 1978 5497 add.
2014 5443 2058 5494 ε.

2158 5441 2178 5470 ’
2215 5438 2435 5507 antiqus
2467 5436 2515 5488 i.
2624 5432 2667 5464 ‘3
2708 5448 2774 5486 us
2799 5447 2826 5483 e
2852 5446 2990 5483 corr.
3032 5428 3082 5481 1.

1730 5550 1957 5609 NOTAE.

320 5636 432 5745 (ﬁt)
472 5674 630 5745 Apud
656 5634 858 5745 Pogen.

320 5676 412 5745 (η
472 5676 630 5745 Apud
656 5676 858 5745 Pogen.

317 5676 432 5820 (43g
469 5745 865 5819 Strigoniensis
905 5743 996 5814 qui
1030 5752 1083 5799 et
1115 5743 1432 5809 Austrieus;
1478 5758 1529 5797 v.
1566 5740 1823 5796 Mabillon

1932 5669 2052 5722 'Act.
2090 5666 2178 5731 Vl,
2219 5665 2270 5730 I,
2312 5679 2363 5733 p.
2408 5663 2485 5733 72,
2511 5678 2631 5733 sqq.

2009 5739 2122 5811 (tt)
2169 5728 2228 5790 Υ.
2260 5728 2393 5790 seu
2424 5732 2524 5787 SS.
2553 5728 2699 5802 prt.
2728 5728 2822 5795 γι,
2849 5744 2902 5798 p.
2934 5728 3059 5783 512.
