4104 5260
564 71 669 127 995

1558 80 1858 138 ARNOLDI
1898 84 2498 152 EMMERAMMENSIS
2535 98 2843 156 MONACIII

3731 115 3835 171 996

714 191 981 248 memoria
1017 192 1125 249 mei
1159 203 1213 249 et
1245 209 1437 251 eorum
1481 198 1575 302 quni
1621 215 1836 255 mecum
1871 202 1925 302 i‘n
1955 218 2153 302 monui
2185 210 2230 266 Α
2255 212 2352 269 des
2388 218 2787 288 propagandas,
2837 219 2948 276 vita
2986 229 3166 279 vestra
3200 225 3395 298 vigeat,
3443 225 3685 299 dignitas
3722 233 3844 302 pot-

563 280 732 335 sterio
762 298 1033 340 memores
1063 300 1185 341 esse
1222 297 1518 357 potuerunt
1539 290 1811 347 factorum
1844 294 1916 348 ob
1947 294 2153 351 Christi

562 371 846 426 martirem
873 373 1179 445 signorum.
1224 376 1306 431 Ad
1331 394 1455 448 qua:
1478 388 1533 434 et
1556 381 1624 435 ad
1654 390 1865 438 ceteras
1894 384 2013 453 ejus
2035 386 2156 440 lau-

2258 305 2387 373 Ieat,
2414 312 2712 377 pateruitas
2737 312 2934 380 valeat,
2962 313 3196 371 Domino
3232 317 3495 388 donante,
3532 320 3729 377 Amen-

1160 487 1271 561 (45)
1302 489 1540 561 Explicit
1566 493 1869 563 epistolaris
1896 496 2143 567 apalagia
2170 499 2235 553 de
2260 502 2466 555 ratione
2492 501 2568 556 vel
2597 513 2826 558 veterum
2857 506 3244 563 immutatione.

1748 645 2097 702 CAPITULA
2134 649 2317 706 LIBRI
2354 653 2544 709 PRIMI
2583 656 2644 710 “.

564 753 619 810 1.
647 754 688 786 ¹¹
711 754 789 809 De
815 756 1074 827 episcopis
1105 756 1184 810 vel
1204 756 1426 810 ducibus
1450 757 1760 829 Paguariaa,
1785 768 1834 813 et
1866 761 1930 814 de
1959 762 2153 816 hereti-

634 845 712 898 cis
746 862 838 914 per
857 856 1099 899 sanctum
1122 846 1464 916 Bonifacium
1489 849 1553 901 ab
1580 866 1642 902 ea
1665 850 1922 920 expulsis,
1953 867 2148 905 necnon

634 935 916 988 miraculis
944 935 1013 988 ad
1054 935 1393 1005 sepulchrum
1441 938 1581 992 beati
1622 939 2002 993 Emmerammi
2045 941 2152 1010 fre-

632 1029 916 1097 quentatis,
961 1037 1116 1099 atque
1141 1028 1205 1082 de
1232 1030 1464 1083 secunda
1488 1030 1637 1084 illius
1666 1022 2035 1087 translatione.

563 1116 616 1170 2.
654 1117 732 1171 De
755 1117 972 1171 muliere
1010 1117 1277 1183 adultera,
1311 1135 1429 1190 qua:
1470 1121 1710 1173 martiris
1753 1120 2033 1174 ecclesiam
2061 1122 2147 1175 in-

632 1208 778 1277 gredi
800 1207 1101 1262 nullatenus
1123 1209 1316 1278 patuit,
1349 1218 1631 1280 antequam
1659 1227 1752 1280 per
1769 1211 2149 1281 confessionem

630 1297 700 1350 ad
735 1298 1097 1374 paenitentiam
1128 1315 1183 1352 se
1215 1300 1482 1369 purgavit.

562 1386 614 1439 5.
657 1386 735 1439 De
765 1387 974 1441 homine
1015 1405 1048 1441 a
1090 1387 1387 1442 latronibus
1424 1399 1600 1460 capto,
1632 1399 1682 1444 et
1713 1390 1791 1444 bis
1830 1392 2148 1458 venundata,

629 1479 720 1548 qui
760 1490 877 1548 post
921 1480 1147 1534 exilium
1203 1482 1406 1536 trienne
1450 1485 1686 1552 patriam
1737 1486 1985 1552 revisens,
2029 1503 2149 1539 cum

2331 770 2486 823 toties
2520 771 2758 840 precibus
2794 781 2842 825 et
2883 774 3087 828 meritis
3125 749 3263 830 beaIi
3298 775 3680 834 Emmerammi
3707 780 3843 836 libe-

2327 872 2464 917 rata.

2260 951 2345 1007 10.
2386 953 2464 1007 De
2508 953 2737 1024 quodam
2790 954 3096 1011 demanizco
3145 974 3177 1010 a
3219 957 3421 1028 legione
3464 960 3841 1015 miserabiliter

2324 1066 2581 1119 possessa,
2616 1050 2701 1102 cui
2733 1050 2910 1119 gratia
2938 1048 3234 1105 Saluatoris
3265 1052 3586 1106 mirabiliter
3612 1054 3843 1109 salutem

2329 1141 2563 1194 reddidit
2587 1140 2656 1192 ad
2684 1140 2991 1193 memoriam
3015 1142 3255 1195 martiris
3287 1141 3509 1197 Christi.

2256 1232 2347 1286 11.
2387 1231 2464 1285 De
2500 1231 2731 1301 quodam
2779 1231 3070 1300 stirpigena
3131 1230 3411 1302 Lantperti
3465 1234 3703 1302 tyranni,
3749 1246 3843 1303 qui

2329 1339 2436 1375 una
2464 1321 2596 1374 hara
2638 1320 2761 1373 bina
2805 1321 3042 1374 cwcitate
3067 1320 3366 1390 prohibitus
3394 1330 3471 1376 est
3512 1322 3723 1391 ingredi
3756 1339 3844 1375 ec-

2328 1414 2544 1468 clesiam
2571 1412 2810 1466 martiris
2838 1411 3059 1467 Christi.

2258 1504 2345 1558 12.
2388 1503 2465 1557 De
2492 1502 2719 1556 miseriis
2741 1502 2887 1572 queis
2910 1517 3073 1571 usque
3093 1501 3149 1554 in
3169 1517 3379 1571 presens
3403 1501 3725 1571 afﬁciuntur
3748 1503 3843 1555 lia-

633 1568 822 1665 θξαηάί
851 1569 1109 1665 πουίο
1132 1574 1528 1665 “vesanam
1556 1572 1707 1626 θεαῑο
1736 1572 2144 1665 Εηιητθναηυηο·
2182 1603 2225 1657 Β
2320 1596 2485 1649 mines
2503 1568 2793 1664 tyrannica:
2814 1568 3232 1663 pasteritatis,vct
3256 1595 3319 1648 de
3332 1595 3668 1664 quarundam
3692 1596 3839 1665 ejus-

560 1656 615 1710 4.
660 1655 737 1711 De
778 1658 979 1727 puella,
1030 1675 1148 1729 qua:
1196 1660 1457 1730 integrum
1508 1678 1709 1715 annum
1738 1664 2027 1732 permansit
2061 1664 2149 1733 je-

621 1748 780 1818 juna,
808 1757 857 1803 et
881 1750 950 1803 ad
974 1751 1284 1805 memoriam
1313 1754 1556 1807 martiris
1598 1762 1674 1807 est
1720 1756 1983 1808 communi
2030 1757 2152 1810 vita!

629 1824 900 1895 restituta.

561 1928 614 1982 5.
654 1929 734 1983 De
760 1929 1027 2001 beneﬁciis
1062 1934 1363 2004 principum
1402 1951 1494 1989 seu
1535 1936 1787 1988 comitum
1804 1935 2152 2008 judicumque

626 2022 868 2078 donariis
891 2034 1076 2077 sancta
1102 2024 1494 2081 Emmeramma
1525 2027 1757 2095 collatis,
1785 2037 1835 2080 et
1867 2028 1930 2082 de
1958 2029 2151 2081 trium-

626 2113 727 2182 pho
753 2114 1014 2182 mirabili,
1053 2132 1206 2186 quem
1247 2116 1506 2187 Arnalfus
1542 2118 1831 2187 imperator
1868 2117 2153 2171 evidentis-

629 2203 765 2256 sima
789 2203 1022 2272 ejusdem
1050 2205 1198 2258 testis
1220 2206 1490 2275 adjutario
1523 2207 1771 2260 obtinuit.

560 2293 613 2347 6.
646 2293 723 2347 De
749 2294 948 2348 Tutone
973 2296 1216 2366 episcopo
1248 2297 1442 2366 spiritu
1467 2297 1756 2367 prophetia:
1791 2296 1986 2361 ditata,
2016 2305 2062 2349 et
2090 2295 2153 2350 de

626 2402 743 2456 rege
768 2385 1086 2441 Chuanrada
1109 2388 1252 2457 apud
1284 2386 1543 2442 Sanctum
1576 2387 2031 2441 Emmerammam
2056 2402 2152 2457 pro

630 2478 851 2532 incauta
864 2479 1107 2549 jussiane
1140 2478 1321 2532 morbo
1344 2489 1584 2551 gravata.

562 2566 614 2624 7.
655 2568 734 2623 De
779 2570 1017 2637 homine,
1064 2571 1153 2640 qui
1195 2572 1252 2623 in
1315 2572 1551 2624 convivio
1596 2570 1855 2641 principis
1895 2586 2151 2625 rennuens

628 2661 907 2714 caritatem
931 2662 1192 2728 martiris,
1234 2660 1454 2732 colapho
1480 2678 1757 2732 percussus
1793 2670 1870 2715 est
1897 2662 2148 2731 terrifica.

561 2749 616 2804 8.
658 2750 736 2804 De
777 2752 1030 2805 monacho
1060 2754 1234 2806 sancti
1261 2751 1644 2807 Emmerammi
1678 2754 1768 2823 qui
1810 2754 1865 2805 in
1901 2752 2151 2822 periculis

550 2905 554 2916 ι
635 2846 800 2899 maris
828 2862 948 2899 eum
981 2845 1084 2899 sibi
1127 2846 1309 2901 adesse
1353 2848 1519 2901 sensit
1548 2863 1640 2918 per
1671 2847 1923 2916 beneﬁcia
1957 2846 2153 2900 libera-

633 2936 784 2990 toris.

561 3025 613 3080 9.
652 3025 730 3080 De
763 3036 1010 3097 apastata
1051 3030 1307 3084 monacho
1338 3029 1417 3084 bis
1455 3048 1488 3084 a
1526 3031 1743 3085 demane
1785 3038 2043 3100 correpto,
2082 3046 2145 3083 ac

2320 1686 2439 1739 dem
2487 1685 2670 1754 stirpis
2717 1684 3048 1737 conversione
3094 1683 3383 1754 humilique
3434 1684 3738 1751 ablatione,
3775 1703 3840 1740 ac

2320 1775 2657 1831 Adalrammi
2685 1775 2891 1827 duritia
2916 1774 3107 1828 virtute
3143 1775 3385 1828 martiris
3416 1776 3614 1828 mirum
3644 1777 3703 1829 in
3729 1792 3839 1829 mo-

2322 1870 2449 1923 dum
2478 1867 2812 1936 molliﬁcata.

2252 1964 2340 2018 15.
2381 1962 2457 2017 De
2484 1961 2761 2015 duodecim
2796 1960 2945 2026 viris,
2987 1958 3077 2029 qui
3102 1958 3416 2028 juraverant
3451 1968 3641 2013 contra
3660 1959 3755 2029 jus
3782 1962 3841 2013 in

2323 2052 2494 2106 altare
2525 2051 2784 2115 martiris,
2810 2048 3096 2119 multiplici
3122 2064 3273 2118 paena
3301 2050 3648 2118 consumptis.

2253 2144 2340 2198 H.
2382 2142 2460 2196 De
2494 2141 2611 2209 hoc,
2656 2141 2794 2211 quod
2843 2141 3067 2210 contigit
3109 2142 3166 2193 in
3210 2141 3443 2210 quadam
3493 2139 3836 2207 muliercula,

2322 2253 2417 2307 pro
2448 2236 2591 2305 furta
2619 2234 2806 2287 colicis
2829 2233 3068 2303 paralysi
3083 2233 3310 2286 multata
3333 2241 3386 2286 et
3412 2234 3553 2302 apud
3576 2230 3838 2287 Sanctum

2325 2328 2776 2382 Emmerammum
2807 2325 3031 2394 miriﬁce
3052 2334 3267 2378 sanata.

2253 2430 2342 2484 I5.
2384 2428 2461 2482 De
2495 2443 2574 2495 ea,
2601 2426 2740 2497 quod
2768 2434 2819 2479 et
2851 2423 3013 2479 Judei
3052 2424 3268 2478 minime
3297 2414 3622 2494 difﬁtentur,
3670 2425 3841 2479 mira-

2323 2520 2444 2575 cula
2490 2522 2547 2573 in
2603 2517 2827 2573 ecclesia
2879 2516 3053 2571 sancti
3103 2515 3479 2570 Emmerammi
3541 2518 3839 2587 sctpissima

2326 2615 2492 2684 facta.

2255 2727 2340 2781 16.
2384 2726 2461 2780 De
2482 2723 2777 2796 paralytica
2807 2722 2948 2793 apud
2975 2719 3231 2776 Sanctum
3265 2720 3714 2775 Emmerammum
3736 2737 3837 2774 cu-

2276 2860 2289 2874 .
2326 2828 2463 2872 rata.

2178 2962 2219 3018 ο
2256 2934 2341 2988 17.
2383 2932 2460 2985 De
2500 2931 2646 2985 abitu
2683 2928 2962 2983 Michaelis
3004 2928 3265 2998 episcopi,
3308 2936 3360 2982 et
3401 2928 3468 2983 de
3502 2928 3654 2997 signa
3685 2943 3836 2980 cam-

2324 3026 2470 3096 pani

1062 3165 1538 3226 PROOEMIUM
1583 3165 1792 3225 LIBRI
1838 3166 1862 3224 Ι
1902 3166 2010 3225 DE
2048 3161 2482 3225 MIRACULIS
2525 3157 2766 3219 BEATI
2812 3154 3346 3217 EMMERAMMI.

629 3256 832 3313 Vivunt
856 3261 1050 3315 merita
1093 3270 1412 3315 sanctorum
1446 3262 1500 3315 in
1536 3262 1804 3327 ecclesiis,
1851 3270 1906 3315 et
1949 3269 2144 3331 poten-

559 3349 671 3405 tius
704 3351 948 3406 existunt
983 3353 1108 3422 ipsi,
1142 3353 1396 3422 quamvis
1422 3353 1491 3406 ah
1515 3352 1690 3408 oculis
1721 3353 1926 3407 nostris
1957 3353 2144 3419 ablati,

560 3456 726 3511 quam
751 3442 892 3496 inter
914 3453 1302 3498 conversantes
1322 3452 1664 3513 putarentur.
1689 3443 1847 3509 Quod
1871 3444 1995 3498 licet
2025 3458 2145 3497 cre-

559 3531 735 3587 ditum
764 3534 920 3588 ﬁrmo
957 3543 1241 3590 teneamus
1277 3537 1561 3605 proposito
1583 3535 2012 3604 deprehensum,
2038 3534 2147 3588 mi-

558 3626 745 3679 racula
771 3634 951 3681 tamen
971 3628 1369 3697 asstipulantur
1385 3627 1566 3695 nobis,
1591 3636 1645 3682 et
1667 3627 1997 3697 imperitiam
2020 3628 2151 3681 bru-

558 3724 630 3771 ta:
657 3717 996 3775 inﬁdelitatis
1030 3727 1286 3789 arguunt,
1326 3720 1459 3774 dum
1503 3720 1570 3773 ad
1606 3719 1889 3773 exanimes
1927 3726 2149 3773 sancto-

558 3823 685 3863 rum
740 3811 1005 3881 reliquias
1054 3811 1395 3881 impossibile
1448 3811 1823 3882 languentium
1874 3811 1942 3865 ad
1987 3825 2152 3880 posse

559 3899 720 3966 redit,
756 3908 811 3954 et
840 3901 987 3970 quod
1009 3917 1119 3955 non
1147 3901 1252 3956 fuit
1286 3903 1354 3957 ad
1374 3917 1523 3968 esse;
1552 3902 1819 3957 fraudatis
1841 3902 1985 3956 circa
2005 3901 2151 3955 hunc

559 4005 744 4044 rerum
794 3992 1071 4047 cardinem
1124 3994 1338 4049 cunctis
1383 3994 1713 4049 secularium
1750 3993 2145 4064 potentatihus.

560 4078 696 4135 Nam
722 4081 769 4137 si
804 4083 1144 4139 eniterentur
1173 4086 1261 4140 vel
1285 4085 1481 4155 regalis
1502 4085 1767 4154 potentia,
1797 4100 1921 4155 qua:
1946 4084 2149 4153 premi-

558 4180 687 4240 net,
750 4175 836 4231 vel
890 4175 1175 4232 artiﬁcalis
1226 4177 1335 4231 ulla
1402 4177 1643 4233 sollertia
1697 4193 1821 4248 quze
1870 4176 2145 4231 interdum

2250 3259 2459 3315 hiantia
2484 3257 2717 3326 supplet,
2738 3255 3015 3325 quomodo
3045 3260 3363 3323 repararent
3386 3251 3635 3306 habitum
3658 3250 3839 3308 casco?

2251 3351 2378 3406 Haec
2407 3366 2532 3404 cum
2580 3356 2850 3411 constent,
2894 3347 3105 3401 nullum
3139 3345 3424 3417 prudentis
3467 3344 3594 3399 ﬁdei
3641 3361 3838 3400 conse-

2251 3445 2476 3515 quentia
2503 3443 2691 3496 latent.
2724 3439 3068 3509 Quapropter
3089 3439 3219 3509 quia
3242 3438 3537 3493 scribimus
3559 3438 3742 3501 vobis,
3778 3439 3835 3491 in

2254 3538 2456 3607 quibus
2490 3534 2791 3589 viviﬁcator
2827 3532 3064 3602 Spiritus
3092 3532 3447 3587 carismatum
3477 3544 3711 3584 suorum
3742 3530 3839 3584 Ite-

2253 3632 2438 3686 redem
2464 3630 2642 3683 vivam
2685 3626 2948 3697 plantavit
2989 3625 3171 3689 ﬁdem,
3200 3638 3371 3693 pauca
3408 3623 3476 3677 de
3510 3623 3704 3677 multis
3735 3622 3838 3675 mi-

2255 3722 2481 3787 raculis,
2525 3735 2649 3790 qua:
2687 3719 2871 3774 divina
2917 3717 3089 3786 pietas
3120 3715 3245 3770 testi
3287 3731 3389 3770 suo
3426 3712 3836 3768 Emmerammn

2252 3814 2496 3879 donavit,
2525 3812 2790 3876 dicemus,
2815 3810 2900 3864 vel
2930 3809 2999 3862 ab
3026 3807 3150 3862 aliis
3178 3807 3322 3861 dicta
3350 3806 3683 3875 repetimus;
3706 3804 3835 3874 quia

2250 3907 2408 3961 vobis
2447 3904 2581 3960 facit
2609 3904 2675 3957 de
2715 3900 3086 3956 invisibilibus
3121 3900 3206 3953 vel
3252 3899 3416 3953 etiam
3461 3897 3530 3952 de
3586 3897 3831 3951 nondum

2249 3998 2409 4054 factis
2436 3995 2868 4065 experimentum
2895 3992 3279 4062 preteritarum
3308 3989 3615 4044 substantia
3649 4001 3837 4043 rerum

2246 4099 2300 4145 et
2321 4097 2702 4161 argumentum
2726 4100 2836 4140 non
2859 4083 3237 4154 apparentium
3268 4079 3456 4151 (Hebr.
3483 4095 3563 4146 ιι,
3594 4079 3671 4149 1).

1895 4331 2143 4372 EXPLICIT
2179 4328 2470 4369 PROLOGUS.

1574 4465 1983 4546 INCIPIT
2042 4464 2346 4544 LIBER
2401 4460 2815 4539 PRIMUS.

628 4593 680 4646 1.
721 4591 890 4664 Igitur
940 4594 1186 4651 martiris
1229 4594 1436 4654 Christi
1484 4596 1869 4653 Emmerammi
1918 4613 2148 4667 corpore
2181 4586 2225 4638 Ῑ)
2251 4597 2502 4677 rentibus
2533 4595 2769 4666 presidia
2792 4594 2989 4650 divinae
3023 4590 3257 4664 pietatis,
3284 4589 3504 4645 tandem
3530 4588 3709 4644 multo
3731 4587 3834 4645 sub

546 4693 714 4738 sacro
734 4685 877 4754 apud
904 4684 1258 4742 Ratisbonam
1278 4688 1578 4744 honoriﬁce
1609 4691 1857 4756 humato,
1887 4698 1941 4745 et
1964 4690 2032 4743 ad
2057 4705 2143 4745 se-

552 4774 844 4844 pulchrum
872 4777 994 4847 ejus
1029 4779 1256 4834 minime
1289 4778 1557 4836 fraudatis
1590 4781 1719 4836 ﬁdei
1753 4782 1951 4837 merito
1988 4796 2141 4851 quae-

2250 4689 2568 4757 hujusmodi
2596 4687 2876 4743 beneﬁciis
2905 4695 3152 4754 tempore
3172 4684 3411 4749 evoluto,
3433 4681 3683 4737 ecclesia:
3710 4695 3833 4751 pre-

2250 4781 2494 4835 sulatum
2518 4779 2764 4849 ejusdem
2789 4777 2875 4831 vir
2898 4775 3241 4829 venerandus
3262 4772 3561 4845 regendum
3590 4770 3834 4843 suscepit

1845 4975 2081 5033 VARUS
2124 4974 2527 5033 LECTIONES.

630 5112 671 5143 ¹¹
712 5112 839 5168 Hcce
863 5115 1140 5187 inscriptio
1183 5118 1325 5172 deest
1355 5119 1404 5173 1.
1528 5119 1570 5150 ¹³
1609 5119 1836 5174 Numeri
1855 5121 2048 5175 desunt
2089 5121 2140 5176 1.

2086 5207 2314 5260 NOTAE.
