4104 5260
322 216 429 273 997

1037 211 1126 267 DE
1162 211 1541 267 MIRACULIS
1581 212 1638 267 S.
1682 209 2104 266 EMMERAMMI
2143 208 2325 265 LIBRI
2364 208 2523 266 DUO.
2554 240 2625 251 ———
2658 209 2785 266 LIB.
2827 210 2866 266 1.

3497 216 3600 274 998

318 325 658 393 Gaubaldus,
695 336 821 382 ante
864 341 1030 396 quem
1085 343 1193 382 non
1244 328 1422 381 solum
1464 327 1577 381 haec
1611 327 1801 382 eadem
1833 327 1900 383 de
1929 331 1975 387 Α
1999 325 2131 381 dum
2164 326 2270 381 sibi
2313 326 2521 383 credita
2559 326 2770 382 foveret
2810 340 3023 381 necnon
3068 328 3363 400 adaugeret
3406 331 3596 398 ovilia,

317 436 427 491 qua
453 437 603 475 nunc
634 420 792 475 nobis
826 429 911 474 est
942 436 1145 487 sermo,
1184 422 1278 476 sed
1305 430 1358 474 et
1382 429 1577 475 cetera:
1608 421 1663 475 in
1698 421 1898 491 Bajoa-

314 513 401 567 ria
440 512 649 581 absque
684 511 848 566 certis
880 512 1155 581 episcopis
1188 521 1313 581 post
1337 512 1381 543 ¹³
1409 511 1654 566 Romana
1684 512 1727 543 ¹³
1762 521 1901 566 tem—

313 617 452 673 pora
478 603 521 635 ¹³
550 612 703 658 erant
731 603 998 658 ecclesia.
1037 603 1354 677 Quia‘enim
1384 618 1559 672 nuper
1585 603 1901 658 christiani-

312 704 485 750 tatem
520 704 841 765 acceperant
878 693 1083 759 Norici,
1116 694 1459 749 immiserant
1498 709 1558 749 se
1603 694 1709 748 illis
1741 695 1901 749 here-

315 787 434 852 tici,
473 787 593 856 qui,
616 796 678 840 ut
698 786 755 840 in
779 786 903 841 aliis
924 786 1245 856 regionibus
1276 784 1454 840 facere
1481 792 1898 851 consueverant,

312 877 399 933 fas
434 878 508 931 ibi
535 876 799 947 nefasque
826 876 1206 932 confuderant.
1233 875 1439 931 Horum
1476 876 1588 947 (46)
1611 877 1701 931 alii
1728 892 1786 932 se
1811 875 1898 929 di-

312 976 501 1022 centes
530 968 822 1037 episcopos
846 983 992 1033 esse,
1033 968 1126 1021 alii
1170 968 1539 1038 presbyteros,
1568 967 1662 1021 alii
1697 966 1900 1022 diversi

310 1059 526 1114 ordinis
549 1059 802 1124 clericos,
827 1059 1246 1113 adinventiones
1276 1075 1406 1113 suas
1438 1059 1652 1113 technis
1681 1058 1905 1128 quibus—

309 1150 440 1204 dam
480 1150 877 1215 subornabant,
906 1150 1096 1219 sicque
1122 1152 1382 1220 populum
1408 1166 1533 1205 cum
1562 1150 1901 1220 principibus

307 1255 409 1310 per
448 1242 636 1311 plures
673 1256 851 1296 annos
879 1242 1232 1296 seducebant.
1265 1240 1477 1311 Quippe
1508 1242 1599 1295 hic
1623 1257 1777 1296 error
1810 1242 1903 1296 bo-

308 1335 399 1387 nis
422 1334 928 1400 omnibusinvisus,
958 1336 1101 1389 seda
1131 1335 1405 1404 perversis
1434 1334 1901 1404 periculosissime

305 1426 560 1494 annisus,
591 1427 827 1481 maxime
858 1427 1094 1481 adolevit
1114 1427 1218 1481 sub
1253 1427 1506 1491 ducibus,
1529 1440 1765 1495 quorum
1798 1441 1899 1480 no-

306 1516 462 1570 mina
492 1518 691 1586 partim
723 1518 1065 1589 ignoramus,
1095 1518 1293 1587 partim
1316 1517 1451 1571 scita
1472 1518 1697 1572 cautelae
1725 1516 1899 1586 gratia

304 1609 753 1676 supersedemus.
804 1608 1167 1679 Temporibus
1213 1618 1457 1675 autem;
1487 1609 1688 1678 quibus
1734 1617 1900 1663 tantee

2002 417 2145 472 inter
2174 426 2375 485 cetera,
2406 434 2529 488 quae
2566 418 2703 473 bene
2739 419 3011 488 disposuit
3051 429 3105 474 et
3138 423 3435 490 ordinavit,
3467 439 3598 493 con;-

2003 508 2188 562 silium
2232 509 2356 563 iniit
2382 510 2496 579 (53)
2526 525 2653 564 cum
2691 510 2859 576 clero,
2890 526 3002 580 quo
3031 513 3381 581 sepulchrum
3413 515 3598 584 aperi-

2001 609 2084 653 ret
2105 600 2267 654 beato
2287 599 2713 656 Emmerammo.
2740 601 2899 668 Quod
2927 602 3137 658 crebris
3170 604 3453 661 miraculis
3476 607 3597 662 fleri

2001 690 2199 746 debere
2230 692 2674 761 clamitantibus,
2719 695 3030 749 communis
3061 695 3309 749 omnium
3349 713 3596 766 compro-

2002 782 2151 836 bavit
2177 799 2459 839 assensus.
2492 783 2635 851 Quid
2670 785 2866 855 plura?
2907 785 3006 840 Die
3040 795 3248 841 statuto
3275 789 3597 842 translatio-

2001 875 2090 929 nis
2120 884 2176 929 et
2207 876 2530 930 elevationis
2578 885 2906 931 cunctorum
2948 886 3074 932 vota
3121 888 3490 945 concurrunt;
3524 881 3592 934 ad

2001 963 2192 1020 laudes
2235 967 2511 1033 martiris,
2545 975 2698 1022 tanto
2732 977 2973 1038 tempore
3013 969 3154 1023 inter
3198 970 3458 1025 mortales
3489 971 3595 1024 sub

2001 1057 2339 1128 neglegentia
2369 1059 2725 1128 quiescentis.
2767 1060 3058 1115 innumera
3105 1076 3271 1115 sexus
3299 1061 3592 1130 utriusque

2000 1155 2182 1201 turma
2211 1147 2567 1202 confluxerat.
2601 1149 2681 1203 Ad
2709 1164 2794 1215 ea,
2814 1164 2937 1218 quae
2954 1164 3095 1219 saape
3118 1150 3428 1215 audierant,
3451 1166 3595 1204 mar-

2000 1238 2123 1292 tiris
2153 1238 2417 1294 beneﬁcia
2447 1240 2650 1295 clarius
2680 1240 2933 1306 videnda,
2958 1239 3223 1295 festinant
3248 1242 3456 1307 cuncti,
3486 1256 3591 1295 no—

1999 1329 2085 1383 vis
2129 1329 2394 1384 interesse
2440 1330 2658 1401 gaudiis
2712 1340 3011 1401 properant
3042 1331 3305 1386 universi.
3357 1330 3590 1386 Demnm

1998 1422 2157 1476 electi
2206 1424 2521 1478 sacerdotes
2564 1439 2691 1479 cum
2737 1424 3066 1479 diaconibus
3097 1439 3160 1478 ac
3192 1424 3318 1478 aliis
3347 1424 3415 1478 ad
3460 1439 3590 1494 ape—

1997 1514 2251 1569 riendum
2275 1515 2623 1584 sepulchrum
2655 1516 3005 1581 necessariis,
3036 1516 3299 1585 populum
3327 1524 3481 1570 extra
3505 1530 3592 1571 ec-

2001 1606 2226 1660 clesiam
2270 1606 2563 1676 ejecerant,
2591 1592 2655 1661 et
2686 1608 2827 1662 ostia
2866 1608 3011 1661 intro
3070 1607 3211 1662 seris
3242 1607 3582 1662 munierunt.

304 1700 450 1768 pesti
477 1701 714 1755 remedia
743 1702 1097 1770 parabantur,
1131 1701 1186 1755 hi
1208 1701 1376 1755 duces
1406 1700 1854 1769 principabantur
1879 1719 1892 1755 :
1929 1684 1971 1742 Β
1997 1696 2246 1767 Cumque
2276 1699 2631 1753 tremebunda
2677 1699 2942 1769 religione
2965 1713 2996 1751 a
3023 1698 3313 1767 sepulchro
3352 1698 3586 1751 humum

302 1790 470 1844 Dioto
505 1791 735 1855 scilicet,
780 1792 864 1845 vir
907 1792 1140 1857 illuster,
1169 1793 1256 1846 cui
1288 1793 1383 1846 lilii
1430 1793 1486 1846 in
1514 1808 1744 1862 regnum
1786 1807 1897 1846 non

304 1891 711 1936 successerant.
762 1882 894 1937 Item
942 1884 1084 1939 alius
1118 1882 1361 1947 Theodo,
1414 1884 1499 1938 vir
1544 1893 1802 1938 strenuus
1843 1893 1899 1939 et

301 1973 510 2038 alacer,
548 1974 652 2028 sub
675 1990 786 2043 quo
815 1976 1157 2030 clarissimus
1189 1976 1230 2007 “
1256 1975 1458 2030 Christi
1484 1976 1525 2007 ³⁸
1551 1975 1836 2031 confessor
1854 1976 1896 2008 ¹⁸

306 2061 653 2134 Routpertus
678 2066 721 2096 ¹³
762 2082 888 2120 cum
924 2066 967 2096 “
999 2068 1124 2121 aliis
1156 2067 1198 2099 ¹⁵
1235 2066 1327 2121 Dei
1379 2068 1422 2098 ¹³
1459 2068 1818 2123 servitoribus
1852 2069 1897 2100 ¹³

299 2151 596 2208 Juvavium
637 2156 679 2186 ¹³
706 2156 925 2211 devenit
956 2156 1019 2223 ¹³,
1068 2157 1252 2227 ibique
1283 2157 1326 2188 ¹³
1352 2173 1576 2212 cursum
1602 2158 1645 2189 “
1674 2174 1897 2227 presen-

301 2245 377 2299 tis
427 2244 471 2275 ⁸³
517 2245 640 2327 vita:
691 2245 733 2276 ¹³
786 2248 1194 2301 consummavit
1235 2248 1278 2279 ¹³
1308 2247 1441 2317 (47).
1479 2246 1593 2302 Sub
1634 2249 1678 2279 ¹³
1706 2266 1817 2318 quo
1851 2248 1895 2280 ¹³

300 2345 532 2390 sanctus
574 2336 616 2367 "
650 2335 1022 2393 Corbinianus
1055 2340 1097 2370 ⁸³
1128 2339 1458 2411 Frisingiam
1492 2341 1534 2372 ¹³
1574 2344 1809 2397 accessit
1852 2342 1895 2375 “

304 2427 443 2493 (48).
478 2425 529 2480 ls
554 2442 684 2497 ergo
712 2428 823 2485 dux
858 2428 900 2459 ³³
931 2429 1073 2484 lilios
1104 2430 1294 2484 habuit
1320 2446 1673 2487 successores
1709 2433 1765 2486 in
1804 2449 1893 2488 re-

302 2531 435 2586 gno,
473 2515 817 2586 Diotpertum
867 2519 1120 2574 videlicet
1162 2528 1327 2589 atque
1363 2519 1734 2588 Grimaldum;
1772 2531 1896 2591 post

303 2624 448 2676 quos
495 2608 757 2662 ducatum
796 2610 944 2680 genti
996 2611 1125 2665 huic
1161 2611 1378 2680 prcbuit
1421 2610 1752 2678 llucbertus,
1799 2614 1895 2682 qui

302 2695 466 2751 beato
498 2696 735 2769 Georgio
765 2707 821 2753 et
848 2707 1039 2753 sancto
1067 2698 1474 2753 Emmerammo
1510 2701 1613 2754 sub
1653 2702 1893 2769 quodam

303 2787 569 2843 Rathario
590 2791 891 2844 adventitio
921 2791 1177 2860 episcopo
1191 2791 1487 2846 donaverat
1514 2800 1746 2857 curtem,
1772 2808 1895 2861 qua:

304 2879 360 2933 in
385 2879 627 2948 pitaciis,
646 2896 677 2935 e
698 2881 903 2950 quibus
920 2882 1036 2935 bzec
1060 2883 1455 2951 excerpsimus,
1473 2881 1891 2937 Pirchinwanch

304 2982 661 3043 nuncupatur
698 2973 833 3045 (49).
881 2972 1056 3043 Hujus
1100 2974 1213 3045 (50)
1247 2974 1397 3045 atqui
1436 2975 1592 3030 ducis
1632 2975 1891 3044 tempori-

1996 1790 2374 1858 resolvissent,
2408 1806 2621 1845 necnon
2653 1791 2820 1845 etiam
2852 1789 3088 1860 lapidem
3120 1791 3525 1860 superpositum
3555 1805 3587 1844 ι

1994 1891 2149 1952 parte
2182 1866 2375 1937 dextra
2412 1882 2470 1936 in
2506 1882 2698 1937 hevam
2728 1882 3137 1937 submovisscnt
3175 1896 3438 1936 mensura
3471 1890 3591 1935 tan-

1997 1982 2113 2028 tum
2137 1974 2296 2043 quasi
2321 1974 2490 2043 palmi
2507 1983 2560 2028 et
2577 1974 2769 2040 semis,
2796 1974 2964 2027 timor
2987 1988 3153 2042 super
3187 1988 3379 2028 omnes
3402 1972 3585 2038 irruit,

1996 2066 2069 2120 ita
2093 2074 2154 2120 ut
2175 2081 2271 2136 pre
2299 2081 2499 2135 pavore
2521 2065 2693 2119 nimio
2723 2064 3090 2119 laborantium
3115 2080 3314 2119 manus
3339 2080 3367 2118 a
3408 2064 3589 2133 lapide

1995 2157 2330 2212 laberentur.
2366 2156 2444 2211 Ex
2466 2172 2578 2227 quo
2611 2164 2822 2212 terrore
2851 2156 3089 2226 perculsi
3119 2155 3445 2224 viribusque
3466 2154 3586 2209 dis-

1996 2249 2184 2314 soluti,
2236 2248 2292 2302 in
2322 2257 2526 2303 terram
2567 2248 2902 2303 ceciderunt.
2950 2246 3106 2302 Unus
3136 2255 3321 2301 autem
3357 2263 3424 2300 ex
3454 2245 3585 2311 illis,

1995 2341 2088 2411 qui
2119 2357 2148 2395 a
2176 2341 2384 2395 dextris
2409 2340 2648 2406 stabant,
2681 2348 2873 2409 pectus
2894 2339 3060 2408 lapidi
3092 2354 3430 2409 supponens.
3451 2346 3589 2391 tam-

1994 2431 2089 2485 diu
2121 2430 2274 2485 solus
2304 2431 2474 2496 hunc,
2509 2446 2633 2485 cum
2661 2438 2807 2485 esset
2832 2430 3046 2500 ingens,
3081 2429 3227 2483 haud
3263 2445 3359 2484 sua
3387 2431 3589 2485 valitu--

1994 2521 2121 2576 dine
2146 2521 2509 2586 sustentabat,
2541 2535 2831 2589 quousque
2869 2519 3035 2573 ceteri
3063 2533 3224 2587 posse
3246 2526 3589 2574 resumerent

1994 2620 2049 2667 et
2077 2612 2450 2665 succurrendo
2481 2626 2677 2665 manus
2701 2611 2768 2665 ad
2793 2610 3007 2679 incepta
3036 2618 3405 2664 consererent.
3434 2609 3588 2665 Tunc

1996 2712 2145 2759 tanta
2171 2705 2447 2759 celeritate
2475 2712 2530 2758 et
2557 2705 2853 2759 securitate
2879 2710 3223 2769 amoverunt,
3255 2719 3319 2757 ac
3350 2703 3398 2757 si
3439 2704 3495 2757 in
3526 2719 3586 2758 se

1994 2797 2281 2867 gravitatis
2330 2796 2547 2866 pondus
2579 2796 2806 2849 minime
2855 2794 3099 2848 haberet.
3134 2792 3275 2859 Quid
3321 2809 3452 2847 vero
3480 2794 3588 2849 hoc

1993 2889 2209 2944 trifario
2238 2889 2506 2943 miraculo
2536 2889 2881 2953 insinuatur,
2929 2887 3037 2941 nisi
3087 2887 3231 2956 quod
3261 2887 3585 2956 prophetico

1992 2996 2086 3035 ore
2114 2980 2425 3050 predicatur
2451 2997 2464 3033 :
2493 2978 2762 3032 Mirabilis
2790 2977 2931 3032 Deus
2957 2979 3013 3031 in
3046 2979 3245 3031 sanctis
3267 2979 3413 3042 suis;
3440 2978 3581 3031 Deus

301 3063 409 3119 bus
429 3042 995 3135 beatissimuspresul
1024 3042 1342 3120 Bonifacius
1379 3066 1450 3120 ob
1477 3082 1686 3131 curam,
1719 3042 1888 3135 quam
1916 3042 1957 3097 θ
1993 3042 2167 3124 Israel
2214 3072 2323 3140 ipse
2369 3069 2519 3123 dabit
2562 3070 2809 3127 virtutem
2851 3078 2900 3123 et
2948 3068 3356 3138 fortitudinem?
3403 3066 3580 3138 (Psal.

303 3156 452 3211 circa
492 3172 623 3212 oves
665 3155 983 3212 Dominicas
1020 3156 1215 3211 habuit
1258 3157 1575 3221 maximam,
1610 3157 1891 3227 ingressus

303 3247 619 3319 Bajoariam
648 3249 947 3304 nonnullos
971 3249 1337 3304 hereticorum
1365 3263 1432 3303 ex
1451 3262 1516 3302 ea
1541 3248 1774 3317 depulit;
1795 3249 1889 3303 sed

301 3358 399 3399 eos
434 3344 784 3415 generaliter,
838 3344 917 3398 uti
968 3344 1163 3410 voluit,
1216 3342 1501 3398 eliminare
1543 3357 1653 3396 non
1689 3343 1887 3412 potuit.

303 3434 427 3501 Quo
464 3434 754 3490 Franciam
791 3451 1014 3490 reverso
1061 3443 1117 3490 et
1164 3433 1375 3506 prefato
1423 3433 1561 3488 duce
1609 3431 1886 3499 defuncto,

304 3527 411 3581 sub
455 3526 705 3597 principe
734 3527 932 3597 Pipino
970 3529 1149 3598 gentis
1183 3528 1348 3595 hujus
1374 3527 1632 3581 ducatum
1663 3526 1890 3595 adeptus

301 3625 388 3672 est
416 3615 596 3671 Udilo.
621 3616 725 3683 Qui
755 3618 867 3688 (5i)
894 3618 1080 3673 missis
1105 3619 1160 3672 in
1192 3617 1402 3672 Italiam
1437 3617 1733 3687 legatariis,
1763 3633 1890 3673 san-

302 3718 453 3763 ctum
487 3707 830 3764 Bonifacium
857 3710 1068 3780 rogavit
1094 3725 1124 3764 e
1160 3709 1335 3765 Roma
1369 3717 1731 3765 revertentem
1773 3709 1885 3779 (an.

303 3799 454 3871 759),
490 3801 637 3871 quod
662 3801 844 3857 denuo
878 3800 1106 3857 Noricas
1129 3811 1318 3873 gentes
1356 3803 1460 3858 sub
1496 3818 1593 3858 sua
1622 3811 1889 3872 potestate

300 3891 624 3961 dignaretur
649 3892 874 3947 visitare
917 3894 1197 3964 degentes.
1228 3893 1400 3963 Cujus
1430 3894 1690 3963 legationi
1721 3903 1776 3949 et
1804 3895 1889 3948 ni-

300 3981 604 4040 hilominus
628 3985 880 4053 petitioni
911 3985 1142 4040 libenter
1170 4002 1421 4041 annuens
1444 3985 1553 4041 Deo
1574 3986 1769 4056 plenus
1795 4002 1890 4041 an-

301 4071 482 4137 tistes,
513 4072 900 4143 inBajoariam
929 4075 1323 4146 profectionem
1342 4078 1628 4143 accelerat,
1658 4094 1886 4148 sperans

302 4179 363 4219 se
390 4174 766 4221 correcturum
801 4169 948 4237 quod
974 4178 1099 4223 ante
1126 4184 1237 4224 non
1268 4178 1499 4239 poterat.
1530 4169 1630 4225 Hic
1651 4170 1884 4227 Domino

301 4265 634 4326 cooperante
665 4273 731 4313 ac
760 4258 972 4328 prefato
1004 4260 1142 4315 duce
1187 4262 1550 4331 asstipulante
1597 4263 1661 4329 ⁸⁵,
1706 4263 1881 4318 eccle-

300 4349 528 4404 siastica
554 4349 680 4420 jura
719 4351 1038 4417 decernens,
1085 4353 1301 4422 penitus
1329 4353 1651 4423 exstirpavit
1679 4353 1881 4409 hereti-

300 4455 419 4507 cos,
461 4450 517 4496 et
560 4443 846 4498 universos
891 4442 1098 4512 fugavit
1126 4444 1489 4501 scismaticos.
1536 4443 1882 4500 Provinciam

298 4547 432 4587 vero
463 4533 519 4587 in
548 4535 868 4603 parrochias
896 4535 1104 4602 divisit,
1128 4543 1182 4590 et
1201 4536 1488 4606 episcopos
1510 4536 1566 4590 in
1597 4537 1685 4592 his
1716 4552 1883 4594 cano-

300 4624 425 4679 nica
469 4626 814 4682 ordinatione
852 4627 1159 4681 constituit.
1199 4626 1343 4683 Inter
1390 4643 1531 4699 quos
1574 4628 1881 4698 predictum

301 4714 642 4772 Caubaldum
677 4716 1127 4788 Hiatospolitanaa
1161 4719 1275 4791 (52)
1320 4720 1435 4776 sedi
1479 4718 1726 4789 prefecit.
1775 4719 1883 4787 Qui

1991 3179 2159 3227 LXVII,
2191 3162 2305 3231 36.)
2346 3158 2429 3214 Ob
2456 3159 2816 3214 reverentiam
2847 3158 2992 3212 enim
3025 3158 3112 3212 sui
3137 3158 3380 3212 martiris
3402 3158 3583 3213 virtus

1989 3253 2257 3307 Altissimi
2291 3253 2391 3307 hos
2423 3252 2740 3305 terribiliter
2766 3251 2979 3315 stravit,
3010 3250 3103 3304 sed
3126 3251 3193 3304 ad
3228 3251 3347 3319 ejus
3390 3251 3580 3307 laudes

1987 3346 2047 3400 in
2077 3362 2129 3415 p1
2144 3345 2337 3400 istiuas
2366 3343 2511 3407 vires
2542 3342 2868 3396 mirabiliter
2890 3341 3240 3395 restauravit.
3276 3340 3459 3395 Tertio
3483 3344 3579 3396 uni

1990 3437 2163 3492 sacris
2215 3435 2495 3492 cineribus
2548 3434 2837 3489 famulanti
2891 3433 3192 3503 impertivit
3240 3432 3579 3488 fortitudinis

1988 3543 2193 3582 munus
2224 3528 2291 3581 ad
2321 3526 2548 3596 gloriam
2585 3525 2830 3579 nominis
2868 3524 2975 3590 sui,
3029 3524 3123 3593 qui
3167 3532 3253 3578 est
3298 3524 3475 3578 trinus
3525 3532 3581 3578 et

1990 3637 2154 3675 unus.
2180 3619 2289 3674 Pro
2316 3634 2427 3689 quo
2452 3619 2728 3689 tnplicato
2760 3618 2919 3687 signo
2950 3618 3261 3672 sacerdotes
3284 3618 3577 3672 venerandi

1989 3712 2197 3783 gratias
2244 3718 2470 3781 agentes
2503 3711 2662 3764 alma:
2701 3706 2976 3774 Trinitati,
3022 3723 3148 3762 cum
3196 3724 3395 3779 magno
3447 3709 3575 3764 cleri

1988 3804 2284 3874 populique
2324 3803 2565 3873 tripudio
2602 3800 3088 3871 incomparabilem
3119 3801 3407 3870 purpurati
3448 3815 3577 3855 cor-

1988 3897 2138 3966 poris
2170 3897 2491 3951 thesaurum
2516 3910 2547 3949 e
2575 3893 2818 3959 tumulo,
2862 3907 2972 3962 quo
3002 3900 3232 3947 eatenus
3261 3891 3577 3946 reconditus

1986 3995 2123 4055 erat,
2161 3986 2490 4053 auferentes,
2544 3986 2598 4041 in
2638 3993 3055 4040 monumentum
3087 3998 3291 4037 novum
3344 3998 3576 4038 venera-

1985 4080 2095 4135 bile
2135 4078 2562 4147 transtulerunt;
2606 4077 2753 4148 quod
2780 4077 2847 4131 ad
2888 4075 2942 4130 id
2989 4074 3124 4130 satis
3179 4083 3435 4130 accurate
3459 4075 3574 4144 jam

1985 4180 2336 4243 paraverunt.
2361 4170 2419 4224 In
2445 4186 2558 4241 quo
2579 4169 2858 4240 principes
2885 4167 3003 4222 auri
3028 4166 3263 4221 laminas
3287 4174 3341 4221 et
3364 4166 3577 4236 argenti

1986 4272 2254 4335 apparatu
2280 4263 2655 4334 pulcherrimo
2684 4260 2934 4316 fecerunt
2962 4258 3125 4330 alligi,
3172 4272 3375 4328 easque
3424 4271 3576 4328 gem-

1984 4372 2199 4410 marum
2228 4357 2419 4411 ordine
2439 4355 2594 4409 vario
2616 4352 2901 4423 distingui.
2931 4350 3177 4417 Quorum
3208 4348 3496 4419 spiritibus
3520 4356 3576 4402 et

1986 4448 2146 4503 nobis
2179 4448 2345 4503 simul
2372 4446 2753 4517 peccatoribus
2780 4461 2876 4515 per
2909 4444 3334 4498 intercessiones
3375 4440 3574 4496 claris-

1986 4539 2111 4595 simi
2136 4537 2223 4594 sui
2255 4539 2412 4594 testis
2446 4536 2834 4592 Emmerammi
2856 4536 3109 4606 dignetur
3141 4532 3410 4587 Dominus
3442 4547 3572 4601 pro-

1985 4629 2197 4699 pitiat‘i!

2056 4722 2113 4776 2.
2155 4720 2390 4787 Quidam
2412 4720 2495 4774 vir
2519 4720 2573 4775 in
2603 4718 2949 4790 Frisingensi
2981 4714 3281 4791 episcopio,
3314 4713 3576 4785 quoniam

1624 4849 1858 4906 VARIIE
1887 4849 2183 4906 LECTION
2191 4850 2293 4905 ES.

349 4977 356 4983 -
384 4939 429 5011 ‘_'
463 4937 592 5005 Qua:
610 4942 663 4996 in
684 4942 865 4997 codice
894 4941 958 4995 ab
983 4943 1214 4998 Arnoldo
1238 4949 1356 5011 post
1380 4940 1569 5011 addite
1603 4949 1725 5011 sunt
1754 4956 1954 5010 semper
1979 4940 2160 5011 littera
2182 4954 2215 4994 a
2241 4939 2439 4993 notavi.
2471 4937 2726 5011 Attamen
2754 4954 2859 5011 non
2884 4934 3044 5011 plane
3068 4941 3303 5001 constat,
3332 4947 3402 5011 gn
3427 4928 3582 5010 verba

300 5024 356 5079 p.
393 5000 528 5064 th.
574 5012 676 5082 ipsi
704 5011 942 5066 Arnoldo
972 5000 1280 5070 debeantur.
1360 5010 1403 5041 “
1427 5009 1635 5064 Christi
1669 5040 1741 5048 —
1768 5000 2001 5068 accessit
2046 5012 2103 5064 in
2139 5010 2253 5065 loco
2287 5025 2407 5064 raso
2436 5015 2489 5061 et
2545 5008 2604 5060 in
2635 5000 3111 5078 margine'scripta
3147 5000 3291 5070 esse,
3326 5000 3585 5068 Foringer

304 5082 523 5135 monuit.
601 5082 642 5115 “
664 5082 962 5152 stipulantc
982 5102 1121 5141 corr.
1154 5082 1345 5149 asstip.
1376 5082 1424 5135 1.

1780 5190 2013 5251 NOTAE.
