4104 5260
299 260 430 322 1001

1003 245 1090 315 in:
1130 258 1508 317 MIRACULIS
1547 259 1604 317 s.
1642 259 2063 318 BIMERAMMI
2104 261 2284 317 1.qu
2321 259 2481 318 uno.
2521 287 2589 304 μ-
2627 263 2756 319 un.
2796 263 2835 317 ι.

3415 260 3555 316 1002

291 375 395 431 Cui
427 377 626 432 iterum
650 376 748 446 qui
768 376 985 432 astabat
1019 377 1305 448 adjunxit:
1334 397 1352 429 ι
1390 376 1586 449 Surge,
1623 394 1692 434 ne
1713 379 1879 434 harsi-
1906 381 1953 438 Α
1978 393 2100 432 eam
2135 387 2535 445 convenerunt;
2566 393 2630 433 ac
2662 379 2902 448 primum
2937 375 3295 442 obsecrando,
3319 375 3441 432 dein
3467 375 3555 431 in-

289 476 398 534 tcs,
431 465 527 524 sed
572 483 726 523 sume
776 483 971 538 panem
1003 470 1242 539 positum
1292 470 1346 524 in
1381 471 1664 527 caenaculo
1711 486 1876 540 supe-

289 557 448 623 riori,
482 567 535 612 et
561 558 675 627 ipse
702 557 932 612 suﬂiciet
976 559 1031 613 in
1058 558 1379 614 alimentum
1429 559 1558 626 tibi,
1603 558 1672 614 ad
1700 557 1878 629 perfe-

290 651 531 704 ctionem
559 649 773 705 itineris
802 649 899 706 tui.
933 670 951 701 ι
997 648 1088 704 Vir
1116 661 1300 705 autem
1324 661 1448 720 post
1482 660 1691 706 tantam
1715 651 1880 706 visio-

289 753 418 792 nem
451 740 887 812 expergefactus,
935 749 989 795 et
1027 740 1367 810 aliquamdiu
1397 741 1623 812 spiritus
1665 743 1879 797 occulta

291 842 596 898 scrutatus,
644 833 931 904 ignorabat
985 842 1170 886 utrum
1214 832 1492 888 dormiens
1541 849 1608 888 an
1643 833 1879 904 vigilans

291 919 438 979 hanc
468 906 738 996 acceperit
765 923 1242 980 ammonitionem.
1277 924 1527 980 Surrexit
1562 934 1748 980 tamen
1787 941 1878 980 se-

288 1014 534 1070 cundum
567 1015 807 1072 edictum
834 1018 1038 1089 vigilis,
1071 1025 1124 1072 et
1151 1033 1346 1088 panem
1383 1019 1438 1072 in
1481 1018 1765 1073 cmnaculo
1794 1034 1880 1073 re-

289 1105 453 1175 perit,
479 1114 586 1160 tam
611 1106 907 1162 candidum
936 1118 990 1164 et
1020 1110 1535 1180 saporum,qualem
1561 1119 1720 1164 antea
1739 1127 1881 1163 nun-

288 1184 459 1266 quam
477 1197 686 1253 viderat
715 1199 799 1253 vel
833 1199 1275 1255 manducaverat.
1311 1199 1485 1267 Quem
1504 1201 1669 1256 etiam
1693 1217 1879 1256 secum

293 1306 540 1357 sumens,
573 1301 626 1346 et
653 1302 847 1347 extera
876 1309 999 1364 qucc
1028 1295 1081 1348 in
1108 1293 1301 1348 eadem
1342 1293 1507 1347 domo
1537 1294 1882 1363 suppellecti-

292 1379 364 1435 lis
390 1391 566 1447 erant,
598 1381 672 1436 ibi
697 1383 1038 1454 relinquens,
1067 1394 1282 1439 tantum
1314 1385 1440 1440 tulit
1481 1386 1738 1440 vestitum
1766 1385 1881 1440 sin-

291 1471 558 1542 gularem,
603 1485 654 1527 et
680 1489 846 1544 quam
884 1491 1050 1529 manu
1077 1476 1285 1531 solebat
1314 1484 1528 1548 gestare
1565 1475 1877 1546 bipennem.

296 1563 672 1635 Regressurus
704 1578 885 1621 autem
916 1566 984 1622 ad
1022 1556 1373 1623 solitudinem
1402 1569 1506 1623 sub
1529 1567 1883 1624 festinatione

292 1654 554 1722 perrexit,
601 1654 956 1711 lachrimatas
1004 1672 1196 1728 preces
1234 1656 1468 1712 Domino
1505 1656 1770 1724 fundens,
1823 1668 1884 1714 ut

1981 469 2274 538 crepando,
2311 469 2530 523 demum
2567 469 2858 538 omnigeno
2893 476 3114 532 conatu,
3153 476 3212 521 ut
3240 467 3558 522 alimentum

1981 568 2241 624 sumeret,
2274 560 2711 630 angariavcrunt.
2752 557 2857 614 Sed
2883 559 2974 613 illa
3001 558 3222 630 perinde
3238 559 3416 614 modis
3438 575 3560 614 om-

1983 649 2143 703 nibus
2173 649 2449 716 universa,
2486 666 2608 720 qua:
2641 649 2826 704 mandi
2876 661 2930 706 et
2964 648 3076 704 bibi
3104 657 3374 718 possunt,
3397 665 3564 706 recu-

1981 740 2138 795 sabat
2162 741 2462 810 percipere,
2513 741 2620 796 cibi
2655 749 2926 812 potusque
2969 739 3115 796 fassa
3143 740 3560 796 delectationem

1981 849 2041 888 se
2087 834 2311 888 minime
2362 835 2581 888 habere.
2629 834 2928 905 Propinqui
2955 849 3086 888 vero
3131 833 3322 905 puellm
3359 849 3559 904 aquam

1981 926 2120 980 lacte
2165 923 2390 979 mixtam
2430 926 2512 980 ori
2546 941 2643 996 per
2665 926 2772 980 vim
2812 924 3159 980 infundentes
3204 927 3559 996 temptabant,

1980 1019 2026 1073 si
2060 1018 2199 1072 forte
2233 1019 2316 1072 vel
2362 1026 2577 1072 tenuem
2616 1018 2812 1088 glutire
2841 1025 3026 1088 posset
3059 1017 3346 1088 liquorem.
3392 1016 3564 1088 Cujus

1981 1120 2200 1182 gustum
2243 1111 2374 1165 dum
2429 1110 2596 1166 invita
2643 1111 2906 1176 sorberet,
2947 1119 3129 1165 erecto
3179 1111 3366 1166 statim
3421 1111 3565 1166 collo

1982 1206 2250 1276 sanguine
2307 1203 2620 1260 confectum
2674 1204 3008 1259 revomebat.
3069 1203 3222 1260 Tunc
3268 1214 3563 1274 parentes,

1981 1295 2127 1364 quod
2153 1296 2373 1366 quirent
2403 1294 2582 1351 facere
2627 1296 2964 1366 ignorantes,
2991 1295 3281 1352 consilium
3306 1295 3567 1362 inierunt,

1983 1399 2044 1443 ut
2072 1405 2191 1444 eam
2234 1389 2435 1460 Joscph
2478 1388 2818 1460 Frisingensi
2859 1388 3117 1460 episcopo
3160 1399 3569 1459 praesentariam.

1982 1487 2264 1549 sperantes
2293 1478 2415 1548 ejus
2466 1478 2793 1533 auctoritate
2836 1477 3004 1532 filiam
3037 1478 3317 1534 communi
3347 1479 3572 1534 reddere

1984 1570 2130 1624 vitae.
2178 1569 2426 1636 Quorum
2454 1570 2658 1641 spebus
2680 1569 2809 1624 dum
2842 1569 2930 1624 ille
2961 1569 3278 1626 satisfacere
3318 1579 3570 1629 tentaret.

1987 1663 2226 1733 puellam
2253 1664 2358 1718 sub
2388 1662 2707 1718 austeritate
2745 1678 3004 1732 arguens,
3035 1672 3096 1718 ut
3139 1663 3342 1731 ederet,
3372 1665 3568 1736 coegit.

291 1762 389 1816 per
425 1748 620 1803 merita
676 1749 971 1805 clarissimi
1027 1751 1286 1822 martyris
1331 1750 1721 1806 Emmerammi
1776 1752 1888 1808 iter
1919 1729 2081 1808 l3llla
2139 1763 2321 1808 autem
2376 1753 2539 1824 quasi
2593 1753 2920 1824 quisquilias
2973 1769 3129 1808 esum
3175 1762 3434 1824 potumve
3492 1772 3575 1812 re-

293 1855 457 1894 suum
485 1839 799 1911 dignaretur
840 1843 1176 1913 prosperari.
1209 1841 1368 1909 Quod
1397 1859 1491 1913 per
1533 1843 1678 1899 invia
1705 1854 1758 1899 et
1785 1843 1883 1900 de-

290 1942 461 1998 serta,
509 1934 586 1986 uti
631 1935 856 2004 optavit,
900 1937 1182 2007 prosperis
1211 1935 1491 1992 continuis
1525 1936 1720 1994 diebus
1750 1955 1887 2008 qua-

290 2028 600 2085 tuordecim
629 2047 768 2102 pene
793 2033 1108 2103 per-ficiens,
1158 2035 1378 2091 demum
1421 2036 1511 2091 die
1554 2038 1745 2108 quinta
1792 2037 1887 2094 de-

291 2120 460 2186 cima,
494 2120 628 2176 hora
657 2122 901 2192 ejusdem
924 2126 1084 2195 quasi
1105 2126 1260 2181 tertia
1289 2128 1534 2196 pervenit
1559 2129 1614 2182 in
1647 2139 1886 2184 montem

291 2224 488 2268 contra
514 2212 874 2272 Ratisbonam
899 2217 1042 2275 inter
1067 2217 1378 2275 Danubium
1402 2220 1666 2279 etlinbris
1685 2222 1887 2280 ﬂuenta

258 2297 264 2302 ’
289 2305 589 2375 jacentem.
652 2306 692 2361 Ε
742 2309 902 2380 cujus
959 2312 1182 2382 specula
1231 2314 1517 2370 vinearum
1561 2316 1887 2386 plantationi

294 2396 554 2467 contigua
631 2399 892 2470 martyris
936 2399 1172 2456 intuitus
1207 2403 1518 2468 ecclesiam,
1560 2421 1888 2477 magnorum

297 2485 552 2544 videlicet
590 2504 819 2559 Operum
866 2507 1078 2558 casam,
1121 2493 1421 2550 immensas
1464 2495 1577 2552 Deo
1621 2498 1892 2554 referebat

296 2581 525 2652 gratias.
544 2581 699 2639 Tunc
714 2582 1056 2641 descendens
1077 2585 1145 2641 de
1174 2598 1359 2642 monte
1376 2599 1539 2659 atque
1560 2590 1687 2645 navi
1708 2601 1891 2647 trans-

299 2675 473 2730 misso
516 2674 741 2732 ﬂumine
789 2694 914 2733 cum
955 2680 1169 2735 caeteris
1204 2682 1485 2736 turmatim
1517 2699 1583 2738 ac
1611 2685 1892 2741 nihilomi-

299 2783 406 2820 nus
439 2769 685 2822 certatim
712 2768 780 2823 ad
809 2771 1132 2826 memoriam
1161 2773 1420 2844 martyris
1443 2775 1816 2845 pergentibus,
1839 2787 1894 2832 et

300 2857 417 2927 ipse
458 2860 560 2914 sub
590 2861 739 2914 omni
781 2862 1058 2918 celeritate
1085 2874 1475 2934 properaverat
1501 2865 1681 2921 laetus.
1718 2866 1890 2922 Cum-

297 2967 405 3020 que
422 2951 515 3004 diu
540 2960 779 3022 Optatam
798 2953 1083 3025 ingressus
1105 2966 1251 3012 esset
1271 2958 1583 3025 ecclesiam,
1608 2959 1893 3015 adhrerens

299 3043 632 3112 pavimento,
660 3044 945 3101 lachr-imis
985 3057 1039 3101 et
1083 3049 1338 3117 precibus
1381 3049 1652 3112 satisfecit
1693 3052 1892 3106 trienni

302 3145 451 3190 voto.
506 3135 788 3207 Completa
841 3149 1026 3194 autem
1073 3141 1368 3196 missarum
1430 3142 1776 3211 solznnitate,
1816 3146 1896 3200 uti

300 3236 622 3296 competens
658 3238 794 3295 erat,
823 3228 1100 3285 dominica
1135 3229 1244 3297 die,
1277 3247 1443 3287 senex
1475 3225 1894 3305 religiosus‘ex-

301 3329 387 3373 tra
424 3319 632 3374 aditum
681 3323 926 3378 ecclesia:
970 3339 1248 3394 egressus,
1296 3342 1525 3396 panem,
1567 3327 1634 3382 de
1681 3344 1794 3398 quo
1817 3338 1898 3384 tot

301 3411 499 3466 diebus
527 3411 878 3468 refectionem
909 3415 1124 3481 habuit,
1153 3417 1425 3484 ostendit;
1453 3419 1744 3475 historiam
1774 3421 1896 3476 exi-

295 3503 362 3576 lii
399 3513 450 3558 et
499 3507 835 3562 reversionis
867 3508 1137 3579 veraciter
1177 3511 1462 3579 exposuit;
1516 3511 1656 3568 duas
1685 3514 1894 3584 portio-

307 3610 428 3680 nes,
478 3613 601 3666 qua:
631 3613 696 3652 ex
738 3599 998 3654 alimento
1048 3600 1459 3670 superfuerant,
1507 3603 1563 3656 in
1601 3614 1898 3675 conspectu

304 3683 478 3738 totius
511 3686 715 3755 populi,
747 3688 1080 3756 pauperibus
1103 3687 1323 3754 divisit,
1377 3691 1512 3746 tanti
1542 3693 1760 3761 patroni
1801 3693 1900 3748 be-

267 3769 501 3830 'neficia
536 3769 792 3833 clamavit
841 3778 896 3832 in
946 3791 1148 3834 :eterna
1205 3778 1322 3834 fore.
1370 3781 1566 3836 debere
1609 3783 1893 3837 memoria.

304 3869 448 3936 Quid
507 3886 671 3940 super
719 3871 826 3926 hoc
876 3870 1167 3927 dicendum
1207 3873 1293 3927 vel
1323 3863 1755 3950 ascribendum?
1787 3874 1896 3930 nisi

306 3961 454 4034 quod
512 3961 801 4018 Psalmista
873 3963 1006 4019 dicit
1061 3965 1379 4020 memoriale
1444 3967 1835 4038 sempiternum
1882 3987 1894 4020 :

313 4077 332 4106 ι
365 4055 563 4127 Magna
596 4067 688 4111 est.
709 4057 881 4128 gloria
921 4057 975 4112 in
1019 4059 1247 4113 salutari
1289 4068 1408 4126 tuo,
1454 4057 1682 4114 Domine
1718 4058 1893 4130 (Psal.

313 4147 441 4218 xx);
483 4170 500 4198 ι
541 4151 770 4221 gloriam
803 4161 853 4206 et
889 4167 1149 4223 magnum
1181 4152 1434 4207 decorem
1464 4152 1777 4222 imposuisti
1805 4168 1900 4207 su-

312 4256 406 4309 per
426 4255 573 4294 cum.
599 4236 644 4294 Ο
673 4238 802 4296 Jesu
828 4241 1079 4314 benigne,
1105 4242 1207 4296 hoc
1236 4251 1449 4298 tantum
1472 4241 1538 4297 ad
1573 4253 1624 4298 te
1653 4243 1757 4298 sub
1780 4243 1899 4312 ejus

278 4327 284 4332 ’
311 4332 621 4403 patrocinio
644 4332 770 4392 licet
800 4333 1004 4400 dicere,
1044 4343 1106 4388 ut
1133 4335 1276 4390 sicut
1303 4335 1457 4389 illum
1487 4333 1688 4390 dedisti
1710 4335 1900 4390 multis

1989 1845 2215 1914 spuens,
2243 1862 2354 1900 non
2385 1846 2567 1902 solum
2613 1845 2705 1900 illa
2733 1845 2821 1900 die
2859 1845 3133 1902 incmnata
3161 1848 3454 1914 remansit,
3479 1849 3575 1905 sed

1987 1942 2042 1988 et
2063 1934 2178 2004 jam
2210 1951 2411 1990 annum
2444 1935 2715 2008 integrum
2734 1934 2877 1992 haud
2893 1935 3101 2006 absque
3127 1952 3389 1992 manuum
3413 1953 3576 2008 Opere

1984 2026 2174 2096 jejuna
2207 2027 2516 2098 complevit.
2550 2028 2741 2085 Facies
2775 2045 2902 2084 vero
2940 2030 3088 2086 illius
3119 2030 3285 2087 nimis
3309 2041 3428 2086 erat
3456 2031 3573 2102 pal—

1991 2118 2099 2174 lida
2145 2128 2202 2175 ct
2249 2121 2532 2192 sanguinis
2582 2122 2871 2178 exhausta.
2929 2121 3087 2189 Quod
3143 2122 3366 2194 quidem
3417 2123 3577 2179 nobis

1989 2211 2145 2267 valde
2199 2213 2418 2280 mirum,
2445 2214 2539 2269 sed
2578 2214 2894 2270 incredibile
2938 2215 3152 2269 videtur
3173 2215 3373 2271 animis
3407 2215 3581 2272 homi-

1990 2319 2122 2359 num
2174 2313 2270 2360 aut
2320 2307 2547 2360 omnino
2596 2306 2906 2373 brutorum,
2953 2323 3053 2363 seu
3097 2308 3337 2363 caelestis
3366 2306 3577 2368 oraculi

1992 2393 2274 2462 speculum
2318 2395 2506 2450 minus
2541 2396 2686 2450 clare
2736 2393 3084 2452 intuitorum‘.
3133 2396 3248 2452 Non
3294 2397 3444 2453 enim
3488 2409 3580 2454 est

1992 2484 2330 2555 impossibile
2352 2487 2495 2557 apud
2530 2486 2825 2543 Dominum
2857 2503 3020 2543 omne
3049 2489 3274 2543 verbum
3297 2487 3458 2558 (Luc.
3512 2489 3577 2558 ι).

1993 2574 2059 2629 Et
2095 2576 2227 2631 illud
2281 2595 2294 2631 :
2339 2575 2534 2634 Omnia
2567 2595 2908 2651 quacunque
2943 2579 3116 2635 voluit
3149 2579 3416 2637 Dominus
3450 2579 3584 2636 fecit

1962 2669 2048 2744 ‘in
2078 2670 2218 2726 coelo
2248 2679 2304 2724 et
2339 2671 2394 2724 in
2439 2679 2582 2726 terra
2623 2671 2798 2743 (Psal.
2843 2674 3086 2743 cxxxrv).
3141 2671 3246 2740 Qui
3283 2674 3436 2729 solus
3481 2689 3583 2728 no-

1992 2761 2089 2828 vit,
2122 2778 2295 2832 quare
2333 2763 2499 2818 homo
2545 2779 2722 2820 caecus
2748 2774 2910 2821 natus
2935 2764 3120 2832 fuerit,
3164 2773 3220 2822 et
3243 2781 3342 2821 cur
3371 2774 3579 2822 tantam

1993 2870 2112 2908 rem
2135 2855 2189 2909 in
2223 2856 2545 2911 muliercula
2576 2855 2786 2925 fecerit,
2815 2859 3082 2930 cujusque
3111 2859 3320 2914 meritis
3347 2858 3578 2914 salutem

1995 2947 2117 3016 ejus
2143 2949 2442 3003 concedere
2470 2949 2660 3016 voluit,
2693 2959 2748 3005 et
2767 2950 2968 3021 quibus
2995 2951 3194 3015 voluit,
3235 2967 3330 3021 per
3357 2959 3582 3005 noctur-

1996 3057 2098 3095 nas
2132 3041 2376 3097 visiones
2421 3043 2720 3096 revelavit:
2755 3042 2883 3113 quia
2914 3043 3092 3112 puella
3127 3043 3453 3097 mortalibus
3483 3042 3594 3097 diu-

1998 3132 2275 3202 portentui
2317 3133 2526 3198 habita,
2567 3133 2635 3188 ad
2670 3135 2990 3190 memoriam
3031 3135 3302 3206 martyris
3355 3133 3580 3190 Emme-

1998 3225 2195 3278 rammi
2240 3225 2465 3279 deberet
2498 3225 2712 3280 deduci.
2763 3225 2918 3292 Quod
2954 3235 3015 3281 ut
3048 3227 3369 3297 parentibus
3423 3227 3583 3282 inno-

1999 3316 2122 3380 tuit,
2170 3330 2398 3384 propere
2433 3331 2498 3369 ac
2549 3315 2802 3371 alacriter
2834 3317 3001 3372 filiam
3048 3328 3421 3384 assumentes,
3451 3320 3580 3376 dum

2000 3403 2068 3457 ad
2100 3404 2312 3468 urbem,
2356 3420 2479 3474 qua:
2525 3420 2745 3460 sacrum
2789 3407 2912 3476 ejus
2958 3421 3159 3478 corpus
3210 3408 3580 3477 amplectitur,

1998 3494 2273 3564 proﬁcisci
2322 3495 2558 3562 vellent,
2607 3496 2703 3552 sed
2744 3498 2817 3552 ob
2851 3499 3064 3556 itineris
3109 3499 3475 3570 prolixitatem
3507 3498 3588 3553 ire

1999 3584 2322 3651 diffiderent,
2355 3601 2539 3641 secum
2571 3602 2692 3642 eam
2723 3589 2932 3644 ducunt
2967 3591 3037 3647 ad
3070 3590 3272 3657 locum,
3313 3591 3403 3646 ubi
3432 3592 3589 3648 testis

1999 3675 2176 3732 fidelis
2199 3687 2563 3748 purpuratum
2589 3679 2799 3750 accepit
2833 3681 3083 3752 martyrii
3125 3679 3482 3752 triumphum.
3527 3681 3588 3738 in

1999 3783 2110 3839 quo
2141 3778 2202 3823 ut
2227 3768 2344 3824 solo
2372 3777 2533 3824 tenus
2555 3770 2864 3838 humiliata,
2892 3787 2991 3842 pro
3016 3788 3178 3843 posse
3195 3781 3252 3828 et
3274 3789 3437 3829 nosse
3457 3789 3586 3828 ora-

1999 3861 2097 3926 vit,
2128 3870 2309 3917 erecta
2335 3862 2528 3933 surgit,
2557 3878 2756 3934 panem
2784 3865 2983 3934 poscit,
3012 3865 3107 3936 qui
3132 3881 3256 3921 cum
3286 3866 3458 3933 adest,
3479 3874 3590 3922 stat

2002 3969 2134 4009 sana
2161 3962 2338 4009 etest.
2368 3953 2667 4011 Christiani
2708 3958 2804 4028 qui
2831 3957 3080 4025 aderant,
3109 3959 3383 4015 mirabilia
3419 3959 3586 4016 Chri—

2001 4045 2069 4100 sti
2095 4044 2362 4114 videntes,
2388 4047 2684 4104 laudabant
2705 4065 2852 4115 eum,
2870 4050 3034 4105 etiam
3061 4061 3192 4107 tunc
3217 4053 3468 4110 fortassis
3494 4069 3592 4108 vo-

2001 4131 2327 4202 ciferantes;
2369 4151 2472 4193 nos
2502 4153 2633 4194 vero
2661 4139 2844 4210 ipsum
2869 4140 3246 4197 collaudamus
3284 4157 3451 4206 nunc,
3484 4143 3592 4198 sub

2001 4225 2222 4281 silentio
2273 4228 2390 4283 haec
2441 4231 2860 4287 reminiscentes
2915 4232 3000 4286 vel
3044 4233 3461 4303 pronunciantis
3503 4233 3589 4287 of-

2003 4321 2128 4376 ﬁcio
2163 4322 2423 4392 legentes.
2458 4321 2540 4378 Tu
2567 4333 2772 4392 autem,
2792 4335 2998 4398 martyr
3019 4327 3182 4390 alme,
3206 4327 3423 4397 piorum
3448 4327 3593 4382 votis

311 4425 555 4480 validum
599 4433 914 4496 patronum,
947 4427 1021 4482 ita
1058 4427 1588 4498 interpellationibus
1631 4427 1774 4498 ejus,
1808 4427 1889 4483 hic

2003 4409 2406 4468 Emmeramme
2449 4415 2695 4482 colende,
2727 4433 2827 4486 pro
2864 4417 3024 4488 cujus
3049 4420 3402 4476 veneratione
3435 4419 3594 4488 panis

311 4527 364 4571 et
389 4518 441 4571 in
475 4523 739 4572 :eternum
767 4518 844 4574 sis
867 4519 1024 4573 nobis
1051 4519 1338 4595 propitius.

384 4609 438 4661 ἆ.
482 4605 614 4660 Erat
652 4608 899 4676 quadam
949 4609 1138 4678 puclla'
1156 4608 1215 4662 in
1245 4607 1612 4678 Frisingensis
1653 4608 1898 4664 ecclesia:

307 4697 541 4752 dioecesi
588 4698 907 4753 constituta.
941 4697 1228 4770 Haeewﬁ),
1255 4708 1316 4753 ut
1363 4699 1522 4754 solita
1552 4707 1690 4765 erat,
1718 4699 1900 4770 primo

313 4788 560 4845 diluculo
591 4789 938 4860 progreditur
964 4790 1032 4845 ad
1066 4786 1509 4846 exercitationem
1541 4804 1686 4845 cura:
1714 4799 1899 4860 pasto-

313 4881 472 4946 ralis,
501 4895 614 4950 quo
642 4882 850 4936 scilicet
879 4881 948 4936 ad
977 4896 1179 4950 pascua
1213 4881 1436 4936 duceret
1469 4896 1667 4952 pecora
1691 4883 1780 4938 sui
1811 4898 1902 4954 ge—

314 4972 516 5027 nitoris
573 4970 817 5044 Contigit
843 4979 1026 5026 autem
1058 4987 1178 5026 eam
1207 4973 1422 5027 occulto
1448 4973 1522 5029 ibi
1561 4970 1657 5025 Dei
1689 4973 1898 5043 judicio

318 5064 503 5108 sithim
539 5063 697 5108 talem
731 5064 960 5108 cniritns
984 5064 1226 5108 arvinam
1249 5064 1684 5108 immutationem
1741 5074 1799 5108 ut
1826 5067 1900 5108 nil

2002 4503 2161 4558 vivus
2189 4504 2513 4560 miraculum
2543 4506 2650 4560 hoc
2676 4505 2806 4562 fecit
2833 4508 2885 4561 in
2916 4523 3076 4578 pane,
3108 4508 3251 4579 apud
3280 4523 3408 4562 cum
3435 4508 3593 4562 nobis

2003 4595 2190 4650 obtine
2253 4605 2314 4650 ut
2356 4596 2488 4650 illud
2515 4597 2569 4650 in
2601 4613 2773 4668 regno
2803 4614 2968 4670 super
2993 4615 3239 4654 mensam
3272 4600 3418 4654 illius
3467 4613 3595 4653 cum

1999 4686 2167 4757 justis
2197 4687 2425 4742 edamus
2444 4695 2497 4741 et
2517 4687 2791 4746 bibamus.

2076 4799 2128 4852 5.
2172 4797 2388 4864 Quanto
2415 4800 2626 4856 honore
2656 4807 2710 4855 et
2745 4817 2853 4873 qua
2884 4803 3210 4868 reverentia,
3236 4817 3348 4872 quo
3395 4802 3596 4858 affectu

2003 4888 2278 4960 principes
2308 4889 2526 4946 beatum
2585 4891 3050 4949 Emmerammum
3102 4892 3403 4959 coluerint,
3455 4893 3599 4946 inter

2006 4989 2186 5038 cetera
2209 4983 2312 5038 sibi
2355 4984 2423 5039 ab
2458 4983 2545 5037 his
2571 4984 2768 5040 collata
2793 4985 2980 5057 predia
3011 4999 3107 5040 seu
3149 4984 3400 5054 preciosa
3426 4982 3601 5038 dona-

2012 5074 2091 5108 ’ἴα
2122 5083 2392 5108 hacin-scu-
2417 5097 2430 5108 ο
2466 5075 2531 5108 an!
2570 5077 2834 5108 Α-ιῖοιιοΑσκ
2869 5075 3164 5108 νι-ιΛιγῖηηῖω
3211 5073 3374 5108 Dalﬁno
3405 5073 3427 5108 Ῐ
3451 5086 3605 5108 unm.
