4104 5260
570 344 724 423 locs

1473 326 1484 340 '
1568 339 1870 398 ARNOLDI
1904 332 2504 395 EMMERAMMENSIS
2537 329 2845 393 moment

3719 330 3856 389 {004

582 476 692 533 quo
711 459 897 534 regius
917 466 1098 532 potus.
1126 459 1430 517 Attestatur
1457 476 1674 532 quoque
1694 452 2032 515 territorium
2058 456 2168 512 Ra—
2195 460 2241 516 Α
2268 455 2339 511 do
2366 454 2676 510 Marahensi
2708 454 2850 510 bello
2901 449 3150 509 interfuit
3183 451 3317 526 (60).
3352 450 3430 508 lbi
3457 449 3626 519 enim,
3664 460 3730 506 ut
3770 453 3857 507 le-

579 555 897 625 tisponense
934 560 991 609 et
1020 554 1285 625 praedium
1308 554 1507 625 regale,
1533 553 1679 624 quod
1706 569 1736 607 a
1763 551 1982 623 fastigio
2011 564 2171 606 mon-

579 647 653 701 tis
697 644 988 701 meridiani
1034 644 1177 700 inter
1206 645 1323 700 vias
1366 645 1614 716 publicas
1647 659 1825 715 usque
1871 644 1938 699 ad
1980 656 2171 698 muros

580 736 758 805 ipsius
788 735 1106 791 monasterii
1137 751 1167 791 a
1192 733 1388 790 Carolo
1408 732 1603 806 Magno
1636 735 1891 789 traditum
1915 743 1997 789 est
2010 734 2172 788 beato

576 824 993 899 ‘Emmerammo
1019 833 1076 879 et
1109 826 1396 882 monachis
1421 825 1542 895 ejus
1572 826 1677 882 sub
1704 825 1973 896 imperiali
2002 833 2171 880 testa-

587 926 775 973 mento
805 916 939 990 (59).
970 915 1071 972 Hic
1100 916 1242 972 inter
1262 924 1456 972 caetera
1493 934 1615 988 qure
1643 918 1788 987 regis
1808 934 1961 973 more
1982 933 2048 973 ac
2076 918 2175 971 im-

583 1008 781 1079 periali
815 1006 1060 1078 potentia
1084 1007 1372 1082 constituit
1398 1016 1453 1062 et
1482 1008 1773 1074 ordinavit,
1809 1008 2003 1063 ducem
2036 1007 2174 1063 Tas-

586 1099 821 1154 silonem
838 1112 1006 1169 regno
1028 1098 1271 1168 privans,
1296 1113 1421 1154 cum
1451 1098 1562 1152 ﬁlio
1585 1097 1815 1154 Diotone
1840 1099 2172 1154 monachum

591 1206 716 1247 esse
755 1190 1048 1260 compulit;
1088 1205 1190 1245 nec
1225 1205 1336 1245 non
1365 1190 1548 1245 sedem
1592 1190 2011 1247 Ratisbonensis
2055 1191 2173 1261 epi-

585 1283 739 1354 scopi
770 1298 805 1338 a
842 1282 1074 1339 ducibus
1106 1282 1383 1353 prioribus
1417 1292 1571 1339 extra
1603 1283 1791 1339 urbem
1826 1284 2171 1350 translatam,

566 1376 655 1430 .ad
686 1373 943 1445 martyris
962 1373 1212 1429 videlicet
1239 1372 1296 1427 S.
1333 1372 1722 1431 Emmerammi
1753 1374 2059 1440 basilicam,
2086 1373 2173 1427 iu-

584 1466 669 1523 fra
719 1466 873 1522 urbis
913 1467 1159 1536 ejusdem
1188 1458 1396 1522 'muros
1444 1468 1784 1534 constitutae,
1836 1467 1979 1521 beati
2029 1465 2175 1521 Petri

584 1561 817 1630 apostoli
857 1560 961 1616 sub
1007 1558 1281 1631 Simperto
1312 1560 1569 1631 episcopo
1608 1560 1846 1617 restituit
1892 1559 2171 1615 Ecclesiae.

584 1651 797 1709 Locum
823 1660 1008 1707 autem
1037 1652 1361 1724 martyrisin
1374 1652 1740 1722 patrocinium
1769 1652 2175 1708 suihoncstavit

584 1744 962 1800 muniﬁcentia
998 1745 1190 1816 regali,
1221 1744 1462 1801 subdens
1490 1760 1617 1800 eum
1641 1745 1719 1799 illi
1741 1744 1835 1815 qui
1861 1745 1934 1799 ibi
1958 1746 2177 1801 inthro-

2274 548 2420 619 gisse
2468 562 2556 602 me
2607 546 2854 611 memini,
2898 545 3078 616 primo
3107 561 3427 617 congressu,
3457 544 3865 615 crepitantibus

2274 638 2471 703 hastis,
2518 638 2613 708 qui
2656 647 2812 694 erant
2850 638 3147 709 tyrannica:
3196 638 3369 708 partis
3415 637 3670 692 viderunt
3710 637 3865 693 acies

2272 728 2625 800 imperatoris
2652 730 2721 784 ab
2748 729 2950 801 ignotis
2988 739 3041 784 et
3076 729 3459 800 pulcherrimis
3482 729 3759 785 defensari
3783 730 3867 784 vi-

2274 820 2374 887 ris,
2401 820 2518 891 qui,
2549 821 2627 875 uti
2649 820 2829 891 dignis
2857 820 3156 876 revelatum
3180 830 3284 888 est,
3307 832 3461 876 erant
3483 823 3682 888 sancti,
3718 839 3864 893 quo-

2274 929 2395 967 rum
2424 913 2748 984 patrociniis
2780 913 2873 968 illo
2901 912 3246 983 profecturus
3276 914 3480 969 intente
3501 930 3560 970 se
3582 931 3864 969 commcn-

2273 1005 2441 1060 davit.
2490 1004 2700 1060 Horum
2740 1006 2941 1077 quippe
2969 1007 3094 1062 visu
3127 1007 3433 1077 perterritis
3472 1008 3721 1063 hostium
3770 1024 3871 1064 cu-

2275 1097 2416 1162 neis,
2473 1095 2810 1152 lentescebat
2859 1113 3041 1168 pugna
3084 1099 3139 1153 in
3190 1108 3344 1170 parte
3391 1100 3641 1155 adversa.
3706 1100 3863 1167 ραν]

2274 1203 2415 1260 aegre
2437 1187 2620 1244 ferens
2640 1205 2785 1245 unus
2812 1190 3049 1244 militum
3069 1192 3307 1263 tyranni,
3335 1193 3584 1264 clypeum
3608 1194 3868 1264 arripuit,

2273 1290 2325 1335 et
2352 1281 2676 1351 primarium
2714 1281 2933 1352 signum
2984 1282 3295 1353 legionibus
3329 1284 3580 1354 pretulit;
3630 1286 3867 1355 superbe

2276 1371 2377 1428 has
2412 1372 2731 1443 conpellans
2760 1381 2814 1428 et
2847 1374 3167 1442 exhortans,
3198 1391 3309 1446 quo
3338 1376 3425 1431 sui
3459 1377 3713 1447 exemplo
3743 1377 3865 1432 ani-

2276 1479 2397 1520 mos
2418 1474 2761 1521 resumerent
2786 1466 2854 1521 ad
2877 1482 3139 1538 pugnam.
3180 1466 3429 1539 Cumque
3453 1469 3663 1539 prepcti
3702 1487 3868 1526 cursu

2277 1555 2334 1611 in
2356 1557 2539 1627 ipsum
2564 1573 2705 1628 pene
2750 1559 3056 1629 principem
3104 1560 3356 1627 irrueret,
3408 1562 3637 1617 obvium
3675 1562 3872 1619 habuit

2277 1661 2464 1701 senem
2510 1646 2711 1703 canitie
2756 1649 3146 1715 venerabilem,
3179 1650 3275 1705 sed
3318 1651 3510 1705 habitu
3542 1652 3867 1717 terribilem,

2277 1741 2372 1809 qui
2421 1741 2471 1795 ei
2526 1749 2861 1811 protestatus
2921 1740 3390 1797 Emmerammum
3444 1742 3549 1797 sibi
3591 1743 3872 1810 resistere,

584 1836 807 1892 nizatus
835 1835 1016 1891 fuerat
1042 1836 1170 1893 sede
1192 1836 1511 1906 pontiﬁcali.
1534 1836 1714 1893 Duces
1742 1852 1891 1903 vero,
1928 1838 2020 1908 qui
2050 1846 2177 1893 ante
2209 1822 2252 1877 Β
2281 1832 2506 1886 umboni
2532 1848 2759 1888 manum
2804 1833 3060 1898 inseruit,
3091 1849 3156 1889 ac
3182 1835 3393 1889 tamdiu
3420 1834 3627 1890 frustra
3655 1836 3701 1867 ¹³
3729 1838 3878 1891 reni-

586 1927 738 1983 hunc
765 1927 1071 1998 principem
1122 1927 1227 1982 sub
1270 1926 1493 1999 regibus
1535 1927 1872 1983 Francorum
1913 1928 2179 2000 Bajoarize

584 2022 849 2093 regebant
886 2020 1169 2088 ducatum,
1218 2036 1342 2091 quae
1386 2022 1528 2077 bona
1566 2021 1726 2077 beato
1774 2020 2179 2077 Emmerammo

586 2111 953 2179 contulerint,
985 2112 1184 2183 pitacia
1218 2127 1411 2167 eorum
1447 2121 1501 2167 et
1521 2120 1849 2169 testamenta
1878 2130 2044 2184 penes
2076 2129 2179 2171 nos

586 2207 722 2260 satis
738 2204 985 2259 indicant
1002 2203 1244 2260 inventa.
1267 2201 1444 2275 Hujus
1458 2202 1641 2261 autem
1667 2205 1831 2273 ﬁlius,
1848 2206 1952 2276 piae
1971 2221 2181 2261 memo-

584 2297 683 2353 ria
705 2285 1001 2369 imperator
1015 2296 1374 2364 Hludovicus,
1406 2306 1463 2353 et
1487 2299 1581 2369 qui
1602 2299 1681 2353 illi
1711 2298 1928 2355 fuerant
1954 2315 2178 2356 succes-

593 2404 748 2445 sores
764 2390 819 2444 in
836 2404 1026 2461 regno,
1052 2391 1284 2469 comites
1300 2405 1519 2460 quoque
1541 2405 1603 2445 ac
1625 2390 1937 2461 Optimates,
1951 2406 2051 2447 nec
2068 2406 2179 2446 non

585 2482 752 2538 etiam
759 2481 1066 2554 judiciariae
1076 2482 1358 2555 dignitatis
1375 2483 1905 2554 perplures,quantis
1916 2484 2181 2554 quibusve

586 2573 755 2630 rebus
784 2574 1091 2645 predictum
1121 2574 1417 2631 ditaverint
1435 2574 1639 2642 locum,
1666 2582 1895 2629 testatur
1916 2590 2043 2645 pars
2072 2590 2181 2630 non

591 2666 771 2721 solum
806 2667 1005 2737 major,
1048 2667 1143 2722 sed
1172 2667 1338 2722 etiam
1368 2667 1561 2723 melior
1594 2667 1939 2738 episcopatus
1962 2666 2182 2739 Reginae

588 2758 849 2815 civitatis.
892 2758 975 2814 Ex
1007 2759 1095 2814 his
1124 2766 1309 2815 autem
1353 2760 1643 2825 omnibus,
1672 2760 1768 2831 qui
1793 2759 1998 2816 Christi
2036 2776 2183 2815 mar-

586 2849 752 2908 tirem
796 2858 1108 2923 reverenter
1133 2851 1386 2907 colebant
1414 2867 1510 2908 seu
1555 2867 1681 2906 cum
1719 2852 2025 2907 reverentia
2054 2852 2180 2908 dili-

592 2940 813 3011 gebant,
856 2956 923 2998 eo
966 2942 1114 3013 quod
1158 2958 1256 3014 pre
1296 2944 1493 2999 ceteris
1536 2943 1782 3013 ejusdem
1824 2944 1995 2999 cultui
2025 2943 2182 3001 dedi-

589 3035 684 3085 tus
708 3031 1291 3103 esset,~excipiend-im
1333 3032 1469 3087 mihi
1494 3034 1700 3089 rectius
1737 3041 1870 3104 puto
1900 3035 2184 3104 persuavis

595 3124 879 3179 memoriae
906 3124 1216 3194 Arnolfum,
1243 3125 1631 3182 Carolomanni
1652 3126 1844 3193 ﬁlium,
1874 3128 2051 3196 primo
2081 3128 2185 3183 Ba-

591 3214 792 3287 joariae
834 3216 1053 3284 ducem,
1081 3217 1207 3272 dein
1250 3216 1494 3274 Francize
1519 3234 1721 3289 regem,
1760 3219 2060 3275 novissime
2085 3236 2184 3275 au-

580 3314 706 3386 tem
741 3308 786 3340 ¹⁶
810 3309 881 3364 ob
910 3308 1054 3367 beati
1086 3309 1234 3365 Petri
1267 3310 1307 3341 ¹⁷
1332 3310 1729 3378 defensionem,
1757 3321 1884 3383 post
1925 3313 2184 3370 victorias

593 3400 858 3456 miriﬁcas
903 3402 1014 3474 (an.
1057 3402 1339 3474 887.899),
1380 3401 1568 3459 Romae
1624 3403 1830 3459 factum
1890 3404 2185 3475 imperato-

592 3508 741 3561 rem;
791 3494 897 3550 sub
930 3510 1042 3566 quo
1068 3495 1232 3550 etiam
1260 3496 1430 3551 veluti
1466 3494 1885 3552 fundamentum
1907 3498 2183 3568 quoddam

592 3584 843 3641 martiris
897 3586 1029 3641 almi
1075 3587 1360 3643 miraculis
1398 3583 1719 3644 scribendis
1766 3604 1969 3659 ponere
2023 3590 2181 3657 volo;

594 3677 726 3747 quia
751 3676 882 3733 hinc
906 3678 1192 3733 exordium
1226 3695 1473 3747 sumens,
1505 3688 1691 3751 utpote
1721 3695 1786 3735 ex
1810 3690 1939 3736 noto
1960 3691 2013 3736 et
2036 3683 2184 3737 circa

598 3769 855 3824 eumdem
892 3768 989 3823 Dei
1033 3770 1314 3825 martirem
1361 3772 1600 3826 maxime
1647 3771 1861 3834 devoto,
1900 3772 2185 3841 pulchram

595 3860 664 3914 ad
689 3863 916 3915 ceteros
940 3860 1221 3931 principes
1269 3862 1362 3917 his
1401 3863 1745 3919 annotandos
1776 3864 2186 3933 processionem

594 3949 777 4008 facere
814 3961 1024 4022 potero.
1077 3952 1129 4009 Is
1188 3969 1428 4025 namque
1475 3970 1703 4026 sperans
1757 3953 1929 4010 Deum
1967 3955 2072 4010 sibi
2108 3955 2188 4011 sic

578 4040 715 4097 fore
756 4043 1073 4112 propitium,
1124 4044 1288 4115 elegit
1320 4044 1541 4099 beatum
1571 4045 2036 4102 Emmerammum
2063 4047 2188 4102 vitae

598 4147 714 4187 suae
743 4149 808 4188 ac
828 4149 998 4205 regno
1040 4144 1360 4205 patronum,
1387 4137 1633 4207 adeoque
1667 4138 1745 4190 illi
1775 4138 2010 4205 adhcsit,
2047 4148 2108 4195 ut
2133 4140 2186 4194 in

595 4223 879 4279 vicinitate
914 4226 1238 4281 monasterii
1286 4226 1439 4298 regio
1486 4218 1659 4282 cultui
1691 4237 1879 4298 aptum
1903 4222 2190 4286 construe—

597 4320 683 4367 ret
730 4314 935 4384 grande
965 4316 1250 4384 palatium.
1283 4315 1422 4372 Cum
1459 4333 1587 4389 ergo
1631 4318 1796 4388 hujus
1821 4322 2187 4390 patrocinium

599 4403 757 4460 duris
799 4405 854 4458 in
880 4406 1124 4477 negociis
1154 4416 1209 4462 et
1243 4408 1297 4462 in
1333 4408 1521 4478 preliis
1553 4410 1739 4466 multis
1782 4413 1918 4468 satis
1961 4414 2188 4469 haberet

2281 1931 2484 1978 tentem
2512 1923 2553 1955 ⁸⁸
2579 1924 2817 1991 vexavit,
2870 1940 3161 1995 quousque
3203 1926 3280 1991 lu,
3311 1927 3406 1996 qui
3450 1927 3569 1997 ejus
3603 1928 3874 1983 instinctu

2281 2014 2409 2071 facti
2439 2025 2569 2071 sunt
2590 2015 2848 2084 audaces,
2876 2017 3070 2072 ﬁerent
3094 2034 3285 2073 omnes
3317 2018 3443 2073 inde
3469 2018 3720 2091 fugaces.
3752 2019 3874 2076 Haec

2280 2124 2391 2162 non
2444 2107 2592 2175 ﬁcta,
2625 2108 2719 2163 sed
2747 2123 2870 2164 esse
2916 2109 3185 2165 veraciter
3214 2108 3360 2166 facta
3409 2119 3463 2165 et
3500 2112 3673 2179 dicta,
3706 2113 3755 2167 is
3781 2114 3875 2183 qui

2281 2200 2418 2255 vidit
2445 2208 2500 2254 et
2527 2201 2771 2271 pertulit,
2800 2210 2988 2271 postea
3007 2201 3332 2259 humiliatus
3363 2204 3655 2261 conﬁtetur
3677 2217 3734 2261 et
3759 2223 3876 2277 pro-

2282 2292 2379 2347 dit.
2411 2290 2551 2348 Hinc
2579 2292 2832 2363 princeps
2862 2293 3136 2364 gloriosus
3160 2295 3406 2351 victoria‘
3423 2297 3517 2352 tali
3542 2298 3745 2368 oppido
3786 2299 3876 2353 lm—

2281 2394 2391 2451 tus,
2417 2384 2776 2440 Ratisbtinam
2804 2386 3117 2453 revertitur,
3142 2388 3237 2442 ubi
3259 2390 3522 2445 consonis
3544 2393 3796 2447 omnium
3818 2394 3874 2451 in

2282 2492 2346 2533 ea
2366 2476 2725 2532 ecclesiarum
2743 2479 3025 2548 campanis
3048 2480 3371 2551 suscipitur,
3388 2482 3666 2553 simulque
3683 2486 3877 2540 trium-

2280 2570 2425 2641 phus
2457 2586 2583 2647 cum
2612 2571 2879 2627 miraculo
2926 2573 3244 2641 predicatur
3290 2582 3344 2628 et
3374 2576 3676 2631 extollitur.
3723 2575 3877 2632 Tunc

2284 2663 2518 2733 sapienti
2536 2678 2674 2718 usus
2699 2663 2952 2731 consilio,
2975 2674 3028 2720 et
3052 2665 3185 2720 illud
3214 2674 3392 2721 macte
3408 2668 3704 2723 ruminans
3731 2668 3872 2740 (6|):

2286 2754 2354 2809 In
2392 2755 2478 2809 die
2504 2755 2757 2809 bonorum
2803 2773 2906 2810 non
2950 2758 3209 2811 inmemor
3242 2760 3317 2811 sis
3354 2759 3640 2827 malorum,
3669 2771 3723 2816 et
3748 2764 3878 2832 quia

2285 2848 2686 2918 displicuerunt
2736 2863 2933 2904 novem
2972 2850 3199 2905 minime
3230 2851 3599 2922 gloriﬁcantes
3628 2869 3759 2908 eum
3788 2870 3880 2909 cu-

2280 2941 2373 3011 jus
2412 2950 2498 2996 est
2539 2940 2886 2996 benedictum
2935 2942 3262 2997 aeternaliter
3303 2960 3524 3011 nomen,
3555 2961 3652 3015 per
3681 2956 3878 3001 cuncta

2285 3032 2482 3089 Norica
2528 3033 2864 3087 monasteria
2889 3032 3043 3088 misit
3067 3034 3312 3105 gratiﬁca
3354 3052 3605 3092 munera.
3642 3036 3878 3107 Speciali

2289 3136 2471 3181 autem
2504 3140 2608 3180 suo
2642 3125 3304 3198 patronoEmmerammo
3326 3143 3425 3197 pro
3455 3128 3758 3199 gratiarum
3790 3146 3882 3185 ac-

2285 3220 2435 3275 tione
2466 3214 2718 3273 contulit
2766 3226 2943 3274 totum
2984 3218 3173 3289 palatii
3216 3228 3495 3275 ornatum.
3536 3218 3595 3274 In
3624 3237 3738 3291 quo
3765 3230 3881 3276 erat

2260 3324 2265 3327 '
2288 3310 2559 3366 ciborium
2590 3310 2944 3381 quadratum,
2969 3310 3130 3380 cujus
3157 3326 3295 3366 auro
3320 3320 3523 3365 tectum
3546 3312 3876 3376 tabulatum,

2288 3399 2566 3473 fastigium
2593 3411 2738 3456 serto
2777 3416 3119 3473 gemmarum
3151 3401 3487 3457 redimitum.
3512 3401 3731 3474 Corpus
3755 3420 3880 3459 vero

2288 3493 2354 3548 ad
2398 3494 2630 3565 gemina:
2654 3493 2932 3564 specimen
2964 3492 3297 3559 dilectionis,
3330 3494 3752 3550 similitudinem
3780 3496 3878 3551 ha-

2287 3585 2423 3641 bens
2459 3586 2758 3656 superioris
2781 3594 2834 3641 et
2860 3583 3158 3652 inferioris,
3183 3595 3524 3641 sustentatur
3548 3588 3737 3642 aureis
3762 3598 3882 3643 octo

2288 3680 2653 3747 columnellis,
2678 3687 2869 3749 quaeet
2894 3679 3025 3749 ipsa:
3053 3688 3129 3734 tot
3156 3679 3420 3735 virtutum
3451 3695 3546 3735 seu
3575 3680 3876 3735 beatitudio

2289 3788 2420 3826 num
2452 3772 2627 3826 instar
2657 3780 2935 3841 exponunt
2981 3771 3115 3843 (62).
3149 3770 3320 3827 Erant
3356 3772 3521 3827 etiam
3552 3772 3609 3826 in
3634 3787 3703 3827 eo
3724 3788 3879 3827 evan-

2291 3864 2555 3934 gelioxum
2586 3863 2710 3919 libri
2744 3863 3001 3933 plenarii,
3052 3880 3188 3920 auro
3215 3874 3269 3920 et
3299 3864 3535 3936 gemmis
3568 3865 3723 3929 tecti,
3747 3865 3876 3920 scri-

2289 3956 2387 4026 pti,
2414 3955 2569 4025 picti,
2602 3971 2666 4010 ac
2704 3956 3037 4011 omnimodis
3076 3956 3279 4012 ornati.
3308 3955 3349 4008 E
3378 3956 3584 4026 quibus
3615 3972 3762 4012 unus
3800 3965 3878 4011 est

2290 4047 2566 4114 cubitalis,
2595 4063 2779 4118 opere,
2829 4048 3034 4118 precio,
3060 4048 3298 4118 pondere
3346 4048 3621 4117 siquidem
3652 4050 3802 4114 talis,
3823 4058 3879 4102 ut

2291 4140 2338 4194 ei
2373 4156 2484 4194 non
2516 4138 2679 4195 facile
2714 4140 2948 4193 inveniri
2997 4141 3175 4210 possit
3202 4140 3432 4211 mqualis
3462 4138 3595 4211 (63).
3627 4138 3800 4211 Cujus
3824 4142 3878 4195 in

2291 4231 2481 4287 dextra
2547 4240 2704 4302 parte
2752 4230 3041 4302 dispositio
3104 4247 3448 4309 gemmarum
3504 4234 3879 4290 mntenarium

2292 4325 2459 4379 etiam
2504 4323 2741 4395 complet
2791 4339 3109 4390 numerum,
3164 4340 3399 4395 quarum
3453 4326 3711 4395 quaedam
3751 4326 3882 4382 adeo

2293 4416 2597 4486 quantitate
2647 4417 2976 4487 preminent,
3027 4426 3091 4472 ut
3137 4426 3375 4488 quatuor
3423 4432 3489 4473 ex
3539 4418 3630 4474 his
3686 4419 3882 4476 calices

598 4506 903 4568 expertum,
934 4498 1286 4556 manifestius
1308 4500 1410 4557 hoc
1427 4499 1542 4557 'sibi
1564 4502 1757 4559 adesse
1786 4505 1978 4572 sensit,
2006 4522 2187 4577 quan-
2224 4522 2268 4576 Ι)
2293 4509 2543 4579 operiant
2582 4509 2843 4576 sedecim,
2882 4511 2938 4565 in
2998 4509 3235 4582 ﬁguram
3258 4512 3478 4585 sancta:
3532 4513 3745 4582 crucis,
3789 4528 3881 4585 per

1888 4646 2119 4704 VARUE
2158 4649 2560 4705 LECTIONES.

670 4772 717 4807 “
765 4772 832 4828 In
878 4777 1055 4858 codice
1102 4779 1347 4849 quedam
1369 4776 1548 4858 erasa
1577 4789 1762 4858 sunt,“
1797 4797 2019 4858 quorum
2072 4781 2185 4835 loco
2237 4782 2334 4852 (ita
2389 4782 2655 4858 F6ring_e_r
2673 4786 2810 4858 _;_in
2843 4752 3373 4858 Abibl.tEmmer.(v.
3405 4785 3557 4841 Ried.
3611 4785 3665 4853 Ι,
3714 4804 3771 4857 p.
3828 4789 3880 4847 5)

600 4843 669 4897 ad
742 4848 981 4916 spacium
1057 4843 1281 4929 vacuum
1370 4850 1650 4933 adscripta.
1691 4843 1987 4933 dicuntur)

2071 4868 2261 4906 manus
2346 4870 2468 4909 scrc.

2548 4855 2747 4928 XVII.
2831 4856 2943 4911 ha’c
3000 4857 3248 4928 fabulosa
3307 4855 3500 4928 adjecit
3549 4874 3568 4911 :
3626 4855 3725 4913 Hic
3746 4859 3883 4913 inter

600 4925 955 5000 cetei'a‘,nqii_§e
997 4919 1148 5000 regio
1176 4934 1327 4973 more
1355 4935 1422 5000 ac
1460 4919 1728 4990 imperiali
1775 4919 2016 5000 potentia
2048 4924 2343 5000 constituil_
2366 4935 2420 4981 et
2453 4925 2767 5000 ordinavit,
2815 4919 3011 5000 duceni
3046 4919 3391 5000 Tassilonem
3438 4943 3610 4999 regno
3637 4930 3877 5000 privans,

598 4988 724 5039 cum
749 4986 863 5041 ﬁlio
892 4986 1120 5043 Diotone
1151 4990 1486 5045 monachum
1517 4986 1639 5046 esse
1660 4986 1949 5054 com-pulit;
1984 5009 2084 5048 nec
2109 5009 2217 5049 non
2251 4996 2436 5050 sedem
2474 4986 2891 5053 Ratisbonensis
2924 4999 3167 5056 episcopi
3188 5039 3203 5056 .
3252 5014 3283 5053 a
3328 4986 3565 5054 ducibus
3606 4986 3879 5056 prioribus
