4104 5260
284 66 427 125 1603

991 68 1080 123 DE
1120 66 1495 124 Mlli:\CISLlS
1536 68 1573 121 5
1634 67 2052 125 EMMERAMMI
2094 70 2272 127 ΜΒΝ
2314 70 2471 127 BL'O.
2513 102 2581 115 σν·-
2621 72 2747 130 ιω.
2791 72 2832 130 1.

3376 70 3553 131 1606

279 179 535 252 singulos
558 178 844 250 quaternis
872 179 1061 236 ordine
1087 181 1272 236 medio
1291 181 1616 251 dispertitis.
1641 180 1873 237 lntimus
1901 188 1945 245 Λ
1976 184 2122 239 noldi
2170 185 2377 242 addens
2404 186 2472 241 de
2500 202 2601 242 suo
2629 198 2894 260 quantum
2927 186 3124 258 potuit,
3150 184 3310 242 beato
3336 184 3554 245 Emme-

278 281 467 331 antem
490 271 624 327 ordo
665 271 996 326 contractior
1024 272 1226 327 calices
1254 272 1418 327 habet
1458 272 1680 344 triginta
1703 273 1864 338 duos,

278 360 599 434 singulat‘m
638 363 873 433 gemmis
917 364 1228 418 minoribus
1259 360 1501 434 opertos,
1544 365 1747 434 quibus
1776 380 1867 419 ve-

278 463 446 510 nuste
496 454 789 524 respondet
830 454 1057 519 extimo,
1103 456 1464 526 amplioribus
1507 472 1605 525 per
1642 457 1865 512 castella

276 545 567 616 dispositis
594 560 695 601 nec
727 561 835 600 non
870 547 1185 617 margaritis
1214 562 1310 617 per
1346 532 1753 619 propugnacula
1784 548 1868 603 in-

275 638 445 693 sertis
471 637 895 693 deliciosissime
946 649 1183 708 compto.
1218 637 1347 694 llaec
1382 648 1564 693 autem
1592 656 1719 695 cum
1766 640 1871 694 lar-

274 728 460 801 giﬂuaa
505 729 774 799 principis
822 728 1100 785 devotioni
1153 728 1307 785 tanto
1352 740 1586 801 patrono
1642 733 1870 789 minimo

275 820 607 885 sufﬁcerent,
641 835 740 892 pro
772 820 916 875 dono
962 821 1171 876 addidit
1200 832 1515 893 argenteam
1544 824 1866 879 craticulam

273 910 522 978 predicto
551 910 761 966 ciborio
782 910 1222 987 subponendam.
1266 912 1483 983 Adjecit
1507 922 1561 968 et
1599 916 1760 986 pallia
1783 932 1871 972 co-

274 1002 455 1058 loratu
480 1019 634 1074 paria
678 1012 731 1059 et
762 1004 935 1070 varia,
969 1004 1110 1059 inter
1142 1020 1266 1075 qua:
1293 1022 1463 1060 unum
1499 1009 1666 1063 unius
1690 1016 1871 1063 textu-

272 1109 351 1149 rae.
388 1095 787 1165 longitudinem
821 1095 1016 1151 habuit
1042 1096 1355 1152 cubitorum
1389 1098 1633 1169 triginta.
1664 1098 1868 1154 Verum

271 1185 364 1241 liis
388 1186 523 1257 quid
546 1186 757 1243 diutius
781 1188 1215 1243 immorandum!
1242 1188 1474 1245 Demum
1497 1191 1699 1261 quippe
1725 1192 1869 1262 apud

273 1276 542 1353 Sanctum
567 1279 1035 1336 Emmerammum
1069 1281 1174 1336 sibi
1201 1281 1373 1352 jussit
1409 1283 1688 1352 preparari
1720 1299 1872 1339 mau-

270 1371 508 1439 soleum,
536 1388 647 1444 quo
669 1381 901 1428 mortem
924 1373 1180 1429 obiturus
1209 1388 1336 1429 eum
1361 1373 1655 1445 benignius
1685 1375 1739 1429 in
1764 1391 1870 1432 cte-

270 1463 343 1519 lis
374 1464 603 1521 haberet
629 1466 1087 1536 patrocinantem,
1119 1480 1285 1537 quem
1319 1466 1375 1520 in
1429 1467 1596 1523 terris
1650 1475 1870 1523 utcum-

265 1574 381 1629 que
406 1559 599 1617 vivens
619 1570 673 1616 et
694 1561 888 1616 valens
927 1562 1014 1616 sui
1066 1575 1411 1633 suorumque
1440 1563 1669 1633 optavit,
1693 1562 1863 1618 immo
1897 1533 1940 1588 Β

270 1649 400 1707 fecit
424 1651 544 1709 fore
571 1662 867 1723 potentem.
913 1652 1199 1724 Hujustui
1248 1654 1705 1710 ministeriarchis
1736 1655 1858 1710 ani-

270 1756 394 1809 mae,
418 1751 475 1798 et
501 1743 859 1800 nihilominus
879 1745 1060 1800 adhuc
1074 1745 1175 1801 tibi
1205 1744 1587 1801 famulantium
1606 1757 1856 1813 catervas,

268 1839 479 1906 potenti
529 1853 689 1909 prece
727 1839 870 1910 apud
926 1838 1367 1910 Omnipotentem
1391 1856 1673 1909 succurre,
1704 1843 1860 1899 beate

269 1928 674 1988 Emmeramme
694 1933 707 1987 ε
1596 1992 1601 1997 .

339 2023 392 2078 6.
441 2023 556 2080 Sub
585 2031 796 2096 prelato
838 2026 1024 2097 itaque
1051 2021 1300 2098 principe
1327 2026 1468 2083 Tuto
1500 2028 1677 2082 sancti
1729 2026 1860 2083 Em-

266 2121 560 2176 merammi
583 2123 888 2177 monachus
938 2121 1328 2178 Ratisboneusi
1365 2123 1747 2193 presulabatur
1763 2139 1857 2180 ec-

264 2214 473 2281 clesia,
515 2217 610 2286 qui
642 2232 672 2270 a
701 2217 938 2287 septimo
965 2232 1110 2272 anno
1157 2217 1373 2286 imperii
1396 2217 1545 2287 illius
1580 2232 1753 2286 usque
1790 2218 1857 2272 ad

262 2308 656 2364 duodecimum
703 2310 857 2381 regni
910 2308 1151 2365 lleinriei
1191 2307 1429 2364 Saxonis
1488 2309 1595 2363 hac
1650 2309 1704 2364 in
1745 2311 1859 2366 vita

263 2403 574 2472 permansit
621 2404 733 2473 (an.
784 2402 1064 2475 894-950).
1122 2400 1298 2473 llujus
1361 2418 1492 2475 ergo
1544 2412 1861 2460 antecessor

262 2494 601 2552 Chunradus
639 2512 776 2563 rex,
834 2496 1179 2568 exigentibus
1204 2496 1438 2567 publicte
1484 2496 1566 2550 rei
1604 2495 1859 2552 utilitati-

266 2586 396 2655 bus,
432 2588 502 2643 ad
540 2587 806 2660 Reginam
860 2588 1136 2643 civitatem
1182 2588 1401 2644 devenit
1451 2587 1563 2659 (an.
1616 2586 1764 2660 918).
1798 2585 1860 2643 In

252 2697 377 2750 'qua
414 2681 607 2747 rebus,
638 2697 874 2753 quarum
908 2681 1083 2752 gratia
1116 2691 1385 2747 venerat,
1425 2679 1748 2752 proﬂigatis,
1791 2695 1860 2736 ex

264 2763 494 2849 antiqua
545 2792 734 2848 regum
782 2777 1177 2833 consuetudine
1224 2775 1589 2846 premonitus.
1626 2775 1860 2831 accessit

1968 290 2181 332 rammo
2206 294 2433 334 aureum
2463 280 2637 334 altare
2691 281 2923 350 paravit,
2947 278 3340 337 venustissima
3378 278 3555 347 forma

1968 367 2265 429 decoravit.
2293 371 2441 425 mille
2477 373 2709 442 gemmis
2743 373 2976 428 ornavit.
3010 370 3110 428 Hic
3131 371 3285 441 atqui
3315 382 3553 431 etecatus

1969 476 2214 531 corpore.
2256 464 2352 518 sed
2381 464 2723 520 illuminatus
2751 474 2950 532 mente,
2993 463 3273 536 castigatae
3316 465 3552 527 inﬁrmi-

1968 553 2099 608 tatis
2136 556 2522 610 necessitatem
2543 557 2705 612 vertit
2740 557 2797 612 in
2830 557 3005 612 animi
3051 564 3346 628 augustam
3377 558 3540 614 virtu.

1969 651 2109 712 tem;
2140 654 2196 699 et
2238 662 2587 717 nequaquam
2632 647 2787 702 valde
2827 647 3135 718 depensans
3184 647 3457 718 privatum
3490 665 3542 705 St

1969 736 2215 804 luminis,
2250 740 2397 809 quod
2422 739 2527 795 sibi
2555 754 2847 795 commune
2871 750 3017 796 esset
3048 755 3173 795 cum
3206 727 3434 810 muscis,
3461 751 3515 798 ta

1968 828 2075 885 lem
2108 831 2333 900 spiritus
2360 831 2551 887 habuit
2575 832 3027 899 consolationem,
3056 841 3114 887 ut
3139 848 3236 903 per
3264 848 3390 889 eum
3412 850 3546 889 ven—

1969 931 2089 977 tura
2112 923 2436 992 previderet,
2458 940 2521 978 ac
2540 939 2604 978 ea
2632 924 2833 994 quibus
2856 923 3081 980 minime
3117 925 3377 982 intererat
3402 926 3546 982 facta

1969 1024 2215 1085 patenter
2259 1016 2515 1070 ediceret.
2556 1015 2902 1071 Constitutus
2936 1032 3067 1088 ergo
3110 1018 3251 1088 apud
3296 1017 3548 1074 Lunrela—

1970 1126 2117 1176 cum,
2166 1110 2385 1182 triginta
2425 1109 2593 1165 ferme
2631 1110 2796 1166 rastis
2830 1126 2861 1164 a
2891 1108 3189 1167 Batisbona
3229 1111 3545 1180 distantem,

1970 1203 2172 1272 grande
2204 1205 2258 1256 in
2286 1218 2348 1257 ea
2384 1201 2620 1271 quadam
2656 1202 2745 1257 die
2784 1200 2989 1257 factum
3019 1202 3138 1257 suis
3182 1201 3547 1257 indicavitin-

1970 1294 2223 1349 oeudium
2271 1292 2405 1363 (6.4).
2458 1291 2632 1364 Hujus
2684 1293 2764 1349 rei
2795 1309 2905 1349 non
2951 1293 3131 1348 solum
3168 1295 3398 1364 probato
3448 1293 3543 1350 sed

1969 1387 2136 1441 etiam
2181 1386 2350 1440 totius
2402 1386 2458 1439 in
2485 1400 2552 1440 eo
2592 1386 2810 1457 pietatis
2838 1380 3172 1452 testimonio,
3202 1394 3486 1456 exemptus
3514 1401 3545 1439 e

1971 1478 2172 1544 medio,
2205 1468 2286 1533 uti
2313 1478 2471 1533 nobis
2508 1478 2678 1534 dictat
2705 1480 2845 1535 bona
2876 1495 3022 1550 spes.
3061 1468 3314 1552 migravit
3341 1480 3407 1536 ad
3431 1496 3541 1535 cae-

1966 1572 2103 1627 licas
2132 1572 2323 1638 sedes;
2360 1571 2458 1636 ibi,
2488 1586 2650 1642 quem
2682 1572 2773 1627 hic
2815 1572 3025 1639 dilexit,
3058 1581 3348 1643 patronum
3378 1588 3541 1629 suum

1962 1680 2177 1734 semper
2214 1664 2437 1719 visurus
2467 1662 2953 1719 Emmerammum.
2983 1663 3155 1734 Cujus
3179 1665 3411 1736 propitia
3451 1664 3541 1718 in-

1962 1754 2224 1811 tercessio
2260 1753 2482 1810 famulis
2519 1742 2765 1811 obtinéat
2803 1755 2947 1826 apud
2984 1756 3168 1811 lumen
3200 1771 3387 1811 verum
3414 1756 3541 1810 illu-

1961 1847 2315 1925 minatiopem
2340 1846 2625 1902 oculorum
2656 1854 2993 1912 nostrorum,
3023 1862 3092 1902 ne
3120 1863 3382 1918 umquam
3402 1865 3543 1904 mor-

1960 1942 2033 1995 tis
2058 1940 2468 1995 obdormiamus
2508 1939 2564 1994 in
2602 1939 2801 2009 portis!

2037 2033 2085 2086 7.
2139 2032 2438 2104 Postquam
2485 2032 2878 2087 monasterium
2946 2032 3251 2088 beatissimi
3300 2034 3542 2089 martiris

1959 2124 2372 2192 Emmerammi,
2412 2124 2557 2197 quod
2598 2125 2753 2196 prius
2794 2133 2946 2179 extra
2999 2123 3196 2194 fuerat,
3230 2126 3393 2199 cmpit
3421 2141 3544 2185 esse

1960 2221 2105 2277 intra
2135 2236 2324 2278 muros
2356 2218 2859 2278 'Ratisbonensium
2900 2221 3154 2288 civitatis,
3177 2236 3316 2292 quos
3341 2223 3542 2277 Arnol-

1960 2315 2050 2372 fus
2079 2316 2211 2382 dux,
2238 2316 2378 2371 inter
2398 2314 2688 2387 Optimates
2708 2329 2870 2384 opere
2889 2314 3205 2380 diviso,cito
3221 2323 3545 2370 construxe-

1961 2416 2047 2463 rat
2072 2408 2183 2480 (63)
2208 2407 2311 2463 sub
2333 2423 2458 2478 rege
2484 2405 2762 2470 Ileinrieo,
2782 2405 2926 2461 filius
2950 2406 3070 2477 ejus
3099 2406 3164 2462 de
3189 2415 3347 2480 gente
3375 2405 3546 2460 Saxo-

1961 2514 2094 2553 num
2135 2497 2348 2568 primus
2379 2497 2677 2567 imperator
2701 2494 2827 2551 Otto
2865 2495 2932 2550 ad
2981 2495 3122 2550 hanc
3155 2496 3381 2551 eandem
3412 2511 3542 2565 pro-

1962 2591 2092 2646 bum
2127 2588 2283 2644 duxit
2304 2586 2511 2655 ivenire
2544 2587 2818 2643 civitatem
2865 2586 2976 2658 (an.
3002 2584 3183 2656 954?).
3220 2583 3278 2640 ln
3311 2601 3421 2655 qua
3463 2583 3544 2639 fa—

1960 2682 2066 2740 ctis
2107 2690 2163 2737 et
2187 2679 2473 2736 celebratis
2499 2693 2621 2749 qua:
2651 2685 2809 2733 erant
2848 2677 3183 2748 imperatorii
3213 2677 3377 2748 juris,
3409 2677 3541 2733 bea-

1961 2784 2078 2831 tum
2124 2773 2591 2843 Emmerammum
2647 2779 2802 2826 curte
2856 2770 3006 2841 regio
3058 2770 3353 2826 donaverat
3405 2770 3539 2842 (66),

263 2872 334 2927 ad
377 2872 672 2928 ecclesiam
722 2872 867 2928 beati
911 2870 1325 2935 Emmerammi,
1359 2871 1523 2941 quasi
1575 2871 1854 2925 licentiam
1883 2881 1923 2937 (ζ
1957 2881 2123 2939 quam
2155 2864 2421 2920 Germana
2458 2863 2642 2933 lingua
2682 2860 3008 2918 Halfandorf
3033 2863 3254 2927 vocitat,
3286 2861 3537 2917 Romana

262 2972 594 3034 accepturus
622 2962 912 3019 Franciam
957 2961 1256 3018 remeandi.
1282 2958 1387 3016 Ubi
1421 2962 1732 3032 principum
1765 2976 1856 3017 se-

262 3059 495 3127 pulchra
542 3059 812 3127 visitanti,
865 3059 1070 3114 Arnolfi
1097 3059 1310 3115 scilicet
1363 3058 1711 3128 imperatoris
1756 3040 1891 3127 neci

262 3168 375 3209 non
411 3152 457 3185 "
487 3153 858 3219 Hluoduwici,
884 3154 980 3224 qui
1004 3168 1138 3224 puer
1166 3154 1463 3207 immatura
1488 3159 1663 3206 morte
1688 3166 1719 3205 e
1742 3166 1857 3205 me-

256 3245 355 3299 dio
403 3246 667 3312 excessit,
710 3262 741 3301 a
774 3246 1075 3316 capellanis
1120 3245 1262 3300 male
1311 3251 1630 3315 suggestum
1663 3251 1768 3307 est,
1797 3250 1858 3297 ut

259 3337 418 3410 regio
469 3337 594 3408 jure
631 3353 698 3393 ac
741 3346 1029 3410 potestate,
1068 3353 1299 3393 suorum
1340 3345 1526 3407 utpote
1567 3335 1661 3407 qui
1694 3334 1858 3390 fuerit

260 3439 698 3496 antecessorum,
752 3425 861 3485 sibi
907 3430 1213 3485 vindicaret
1265 3429 1630 3499 prescriptum
1668 3427 1853 3499 magni

259 3519 431 3588 precii
472 3520 694 3575 librum.
729 3518 903 3587 Quem
949 3536 1077 3575 cum
1123 3519 1537 3591 prenominatus
1562 3520 1853 3590 episcopus

257 3609 395 3665 dare
428 3607 642 3679 jussus,
686 3612 779 3666 sed
813 3612 918 3668 hoc
955 3608 1136 3667 facere
1167 3611 1411 3666 martiris
1435 3612 1629 3666 timore
1671 3612 1851 3667 nulla-

262 3710 426 3756 tenus
450 3711 600 3758 esset
629 3719 823 3770 ausus,
858 3703 1026 3759 minis
1046 3704 1266 3759 tandem
1300 3703 1368 3759 ad
1408 3704 1458 3758 id
1485 3714 1709 3760 ventum
1746 3712 1850 3772 est,

258 3803 323 3849 ut
349 3794 554 3853 librum
602 3797 853 3852 eumdem
895 3811 1078 3852 coram
1108 3797 1356 3868 principe
1378 3797 1583 3853 invitus
1605 3798 1659 3852 in
1690 3797 1851 3853 altari

258 3897 578 3959 exponeret.
604 3890 706 3945 Cui
734 3898 917 3945 tamen
945 3889 1276 3960 imprecatus
1297 3898 1402 3955 est,
1429 3889 1619 3945 dicens
1645 3907 1658 3944 ;
1692 3888 1853 3944 Debi-

259 3990 349 4035 tor
390 3981 533 4036 beati
588 3981 971 4036 Emmerammi
1020 3981 1094 4035 sit
1122 3982 1178 4035 in
1207 3982 1292 4034 die
1316 3980 1540 4049 judirii,
1584 3982 1675 4051 qui
1713 3982 1851 4035 hunc

257 4074 444 4129 usibus
473 4074 588 4144 ejus
620 4073 946 4129 subtraxerit
994 4074 1216 4128 servitii.
1260 4072 1419 4141 Quod
1454 4083 1720 4144 quantum
1749 4089 1848 4128 va-

260 4167 415 4233 leret,
450 4167 561 4222 cito
590 4177 917 4238 experturus
967 4182 1064 4221 rex
1100 4167 1169 4231 ³⁸,
1209 4166 1454 4237 precepit
1482 4181 1609 4219 eum
1647 4174 1851 4219 temere

257 4259 376 4315 tolli
401 4267 459 4314 et
481 4251 686 4315 eﬂ‘erri.
727 4257 976 4330 Cumque
1010 4258 1354 4314 ascendisset
1402 4272 1627 4329 equum,
1682 4272 1849 4327 prope

246 4352 656 4409 monasterium
687 4350 920 4406 incurrit
944 4350 1273 4423 dysenterice
1298 4350 1569 4414 morbum.
1597 4346 1717 4415 Quo
1740 4356 1851 4403 tre-

259 4445 555 4514 mefactus,
595 4455 675 4500 ’ac
712 4445 768 4499 in
801 4460 860 4500 se
890 4442 1018 4499 facti
1067 4442 1446 4499 commertium
1479 4442 1724 4496 sentiens
1753 4456 1851 4512 per

259 4541 563 4605 cruciatus,
603 4538 795 4593 eodem
842 4545 1118 4591 momento
1163 4534 1404 4591 restituit
1453 4533 1653 4588 librum
1692 4533 1850 4589 beato

260 4625 688 4696 Emmerammo,
736 4628 865 4683 inde
911 4642 1101 4683 secum
1149 4628 1332 4683 ferens
1357 4627 1621 4690 dolorem,
1645 4642 1759 4697 quo
1792 4627 1846 4682 in

258 4719 490 4780 Francia
509 4722 770 4778 ultimum
793 4719 994 4775 clausit
1014 4721 1159 4776 diem
1189 4718 1339 4789 (Dec.
1368 4719 1484 4789 25).
1510 4716 1665 4774 Tunc
1692 4734 1851 4774 vene-

242 4815 458 4872 randus
506 4814 746 4870 antistes
774 4809 920 4864 Tuto
962 4808 1186 4866 Christo
1229 4810 1500 4864 adherens
1536 4809 1591 4861 in
1624 4810 1849 4864 martire

251 4921 371 4976 suo,
422 4906 658 4963 coronis
692 4901 1001 4975 principum
1041 4899 1249 4969 Caroli,
1280 4898 1692 4965 Carolomanni,
1740 4897 1847 4953 Ar-

1960 2974 2092 3015 vero
2136 2954 2909 3025 Adjutorii—vicumlatinizat;
2958 2962 3088 3009 tunc
3111 2953 3377 3008 Michahel
3407 2952 3539 3008 Hia-

1959 3046 2327 3117 tospolitanus
2368 3044 2599 3100 antistes
2642 3043 2696 3097 in
2727 3043 2968 3114 quodam
2999 3042 3316 3098 monasterii
3338 3041 3540 3113 palatio

1959 3138 2276 3211 imperatori
2310 3138 2536 3208 parabat
2566 3136 2901 3201 convivium,
2925 3150 3033 3206 quo
3076 3134 3375 3206 principem
3410 3149 3541 3192 cum

1957 3229 2283 3303 primatibus
2337 3226 2467 3282 fecit
2515 3225 2834 3280 recumbere
2880 3239 3087 3280 secum.
3131 3221 3379 3294 Cumque
3426 3225 3540 3280 ritu

1956 3321 2294 3395 epulantium
2339 3334 2477 3390 pene
2536 3316 2716 3374 forent
2744 3317 3050 3372 confirmati
3082 3325 3136 3373 et
3177 3318 3306 3373 vino
3349 3318 3537 3383 ltrtati,

1957 3418 2256 3487 imperator
2297 3426 2393 3466 ore
2432 3411 2678 3482 jucundo
2723 3412 3051 3466 saxonizans
3100 3411 3267 3466 dicit:
3303 3409 3539 3465 εει-ηοω

1956 3507 2107 3578 cujus
2136 3505 2253 3576 quis
2284 3502 2449 3570 bibat,
2495 3502 2652 3572 hujus
2681 3510 2731 3557 et
2754 3519 2969 3557 carmen
3010 3512 3186 3558 canat.
3224 3503 3381 3578 Beati
3404 3497 3539 3557 Eni—

1956 3596 2232 3653 merammi
2262 3593 2398 3648 bona
2438 3593 2873 3647 manducavimus
2902 3609 2965 3647 ac
2988 3592 3237 3660 bibimus,
3260 3574 3379 3647 inde
3410 3593 3541 3647 mihi

1955 3690 2161 3745 videtur
2190 3703 2418 3758 aequum,
2450 3684 2682 3739 karitate
2720 3684 2835 3756 ejus
2881 3685 3028 3755 [iniri
3070 3686 3362 3741 convivium
3401 3685 3535 3756 (67).

1939 3786 2075 3859 .Mox
2108 3785 2336 3847 aderant
2373 3783 2668 3853 pincernae,
2692 3781 3045 3851 propinantes
3080 3780 3308 3852 singulis
3329 3780 3399 3836 ad
3430 3796 3539 3835 nu-

1954 3888 2071 3941 tum
2098 3876 2447 3948 imperatoris
2476 3874 2765 3930 karitatcm
2795 3873 3056 3928 martiris.
3088 3871 3170 3930 0b
3194 3872 3352 3944 cujus
3382 3888 3541 3928 vene-

1954 3971 2223 4026 rationem
2256 3969 2397 4023 inter
2438 3982 2498 4022 se
2522 3965 2738 4021 cunctis
2776 3965 3027 4021 osculum
3061 3965 3318 4022 dantibus
3360 3973 3416 4021 et
3455 3964 3540 4019 in-

1954 4063 2128 4118 vicem
2145 4061 2210 4116 ad
2226 4069 2412 4130 potum
2433 4058 2687 4113 karitatis
2708 4072 2767 4112 se
2785 4044 3220 4122 cohortantibus,
3238 4047 3383 4133 unus
3397 4056 3542 4110 hanc

1954 4156 2187 4226 superbe
2211 4168 2474 4223 respuens
2493 4151 2631 4207 dixit
2664 4169 2678 4204 :
2703 4148 2949 4204 Heilram
2972 4147 3040 4222 [f.
3078 4148 3190 4204 hare
3215 4145 3445 4219 karitas]
3482 4147 3540 4200 in

1882 4225 1927 4279 θ
1952 4225 2127 4303 ventre
2162 4260 2274 4299 meo
2298 4261 2401 4299 non
2420 4243 2575 4297 habet
2598 4242 2773 4296 locum
2792 4283 2807 4308 ,
2841 4242 2966 4312 quia
2991 4241 3142 4295 cibus
3172 4249 3223 4295 et
3252 4252 3405 4311 potus
3418 4240 3540 4308 jam

1953 4341 2213 4394 intrantes
2240 4342 2712 4406 preoccupaverunt
2737 4331 2910 4386 illum.
2938 4331 3131 4387 Adhuc
3151 4331 3333 4401 lingua
3364 4328 3539 4399 palpi-

1948 4438 2075 4486 tans
2086 4444 2153 4484 ex
2163 4426 2456 4482 emissione
2467 4423 2617 4479 verbi
2629 4423 2969 4488 movebatur,
2983 4431 3037 4477 et
3050 4437 3079 4476 e
3092 4421 3314 4492 pariete,
3330 4420 3418 4477 cui
3429 4435 3541 4475 am-

1951 4520 2341 4596 phipendulato
2363 4519 2531 4576 dorso
2552 4526 2712 4595 tenus
2730 4516 2945 4573 inuisus
2970 4516 3203 4582 adhesit,
3246 4516 3539 4586 colaphum

1930 4626 2066 4673 "tam
2106 4612 2285 4669 valide
2325 4611 2647 4683 conplosum
2676 4610 2904 4681 accepit,
2928 4617 2991 4666 ut
3023 4626 3054 4666 e
3076 4623 3234 4665 sessu
3266 4608 3542 4680 projectus

1930 4694 2008 4767 in
2031 4707 2271 4765 medium
2291 4705 2480 4776 palatii
2504 4718 2731 4774 preceps
2751 4709 2951 4768 rueret,
2978 4718 3080 4759 nec
3106 4715 3217 4756 non
3245 4699 3409 4757 simul
3430 4712 3547 4751 om-

1954 4819 2053 4859 nes
2099 4804 2262 4858 timor
2288 4808 2345 4857 et
2390 4799 2537 4856 altus
2574 4803 2765 4865 stupor
2822 4803 3062 4864 caperet.
3107 4791 3250 4847 Tum
3287 4790 3544 4862 religioso

1951 4894 2253 4950 monarcha
2295 4908 2423 4949 cum
2451 4886 2724 4959 episcopis
2759 4893 2815 4941 et
2854 4885 3211 4956 optimatibus
3258 4881 3546 4941 ecclesiam

1541 5025 1771 5083 vanum
1795 4982 2198 5084 Lacrimans.

311 5140 356 5172 “
388 5155 444 5193 ιι.
480 5135 540 5190 h.
575 5147 629 5201 q.
670 5145 722 5199 ι).
750 5128 790 5182 ί.
819 5140 892 5179 m-
930 5138 961 5178 ο
989 5142 1063 5182 m.
1092 5122 1359 5186 successit
1381 5108 1523 5178 corr.
1561 5120 1798 5176 excessit
1831 5121 2026 5175 inloco
2052 5134 2170 5171 raso
2197 5117 2245 5171 l.
2324 5117 2370 5149 ¹⁰
2409 5119 2531 5187 post
2556 5110 2684 5165 add.
2722 5110 2771 5165 i.

1775 5207 2009 5260 NOTAE.
2522 5220 2527 5231 '
