4058 6384
522 394 660 476 iam

514 508 846 591 festinanter
876 525 1146 596 ingresso,
1177 516 1612 575 consonantibus
1657 509 1960 581 campanis,

1359 378 1371 391 '
1435 380 1443 421 '7
1529 377 1825 457 tam:
1859 374 2462 449 EMMERAMMENSIS
2497 364 2798 438 nomen!

2000 505 2111 559 Deo
2141 506 2188 563 Α
2213 500 2349 555 adeo
2383 496 2702 553 infestatum
2732 489 3049 565 praestigiis,
3084 495 3144 543 ut
3172 490 3488 540 nu..atenus
3523 476 3807 533 dormiens

3670 346 3806 415 1003

525 567 837 591 ιεδιιιιιυιυι
879 567 1146 596 ’.ιδ-νυυυ,
1181 567 1534 575 νν---ν---μννν
1556 567 1607 570 πή
1665 567 1682 570 ,
1784 567 1800 581 ⁸
1949 567 1958 573 ν

524 616 578 684 et
602 621 816 691 martiri
838 633 938 692 pro
973 615 1275 689 gratiarum
1320 605 1534 667 actione
1560 605 1749 662 laudes
1775 602 2116 657 celebrantur
2212 593 2302 647 vel
2338 588 2573 661 vigilans
2606 585 2856 657 requiem
2881 582 3086 637 habere
3116 584 3321 649 posset,
3345 571 3450 628 nisi
3479 586 3539 627 se
3562 567 3813 625 cuculla-

1940 691 1944 692 V
2504 680 2518 692 I
2709 685 2720 692 ¹
2805 691 2812 692 ί
2874 672 2963 692 ηδ*
2975 686 3023 692 -Α-
3038 681 3338 692 ΑηΑ-Α--ι-ι-
3692 658 3813 692 n'm

528 658 578 684 ει
605 658 816 681 ιιιαιιιιι
879 658 937 673 IV
1012 658 1275 672 Iuv-usu...
1320 658 1531 667 ..ν--ν--,.
1561 658 1681 662 --τὴν
1701 658 1710 659 κ
1736 658 1739 659 ,
2400 658 2420 661 v

528 658 873 777 aclctanitef’
895 658 1004 766 Sed
1025 725 1094 763 ne
1124 704 1263 761 forte
1290 701 1454 759 alicui
1479 699 1623 755 istud
1662 695 1911 751 videatur
1935 691 2117 745 inerc-
2218 694 2335 741 tum
2377 680 2522 752 apud
2571 685 2823 734 sanetum
2872 672 3341 728 Emmerammum
3389 661 3634 719 fecisset.
3692 658 3817 725 Quo

1440 776 1443 779 Ι
2600 770 2613 779 “
2958 778 2993 779 νγ
3048 761 3147 779 κΑ-ἳΑ
3183 754 3459 779 ε-θ--ι-ιξΑ
3513 762 3563 779 Α.
3598 752 3816 779 35.--.-

523 811 717 875 'dibile,
769 807 908 864 sciat
932 802 1178 874 quisque
1233 796 1430 859 ﬁdelis,
1459 791 1512 846 id
1553 804 1642 845 me
1680 787 1993 875 nullatenus
2023 779 2122 875 fin—

532 920 678 977 gere,
703 870 798 958 sed
819 916 848 954 a
878 870 1114 969 quodam
1148 891 1266 945 viro
1302 885 1444 942 ﬂdcli
1471 891 1640 953 atque
1660 894 1810 944 sene,
1844 870 2122 947 Sigibaldo

534 995 782 1061 nomine,
826 990 968 1047 sicut
1000 983 1193 1056 scripsi
1219 978 1515 1050 accepisse,
1542 973 1637 1045 qui
1670 987 1766 1042 per
1791 971 1950 1025 fidem
1972 963 2126 1021 Chri-

537 1088 608 1144 sti
642 1056 967 1147 testabatur,
991 1077 1123 1134 huic
1161 1090 1220 1131 se
1241 1062 1838 1133 convivieinterfuisse
1875 1068 1931 1115 ct
1962 1056 2127 1113 nihil-

536 1180 766 1251 ominus
789 1191 915 1232 vera
947 1170 1169 1227 dixisse.
1204 1165 1283 1220 Tu
1327 1170 1534 1225 autem,
1566 1164 1759 1219 sancte
1781 1154 2125 1207 Emmeram-

540 1260 652 1340 me,
680 1285 845 1342 quem
874 1262 1233 1334 Omnipotens
1280 1257 1383 1311 hoc
1427 1253 1483 1307 in
1520 1246 1700 1321 signo,
1728 1254 1790 1302 ut
1820 1245 1874 1299 in
1907 1241 2125 1307 ceteris,

534 1332 715 1422 ‘voluit
742 1332 1257 1425 honorare,vpreces
1301 1345 1379 1401 illi
1419 1359 1520 1415 pro
1551 1339 1709 1395 nobis
1751 1332 2131 1408 peccatoribus

541 1457 730 1523 funde,
751 1468 863 1525 quo
885 1465 980 1523 per
1005 1460 1189 1502 veram
1217 1440 1505 1496 karitatem
1533 1434 1786 1505 angelum
1814 1435 2020 1484 satana:
2041 1440 2134 1480 co-

540 1552 853 1617 lafizantem
884 1564 988 1605 nos
1025 1542 1305 1617 possimus
1334 1532 1604 1592 avertere!

618 1630 672 1705 8.
702 1645 839 1701 Erar
863 1639 1084 1713 quidam
1112 1632 1216 1689 sub
1241 1624 1622 1702 prenominato
1643 1616 1870 1691 angelici
1900 1611 2138 1670 nominis

547 1743 809 1815 episeopo
861 1730 1015 1809 beati
1064 1727 1454 1782 Emmerammt
1506 1714 1812 1772 monachus
1838 1723 1987 1783 ,gnec
2029 1719 2139 1759 non

551 1797 720 1891 eiiam
744 1797 996 1885 ecclesia:
1035 1827 1224 1877 custos
1267 1824 1321 1870 et
1348 1812 1603 1875 mdituus,
1629 1803 1853 1861 nomine
1880 1797 2142 1869 Adalper-

549 1935 662 1982 tus.
692 1922 746 1978 Is
773 1919 1025 1975 locorum
1058 1918 1374 1969 sanctorum
1412 1898 1683 1960 desiderio
1712 1890 2139 1951 transmarina

558 2028 855 2090 aggressus
898 2017 985 2066 est
1025 1998 1536 2078 peregrinationem.
1565 1991 1683 2059 Qua
1721 1985 2141 2043 “ierosolimam

554 2072 747 2183 petens
772 2113 826 2162 et
847 2072 1282 2161 cetera-cmlestis
1320 2086 1566 2147 thesauri
1590 2082 1932 2156 perlustrans
1954 2092 2017 2132 ea
2037 2072 2143 2129 loci

550 2174 822 2266 sacraria,
870 2191 1109 2251 millenis
1152 2181 1585 2244 adversitatibus
1621 2174 1893 2232 atteritur.
1923 2178 2068 2225 terra
2094 2174 2149 2222 et

560 2294 701 2351 mari
737 2298 1052 2361 temptatur,
1102 2299 1168 2338 ex
1212 2278 1346 2351 ipsis
1393 2286 1616 2345 quoque
1656 2264 1910 2322 faucibus
1953 2259 2149 2316 mortis

557 2382 780 2461 ‘patrOni
828 2354 915 2439 sui
947 2376 1202 2451 precnbus
1249 2371 1561 2439 frequenter
1602 2367 1823 2433 ereptus
1864 2354 2146 2426 probatur.

555 2662 624 2721 in
660 2676 812 2718 mare
848 2656 1083 2713 fecimus
1104 2648 1318 2715 navale,
1341 2660 1441 2716 pro
1468 2656 1576 2713 qua
1598 2638 1756 2694 nobis
1780 2635 1997 2691 tristem
2026 2628 2157 2684 den-

572 2756 707 2812 sitas
752 2751 1005 2814 nubium,
1044 2741 1256 2801 collisio
1285 2737 1573 2797 ﬂuctuum,
1613 2728 1840 2801 spiritus
1883 2720 2136 2795 procella-

569 2860 697 2903 rum
747 2845 1076 2913 pepererunt
1124 2840 1362 2888 noctem.
1414 2824 1665 2892 Cumque
1702 2816 1881 2873 ventis
1922 2822 1977 2868 et
1999 2809 2160 2866 undis

568 2934 704 2994 hinc
734 2904 861 2989 inde
897 2924 1138 3000 quassati
1175 2922 1510 2992 jactaremur
1540 2922 1704 2981 atque
1746 2904 1985 2978 pericula
2013 2915 2163 2956 mor-

577 3039 688 3083 tem
738 2998 1105 3082 minarentur,
1138 3018 1461 3085 perventum
1502 3011 1587 3059 est
1637 2998 1706 3055 ad
1744 2999 1868 3061 hoc,
1899 3002 1959 3048 ut
1984 2998 2166 3046 nauta

578 3115 1034 3178 conclamitarent
1071 3128 1083 3163 :
1121 3125 1138 3159 ι
1182 3098 1416 3159 Domine
1451 3112 1562 3154 non
1592 3101 1695 3149 est.
1734 3109 1753 3143 ›
1788 3088 1855 3144 Et
1875 3085 2166 3142 nauclerus

813 3201 1086 3261 tremulus
1131 3215 1143 3251 :
1180 3214 1198 3247 ι
1242 3188 1471 3247 Defecit.
1526 3206 1545 3239 ι
1582 3183 1724 3238 Tum
1759 3192 1861 3250 ego
1887 3176 2071 3268 miser
2101 3172 2167 3228 de
2196 3210 2238 3268 Ο

579 3296 868 3376 profundis
910 3290 1223 3351 ruminans,
1246 3283 1373 3338 vita:
1413 3274 1719 3346 absumptis
1751 3266 1997 3325 omnium
2038 3279 2164 3334 spe-

572 3359 691 3451 itus
717 3406 829 3464 praz
858 3385 1078 3444 tristitia
1123 3395 1247 3437 sum
1279 3381 1589 3446 soporatus.
1618 3366 1680 3421 In
1714 3359 2039 3420 dormienda
2065 3366 2166 3411 au:-

582 3496 694 3542 tem
719 3451 973 3539 videbam
990 3472 1150 3547 quasi
1176 3465 1385 3526 domini
1408 3462 1516 3518 mei
1547 3456 1806 3528 martyris
1822 3451 2171 3537 Emmeram-

588 3578 665 3635 mi
702 3590 815 3647 prae
844 3569 1020 3627 oculis
1059 3563 1300 3637 pendere
1342 3553 1674 3629 pastoralem
1718 3547 1955 3618 virgam,
2005 3554 2172 3613 quam

584 3630 753 3741 vulgo
779 3665 969 3721 dicunt
998 3630 1306 3715 cainhotam
1332 3648 1419 3704 vel
1449 3643 1701 3700 ferulam.
1734 3637 1909 3708 Cujus
1934 3644 2080 3689 unco
2106 3630 2175 3686 ad

586 3724 786 3817 faciem
818 3768 993 3811 meam
1025 3758 1316 3809 converso,
1353 3736 1597 3794 sentiens
1623 3731 1826 3787 adesse
1844 3724 1980 3780 mihi
2006 3724 2175 3778 bene-

593 3853 716 3910 ﬁcia
738 3845 957 3921 ptaroni
981 3855 1121 3912 Stepe
1147 3832 1378 3908 experti,
1409 3844 1634 3886 manum
1666 3822 1945 3880 tentabant
1982 3817 2061 3871 illi
2102 3815 2182 3870 in-

596 3910 800 4010 serere,
823 3948 884 3995 ut
909 3937 978 3992 de
1022 3910 1296 4004 profundo
1337 3922 1515 3997 pelagi
1545 3927 1671 3992 post
1701 3932 1761 3973 se
1783 3914 1865 3970 sic
1889 3927 1977 3967 me
2001 3910 2184 3966 adhae-

597 4046 809 4094 rentem
840 4031 1158 4101 dignaretur
1206 4018 1514 4077 extrahere.
1565 4011 1721 4066 Tunc
1767 4016 1914 4061 certe
1963 4004 2020 4058 in
2064 4003 2183 4072 ipsa

584 4132 801 4184 manus
831 4093 1198 4193 porrectione,
1236 4121 1401 4181 quam
1427 4102 1595 4159 veluti
1637 4099 1869 4170 vigilans
1913 4093 2185 4158 levabam,

583 4184 1026 4292 expergefactus
1060 4207 1173 4264 vidi
1223 4212 1440 4260 noctem
1475 4197 1583 4262 die,
1634 4192 1775 4248 lactis
1816 4188 2014 4253 tristia,
2046 4184 2189 4240 aeris

603 4273 847 4372 tutfbidua,
900 4300 1192 4359 serenitate
1248 4300 1478 4348 mutata.
1528 4285 1609 4339 Ad
1662 4282 1822 4352 cujus
1881 4273 2190 4349 spectacula

590 4386 945 4461 exhilaratus
976 4389 1217 4448 mirabar
1262 4398 1386 4441 cum
1432 4374 1760 4435 mirantibus
1790 4385 1900 4426 tam
1950 4367 2191 4423 subitam

606 4488 660 4553 et
704 4488 1001 4565 perniciem
1037 4485 1242 4540 dextrae
1265 4472 1466 4531 excelsi
1508 4465 1969 4524 immutationem.
2001 4457 2193 4513 Nautaz

607 4548 741 4643 vero
761 4568 973 4639 viribus
992 4569 1292 4642 resumptis
1318 4564 1522 4639 gratias
1552 4558 1866 4615 referebant
1900 4552 2013 4607 Deo
2041 4548 2193 4620 pari-
2227 4575 2273 4630 Β

717 4639 779 4733 et
799 4689 899 4746 pro
933 4669 1109 4729 salute
1149 4639 1251 4719 nec
1274 4674 1383 4715 non
1430 4650 1681 4709 miraculi
1725 4644 2048 4718 quantitate.
2082 4639 2197 4710 Ego

613 4729 816 4830 auteml
840 4762 1176 4840 gratiﬂcatus
1221 4750 1481 4809 omnium
1519 4734 1997 4840 bonorumdo‘nti,
2046 4729 2198 4840 quod

616 4820 1073 4919 meritisonostris
1108 4852 1453 4915 nequaquam
1491 4832 1680 4906 potuit
1704 4826 1844 4893 fieri,
1873 4820 2199 4893 deputabam

617 4949 938 5026 patrociniis
989 4935 1296 5000 beatissimi
1340 4926 1600 5000 martyris
1634 4915 2044 5019 Emmerammi.
2098 4911 2202 4969 Per

621 5007 785 5118 quem
816 5036 1033 5097 somnia
1062 5040 1117 5087 et
1141 5022 1435 5086 insumnia,
1479 5017 1574 5089 qui
1630 5028 1744 5069 non
1780 5007 1984 5118 dormit
2027 5016 2205 5073 neque

626 5099 889 5194 dormitat
928 5126 1128 5185 eﬂiciat
1174 5117 1337 5174 nobis
1388 5108 1634 5175 innoxia,
1662 5114 1717 5160 ct
1737 5099 2004 5158 concedat
2048 5109 2211 5168 posse

624 5222 850 5297 vigilare
887 5219 956 5275 ad
989 5210 1155 5286 opera
1178 5211 1342 5265 bona.
1485 5257 1493 5261 ,

699 5275 1085 5383 a—Superiore
1132 5300 1357 5374 quidem
1398 5290 1638 5362 capitulo
1670 5279 2039 5383 perscripsi,‘
2066 5275 2212 5348 quod

628 5368 901 5465 cucullato
932 5409 987 5454 et
1020 5391 1293 5451 monacho
1338 5394 1458 5441 erat
1484 5373 1884 5440 .consolationi,
1936 5368 2042 5443 hoc
2082 5382 2214 5421 vero

634 5500 910 5553 innectere
941 5488 1093 5551 libet,
1119 5496 1242 5553 qua:
1292 5462 1402 5533 sint
1446 5465 1720 5543 perversis
1749 5461 1931 5519 timori
1962 5474 2026 5512 ac
2048 5455 2216 5511 nihil:

632 5551 858 5646 ominus
897 5551 1161 5653 apostatis
1208 5568 1422 5629 terrori.
1471 5562 1596 5618 Fuit
1625 5560 1681 5615 in
1723 5554 2024 5612 Ratisbona
2052 5551 2218 5607 homo

637 5681 886 5756 quidam,
912 5674 1132 5771 nomine
1164 5666 1491 5740 Sigibertus,
1525 5657 1647 5728 lege
1673 5654 1916 5709 humana
1956 5661 2051 5703 seu
2089 5658 2221 5771 con:-

1020 5766 1035 5771 ·
1175 5760 1233 5771 ···
1392 5751 1480 5771 --λ
1522 5744 1834 5771 -ι...;...ε,..,...,
1872 5749 2122 5771 nam“.
2184 5731 2221 5771 ί-

1168 5732 1338 5825 iiber,
1388 5751 1485 5810 sed
1517 5744 1834 5804 christiana:
1854 5749 2130 5834 verasque.
2162 5732 2225 5834 li-

643 5824 1133 5932 bc'rtatiswindigus
1181 5836 1251 5909 et:
1268 5861 1430 5922 aeger.
1470 5840 1633 5898 Hunc
1684 5831 1871 5905 accepi
1910 5824 2219 5884 fantasticis

2220 780 2551 845 perpetrato,
2582 770 2891 824 daemonum
2914 761 3152 820 cessavit
3183 754 3481 820 infestatio,
3510 762 3567 808 et
3596 752 3818 807 diversa

2224 841 2448 934 maligni
2490 857 2897 930 impedimenta,
2933 850 3190 923 Martyris
3233 861 3396 919 prece
3437 851 3571 899 sunt
3614 841 3819 912 sopita.

2210 932 2427 1011 ‘V’eru—m
2449 950 2538 1007 ille
2570 950 2738 1006 miser
2766 957 2820 1003 et
2843 945 3031 1001 infelix
3054 951 3178 1014 post
3211 939 3420 1010 aliquot
3439 937 3584 1002 dies,
3624 932 3823 989 defen-

2224 1047 2370 1104 snris
2408 1045 2632 1109 oblitus,
2680 1035 3126 1111 suggestionibus
3167 1031 3401 1088 occultis
3431 1026 3724 1084 consensit
3754 1024 3823 1078 il-

2227 1140 2356 1205 lius,
2390 1138 2484 1208 qui
2534 1136 2590 1189 in
2623 1148 2683 1190 se
2721 1140 2909 1203 aperte
2954 1126 3258 1183 dominium
3296 1120 3529 1193 perdidit
3590 1116 3825 1171 invitus.

2231 1230 2472 1298 Questus
2496 1242 2625 1298 ergo
2651 1241 2751 1296 pro
2773 1222 3024 1279 carnium
3053 1219 3161 1274 olla
3196 1217 3251 1271 in
3284 1214 3522 1286 Egypto
3549 1210 3746 1266 relicta
3775 1217 3833 1262 et

2231 1322 2505 1395 paanitens
2527 1317 2874 1390 quorundam
2899 1330 2957 1370 se
2980 1310 3189 1384 perpeti
3210 1308 3495 1380 penuriam
3537 1304 3597 1359 in
3630 1318 3831 1357 mona-

2233 1412 2422 1479 sterio,
2447 1424 2685 1481 quorum
2726 1421 2952 1478 parvam
2994 1400 3388 1458 abundantiam
3419 1395 3566 1452 falso
3604 1392 3836 1463 reliquit

2235 1506 2291 1560 in
2324 1503 2545 1569 sreculo,
2588 1499 2957 1556 monasticum
2991 1493 3245 1566 deposuit
3285 1492 3537 1548 habitum
3572 1504 3705 1546 cum
3740 1488 3834 1541 illo

2238 1596 2495 1661 ludibrio,
2519 1592 2666 1665 quod
2690 1591 2886 1662 vulgus
2905 1589 3021 1660 jam
3043 1586 3210 1642 habet
3240 1585 3297 1639 in
3322 1582 3621 1654 proverbio
3650 1598 3666 1634 :
3696 1576 3840 1632 Hinc

2239 1690 2370 1745 hinc
2397 1688 2694 1752 cucullum,
2728 1699 2839 1739 non
2879 1680 3021 1736 ultra
3044 1677 3297 1751 gravabis
3324 1676 3525 1731 collum
3550 1692 3568 1740 ;
3593 1672 3667 1727 ob
3695 1684 3841 1742 pan-

2222 1789 2510 1852 ‘pcrtatem
2549 1777 2945 1833 monachorum
2994 1771 3246 1827 celeriter
3285 1767 3423 1823 mihi
3446 1754 3843 1822 revertendum

2174 1860 2217 1916 Β
2245 1872 2312 1927 ad
2336 1870 2575 1941 lapidem
2607 1868 2902 1925 coriorum.
2935 1863 3053 1920 Hoc
3089 1871 3272 1916 autem
3307 1858 3463 1925 dixit,
3510 1855 3647 1927 quia
3690 1853 3847 1925 prius

2245 1973 2363 2020 erat
2397 1962 2689 2027 eoriarius,
2739 1970 2836 2015 seu
2886 1957 3384 2013 calceamentorum
3408 1958 3568 2006 sutor
3592 1947 3845 2003 dolosas.

2248 2055 2355 2111 Sed
2380 2066 2730 2125 nequaquam
2758 2051 2853 2106 diu
2896 2047 3120 2121 gavisus
3149 2054 3235 2101 est
3268 2058 3330 2099 se
3366 2039 3663 2098 monachis
3688 2038 3764 2091 ita
3784 2035 3851 2089 il-

2247 2148 2472 2206 lusisse.
2501 2143 2637 2199 Nam
2686 2157 2798 2198 non
2842 2142 3016 2197 multo
3062 2147 3186 2210 post
3222 2136 3464 2206 maligno
3493 2129 3725 2203 spiritui
3768 2137 3853 2183 est

2249 2238 2502 2295 traditus.
2541 2235 2663 2303 Quo
2690 2242 2919 2304 urgente
2947 2231 3115 2286 nimis
3145 2225 3496 2290 furibundus,
3527 2233 3587 2278 et
3605 2222 3727 2293 jam
3757 2233 3851 2274 ca-

2250 2337 2471 2385 tenatus
2502 2326 2853 2381 ad‘sanctum
2901 2320 3370 2375 Emmerammnm
3396 2314 3667 2380 trahitur,
3703 2323 3771 2365 ac
3796 2309 3851 2361 in

2253 2421 2425 2477 choro
2453 2418 2520 2473 ad
2547 2417 2862 2472 columnam
2900 2413 3131 2482 ligatur,
3180 2423 3292 2479 quo
3334 2423 3460 2463 cum
3494 2404 3709 2459 fratres
3730 2414 3857 2457 eun-

2254 2514 2556 2577 venissent,
2585 2518 2640 2565 et
2685 2523 2786 2579 pro
2841 2521 2909 2563 eo
2949 2503 3202 2559 ﬂebiliter
3246 2507 3523 2564 orassent,
3574 2495 3855 2552 interdum

2256 2604 2496 2660 clamore
2540 2601 2823 2656 adstantes
2874 2592 3229 2667 perterrendo
3279 2590 3539 2655 saltabat,
3572 2587 3855 2642 interdum

2260 2696 2494 2767 supinus
2530 2692 2769 2764 jacebat.
2808 2686 3122 2744 Novissime
3162 2700 3288 2740 eum
3318 2681 3579 2738 diabolus
3622 2680 3686 2735 in
3734 2693 3858 2733 aue

2263 2800 2594 2861 suspensum
2619 2795 2732 2841 tam
2765 2783 2860 2838 diu
2889 2781 3091 2854 tenuit,
3121 2790 3414 2850 quousque
3435 2773 3688 2833 ﬁdelium
3716 2770 3858 2826 votis

2263 2891 2317 2938 et
2351 2881 2591 2935 maxime
2617 2878 2678 2931 Β.
2712 2873 3107 2930 Emmerammi
3131 2868 3454 2943 patrociniis
3474 2867 3529 2922 ei
3565 2878 3857 2922 succurre-

2264 2983 2347 3029 ret
2370 2972 2633 3042 majestas
2661 2969 2861 3025 divinae
2882 2966 3124 3039 pietatis.
3160 2963 3316 3018 Tunc
3341 2960 3567 3016 demum
3606 2958 3861 3027 relapsus

2268 3066 2326 3121 in
2351 3064 2724 3136 pavimentum
2749 3077 2847 3132 per
2870 3050 3266 3115 daamoniacam
3288 3050 3723 3124 diseerptionem
3748 3062 3863 3103 ero-

2270 3167 2358 3214 cto
2385 3157 2529 3213 collo
2571 3155 2736 3226 ccepit
2774 3167 3027 3210 evomere
3070 3163 3325 3207 cruorem
3367 3161 3494 3202 cum
3538 3145 3716 3200 sanie.
3744 3141 3864 3209 Qua

2272 3265 2398 3306 cum
2431 3248 2700 3319 plastrum
2748 3244 3085 3300 liorribiliter
3108 3249 3257 3297 esset
3288 3238 3584 3310 pollutum,
3626 3248 3863 3306 spurco-

2272 3358 2394 3397 rum
2428 3341 2683 3411 princeps
2719 3337 2903 3394 subito
2924 3350 3145 3392 omnem
3176 3330 3500 3403 spurcitiam
3531 3328 3665 3383 inde
3707 3322 3864 3381 aufe-

2272 3451 2422 3500 rens,
2454 3447 2641 3488 secum
2684 3431 2751 3486 ad
2792 3430 3022 3485 vitream
3066 3426 3366 3483 fenestram
3397 3421 3649 3485 sustulit,
3700 3432 3866 3490 quam

2274 3527 2346 3581 ob
2373 3526 2554 3580 exitus
2586 3524 2807 3596 signum
2850 3519 3194 3584 comminuit,
3218 3528 3272 3573 et
3303 3518 3388 3572 sic
3418 3515 3563 3570 inter
3586 3510 3871 3583 spiritales

2277 3617 2572 3688 nequitias.
2602 3614 2843 3671 evanuit.
2873 3612 2964 3669 llle
2989 3621 3175 3668 autem
3198 3611 3364 3666 homo
3385 3608 3591 3663 multos
3617 3604 3751 3660 fecit
3771 3618 3872 3658 au-

2283 3724 2386 3764 nos
2410 3708 2466 3763 in
2508 3706 2658 3778 gravi
2701 3705 3046 3776 pauitantia,
3090 3717 3360 3758 exercens
3390 3698 3767 3771 nudipedalia,
3815 3694 3869 3749 in

2283 3813 2500 3853 summa
2530 3812 2716 3851 rerum
2754 3796 2997 3851 miseria.
3033 3792 3234 3849 Sancte
3253 3791 3662 3847 Emmeramme
3683 3802 3717 3844 a
3740 3802 3873 3841 san~

2283 3899 2369 3943 cta
2407 3888 2671 3943 Trinitate
2694 3886 2895 3956 triplici
2928 3883 3194 3940 miraculo
3230 3883 3517 3946 honorate,
3544 3895 3646 3950 pro
3668 3856 3873 3932 nostris

2287 3976 2947 4047 intercedenegligeiztiis,
2980 3974 3125 4044 apud
3157 3987 3307 4035 eum,
3340 3970 3501 4040 cujus
3526 3966 3874 4024 clementiam

2289 4069 2436 4123 nulla
2461 4066 2775 4123 mortalium
2805 4077 3066 4135 superant
3086 4063 3304 4119 delicta.

2364 4159 2449 4214 10.
2482 4158 2624 4214 lntcr
2656 4159 3204 4213 innumera-casuum
3244 4154 3614 4208 humanorum
3644 4146 3882 4203 infortu—

2274 4254 2384 4309 .nia
2414 4252 2570 4307 valde
2606 4250 2921 4305 miserabile
2946 4263 3011 4303 ac
3051 4247 3227 4318 magis
3250 4245 3429 4301 ﬂebile
3453 4243 3675 4299 videtur
3698 4249 3753 4296 et
3772 4249 3879 4303 est,

2293 4344 2440 4416 quod
2487 4345 2541 4399 in
2592 4342 2867 4407 homines,
2918 4354 3157 4409 quorum
3206 4350 3497 4407 possessor
3548 4348 3675 4389 esse
3721 4332 3883 4387 debet

2298 4432 2462 4502 Deus,
2486 4432 2812 4503 utpropria
2853 4429 3134 4486 domicilia
3178 4428 3345 4482 intrat
3385 4423 3613 4480 humani
3664 4422 3884 4493 generis

2299 4526 2576 4581 inimicus.
2610 4522 2718 4579 Sed
2746 4523 2799 4578 id
2829 4536 3023 4578 revera
3051 4519 3269 4576 occulto
3298 4526 3354 4573 et
3382 4517 3534 4587 justo
3568 4514 3629 4568 fit
3674 4512 3773 4567 Dei
3796 4514 3887 4583 juo

2301 4618 2465 4676 dicio.
2493 4616 2806 4672 Traduntur
2846 4614 2993 4670 enim
3023 4613 3297 4668 interdum
3328 4606 3643 4679 hujusmodi
3665 4616 3887 4677 propter

2303 4719 2524 4783 peccata
2547 4709 2729 4765 carnis
2751 4709 2807 4762 in
2839 4707 3121 4763 interitum
3143 4713 3373 4769 saltante,
3396 4711 3454 4756 ut
3480 4700 3618 4756 salvi
3640 4698 3755 4754 sint
3789 4700 3897 4770 spi~

2306 4804 2448 4859 ritus
2471 4804 2525 4857 in
2549 4803 2635 4858 die
2655 4800 2914 4856 dominici
2938 4798 3223 4855 adventus.
3251 4795 3295 4850 Ε
3315 4809 3550 4866 quorum
3574 4808 3720 4848 unus
3751 4790 3889 4847 Ges-

2309 4895 2467 4951 tiliub
2491 4895 2780 4960 vocitatus,
2804 4889 3114 4961 hospitibus
3148 4886 3406 4960 pessimis
3435 4884 3764 4955 permissus,
3790 4897 3889 4937 no-

2312 4988 2438 5044 bilis
2468 5002 2688 5060 genere,
2714 4984 2810 5041 sed
2847 4983 3063 5054 ubique
3095 4980 3265 5036 miser
3298 4976 3585 5047 multiplici
3620 4976 3887 5039 dtemoae,

2313 5085 2464 5138 intus
2498 5077 2724 5143 diaboli,
2774 5074 2911 5131 furis
2943 5082 3134 5129 eatena
3162 5071 3365 5141 ligatus
3409 5067 3565 5137 ferri,
3609 5082 3707 5137 per
3737 5067 3889 5134 plura

2320 5175 2644 5231 Sanctorum
2676 5171 2797 5225 loca
2840 5165 3189 5222 mundandus
3211 5161 3519 5218 deducitur.
3546 5158 3643 5215 sed
3673 5158 3892 5212 minime

2316 5266 2599 5323 absolutus
2622 5260 2920 5317 reducitur.
2944 5257 3171 5313 Detnum
3187 5255 3373 5311 divina
3398 5251 3752 5307 miseratione
3774 5250 3897 5313 hoc,

2317 5360 2399 5415 uti
2428 5356 2621 5422 voluit,
2657 5353 2916 5417 dictante,
2944 5351 3165 5405 venitur
3199 5346 3269 5402 ad
3300 5344 3359 5400 S.
3409 5342 3891 5404 Emmerammum,

2323 5452 2515 5508 talium
2561 5446 2709 5502 dono
2742 5442 2951 5501 caelesti
2999 5441 3350 5497 liberatorem
3380 5429 3754 5507 magniﬁcum.
3796 5429 3892 5488 Ubi

2325 5540 2558 5616 geminis
2602 5536 2888 5606 devinctus
2931 5532 3162 5599 catenis,
3190 5531 3326 5586 adeo
3358 5528 3539 5584 extitit
3584 5525 3892 5583 bestialiset

2325 5615 2608 5696 immanis,
2636 5638 2699 5685 ut
2737 5643 2768 5683 a
2800 5627 2969 5682 trium
3008 5623 3142 5679 viris
3174 5622 3365 5678 dextra
3384 5621 3634 5690 laevaque
3662 5615 3777 5689 pari
3801 5630 3891 5669 nu-

2328 5741 2481 5782 mero
2500 5722 2715 5786 divisis,
2751 5720 2839 5775 vix
2872 5717 2943 5775 ab
2986 5715 3210 5773 interitu
3243 5712 3353 5777 sui,
3385 5726 3490 5789 nec
3525 5726 3636 5765 non
3673 5708 3889 5764 aliorum

2330 5820 2518 5889 pesset
2556 5812 2818 5878 cohiberi.
2864 5809 3117 5879 Cumque
3137 5806 3235 5864 diu
3261 5813 3479 5861 oratum
3518 5808 3666 5858 esset
3692 5813 3790 5872 pm
3811 5809 3898 5863 eo,
