4058 6400
248 332 391 413 4009

958 336 1048 392 DE
1084 337 1462 395 MIRACULIS
1501 338 1562 395 S.
1601 333 2025 398 EMMERAMMI
2062 336 2244 394 LIBRI
2282 338 2442 398 DUO.
2481 370 2552 383 -—
2592 342 2718 398 LIB.
2759 343 2801 398 1.

3385 348 3523 406 ιοιο

243 465 302 512 et
324 454 513 514 multis
545 458 687 514 foret
712 436 926 513 horrori
959 463 1015 511 et
1064 456 1334 526 exemplo,
1375 462 1502 509 ante
1531 452 1833 536 confcssio-_-
1932 452 2141 524 absque
2170 454 2389 525 publica
2425 454 2752 537 confusione
2793 430 3135 517 domicilium
3158 462 3527 532 requietionis,

244 548 377 609 nem
422 543 735 611 beatissimi
763 542 1021 620 martyris
1062 547 1259 617 hospes
1297 546 1548 617 hispidus
1576 556 1630 601 et
1653 530 1873 601 barri-'3

238 632 353 701 dus
384 658 584 701 nomen
604 641 894 699 confessus
915 640 1169 714 legionis,
1196 639 1403 710 ejectus
1424 648 1508 695 est
1526 638 1595 693 ab
1619 638 1838 719 hospite

241 726 411 794 antea
442 735 544 793 sibi
581 737 770 800 cbaro,
794 734 890 790 sed
917 742 1050 790 tunc
1082 733 1339 805 martyris
1364 731 1618 803 precibus
1643 732 1821 813 admo-

238 822 383 907 :dum
410 845 621 886 amaro.
658 827 802 884 Tum
830 827 1064 894 videres,
1090 826 1292 881 mirum
1316 825 1371 881 in
1404 825 1648 892 modum,
1673 825 1720 881 si
1748 824 1861 900 ad-I

242 914 726 989 esses,'bominem
756 921 918 992 paulo
943 928 1068 974 ante
1090 934 1184 988 per
1212 919 1420 975 alienas
1444 918 1590 974 vires
1615 918 1837 974 ossibus

242 1024 303 1073 et
333 1015 519 1070 nervis
545 1014 864 1081 distentum,
901 1012 1082 1069 subito
1112 1012 1375 1069 mediocri
1400 1021 1556 1084 gestu
1589 1012 1837 1082 corporis

243 1098 571 1164 contentum
604 1148 622 1173 ,
673 1121 785 1163 uno
833 1106 1135 1176 eodemque
1181 1115 1460 1161 momento
1516 1106 1837 1163 destitutum

242 1188 488 1271 propriis
510 1200 723 1254 viribus
767 1208 822 1255 et
864 1199 1202 1256 restitutum.
1240 1198 1291 1255 Is
1322 1215 1454 1271 ergo
1486 1199 1835 1266 Sanctorum,

244 1308 391 1362 quos
430 1307 530 1362 pro
569 1292 794 1348 miseria
843 1293 1131 1348 relevanda
1186 1293 1451 1364 petiverat
1477 1335 1517 1361 ,,
1548 1294 1836 1359 cbaritate,

237 1386 416 1442 .beato
445 1384 851 1441 Emmerammo
884 1385 1140 1453 donatus,
1190 1402 1286 1456 per
1310 1387 1544 1445 eundem
1575 1387 1837 1443 dulcissi-

236 1458 404 1531 mum
458 1486 751 1547 patronum
799 1477 1137 1548 gratificatur
1177 1477 1307 1544 Deo,
1349 1478 1838 1551 simulqueomuis

232 1552 405 1645 plebs
420 1568 859 1641 Hiatospolilana
878 1571 1176 1643 conjubilat
1203 1587 1329 1627 cum
1351 1588 1434 1628 eo.
1452 1572 1560 1643 Pro
1584 1573 1710 1641 hoc,
1739 1572 1840 1629 Do-

240 1661 401 1739 mine
444 1659 826 1729 dominorum,
858 1672 912 1719 et
946 1662 1070 1718 aliis
1112 1664 1369 1734 potentiae
1397 1674 1506 1721 tuae
1534 1666 1833 1734 miraculis,

234 1761 531 1831 generatio
560 1773 804 1830 praesens
830 1766 884 1812 et
909 1756 1093 1811 futura
1118 1756 1364 1812 laudabit
1388 1773 1554 1829 opera
1574 1768 1687 1814 tua.
1721 1759 1835 1817 Ma-

231 1852 623 1925 .gniﬁcentiam
646 1852 832 1923 gloriae
855 1850 1163 1907 sanctitatis
1192 1858 1301 1907 tuae
1320 1851 1632 1922 loquentur,
1658 1864 1714 1910 et
1741 1855 1838 1910 mi-

229 1943 447 2008 ,rabilia
489 1954 585 2000 tua
628 1943 930 2000 narrabnnt
955 1951 1010 1999 et
1059 1942 1319 1998 virtutem
1349 1944 1673 2000 terribilium
1712 1954 1834 2009 tuo?

238 2051 375 2089 rum
406 2035 609 2091 dicent.
634 2032 774 2093 Cum
797 2033 999 2105 quibus
1022 2042 1078 2101 et
1104 2049 1205 2088 nos
1232 2034 1514 2091 humiliter
1541 2051 1606 2091 ac
1636 2037 1838 2106 suppli-

232 2126 429 2195 ,cative
451 2125 689 2181 dicimus
722 2143 738 2181 :
771 2144 790 2177 ι
828 2124 1239 2183 Emmerammo
1266 2125 1393 2181 testi
1419 2135 1517 2183 tuo
1538 2126 1681 2183 ﬁdeli
1703 2142 1837 2185 cou-

247 2216 384 2271 cede
409 2215 641 2270 salutem
670 2215 920 2272 omnium
951 2215 1146 2271 nostri.
1177 2235 1200 2267 ι

162 2293 172 2300 ’
327 2304 413 2359 tl.
440 2303 633 2361 Merita
665 2305 812 2362 beati
854 2304 1247 2362 Emmerammi
1285 2308 1532 2367 martiris
1569 2319 1835 2381 quantum

248 2395 468 2452 valeant
498 2397 553 2452 in
576 2397 848 2469 presentia
877 2395 1302 2469 Omnipotentis,
1324 2410 1554 2459 testatur
1576 2404 1691 2474 jam
1715 2404 1838 2475 plus

249 2501 417 2556 quam
502 2503 598 2558 per
686 2497 959 2546 trecentos
1040 2505 1218 2563 annos
1289 2490 1570 2564 Lantperti
1634 2497 1835 2554 misera

232 2560 532 2650 generatio
567 2580 804 2651 tyranni.
837 2580 1010 2651 Cujus
1040 2597 1072 2638 e
1107 2560 1277 2653 stirpe
1311 2560 1456 2643 unus
1481 2588 1572 2643 die
1599 2590 1837 2659 quadam

228 2686 378 2733 cum
419 2670 804 2742 aliisjcpatroni
826 2673 998 2729 nostri
1034 2682 1225 2744 petens
1250 2678 1565 2748 ecclesiam,
1589 2696 1714 2735 cum
1749 2681 1836 2737 in-

240 2772 398 2840 trare
432 2773 725 2831 tentarent,
759 2765 815 2820 in
860 2766 1035 2837 ipsius
1061 2768 1183 2822 atrii
1257 2769 1405 2839 quod
1445 2770 1574 2827 buic
1600 2772 1839 2828 adliceret

250 2854 564 2923 medietate,
602 2857 783 2913 subita
809 2858 1121 2930 prohibitus
1161 2868 1246 2915 est
1281 2861 1547 2929 caecitate,
1589 2864 1665 2918 ibi
1704 2865 1835 2920 dum

238 2948 521 3021 ‘deviando
566 2951 823 3008 manibus
865 2954 1134 3024 palparet,
1165 2971 1231 3011 ac
1261 2957 1490 3026 pedibus
1515 2958 1833 3029 offenderet,

251 3056 286 3096 a
313 3043 725 3100 transeuntibus
761 3045 888 3114 quis
914 3054 1085 3113 esset,
1115 3048 1246 3118 quid
1276 3058 1572 3118 pateretur,
1604 3051 1839 3108 interro-

247 3142 430 3203 gntus,
461 3143 516 3188 et
549 3150 722 3206 genus
748 3136 980 3205 infoelix,
1008 3155 1134 3195 cum
1155 3156 1288 3197 casu
1310 3140 1613 3213 professus,
1643 3160 1833 3201 eorum

228 3331 377 3381 sum
413 3319 705 3390 recipiens,
737 3336 841 3377 nec
873 3338 983 3379 non
1019 3340 1119 3393 pro
1153 3339 1220 3380 eo
1242 3325 1389 3395 quod
1420 3327 1523 3382 sibi
1549 3329 1842 3395 acciderat,

230 3410 400 3468 -baud
440 3411 576 3467 satis
602 3412 891 3484 diligenter
925 3431 986 3470 se
1024 3415 1348 3483 discutiens,
1380 3426 1440 3472 ut
1462 3429 1587 3487 pote
1610 3419 1844 3490 alicujus

249 3502 438 3557 oneris
493 3503 804 3574 expeditus,
869 3505 1196 3560 intrantium
1252 3507 1431 3573 turbis
1469 3517 1552 3564 est
1609 3509 1845 3579 conjun-

251 3602 378 3648 ctus
409 3611 423 3648 :
455 3604 587 3651 tunc
628 3596 787 3652 miris
818 3597 959 3653 mira
1002 3598 1445 3667 succedentibus,
1476 3601 1531 3656 in
1566 3600 1685 3672 ipso
1709 3618 1841 3672 por-

230 3696 436 3767 Itarum
463 3688 688 3744 introitu
709 3690 891 3747 denuo
926 3692 1170 3747 caecitate
1200 3708 1516 3762 percussus.
1548 3694 1703 3751 Unde
1728 3706 1780 3752 et
1810 3713 1842 3751 a

252 3777 459 3847 populo
503 3778 770 3835 honorem
816 3780 981 3851 dante
1020 3780 1134 3837 Deo
1162 3782 1372 3855 absque
1405 3785 1668 3841 dilatione
1694 3785 1842 3842 foras

251 3871 492 3941 ejicitur,
525 3872 621 3943 qui
665 3888 761 3944 per
798 3874 1274 3931 evidentissimum
1319 3877 1538 3947 signum
1566 3894 1597 3933 a
1629 3881 1841 3936 cunctis

254 3960 515 4017 inimicus
565 3963 724 4019 testis
762 3979 885 4020 esse
919 3965 1233 4036 conjicitur.
1276 3964 1451 4037 Hujus
1486 3968 1564 4024 rei
1594 3970 1841 4026 testimo-

250 4054 408 4109 nium
447 4070 574 4110 cum
615 4056 835 4126 publico
863 4057 1063 4114 rubore
1100 4059 1266 4115 homo
1294 4070 1521 4131 portans
1552 4077 1760 4131 secum,
1788 4075 1842 4122 et

232 4144 411 4213 valde
452 4145 685 4202 miratus
723 4163 784 4204 se
813 4149 899 4204 bis
936 4156 1200 4205 cacatum
1240 4160 1405 4222 atque
1448 4153 1837 4223 illuminatum,

254 4238 534 4307 repedavit
554 4239 621 4295 ad
645 4241 882 4312 propria,
907 4242 1221 4313 hujusmodi
1251 4259 1508 4302 sermone
1535 4249 1679 4304 inter
1702 4266 1839 4305 con-

255 4329 455 4385 rivales
496 4340 552 4385 et
576 4332 1015 4403 consanguineos
1035 4343 1287 4391 exeunte.
1323 4334 1584 4395 Noverint
1622 4355 1837 4408 omnes,

255 4421 394 4476 nulli
414 4438 480 4476 ex
512 4423 828 4492 posteritate
845 4424 1117 4496 Lamperti
1147 4434 1431 4484 accessum
1454 4431 1600 4500 apud
1629 4430 1685 4486 S.
1710 4432 1840 4487 Em—

1870 1810 1912 1866 Β

1867 3184 1909 3244 C

248 3227 488 3283 consilio
514 3237 568 3283 et
585 3228 790 3285 ducatu
819 3231 1020 3287 atrium
1058 3242 1144 3289 est
1168 3248 1445 3305 egressus.
1471 3235 1578 3302 Qui
1603 3254 1733 3294 mox
1754 3239 1839 3293 vi-
1869 3227 1883 3281 ‘-

254 4530 621 4572 merammum
655 4517 723 4572 iri
749 4534 1098 4588 concessum,
1142 4522 1250 4577 nisi
1271 4537 1398 4578 cum
1435 4539 1632 4595 magna
1655 4526 1839 4581 bnmi—
1872 4551 1918 4607 ι)

257 4608 408 4664 litate
433 4619 487 4665 et
531 4610 765 4665 multum
800 4611 1016 4668 valente
1050 4612 1401 4683 impetratum
1446 4613 1609 4670 fuerit
1656 4632 1837 4687 prece.

256 4698 342 4755 Tu
378 4716 528 4768 vero,
575 4703 862 4773 magnifica
910 4703 1005 4758 lux
1048 4705 1259 4772 mundi,
1285 4720 1383 4775 per
1418 4706 1842 4764 intercessiones

253 4792 518 4864 martyris
559 4793 637 4848 tui
688 4794 941 4850 illumina
995 4796 1248 4854 tenebras
1293 4797 1473 4853 cordis
1517 4799 1724 4866 nostri,
1774 4816 1843 4855 ne

226 4892 504 4941 extorres
545 4885 722 4941 simus
767 4886 1006 4943 caelestis
1045 4887 1224 4958 regni,
1272 4888 1370 4945 sed
1412 4888 1841 4957 intromittamus

257 4974 465 5044 nuptiis
489 4976 633 5047 agni.

334 5067 420 5122 12.
444 5066 666 5126 Nobiles
687 5070 913 5141 quidam
943 5071 1068 5139 viri,
1095 5074 1422 5144 cognatione
1442 5076 1605 5134 nobis
1631 5086 1685 5133 et
1705 5087 1844 5135 tem-

255 5172 392 5228 pore
435 5160 571 5227 noti,
613 5176 847 5231 quorum
872 5163 1096 5219 nomina
1132 5166 1377 5234 silemus,
1411 5170 1552 5239 quia
1581 5186 1843 5229 verecun-

254 5247 420 5304 datnr
452 5251 688 5322 quisque
716 5254 1002 5324 proximus
1041 5255 1113 5310 ob
1154 5256 1404 5314 timorem
1433 5261 1639 5330 pariter
1663 5272 1717 5318 et
1740 5278 1843 5319 an-

228 5350 443 5415 ‘gorem
475 5345 809 5402 calamitosae
837 5349 1028 5419 pestis,
1064 5365 1187 5421 quae
1226 5350 1320 5406 diu
1362 5354 1707 5426 multumque
1737 5372 1844 5412 sae-

222 5432 229 5437 ’
251 5437 337 5493 vit
363 5437 418 5492 in
441 5437 758 5495 hominibus
777 5441 1075 5512 tyrannicae
1098 5443 1457 5513 posteritatis,
1477 5460 1574 5517 per
1594 5447 1843 5504 diversas

253 5542 440 5583 rerum
471 5543 697 5585 suarum
722 5530 1028 5588 oblationes
1055 5543 1219 5604 atque
1258 5536 1605 5593 sacerdotum
1632 5540 1843 5595 oratio-

252 5630 361 5675 nes
400 5626 773 5676 ceterorumve
822 5623 1253 5693 supplicationes
1303 5625 1416 5683 Deo
1458 5627 1841 5687 famulantium

256 5710 530 5767 miserunt
555 5713 622 5769 ad
652 5713 871 5771 beatum
907 5715 1397 5788 Emmerammum,
1424 5738 1536 5794 quo
1561 5722 1745 5782 liceret
1763 5724 1842 5783 e’c

332 5823 447 5897 (68)
482 5826 559 5881 De
596 5827 715 5902 ipso
746 5845 798 5883 ν.
826 5827 1062 5894 Τιιίθιιιι.
1099 5827 1164 5897 ιι,
1194 5802 1294 5898 it;
1314 5830 1403 5900 Ill,
1434 5832 1482 5889 7.

1935 545 2055 614 ejus
2094 545 2321 605 intrare.
2353 547 2510 619 Quod
2552 565 2680 604 cum
2731 549 3033 606 videretur-
3056 551 3432 623 impetratum,
3467 569 3526 613 ut

1935 638 2185 717 venirent
2224 638 2370 696 bona
2402 641 2507 696 sub
2535 656 2655 711 spe,
2686 641 2759 707 ad
2804 641 2928 699 illos
2955 651 3048 699 est
3083 644 3379 713 perlatum.
3418 647 3526 713 Qui

1937 728 2218 785 venientes
2243 745 2370 789 cum
2398 731 2717 818 humilitate
2731 748 2798 789 ac
2822 742 3063 791 tremore
3077 736 3525 792 suntintromissi

1936 827 1993 874 et
2017 835 2128 875 non
2155 820 2501 880 infructuose
2520 825 2773 880 admissi.
2803 823 2942 881 Nam
2968 826 3148 897 capita
3191 842 3318 899 cum
3346 827 3526 883 mani-

1936 910 2042 968 bus
2077 913 2332 991 religiose
2375 914 2537 991 altari
2587 915 2952 987 imponentes,
3003 915 3237 988 professi
3283 928 3417 973 sunt
3467 935 3528 975 se

1938 1004 2150 1061 martiri
2178 1016 2475 1077 perpetuos
2497 1008 2808 1080 censuales.
2837 1007 3025 1079 Aliqui
3049 1010 3389 1073 tradiderunt
3408 1026 3527 1067 ser-

1938 1112 2037 1154 vos
2060 1109 2114 1155 et
2141 1101 2393 1169 ancillas,
2419 1112 2477 1157 ut
2512 1103 2569 1158 in
2594 1112 2893 1175 conspectu
2914 1105 3053 1162 tanti
3079 1108 3296 1176 patroni
3321 1107 3530 1164 invenio

1938 1199 2061 1246 rent
2085 1193 2308 1262 gratias.
2338 1194 2445 1249 Alii
2476 1211 2608 1251 vero
2631 1198 2979 1257 contulerunt
2999 1201 3380 1269 possessiones
3402 1217 3528 1272 pre-

1939 1283 2179 1354 diorum,
2202 1302 2273 1342 ne
2295 1287 2436 1343 ultra
2467 1298 2677 1346 starent
2705 1291 2763 1345 in
2794 1301 2949 1362 parte
2976 1308 3219 1350 reorum.
3256 1294 3413 1351 Alius
3441 1295 3530 1350 bis

1930 1375 2171 1461 reliquit
2186 1377 2454 1435 triennem
2486 1380 2829 1452 languorem,
2860 1383 3002 1439 alius
3037 1385 3294 1456 deposuit
3322 1386 3528 1443 bimam

1926 1468 2296 1540 debilitatem,
2353 1472 2496 1530 alius
2535 1474 2724 1546 jugem
2769 1479 3052 1547 superavit
3095 1479 3323 1551 maligni
3359 1480 3529 1551 spiri-

1940 1570 2030 1617 tus
2065 1560 2494 1620 infestationem.
2526 1564 2623 1622 His
2660 1568 2881 1624 tandem
2910 1579 2966 1625 et
2985 1570 3301 1641 bujusmodi
3326 1570 3531 1626 benefi-

1941 1652 2046 1707 ciis
2068 1652 2281 1723 refecti,
2304 1655 2434 1726 quia
2455 1654 2619 1717 antea
2634 1658 2795 1715 malis
2818 1659 3125 1721 innumeris
3141 1672 3299 1718 erant
3325 1660 3528 1730 affecti,

1943 1744 2000 1799 in
2023 1746 2241 1816 propria
2273 1758 2404 1804 sunt
2434 1751 2657 1807 reversi.
2687 1750 2842 1809 Unus
2867 1762 3050 1810 autem
3073 1755 3318 1825 ejusdem
3342 1757 3530 1828 stirpis

1940 1838 2187 1908 perdurae
2229 1842 2481 1909 cervicis,
2526 1843 2748 1900 nomine
2776 1845 3184 1916 Adalrammus,
3220 1847 3350 1906 fecit
3383 1851 3535 1922 quod

1943 1930 2116 1987 noluit
2135 1931 2327 1989 beatus
2352 1932 2811 1995 Emmerammus.
2844 1936 3236 1998 Vendicaverat
3255 1943 3403 1998 enim
3425 1943 3532 1999 sibi

1938 2022 2147 2094 injuste
2180 2025 2509 2095 praediorum
2539 2037 2774 2098 partem,
2806 2046 2930 2100 quae
2960 2047 3131 2102 nepos
3167 2033 3287 2105 ejus
3322 2035 3535 2090 martiri

1940 2114 2045 2170 sub
2075 2117 2306 2173 testibus
2327 2117 2474 2174 dedit
2495 2119 2550 2174 in
2577 2119 2953 2178 hereditatem.
2978 2122 3086 2181 Pro
3101 2140 3210 2196 qua
3232 2126 3536 2183 conventus

1939 2220 1975 2261 a
2002 2205 2339 2277 primoribus
2363 2218 2417 2264 et
2440 2208 2817 2281 interpellatus
2837 2228 2868 2268 a
2885 2212 3291 2284 defensoribus,
3318 2217 3391 2273 ob
3415 2233 3536 2273 cor-

1940 2295 2026 2352 dis
2057 2296 2314 2354 duritiam
2353 2300 2571 2370 penitus
2601 2304 2821 2359 rennuit
2850 2303 3028 2361 facere
3044 2307 3348 2378 justiciam.
3376 2307 3538 2364 Cete-

1941 2402 2064 2445 rum
2102 2390 2299 2448 beatus
2339 2391 2800 2463 Emmerammus,
2840 2413 3078 2454 suorum
3101 2398 3357 2457 defensor
3390 2400 3536 2472 opti-

1940 2500 2088 2552 mus,
2116 2501 2281 2556 super
2318 2488 2629 2560 temeritate
2654 2507 2735 2559 ac-
2754 2491 2961 2546 malitia
2985 2491 3122 2548 adeo
3155 2508 3282 2549 eum
3324 2494 3535 2562 afﬂixit,

1941 2585 2002 2630 ut
2028 2590 2126 2648 per
2154 2577 2368 2657 aliquot
2406 2581 2746 2650 septimanas
2786 2584 3052 2654 aegritudo
3083 2584 3203 2657 ejus
3232 2586 3452 2643 sibimet
3485 2597 3539 2643 et

1929 2680 2087 2739 esset
2112 2686 2289 2740 ptenze
2315 2682 2480 2744 atque
2501 2675 2738 2743 horrori,
2770 2677 2969 2732 amicis
2991 2693 3124 2734 vero
3152 2680 3538 2737 inconsolabili

1939 2762 2182 2817 mterori.
2211 2762 2366 2820 Unde
2402 2767 2653 2839 contigit,
2679 2778 2738 2824 ut
2774 2767 3088 2839 frequenter
3116 2781 3348 2828 mortem
3384 2782 3540 2843 opta-

1940 2863 2045 2922 ret,
2072 2857 2166 2912 sed
2194 2866 2379 2927 optata
2406 2860 2635 2916 minime
2664 2861 2894 2918 veniret.
2925 2861 3081 2920 Tunc
3104 2865 3325 2921 demum
3348 2868 3541 2936 procul

1958 2947 2109 3003 iubio
2134 2947 2250 3018 ipsa
2276 2963 2459 3004 rerum
2486 2949 2630 3006 facie
2659 2953 3003 3022 perdiscens,
3034 2956 3163 3026 quia
3192 2956 3351 3012 illum
3373 2959 3541 3013 babe-

1941 3047 2024 3093 ret
2047 3038 2339 3107 offensum,
2366 3041 2526 3111 cujus
2545 3042 2827 3098 martirem
2851 3043 3280 3101 inbonoraverat
3305 3048 3542 3103 sanctis-

1940 3132 2165 3199 simum,
2203 3148 2371 3205 seque
2391 3133 2584 3190 dolens
2606 3133 2986 3193 infelicissime
3021 3137 3223 3205 vivere,
3255 3148 3310 3194 et
3342 3138 3543 3203 nihilq-

1949 3226 2134 3282 minus
2177 3226 2492 3297 bujusmodi
2534 3228 2701 3282 vitam
2746 3237 2921 3283 morte
2960 3229 3142 3285 saltim
3187 3230 3334 3286 baud
3379 3232 3545 3299 posse

1946 3323 2125 3391 finire,
2169 3324 2404 3378 consilio
2447 3338 2591 3390 sero,
2627 3324 2721 3378 sed
2753 3332 2935 3377 tamen
2964 3322 3132 3388 bono,
3170 3338 3398 3379 uxorem
3438 3323 3543 3378 sub

1928 3412 2299 3471 festinatione
2336 3431 2463 3471 cum
2497 3415 2665 3471 filiolo
2702 3414 2771 3471 ad
2806 3414 3086 3470 martirem
3116 3414 3296 3480 misit,
3321 3422 3543 3484 neptem

1932 3505 2345 3560 .scilieetmeam
2363 3521 2487 3562 cum
2513 3514 2710 3576 nepote
2739 3501 2871 3561 illuc
2902 3504 2971 3560 ad
2990 3504 3325 3561 restituenda
3355 3505 3543 3575 predia

1946 3613 2168 3655 currere
2194 3598 2343 3654 fecit.
2381 3596 2488 3665 Qui
2526 3606 2689 3654 nocte
2730 3596 3046 3669 vigiliarum
3079 3596 3202 3669 ejus
3236 3596 3540 3663 venientes,

1943 3698 1999 3745 et
2020 3705 2181 3744 mane
2203 3689 2453 3745 ordinem
2482 3689 2563 3744 rei
2588 3688 2725 3744 mihi
2750 3695 3110 3758 exponentes,
3146 3703 3178 3743 a
3208 3701 3297 3743 me
3318 3695 3543 3758 accepto

1943 3782 2089 3853 quod
2120 3781 2189 3837 ad
2214 3782 2449 3837 salutem
2485 3780 2640 3851 pueri
2681 3780 2948 3851 pertinuit
2972 3780 3400 3847 consilio,.hora
3433 3781 3544 3836 diei

1943 3874 2143 3931 natalis
2169 3873 2476 3930 beatissimi
2514 3873 2758 3928 martiris
2783 3872 2945 3942 quasi
2994 3871 3236 3929 secunda
3260 3880 3436 3927 mater
3473 3872 3545 3929 ad

1944 3967 2116 4022 altare
2158 3966 2419 4032 accessit,
2477 3973 2532 4020 et
2574 3964 2753 4035 primo
2794 3964 3034 4019 filiorum
3089 3970 3282 4020 sancto
3323 3962 3544 4018 Emme-

1944 4073 2158 4115 rammo
2179 4058 2388 4115 solvere
2408 4057 2618 4114 faciens
2648 4072 2901 4125 censum,
2925 4057 3122 4113 deinde
3145 4073 3272 4113 cum
3296 4056 3543 4127 ejusdem

1944 4151 2200 4207 manibus
2230 4152 2482 4208 attractis
2503 4164 2660 4206 more
2680 4148 2966 4221 Bajoarico
2989 4150 3225 4209 testibus
3259 4149 3546 4205 retradidit

1942 4244 2151 4315 predia,
2178 4244 2261 4300 uti
2286 4252 2447 4299 antea
2479 4241 2700 4299 fuerant
2726 4243 2921 4299 tradita
2942 4284 2959 4311 ,
2988 4242 3326 4314 domumque
3344 4250 3431 4298 est
3457 4257 3545 4298 re-

1926 4352 2121 4415 ‘versa.
2154 4334 2286 4392 Inde
2323 4337 2461 4392 mihi
2504 4345 2697 4408 postea
2724 4337 2954 4393 nuntius
2991 4337 3159 4404 venit,
3195 4337 3295 4408 qui
3339 4337 3547 4408 juravi;

1944 4446 2040 4501 per
2066 4430 2290 4486 beatum
2332 4428 2821 4497 Emmerammum,
2868 4432 3330 4501 praenominatum
3370 4432 3541 4488 Adal—

1943 4536 2216 4577 rammum
2256 4521 2445 4577 eadem
2488 4522 2623 4577 hora
2657 4522 2950 4591 tranquilla
2986 4524 3314 4593 pausatione
3348 4523 3545 4578 defuu-

1945 4622 2097 4670 ctum
2117 4628 2261 4680 esse,
2284 4628 2395 4682 qua
2417 4613 2534 4668 haec
2555 4612 2779 4668 traditio
2791 4610 2936 4673 facta
2960 4623 3046 4669 est
3066 4614 3401 4669 Ratisbonze.
3430 4612 3541 4670 Nos

1946 4706 2193 4775 proinde,
2215 4714 2489 4776 quotquot
2507 4720 2704 4761 sumus
2730 4705 2868 4759 tanti
2896 4706 3112 4775 patroni
3143 4707 3401 4773 cultores,
3427 4704 3541 4762 Deo

1943 4810 1998 4856 ct
2032 4802 2111 4856 illi
2134 4790 2410 4874 gratiﬁcas
2434 4802 2794 4859 concinamus
2815 4802 3041 4858 laudes!

2020 4894 2104 4949 l3.
2139 4893 2409 4969 Magnalia
2443 4893 2540 4950 Dei
2570 4895 2922 4967 vehementer
2946 4904 3078 4950 sunt
3114 4892 3537 4959 consideranda,

1943 4995 1996 5041 et
2032 4994 2351 5042 sanctorum
2384 4988 2463 5041 ira
2509 5002 2607 5042 seu
2651 4987 2917 5057 patientia
2946 4985 3112 5043 nimis
3142 4985 3405 5040 timenda.
3441 4982 3540 5040 His

1943 5078 2145 5136 ctenim
2163 5079 2655 5149 patrocinantibus,
2680 5079 2921 5135 clemens
2949 5077 3111 5133 nobis
3140 5077 3243 5132 erit
3270 5077 3540 5145 Altitbro—

1947 5188 2071 5240 nus,
2099 5172 2324 5229 offensis
2347 5188 2477 5229 vero
2517 5184 2571 5228 et
2605 5173 2837 5242 spretis,
2875 5187 2970 5242 per
2996 5172 3220 5243 longum
3248 5179 3342 5226 aut
3376 5171 3541 5227 breve

1945 5280 2056 5319 non
2079 5264 2250 5321 stabit
2270 5265 2503 5321 inultum
2534 5276 2584 5319 et
2612 5265 2746 5319 leve.
2781 5261 2937 5331 Quod
2971 5262 3116 5331 apud
3142 5259 3541 5346 sanctumEm-

1945 5370 2305 5411 merammum
2336 5356 2440 5411 sub
2466 5354 2769 5411 Michahele
2790 5354 3050 5425 episcopo
3078 5354 3216 5408 satis
3242 5353 3537 5429 probatum

1946 5449 2193 5506 seniores
2229 5449 2533 5505 retulerunt
2571 5449 2753 5515 nobis,
2783 5449 2877 5519 qui
2909 5446 3357 5503 memorabantur
3390 5445 3539 5517 illius

1946 5542 2226 5611 temporis.
2262 5539 2315 5596 ls
2343 5555 2473 5612 ergo
2513 5555 2613 5610 pro
2644 5539 2807 5595 rebus
2847 5539 3112 5605 martiris,
3155 5535 3538 5593 defensoribus

1948 5633 2271 5704 assumptis,
2302 5647 2428 5690 cum
2451 5631 2707 5687 Pertoldo
2730 5631 3047 5687 marcbione
3075 5630 3185 5704 (68)
3225 5629 3536 5713 conﬂictum

1950 5727 2142 5781 habuit
2172 5719 2449 5796 magnum.
2486 5723 2735 5798 Cumque
2765 5725 2858 5783 diu
2888 5731 3154 5808 certatim:
3177 5730 3325 5780 esset
3349 5722 3537 5780 utrim-
