4058 6386
505 356 640 413 1011

1398 336 1702 415 ARNOLDI
1742 356 2342 415 enumumsssns
2381 354 2693 416 MONACHI

3647 351 3791 409 10ιῖ

504 488 633 544 que,
670 472 889 533 tandem
931 472 988 527 in
1030 472 1085 542 id
1132 474 1368 545 partium
1392 464 1563 547 ‘paria
1603 487 1991 541 convenerunt,
2042 486 2100 533 ut
2128 482 2173 539 Α
2201 475 2330 530 mali
2382 477 2525 530 haud
2553 448 2712 531 facile
2740 483 2954 544 queunt
2990 468 3249 533 discerni.
3281 470 3348 529 Hi
3369 482 3431 530 ut
3453 438 3552 528 iilil
3582 472 3795 528 diaboli

506 565 795 622 duodecim
818 564 1062 620 virorum
1092 566 1359 620 nobilium
1371 565 1702 637 juramento,
1740 568 1886 639 quod
1909 568 2096 636 exige-

506 659 603 715 bat
642 653 952 727 prefectus,
987 656 1196 712 tolleret
1248 659 1408 714 beato
1439 657 1865 713 Emmerammo.
1925 656 2099 726 Super

515 751 670 820 aujus
699 751 872 808 altare
903 751 1156 807 cambota
1186 750 1277 821 (68
1291 751 1332 822 ')
1381 751 1557 821 ipsius
1597 752 1800 822 posita,
1846 750 2101 805 homines

507 866 534 897 ιι
551 843 726 898 umeri
743 843 1033 915 proscripti
1062 842 1381 899 accedentes
1398 843 1740 913 iuraverunt.
1769 842 1875 898 Sed
1897 842 2104 897 ultione

508 934 698 991 divina
744 936 1014 1007 percussi,
1066 935 1271 1007 grande
1310 950 1497 991 secum
1539 934 1855 992 recedentes
1896 935 2106 990 malum

509 1037 884 1098 portaverant.
936 1026 1109 1097 Cujus
1147 1027 1352 1082 talione
1398 1029 1794 1084 saumatizatus
1844 1043 1912 1082 ex
1954 1035 2109 1097 patre

510 1138 649 1179 avus
674 1138 832 1180 meus
856 1120 1151 1188 Arnoldus,
1175 1121 1367 1177 eodem
1390 1130 1669 1177 momento
1703 1120 1893 1176 dextro
1914 1119 2111 1177 debili-

512 1222 666 1271 tatus
694 1213 947 1280 brachio,
980 1222 1107 1285 post
1134 1227 1341 1284 paucos
1376 1227 1551 1267 annos
1596 1212 1652 1265 in
1685 1211 1836 1266 tlumi
1864 1226 1911 1266 .e
1958 1208 2111 1264 Naba

440 1349 444 1353 «
511 1306 690 1374 solus,
738 1305 997 1361 comitatu
1040 1304 1217 1371 salvo,
1251 1303 1433 1360 subita
1476 1311 1652 1359 morte
1699 1303 1869 1359 vitam
1912 1300 2109 1358 ﬁnivit.

519 1398 699 1455 Ceteri
729 1414 880 1466 vero,
910 1398 1007 1469 qui
1050 1398 1493 1468 coniuraverant,
1522 1397 1653 1467 quid
1690 1396 1937 1467 perpessi
1980 1396 2111 1462 sint,

518 1491 756 1547 breviter
776 1499 1020 1562 tangam.
1047 1490 1204 1544 Alius
1231 1489 1379 1558 atqui
1403 1496 1659 1553 emeatus,
1687 1488 1829 1542 alius
1859 1496 2117 1556 strangu-

514 1583 687 1650 latus,
722 1583 866 1639 alius
888 1584 1236 1649 insensatus,
1266 1582 1409 1637 alius
1435 1580 1670 1652 paralysi
1700 1580 1937 1645 solutus,
1974 1578 2118 1634 alius

518 1676 891 1743 evisceratus,
924 1676 1069 1731 alius
1096 1673 1328 1730 fulmine
1354 1675 1651 1741 ustutatus,
1677 1673 1818 1728 alius
1865 1671 2122 1727 incendio

523 1766 757 1839 propriae
780 1767 979 1823 domus
1006 1775 1389 1837 consumptus,
1420 1765 1565 1821 alius
1593 1781 1825 1821 mancus
1849 1774 1904 1821 et
1925 1780 2120 1819 mono—

2199 583 2324 621 eum
2346 566 2621 637 perversis
2648 582 2713 621 ac
2734 565 3014 621 sceleratis
3034 564 3283 622 fmderati
3304 566 3503 637 partim
3530 574 3801 620 exercent

2201 660 2489 716 latrocinia
2527 662 2584 714 in
2621 661 2775 715 silvis
2816 668 2870 714 et
2910 658 3056 714 villis
3096 656 3264 713 nimis
3294 656 3560 726 crudelia,
3591 656 3799 726 partim

2203 769 2298 824 per
2331 753 2450 809 loca
2496 754 2765 819 sacraria,
2809 752 3111 808 moliuntur
3137 765 3261 822 qua:
3293 749 3513 820 penitus
3556 745 3800 804 nefaria.

2205 844 2440 913 Quidam
2487 861 2636 913 vero,
2661 846 2755 916 qui
2790 845 2931 900 inter
2953 859 3052 900 eos
3074 843 3325 899 videntur
3352 839 3515 913 quasi
3550 840 3809 897 sanctio-

2205 952 2316 1004 res,
2340 936 2615 993 Ecelesias
2643 953 2738 1008 per
2761 937 3111 1009 hypocrysim
3141 934 3574 1005 frequentantes,
3607 948 3677 988 ac
3706 948 3807 988 sa-

2209 1028 2426 1100 crilegis
2452 1028 2523 1084 ibi
2549 1027 2758 1084 lucellis
2782 1027 3083 1092 inhiantes,
3103 1024 3291 1091 velint,
3314 1024 3511 1089 nolint,
3533 1022 3808 1079 evolvunt

2211 1121 2269 1175 in
2293 1121 2606 1192 publicum,
2638 1135 2801 1191 quam
2835 1118 2992 1174 vacui
3029 1119 3141 1174 sint
3169 1118 3485 1174 divitiarum
3515 1132 3805 1172 verarum.

2208 1209 2355 1278 Quid
2381 1210 2570 1281 plura?
2597 1208 2761 1265 Locis
2798 1209 2854 1265 in
2893 1208 3101 1264 sanctis
3123 1208 3227 1279 ipsi
3252 1223 3361 1263 non
3383 1207 3504 1263 sine
3531 1205 3813 1261 miraculo

2216 1320 2359 1375 stupe
2379 1291 2616 1360 vidimus
2637 1303 3025 1374 deprehensos,
3048 1317 3281 1373 quorum
3309 1299 3455 1356 furta
3485 1314 3588 1355 seu
3610 1307 3815 1355 caetera

2208 1396 2419 1466 ﬂagitia
2444 1394 2551 1450 hoc
2580 1394 2716 1450 satis
2740 1383 3111 1458 declarabant,
3135 1392 3280 1462 quod
3305 1406 3414 1446 non
3449 1390 3505 1445 in
3532 1389 3739 1460 spiritu
3760 1398 3819 1443 et

2218 1489 2447 1543 veritate
2479 1488 2594 1543 veri
2624 1486 2942 1543 advenerint
2967 1484 3306 1548 adoratores,
3341 1481 3436 1537 sed
3468 1480 3691 1535 falsarii
3717 1495 3817 1535 seu

2220 1579 2518 1650 deceptorii
2554 1578 2866 1635 adulatores
2905 1576 3087 1648 (Joan.
3119 1574 3215 1644 tv).
3242 1572 3449 1629 Horum
3478 1571 3573 1627 alii
3596 1570 3825 1625 miseri.

2222 1671 2407 1727 cordia
2431 1662 2641 1735 donati,
2669 1677 2724 1724 et
2747 1669 2829 1725 sic
2856 1676 2985 1724 Sunt
3010 1667 3067 1721 in
3094 1666 3290 1737 spiritu
3322 1663 3569 1720 lenitatis
3596 1661 3818 1717 salvati.

2224 1760 2376 1817 Alios
2402 1776 2552 1826 vero,
2590 1760 2685 1831 qui
2722 1757 3247 1828 videbantur_corde
3285 1756 3560 1820 duriores,
3589 1752 3825 1824 publica

518 1860 823 1931 phtalmus,
865 1861 1009 1915 alius
1034 1859 1217 1916 caueri
1262 1858 1455 1914 morbo
1476 1873 1793 1929 percussus,
1825 1857 1968 1912 alius
2002 1857 2115 1912 ele-
2147 1848 2193 1906 B
2217 1852 2586 1909 emendabunt
2625 1850 3040 1921 castigationes,
3070 1864 3140 1905 ne
3164 1847 3468 1919 impunitas
3503 1847 3649 1901 tales
3676 1843 3825 1900 face-

520 1952 713 2008 l’antite
744 1962 896 2023 peste
919 1952 1180 2017 fmdatus,
1205 1952 1345 2007 alius
1371 1952 1668 2024 hydropica
1696 1951 1977 2006 inﬂatione
1999 1966 2119 2021 gra-

524 2053 710 2111 vatus,
737 2044 997 2101 miseram
1030 2046 1198 2100 vitam
1226 2046 1427 2100 misera
1458 2055 1632 2100 morte
1654 2045 1933 2101 ﬁnierunt.
1962 2043 2118 2101 Unde

526 2154 686 2196 meus
722 2155 788 2195 ex
837 2149 1011 2195 matre
1042 2156 1199 2207 avus,
1245 2140 1659 2210 preuominatus
1695 2140 1904 2195 scilicet
1934 2155 2119 2195 comes

526 2230 912 2298 Peratholdus,
961 2233 1198 2287 terriﬁca
1240 2232 1670 2287 commonitione
1712 2239 1912 2297 tactus,
1959 2230 2120 2285 beato

528 2322 937 2380 Emmerammo
985 2323 1232 2394 predium
1277 2324 1677 2389 suburbanum,
1732 2323 1879 2394 quod
1922 2322 2124 2378 dicitur

530 2412 793 2486 lsininga,
834 2431 931 2485 per
969 2417 1014 2447 '°
1046 2416 1410 2472 venerabilem
1444 2417 1488 2447 ³ο
1512 2416 1588 2487 pii
1624 2417 1671 2447 ’θ
1700 2415 1914 2471 abbatis
1938 2415 1982 2446 ¹⁰
2012 2415 2122 2470 Ra-

533 2509 741 2565 muoldi
770 2509 1230 2565 "ordinationem
1260 2551 1276 2565 .
1315 2550 1328 2566 .
1370 2551 1384 2565 .
1420 2511 1485 2564 ,υ
1516 2509 1765 2580 ejusdem
1791 2511 1836 2542 ³⁸
1855 2510 2030 2581 predii
2053 2511 2122 2578 ὀ,

533 2603 759 2659 donavit
805 2603 940 2675 (69),
984 2603 1133 2659 illius
1175 2604 1458 2660 ascribens
1482 2604 1811 2674 obsequium
1834 2603 2126 2661 duodecies

533 2694 776 2749 dandum
802 2694 1094 2750 karitativo
1120 2694 1248 2750 usui
1293 2695 1691 2750 monachorum
1719 2711 1821 2750 nec
1842 2711 1951 2750 non
1986 2693 2129 2750 refe.

533 2785 707 2841 ctioni
732 2785 1085 2841 duodenarite
1113 2785 1321 2841 Christi
1355 2786 1889 2842 elemosinariorum.
1922 2785 2004 2841 Tu
2031 2802 2129 2840 au-

536 2884 672 2940 tem,
719 2877 1068 2931 sanctissime
1102 2877 1296 2931 martir
1337 2875 1759 2942 Emmeramme,
1794 2877 2130 2932 duodenario

522 2965 810 3032 :miracul‘u
833 2966 1148 3033 clai'iticate,
1180 2982 1280 3037 pro
1314 2966 1474 3021 nobis
1512 2967 1916 3037 peccatoribus,
1946 2968 2133 3022 hacte-

541 3074 650 3114 nus
670 3058 863 3115 abusis
893 3059 1180 3115 duodecim
1218 3059 1746 3130 inreligiositatibus,
1793 3076 1982 3131 preces
2027 3060 2136 3115 lar-

524 3167 643 3223 gas
676 3150 845 3208 funde
868 3167 1053 3208 coram
1082 3153 1195 3219 illo,
1226 3152 1322 3223 qui
1346 3152 1495 3208 hunc
1516 3168 1805 3208 numerum
1833 3153 2135 3224 apostolico

524 3244 893 3301 rdedicaverat
912 3245 1080 3300 choro
1098 3245 1111 3299 ι

619 3335 711 3389 14.
746 3333 887 3390 Cum
909 3335 1016 3390 hoc
1043 3334 1414 3391 certissimum
1439 3336 1633 3391 habeat
1653 3336 1967 3391 Christiana
1984 3335 2138 3399 ﬁdes,

528 3426 680 3498 -quia
707 3427 762 3481 hi
791 3426 887 3498 qui
918 3427 975 3483 in
999 3428 1224 3483 nomine
1260 3427 1479 3482 Domini
1508 3429 1647 3499 largi
1672 3437 1803 3483 sunt
1833 3428 1891 3482 in
1934 3442 2142 3497 paupe-

530 3531 661 3582 res,
687 3516 746 3571 in
772 3515 945 3573 Deum
973 3518 1081 3573 dici
1105 3518 1342 3573 debeant
1371 3533 1435 3573 ac
1458 3518 1570 3573 sint
1591 3534 1687 3588 per
1710 3519 1897 3572 omnia
1916 3518 2141 3583 divites;

547 3616 605 3665 et
628 3608 761 3680 quia
778 3608 894 3681 ipse
914 3608 1069 3667 dives
1088 3617 1174 3666 est
1190 3608 1246 3666 in
1268 3622 1488 3675 omnes,
1516 3608 1902 3683 universisque
1928 3608 1994 3666 ad
2025 3605 2144 3666 suf-

530 3700 848 3757 ﬁcientiam
871 3703 1111 3758 tribuere
1132 3695 1330 3773 potest,
1348 3712 1535 3759 tamen
1558 3718 1625 3758 ne
1641 3704 1822 3759 desint
1843 3704 1898 3757 in
1920 3702 2145 3769 mundo,

534 3796 612 3849 .in
658 3794 862 3865 quibus
907 3793 1176 3867 fragilitas
1224 3797 1465 3852 humana
1522 3813 1619 3852 sua
1664 3797 1839 3866 possit
1881 3797 2150 3852 redimere

553 3892 800 3954 peccata,
832 3885 950 3942 suis
974 3887 1240 3942 membris
1268 3887 1324 3940 in
1370 3887 1618 3942 minimis
1643 3886 1890 3956 quotidie
1917 3886 2152 3942 sustinet

532 3991 701 4032 ~onus
725 3978 1067 4048 paupertatis
1092 3977 1309 4049 (Ephes.
1351 3978 1433 4046 ιι).
1469 3977 1682 4045 Quibus
1701 3978 1753 4032 id
1780 3978 1997 4033 levandi
2027 3993 2152 4048 gra—

538 4067 656 4131 =tia,
701 4069 1198 4137 pereursitantibus
1252 4068 1498 4124 ﬁdelium
1547 4069 1746 4124 domus
1790 4077 1845 4124 et
1889 4067 2150 4137 hospitia,

558 4162 696 4216 adeo
730 4162 1077 4231 quorundam
1115 4163 1357 4233 parcitas
1384 4162 1687 4218 obduratur
1708 4171 1764 4218 et
1797 4162 2066 4233 nequitia,
2095 4169 2155 4214 ut

560 4268 674 4321 pne
713 4251 877 4309 famis
903 4269 969 4309 ac
1006 4254 1224 4325 frigoris
1269 4255 1549 4325 angustia,
1602 4255 1840 4311 incidere
1887 4261 2156 4324 cogantur

561 4359 750 4400 amare
776 4360 883 4399 mox
901 4347 975 4401 tis
1012 4347 1315 4418 gurgustia.
1357 4347 1508 4414 Quae,
1538 4347 1853 4403 conditione
1881 4347 1983 4403 sub
2020 4346 2152 4412 hac,

561 4452 675 4507 quo
700 4424 886 4507 plures
935 4438 1320 4494 miserabiliter
1350 4439 1625 4506 absumat,
1667 4438 1960 4493 multitudo
1988 4436 2157 4491 false-

560 4544 686 4583 rum
715 4528 946 4585 fratrum
980 4530 1248 4586 violenter
1276 4532 1605 4586 sententiam
1636 4531 1824 4586 dictat.
1870 4529 1939 4584 lli
1984 4530 2159 4602 siqni-

563 4622 689 4677 dem
716 4638 826 4677 non
855 4623 1050 4693 spiritu
1081 4623 1339 4689 humiles,
1378 4624 1471 4679 sed
1506 4625 1671 4679 rebus
1697 4632 1751 4678 et
1779 4623 1930 4678 vitiis
1951 4639 2159 4693 paupe-

2212 1957 2301 2003 ret
2321 1947 2640 2002 deteriores.
2664 1944 2801 2000 Pars
2821 1951 3003 1999 autem
3030 1941 3352 1999 abscondita
3378 1938 3664 2010 patientia:
3690 1935 3830 1991 San-

2220 2047 2431 2095 ctorum
2463 2037 2866 2102 reservabatur,
2890 2034 3019 2106 quia
3051 2033 3277 2088 omnino
3298 2048 3329 2087 a
3351 2030 3707 2095 mortalibus,
3729 2028 3828 2099 qui

2221 2139 2275 2185 ct
2297 2129 2489 2199 quales
2511 2127 2733 2181 fuerunt
2756 2124 3152 2198 ignorabantur
3169 2142 3180 2177 :
3199 2121 3444 2193 exceptis
3464 2120 3576 2187 his,
3599 2119 3697 2189 qui
3722 2118 3831 2172 sibi

2221 2232 2377 2278 erant
2403 2221 2612 2277 conscii
2656 2217 2972 2288 hujusmodi
3019 2214 3168 2271 facti.
3198 2214 3444 2281 Quorum
3476 2228 3548 2268 ex
3595 2226 3833 2266 numero

2223 2315 2474 2386 quaedam
2523 2311 2846 2368 muliercula
2879 2309 3103 2380 Reginae
3131 2306 3372 2364 civitatis
3430 2304 3718 2376 indigena,
3763 2303 3831 2357 ad

2225 2406 2627 2463 confessionem
2657 2401 2863 2458 Christi
2892 2400 3148 2472 martyris
3175 2396 3594 2462 Emmerammi,
3616 2394 3715 2451 cui
3742 2409 3835 2448 vo-

2226 2501 2484 2557 cabulum
2533 2506 2617 2552 est
2661 2497 2727 2551 de
2763 2495 3016 2566 pedibus,
3061 2492 3240 2563 ipsius
3269 2491 3358 2547 die
3385 2489 3626 2561 quadam
3670 2488 3831 2557 quasi

2229 2593 2519 2648 adoratum
2561 2586 2811 2644 accessit.
2864 2585 2942 2640 Ibi
2991 2600 3122 2657 ergo
3174 2583 3361 2639 calicis
3397 2590 3560 2653 raptu
3602 2579 3814 2633 furtivo

2229 2698 2393 2754 quem
2422 2696 2585 2751 super
2618 2679 2789 2734 altare
2809 2676 2868 2731 Β.
2893 2675 3124 2731 Joannis
3153 2674 3376 2745 reperit,
3404 2681 3466 2726 ut
3491 2672 3834 2739 circumspe.

2231 2786 2388 2832 etans
2427 2791 2485 2831 se
2530 2773 2703 2829 solam
2751 2771 2906 2836 vidit,
2946 2767 3110 2824 saluti
3160 2782 3276 2823 sua:
3316 2764 3552 2820 nimium
3604 2761 3822 2816 invidit.

2233 2867 2354 2934 Quo
2383 2875 2445 2921 ut
2472 2880 2658 2937 secum
2686 2861 2836 2917 domi
2866 2851 3162 2924 occultato,
3184 2871 3287 2911 nec
3321 2869 3429 2909 non
3455 2853 3582 2923 ejus
3601 2857 3831 2921 argento

2234 2960 2459 3032 plumbo
2485 2955 2697 3027 peccati
2730 2959 3088 3016 commutato,
3123 2948 3377 3020 proprios
3412 2945 3469 3000 in
3501 2959 3639 2999 usus
3663 2942 3835 2996 abusa

2237 3062 2350 3117 est,
2379 3047 2675 3104 manifesto
2722 3044 2817 3099 Dei
2863 3043 3074 3115 judicio
3112 3037 3382 3112 paralysis
3420 3035 3618 3092 morbo
3654 3033 3833 3089 soluta

2238 3152 2341 3199 est.
2373 3141 2545 3211 Cujus
2576 3137 2828 3195 molestia
2873 3150 2970 3207 per
3004 3133 3284 3190 biennium
3330 3136 3577 3201 gravata,
3615 3126 3833 3180 tandem

2166 3224 2207 3281 C
2241 3232 2530 3305 protractis
2559 3240 2613 3286 et
2639 3228 2919 3286 continuis
2942 3225 3245 3290 doloribus,
3266 3221 3430 3278 discit
3450 3233 3616 3289 quem
3642 3217 3698 3270 in
3714 3216 3837 3269 loco

2243 3327 2501 3398 martyris
2544 3323 2861 3389 offenderit;
2889 3320 2960 3376 ob
2987 3317 3147 3389 cujus
3178 3316 3490 3386 despectant
3526 3309 3835 3371 confessio-

2247 3432 2371 3473 nem
2413 3417 2528 3487 jam
2559 3413 2837 3475 evidenter
2858 3411 2916 3470 in
2942 3424 3169 3484 corpore
3192 3424 3296 3466 suo
3316 3402 3840 3480 pertulitconfusio-

2247 3525 2371 3568 nem
2414 3507 2569 3569 Unde
2606 3521 2661 3567 et
2690 3511 2744 3565 in
2767 3524 2825 3565 se
2856 3522 3097 3572 reversa,
3140 3512 3304 3575 atque
3326 3515 3425 3572 per
3445 3498 3723 3570 pmnitens
3747 3510 3841 3549 cor

2249 3606 2367 3662 suis
2413 3606 2706 3678 angoribus
2736 3601 3024 3659 consulere
3054 3597 3271 3662 aunisa,
3316 3590 3654 3667 pauperculo
3686 3603 3839 3678 sum-

2249 3712 2366 3773 ptu,
2387 3713 2547 3770 quem
2574 3692 2944 3752 amminiculis
2967 3688 3342 3761 proximorum
3365 3683 3623 3753 colligere
3644 3677 3838 3773 potuit,

2250 3768 2477 3847 calicem
2519 3799 2723 3841 novum
2771 3796 2966 3854 parare
3014 3777 3248 3835 curavit.
3292 3774 3434 3829 Tum
3465 3768 3843 3828 sacerdotibus

2252 3882 2504 3939 confessa
2537 3878 2818 3941 delictum,
2852 3873 2981 3945 quia
3005 3871 3269 3927 destituta
3290 3875 3439 3924 esset
3473 3864 3655 3920 cilicio
3675 3876 3844 3916 mem-

2254 3976 2500 4038 brorum,
2530 3972 2586 4024 in
2619 3969 2785 4040 qualo
2814 3967 3132 4035 deportatur
3160 3962 3228 4017 ad
3262 3959 3319 4014 S.
3353 3958 3839 4013 Emmerammum.

2254 4066 2355 4121 Cui
2382 4066 2511 4120 dum
2538 4060 2757 4132 propria
2786 4072 2977 4122 manu,
3019 4054 3185 4110 altius
3208 4061 3391 4107 tamen
3432 4045 3679 4111 suffulta,
3708 4043 3842 4097 cali-

2255 4174 2372 4215 cem
2399 4155 2747 4218 restituisset,
2771 4158 2935 4220 atque
2956 4145 3181 4203 intimas
3201 4142 3537 4215 preces‘cum
3562 4133 3844 4191 lachrimis

2255 4252 2556 4314 cﬂ‘udisset,
2585 4246 2769 4303 subito
2803 4242 3015 4299 reddita
3044 4237 3269 4295 sanitati
3303 4233 3457 4290 exilit
3480 4231 3549 4286 de
3582 4224 3851 4298 sportatio

2257 4343 2443 4408 cubili,
2490 4351 2546 4396 et
2580 4338 2787 4412 gratias
2825 4336 3027 4392 clamat
3057 4331 3170 4387 Deo
3205 4328 3458 4400 ac£bcato
3499 4318 3745 4412 martyri.
3787 4314 3852 4369 Et

2261 4437 2391 4508 quia
2427 4411 2658 4490 libenter
2683 4446 2849 4501 quam
2888 4424 3166 4490 attulerat,
3197 4423 3310 4476 imo
3334 4435 3443 4490 qua
3470 4415 3633 4471 allata
3656 4411 3849 4508 fuerat,

2262 4501 2464 4584 cliorbe
2488 4540 2614 4581 cum
2642 4521 2924 4578 doloribus
2944 4516 3186 4581 carebat,
3207 4528 3329 4568 eam
3349 4511 3466 4564 laeta
3495 4519 3658 4562 secus
3678 4501 3850 4557 basim

2264 4620 2454 4677 altaris
2479 4618 2795 4687 reliquerat.
2826 4612 3001 4679 Quam
3024 4607 3297 4677 extemplo
3319 4603 3502 4659 ﬁdeles
3524 4606 3651 4654 ante
3672 4594 3854 4650 Eccle~

544 4728 678 4781 .res,
720 4730 815 4785 per
857 4716 1226 4773 clandestinas
1266 4731 1331 4772 ac
1366 4716 1644 4772 evidentes
1685 4716 1908 4786 rapinas
1956 4716 2164 4771 Christi
2264 4714 2405 4769 siam
2431 4726 2529 4781 pro
2559 4708 2899 4764 monimento
2922 4700 3290 4771 suspendere,
3319 4711 3385 4793 ac
3416 4706 3635 4793 summo
3659 4687 3855 4793 gaudio

564 4808 1358 4879 prmpediuntpauperibus,ne
1375 4785 2162 4880 solatiaaccipiantaliquando
2260 4805 2465 4878 legioni
2509 4802 2794 4875 signorum
2843 4814 2907 4852 ea
2950 4795 3060 4851 loci
3109 4789 3464 4865 pendentium
3517 4785 3655 4887 hoc“
3687 4785 3854 4883 inter-

552 4877 733 4961 ,etiam
764 4915 796 4955 a
823 4877 983 4954 bonis
1021 4877 1297 4968 iidelibus,
1323 4915 1353 4954 a
1388 4899 1591 4970 quibus
1639 4877 1767 4955 boni
1809 4877 2163 4971 pauperesct
2263 4877 2553 4953 miscuere.
2593 4891 2699 4948 Sed
2736 4890 2955 4947 caelitus
2985 4887 3300 4943 ministrato
3326 4890 3439 4937 tam
3466 4877 3661 4952 grandi
3693 4877 3856 4930 mira-

1859 5032 2091 5087 VARUE
2125 5028 2530 5086 LECTIONES.

643 5130 689 5163 ’°
726 5130 856 5186 Post
883 5130 1010 5185 add.
1050 5130 1100 5185 1.
1162 5130 1206 5161 ’ί
1243 5130 1307 5184 de
1343 5128 1437 5182 hoc
1467 5126 1718 5184 vocabulo
1750 5142 1854 5181 non
1879 5135 2115 5191 constat;
2150 5122 2409 5193 Faringer
2442 5120 2668 5192 fortasse
2700 5115 2959 5172 addiccns
2990 5110 3092 5181 tegi
3126 5108 3347 5163 monuit.

2099 5235 2330 5292 NOTAS.

651 5337 744 5400 (68
772 5337 812 5405 ‘)
852 5335 978 5391 Fuit
1027 5336 1259 5392 baculus
1316 5333 1812 5405 cuiinnitebantur
1824 5329 2042 5405 claudi.
2076 5326 2168 5382 Sic

575 5408 724 5463 enim
750 5400 945 5477 Petrus
973 5407 1248 5463 Diaconus
1281 5426 1295 5461 :
1334 5425 1352 5456 α
1382 5404 1635 5477 Ejusdem
1659 5403 1838 5477 claudi
1862 5400 2170 5477 cambuttas

580 5487 706 5534 ante
735 5474 882 5533 fores
903 5478 1148 5534 erxlesim
1168 5472 1591 5549 suspenderunt.
1626 5494 1650 5549 v_
1678 5472 1784 5528 Sed
1811 5473 2051 5549 sumitur
2072 5483 2171 5549 pro

562 5549 721 5621 "pede
757 5549 1017 5621 pastorali
1047 5568 1058 5603 :
1088 5549 1236 5621 illam
1262 5541 1462 5621 quippe
1485 5546 1912 5621 gestabanttum
1933 5541 2171 5621 episcopi

583 5610 701 5677 tum
749 5610 993 5686 abbates,
1026 5610 1343 5675 mittebatur
1360 5610 1985 5686 "absentibusthocque
2004 5610 2172 5686 veluti

581 5693 743 5764 signo
770 5679 1290 5764 regimenEcclesiae
1312 5679 1713 5764 suscipiebant.
1716 5683 1817 5764 Sic
1840 5679 1983 5764 enim
2010 5679 2181 5763 .Oz-det

563 5754 736 5819 'ricus
786 5754 978 5817 Vitalis
1020 5761 1056 5816 Ι.
1110 5776 1173 5817 ιιι
1199 5779 1212 5815 :
1240 5775 1337 5831 per
1364 5754 1684 5831 Acambutam
1716 5754 1900 5810 lvonis
1938 5754 2179 5831 episcopi

585 5831 867 5907 Sagiensis
902 5822 1492 5893 exteriorem'at‘b'atize
1517 5835 1844 5901 potestatem
1883 5822 2121 5880 tradidit.
2154 5841 2172 5872 )

2275 5323 2580 5380 Utebantur
2614 5319 2781 5375 ctiam
2816 5315 3069 5372 cambuta
3092 5311 3169 5384 ad
3200 5309 3361 5384 tidem
3384 5306 3859 5384 iuramentumque

2277 5374 2724 5465 ﬁnit—sidiam“:
2753 5386 3062 5465 exemplum
3089 5383 3175 5465 hic
3200 5374 3456 5465 habetur.

2313 5444 2612 5520 eiide'b'atur
2633 5444 2883 5531 sepulcro
2904 5444 3287 5531 defunctorum
3308 5466 3322 5514 ;
3377 5447 3461 5528 sic
3481 5445 3630 5531 enim
3652 5444 3856 5531 legasin

2254 5512 2715 5592 ViE‘bE's‘i'dei-ii
2740 5512 3122 5584 iCadureensis
3151 5512 3413 5592 episcopi,
3439 5532 3489 5571 e.
3522 5515 3589 5571 l9
3626 5532 3642 5569 :
3681 5533 3698 5564 ι
3730 5512 3857 5592 Dum

2282 5538 2404 5592 Vita
2451 5538 2713 5589 Desidet-ii
2754 5538 3122 5584 Cadureensxs
3151 5538 3180 5575 e
3221 5538 3413 5587 ist-opt,
3439 5538 3489 5571 υ.
3522 5538 3589 5571 w
3626 5538 3642 5569 ;
3681 5538 3698 5564 ι
3730 5538 3855 5565 υυιιι

2281 5607 2511 5663 baculus
2540 5603 2600 5657 Β.
2625 5602 2750 5664 viri,
2795 5600 2891 5668 qui
2927 5612 2959 5651 a
2986 5593 3155 5668 Gailis
3182 5538 3483 5668 Eambucca
3527 5592 3772 5668 vocant},
3797 5581 3855 5637 ad

2739 5654 2906 5748 illius
2957 5664 3157 5748 sedule
3196 5661 3503 5748 penderet."
3518 5675 3563 5748 λι*
3573 5654 3856 5748 Canities,

2286 5728 2625 5803 δαᾝῖὗηὶίρῑ
2648 5740 2906 5798 Ccmbota
2930 5736 3074 5792 enim
3109 5728 3249 5788 idem
3281 5741 3428 5803 sunt.
3464 5728 3621 5803 basx.

2359 5796 2822 5883 (titllhi'chartas
2849 5806 3078 5881 ap.,Pez
3099 5804 3142 5873 l,
3169 5804 3224 5869 5,
3257 5817 3310 5873 p.
3337 5800 3428 5866 92,
3462 5796 3553 5855 99.
