4104 5260
279 247 424 305 1013

993 265 1081 323 DE
1118 270 1493 335 MIRACULIS
1534 280 1592 336 S.
1634 282 2057 343 EMMERAMMI
2095 284 2276 345 LIBRI
2316 285 2476 347 D130.
2515 322 2585 332 —-
2621 291 2750 350 LIB.
2792 290 2834 349 l.

3407 290 3549 349 1οη

272 364 424 476 fuit),
454 376 540 476 est
562 372 715 429 valde
752 381 1093 476 pensandum
1129 390 1267 443 tanti
1292 394 1547 465 martyris
1580 399 1859 466 meritum,
1890 403 1936 460 Δ
1968 420 1986 453 ι
2008 400 2354 461 Christianos
2372 414 2607 473 constat,
2630 404 2792 462 lactis
2815 419 3108 476 ma,orum,
3131 414 3185 461 et
3204 402 3367 462 dictis
3387 406 3547 462 valde

271 462 373 558 qui
400 462 687 521 mulierem
717 469 927 541 absque
952 477 1261 537 ministerio
1291 462 1519 543 suorum
1542 491 1739 560 pedum
1766 462 1860 549 ve;

270 554 396 651 nire
430 554 603 610 voluit
630 558 700 613 ad
734 576 888 617 aram
916 581 1030 623 sua:
1051 574 1411 641 requietiouis
1444 554 1759 651 azztipodam
1793 600 1862 641 eo

269 641 487 744 scilicet
537 655 744 717 tenore,
778 663 838 709 ut
883 658 977 712 ubi
1026 672 1187 720 antea
1231 670 1511 727 terebrata
1559 641 1857 748 impietate,

267 742 651 832 conticescens
671 746 980 804 occultabat
1000 751 1280 825 delictum,
1302 760 1374 814 ibi
1395 773 1584 832 postea
1609 742 1712 823 sub
1737 742 1860 826 luce

266 827 376 890 pia:
398 827 783 928 confessionis,
811 853 877 894 ac
911 848 1322 913 recuperatione
1345 827 1538 912 salutis
1587 858 1706 928 ipsa
1731 877 1858 918 cum

266 916 484 1023 steteris
508 919 741 978 disceret
762 928 1046 1000 scriptum,
1069 938 1198 1005 quia
1222 938 1488 1001 Dominus
1511 916 1745 1006 servabit
1761 916 1857 1023 pe;

264 1005 367 1111 des
394 1019 710 1070 sanctorum
755 1033 1003 1078 suorum.
1050 1024 1117 1081 Et
1161 1028 1294 1086 illud
1335 1032 1491 1091 Isaiae
1538 1005 1851 1111 prophetat:

271 1095 484 1197 «Quam
503 1107 736 1176 speciosi
749 1111 914 1180 pedes
936 1120 1424 1188 evangelizantium
1445 1095 1656 1197 pacem:
1686 1148 1856 1189 evan-

263 1193 621 1299 gelizantium
660 1203 805 1260 bona
848 1206 1005 1279 (Isai.
1041 1214 1157 1286 ιιι).
1191 1235 1209 1268 ι
1242 1193 1485 1286 Quorum
1509 1241 1611 1282 nos
1634 1193 1857 1299 partici-

263 1300 365 1355 pes
387 1303 485 1358 per
504 1291 817 1351 charissimi
843 1300 926 1353 sui
953 1306 1207 1377 martyris
1227 1325 1413 1379 preces
1436 1291 1653 1373 eﬁicere
1666 1320 1857 1390 digne-

263 1386 376 1484 tur,
397 1384 492 1484 qui
512 1388 706 1445 sedens
723 1407 886 1464 super
901 1394 1177 1456 Cherubin
1191 1404 1415 1476 abyssos
1426 1408 1669 1467 intuetur
1686 1384 1850 1484 (Dan.

263 1471 371 1542 tu).
404 1474 600 1534 Amen.

335 1563 426 1622 15.
467 1568 607 1637 Quia
656 1577 915 1638 beneﬁcia
954 1584 1138 1643 divina
1176 1607 1349 1661 usque
1379 1594 1432 1649 in
1465 1597 1627 1652 linem
1670 1602 1853 1656 saeculi

262 1662 563 1758 multorum
592 1670 704 1726 sint
727 1680 1059 1735 resurrectio
1084 1691 1138 1737 et
1163 1686 1343 1752 ruina,
1372 1690 1620 1758 quotidie
1648 1703 1852 1748 creato-

1964 492 2291 550 certiﬁcatos
2310 495 2366 549 in
2395 495 2520 563 ﬁde,
2548 488 2641 551 cui
2666 496 2845 551 adhuc
2871 496 3036 551 etiam
3066 496 3206 551 inter
3227 504 3423 552 cetera
3450 498 3547 552 ve-'

1961 584 2140 641 ritatis
2184 585 2409 654 indicia,
2437 588 2669 644 multum
2710 587 3111 660 adstipulantur
3143 588 3407 646 miracula
3432 605 3546 646 cte-

1959 676 2090 733 litus
2113 679 2181 734 ad
2205 678 2527 736 Sanctorum
2552 682 2844 738 memorias
2858 681 3130 737 declarata
3156 700 3170 735 :
3194 697 3316 753 quae
3335 697 3436 753 pro
3456 683 3546 739 sui

1960 771 2335 843 magnitudine
2355 790 2419 829 ac
2445 773 2785 840 assiduitate,
2823 789 2941 829 nec
2964 773 3216 829 inimicos
3242 773 3408 844 hujus
3445 790 3547 829 no-

1960 861 2125 917 minis
2152 871 2207 917 et
2231 863 2513 935 religionis
2536 864 2869 921 arbitramur
2888 879 3052 935 posse
3066 854 3254 919 latere.
3279 883 3297 914 ι
3330 863 3544 931 Quibus

1958 940 2145 1009 nostra
2168 965 2321 1024 parte
2347 957 2596 1026 prolatis,
2620 956 2842 1012 obviare
2862 965 3120 1013 conantes
3144 955 3317 1011 Judtei
3343 955 3543 1012 duritia

1957 1046 2139 1101 cordis
2180 1047 2410 1117 lapidei,
2464 1048 2702 1104 clamant
2750 1057 2805 1103 et
2849 1057 3197 1120 perstrepunt
3249 1048 3494 1103 dicentes
3525 1065 3545 1103 :

1963 1157 1980 1190 ι
2026 1137 2243 1210 Optime
2270 1142 2528 1198 novimus
2553 1158 2665 1212 quo
2688 1135 2861 1197 tendit
2880 1151 3058 1198 vester
3077 1141 3343 1213 epilogus.
3369 1141 3427 1197 In
3453 1158 3545 1196 ec-

1956 1230 2121 1286 clesia
2173 1232 2395 1301 quidem
2453 1234 2709 1305 martyris
2753 1231 2921 1289 vestri
2957 1232 3364 1299 Emmerammi,
3410 1234 3542 1303 quia

1957 1332 2146 1379 notum
2171 1334 2256 1381 est
2276 1326 2534 1383 omnibus
2560 1326 2876 1382 Batisbonae
2896 1325 3290 1392 habitantibus,
3317 1324 3545 1380 claudos

1954 1427 2256 1488 reparatos,
2298 1429 2461 1491 atque
2515 1420 2726 1475 caeteris
2768 1418 3036 1474 molestiis
3075 1417 3318 1483 allectos,
3348 1432 3379 1471 a
3411 1430 3545 1472 vero

1955 1511 2167 1567 medico
2182 1522 2425 1579 curatos,
2443 1513 2668 1569 minime
2687 1512 2997 1568 dillitemur.
3025 1509 3130 1567 Sed
3145 1526 3242 1581 per
3261 1505 3545 1577 Messiam,‘

1954 1619 2118 1674 quem
2149 1605 2447 1661 nominatis
2479 1604 2781 1671 Christum,
2818 1613 3015 1660 eteum
3045 1620 3209 1675 quem
3235 1603 3417 1659 dicitis
3445 1618 3544 1674 pa-

1954 1702 2176 1748 tronum
2217 1705 2482 1762 vestrum,
2525 1696 2725 1751 horum
2772 1695 2979 1766 aliquid
3024 1693 3228 1749 factum
3258 1708 3542 1764 nunquam

261 1766 342 1864 ris
369 1754 681 1864 declaratur
706 1767 1125 1841 omnipotentia,
1150 1793 1272 1847 quae
1295 1780 1535 1838 ﬁdelium
1571 1788 1737 1842 corda
1764 1789 1850 1844 di-
1884 1787 1925 1842 Β
1954 1784 2206 1841 fatemur.
2233 1782 2369 1842 Nam
2394 1788 2744 1858 omnipotens
2766 1788 2819 1843 in
2840 1787 2991 1843 omni
3008 1788 3131 1843 loco
3149 1785 3545 1864 dominationis

261 1846 449 1946 rigens
471 1855 854 1914 mandatorum
872 1878 1097 1922 suorum
1122 1869 1177 1923 in
1201 1873 1396 1929 semita
1411 1916 1425 1940 ,
1475 1879 1737 1946 populum
1761 1882 1858 1937 liu-

260 1941 449 1998 milem
468 1946 661 2015 salvat,
692 1959 746 2005 et
767 1956 958 2012 oculos
988 1962 1348 2030 superborum
1373 1941 1644 2025 humiliat.
1674 1972 1857 2028 Casti-

258 2041 352 2135 gat
375 2050 508 2135 ergo
540 2040 662 2095 ﬁdei
694 2058 865 2101 sacra:
892 2047 1031 2106 ﬁlios
1058 2054 1485 2113 misericorditer
1507 2070 1565 2115 ut
1594 2065 1852 2135 corrigat,

259 2124 576 2226 incredulos
603 2145 786 2191 autem
816 2150 869 2194 et
894 2142 1093 2215 impios
1127 2148 1199 2202 ob
1240 2149 1436 2206 durum
1462 2169 1557 2207 cor
1584 2165 1639 2210 et
1659 2124 1854 2227 impria;

259 2222 442 2315 nitens
465 2222 619 2291 justa
647 2233 915 2287 sententia
952 2234 1193 2293 damnat.
1234 2238 1386 2297 Unde
1422 2253 1475 2299 et
1503 2247 1655 2315 plebs
1688 2222 1851 2305 Chri-

258 2311 441 2407 stiana
468 2315 526 2370 in
556 2316 650 2372 Dei
691 2324 1084 2394 omnipotentis
1116 2331 1329 2388 betatur
1364 2338 1557 2407 gratia,
1589 2340 1655 2395 dc
1684 2358 1850 2399 manu

258 2404 497 2505 ﬁliorum
522 2411 824 2470 alienarum
841 2431 1141 2492 segregata,
1166 2440 1401 2495 quorum
1425 2429 1518 2483 lilii
1536 2431 1676 2488 sicut
1693 2435 1849 2505 plano

258 2497 500 2595 tationes
550 2506 794 2573 novellae,
838 2509 963 2568 ﬁlia:
1001 2514 1437 2587 circumornatzn,
1480 2497 1849 2595 promptuaria

257 2589 420 2658 plena
446 2609 513 2648 ex
542 2596 645 2652 huc
662 2598 716 2654 in
737 2601 869 2657 illud
894 2610 1218 2677 eructantia,
1244 2610 1453 2670 luctosae
1475 2589 1850 2684 ovem-crassae

259 2684 448 2784 boves.
474 2687 593 2744 Non
621 2702 707 2747 est
725 2695 884 2751 ruina
908 2702 1159 2758 maceria:
1184 2720 1360 2775 neque
1385 2710 1648 2767 transitus
1675 2729 1849 2784 neque

258 2777 573 2878 flamonia
620 2786 813 2853 plateis
841 2806 1030 2848 eorum
1070 2794 1243 2866 (Psal.
1286 2803 1495 2872 cum).
1539 2801 1652 2860 llac
1686 2777 1849 2878 igitur

259 2868 693 2966 lalsafelicitate
717 2881 950 2951 deliuiti,
987 2886 1318 2946 Christianis
1360 2868 1734 2966 improperare
1753 2917 1847 2956 so—

256 2962 372 3018 lent
399 2965 604 3038 Pagani
627 2981 682 3027 et
713 2971 908 3042 Judaei,
931 2980 1079 3047 quod
1102 2996 1227 3035 cum
1249 2982 1305 3037 hi
1334 2962 1653 3045 multimoda
1675 2999 1848 3047 teran-

257 3064 350 3110 tur
368 3067 425 3113 et
448 3073 745 3131 graventur
765 3082 1053 3138 pressura,
1095 3073 1199 3143 ipsi
1223 3091 1255 3131 e
1289 3082 1567 3136 contrario
1600 3087 1848 3142 consola-
1880 3144 1914 3159 η

258 3149 465 3207 tionem
508 3156 826 3215 habeantet
862 3162 1107 3219 levamen
1139 3166 1195 3222 in
1223 3171 1408 3225 omnia
1447 3188 1569 3229 sua.
1617 3174 1847 3235 Nostros

257 3246 405 3301 velut
428 3263 698 3319 pauperes
731 3269 796 3308 ac
825 3256 1017 3313 inanes
1048 3259 1286 3316 alliciant
1312 3266 1635 3333 pestilentiae
1662 3286 1726 3327 ac
1760 3271 1846 3327 fa-

254 3353 406 3405 mes;
438 3340 562 3396 illos
606 3359 736 3399 vero
781 3349 1008 3416 reﬁciat,
1052 3351 1224 3407 immo
1263 3355 1540 3413 distendat
1573 3364 1846 3431 superﬂua

254 3444 440 3486 rerum
464 3435 769 3505 congeries,
800 3438 854 3493 in
881 3456 992 3511 qua
1031 3453 1119 3498 est
1148 3447 1398 3503 omnium
1429 3453 1700 3509 malorum
1730 3472 1848 3512 ma-

254 3522 440 3577 teries.
484 3520 592 3579 Pro
619 3541 857 3596 quorum
900 3531 1049 3587 inani
1079 3535 1343 3605 jactantia
1387 3544 1704 3601 consolatur
1745 3565 1846 3606 nos

245 3611 508 3680 pleniter,
536 3615 583 3670 si
614 3617 764 3689 digiti
785 3636 1000 3691 sumus,
1034 3628 1265 3696 spiritali
1293 3632 1624 3691 abundantia
1657 3656 1669 3691 :
1701 3654 1847 3695 ecu-

250 3703 343 3772 jus
373 3705 533 3774 copia
559 3705 727 3764 David
769 3723 1026 3772 eructans
1061 3727 1114 3771 et
1140 3735 1235 3775 cor
1271 3722 1551 3782 laboribus
1585 3728 1846 3787 humilia-

248 3801 371 3888 tum
396 3796 860 3888 consolans,dicit
887 3823 899 3859 :
924 3825 942 3858 ‹
969 3806 1148 3865 Multae
1172 3812 1551 3872 tribulationes
1567 3818 1844 3888 justorum

246 3893 307 3985 et
318 3886 385 3941 de
395 3886 485 3943 his
498 3891 753 3948 omnibus
766 3894 1123 3957 liberaviteos
1136 3886 1803 3985 Dominus(Psal.xxxm).
1819 3940 1838 3968 ι

252 3975 402 4077 Mors
431 3989 613 4037 autem
638 3996 982 4054 peccatorum
1012 3996 1253 4063 pessima
1280 3975 1453 4069 (Psal.
1481 4006 1672 4075 um),
1703 3975 1843 4077 quos

252 4070 437 4169 tenuit
465 4077 749 4169 superbia;
791 4082 923 4150 quia
962 4099 1086 4139 cum
1131 4087 1449 4149 hominibus
1474 4111 1582 4151 non
1606 4070 1845 4169 ﬁagella-

254 4164 481 4221 buntur.
507 4166 718 4234 Quibus
741 4187 865 4228 cum
887 4175 1123 4235 dicimus
1142 4198 1185 4233 ε(
1206 4180 1386 4247 Quare
1407 4200 1516 4240 non
1539 4164 1759 4246 creditis
1786 4192 1842 4246 in

252 4251 572 4326 Dominum,
616 4262 776 4331 cujus
806 4264 939 4335 juga
989 4267 1113 4323 ﬁdei
1168 4286 1333 4343 super
1377 4291 1437 4330 se
1468 4276 1697 4346 levasse,
1726 4280 1842 4351 jam

250 4356 403 4441 totus
430 4352 672 4408 mundus
694 4358 1033 4426 gratulatur?
1054 4360 1419 4433 Respondent,
1433 4367 1489 4421 in
1512 4385 1695 4424 rerum
1722 4388 1843 4441 pro-

251 4439 514 4507 speritate
562 4458 659 4498 seu
701 4446 1027 4505 adversitatc
1063 4454 1319 4525 utrinque
1358 4458 1696 4526 probandam
1724 4439 1843 4517 lore
1875 4489 1917 4541 Ι)

246 4537 634 4593 executionem
661 4541 787 4597 ﬁdei
818 4554 998 4610 rectae,
1029 4558 1082 4600 et
1109 4548 1233 4617 quis
1265 4549 1321 4602 in
1349 4552 1555 4606 mundo
1591 4553 1841 4609 videatur

249 4628 538 4699 subjacere
566 4633 872 4689 maledicto.
905 4635 1072 4693 Nobis
1102 4649 1282 4694 autem
1304 4657 1334 4696 e
1353 4651 1541 4697 contra
1566 4646 1839 4702 resultan—

249 4719 418 4787 tibus,
443 4722 574 4792 quia
597 4725 907 4781 malelictio
929 4730 1119 4784 mundi
1143 4732 1441 4787 mutabitur
1462 4733 1839 4793 benedictione

248 4812 483 4882 caelesti,
542 4817 752 4873 esuries
801 4821 1127 4888 saturitate,
1185 4823 1364 4880 luctus
1410 4826 1832 4895 exhilaratione;

250 4915 464 4973 oportet
485 4923 588 4963 nos
618 4910 849 4965 adversa
876 4915 1064 4969 mundi
1094 4916 1361 4985 patienter
1388 4919 1640 4975 tolerare.
1666 4941 1684 4974 ι
1705 4921 1833 4992 Vos,

253 4993 527 5065 inquiunt,
554 4999 714 5071 solito
747 5016 901 5057 more
923 5003 1127 5060 incerta
1151 5021 1250 5077 pro
1268 5010 1431 5066 certis
1449 5024 1666 5080 semper
1678 5013 1840 5070 habe-

252 5089 346 5124 Iic-
391 5099 443 5124 ΩΟ
477 5089 598 5124 :A‘an
651 5092 888 5124 «cunilam
944 5093 1203 5124 ﬁndito-.-
1246 5099 1310 5124 ...1
1342 5102 1453 5124 1...-
1495 5115 1593 5124 ...ιο-
1636 5119 1722 5124 --η
1751 5105 1765 5124 ι

1954 1877 2075 1947 ejus
2109 1894 2453 1949 quascunque
2480 1879 2713 1936 voluerit
2740 1877 2869 1935 facit
2889 1888 2951 1935 ut
2978 1878 3142 1935 Deus.
3170 1878 3358 1934 Potest
3379 1878 3544 1934 etiam

1955 1968 2008 2022 in
2034 1970 2227 2039 plateis
2258 1970 2506 2027 conferre
2529 1972 2817 2028 sanitatem
2846 1971 3100 2038 inﬁrmis,
3123 1980 3179 2027 et
3206 1970 3385 2026 facere
3414 1970 3546 2026 talia

1954 2062 2007 2115 in
2033 2065 2327 2135 synagogis
2356 2065 2470 2121 sive
2492 2065 2698 2122 nostris
2718 2065 2774 2120 in
2798 2064 3023 2131 scholis,
3052 2065 3237 2135 qualia
3266 2065 3323 2118 in
3344 2064 3543 2119 vestris

1952 2152 2263 2224 gloriamini
2287 2154 2429 2210 facta
2459 2156 2729 2211 ecclesiis.
2761 2174 2780 2209 ι
2811 2155 2950 2210 Tum
2981 2172 3046 2212 os
3065 2171 3257 2211 eorum
3286 2155 3448 2227 quasi
3465 2152 3544 2210 ad

1951 2245 2076 2299 coeli
2128 2261 2401 2301 cameram
2458 2263 2820 2317 suspensum,
2863 2256 2918 2303 et
2956 2247 3197 2318 linguam
3242 2246 3546 2318 procaciter

1949 2345 2324 2392 transeuntem
2343 2337 2400 2392 in
2423 2346 2647 2403 terram,
2670 2336 3032 2408 oppilavimus
3044 2352 3295 2393 sermone
3316 2336 3374 2392 in
3395 2336 3545 2392 hunc

1951 2431 2171 2484 modum
2207 2446 2266 2485 se
2300 2432 2614 2487 continente
2655 2451 2669 2487 :
2718 2452 2736 2485 ι
2771 2430 2913 2500 Quia
2940 2430 3172 2488 Domino
3202 2439 3392 2485 nostro
3412 2428 3543 2485 Jesu

1946 2524 2171 2579 Christo
2208 2524 2565 2596 corporaliter
2598 2541 2726 2581 cum
2754 2524 3072 2579 hominibus
3100 2533 3444 2590 conversam,
3477 2536 3544 2577 ac

1950 2632 2178 2672 munera
2209 2633 2325 2673 suae
2350 2616 2570 2687 pietatis
2614 2617 2760 2672 intra
2785 2626 2840 2671 et
2868 2626 3021 2671 extra
3051 2630 3403 2688 synagogam,
3439 2630 3540 2685 pa-

1948 2708 2122 2761 tribus
2154 2707 2350 2763 vestris
2381 2707 2669 2780 magniﬁce
2709 2708 3007 2779 impertito,
3049 2723 3160 2762 non
3190 2707 3371 2762 solum
3412 2722 3540 2763 cum

1947 2800 2029 2855 cis
2061 2799 2260 2871 ingrati
2283 2799 2592 2867 exstitistis,
2614 2800 2711 2856 sed
2730 2800 3042 2855 miserrima
3054 2799 3422 2869 vosmetipsos
3446 2799 3538 2852 in-

1948 2893 2275 2948 terﬁcientcs
2311 2892 2585 2947 dementia
2624 2892 2791 2948 etiam
2819 2891 2925 2947 hoc
2952 2890 3011 2947 in
3049 2891 3256 2947 malum
3291 2899 3538 2946 vestrum

1948 2984 2336 3040 accumulastis
2364 3000 2529 3056 super
2558 2984 2942 3056 iniquitatibus
2968 2999 3180 3051 eorum,
3201 2992 3263 3039 ut
3287 2984 3343 3038 in
3362 2999 3428 3038 eo
3447 2999 3545 3038 ca-

1948 3076 2047 3147 piti
2066 3077 2310 3131 omnium
2327 3077 2619 3144 bonorum,
2636 3091 2737 3133 nec
2755 3093 2866 3133 non
2883 3077 3031 3133 illius
3055 3076 3320 3132 membris
3340 3076 3535 3132 electis

1949 3169 2305 3225 detraheretis
2329 3211 2344 3237 ,
2376 3170 2521 3226 unde
2548 3168 2776 3224 salutem
2804 3169 2975 3240 gratis
3004 3168 3240 3224 oblatam
3263 3168 3540 3223 attrahere

1948 3258 2247 3325 debuistis;
2280 3274 2407 3314 ecce
2444 3259 2816 3333 convertimur
2844 3258 2914 3313 ad
2947 3268 3156 3329 gentes,
3196 3273 3319 3328 quae
3346 3256 3536 3313 Domi-

1949 3369 2081 3407 num
2106 3354 2163 3407 in
2196 3351 2414 3407 Sanctis
2445 3361 2714 3407 noverunt
2735 3352 2957 3408 laudare
2990 3350 3197 3418 ﬁdeles,
3218 3360 3273 3406 et
3297 3349 3429 3421 quia
3452 3349 3539 3403 in-

1946 3446 2144 3517 dignos
2174 3460 2275 3501 vos
2314 3443 2409 3500 Dei
2451 3444 2744 3515 judicastis
2794 3444 2988 3515 gratia,
3025 3459 3090 3499 ac
3114 3458 3280 3499 omne
3324 3443 3533 3498 bonum

1948 3552 2124 3607 usque
2169 3535 2331 3591 hodie
2377 3551 2409 3589 a
2452 3535 2628 3590 salute
2668 3544 2851 3591 vestra
2899 3534 3149 3606 negativa
3199 3533 3538 3590 dissessione

1947 3628 2244 3699 repulistis,
2267 3628 2357 3683 his
2386 3626 2666 3683 fructuose
2689 3626 3049 3698 proponimus
3071 3624 3417 3697 margaritas,
3440 3625 3536 3695 qui

1947 3722 2129 3777 sciunt
2152 3736 2277 3777 cum
2307 3720 2514 3777 honore
2539 3720 2817 3790 suscipere
2843 3718 2984 3775 illas.
3017 3716 3187 3774 Vobis
3221 3726 3403 3774 autem
3430 3717 3539 3774 erit

1946 3820 2147 3869 aeterna
2176 3810 2450 3878 confusio,
2478 3819 2714 3868 testante
2739 3810 2961 3866 Christo
2991 3809 3047 3864 in
3074 3824 3176 3865 suo
3196 3807 3491 3879 Evangelia
3517 3825 3532 3864 :

1952 3919 1972 3952 ι
2017 3899 2156 3966 Quia
2187 3898 2283 3953 ﬁlii
2333 3899 2486 3970 regni
2521 3900 2576 3954 in
2610 3898 2863 3956 tenebras
2901 3898 3202 3956 exteriores
3228 3908 3392 3954 erunt
3416 3907 3535 3954 tru-

1944 3989 2127 4057 dendi,
2162 3989 2345 4044 etsiue
2380 3988 2486 4045 ﬁne
2506 3989 2766 4060 puniendi
2794 3988 3011 4061 (Matth.
3036 3987 3178 4060 vui).
3211 4009 3230 4040 ι
3263 3988 3533 4044 Caeterum

1946 4090 2006 4137 ut
2047 4091 2385 4137 revertamur
2408 4081 2478 4138 ad
2503 4081 2825 4137 humilitatis
2847 4090 3050 4137 nostra:
3083 4080 3447 4152 propositum,
3484 4097 3521 4136 o

1944 4172 2174 4229 lectores
2199 4182 2254 4228 et
2275 4173 2574 4241 auditores,
2589 4172 2685 4243 qui
2706 4187 2849 4229 vera:
2860 4172 2986 4227 ﬁdei
3007 4172 3142 4228 estis
3163 4169 3530 4240 confessores,

1942 4285 2066 4341 quae
2091 4270 2157 4325 de
2200 4269 2405 4326 Christi
2446 4271 2619 4342 gratia
2662 4278 3090 4339 sanctorumque
3118 4267 3291 4339 gloria
3324 4265 3531 4323 Judzeis

1945 4366 2124 4421 visum
2163 4374 2247 4420 est
2284 4364 2534 4431 dubium,
2575 4362 2855 4419 dilectioni
2882 4368 3079 4416 vestra:
3107 4374 3395 4414 monemus
3416 4372 3529 4412 non

1943 4458 2193 4522 dubium,
2236 4456 2332 4511 sed
2365 4471 2578 4525 semper
2622 4462 2842 4511 maneat
2870 4460 3099 4517 certum,
3150 4451 3280 4520 quia
3324 4450 3525 4504 ostium

1943 4549 2063 4615 Dei,
2091 4548 2240 4617 quod
2281 4547 2405 4602 aliis
2438 4555 2523 4603 est
2547 4547 2821 4612 clausum,
2863 4544 2988 4600 aliis
3017 4543 3167 4614 justo
3196 4541 3293 4597 Dei
3320 4540 3529 4611 judicio

1939 4641 2045 4696 erit
2072 4648 2341 4709 apertum.
2371 4637 2511 4695 Ante
2540 4652 2703 4707 quem
2724 4646 2780 4692 et
2807 4637 2862 4690 in
2885 4649 2996 4706 quo
3016 4633 3340 4690 cordetenus
3364 4630 3529 4686 orna;-

1940 4733 2094 4798 dum,
2125 4748 2193 4787 ne
2214 4747 2339 4788 cum
2357 4731 2462 4785 hoc
2489 4728 2695 4784 mundo
2714 4729 3059 4794 damnemur,
3087 4724 3181 4781 sed
3208 4724 3530 4792 Redempto-

1940 4824 2020 4879 ris
2047 4824 2221 4895 gratia
2252 4820 2455 4895 potenti
2480 4820 2775 4875 salvemur.
2822 4817 2996 4888 Cujus
3027 4817 3084 4871 in
3117 4815 3382 4872 charitate
3404 4826 3531 4881 spes

1938 4925 2129 4973 nostra
2166 4915 2416 4988 ponenda
2446 4930 2571 4970 cum
2602 4912 2727 4980 ﬁde,
2754 4929 2822 4969 ne
2851 4909 3125 4982 permittat
3151 4908 3219 4962 de
3253 4915 3409 4981 parte
3438 4903 3533 4973 ju-

1939 5018 2150 5067 storum
2183 5012 2382 5081 perire,
2410 5024 2510 5079 pro
2536 5004 2741 5077 quibus
2768 5006 3023 5076 dignatus
3035 5008 3120 5057 est
3140 5011 3376 5058 mortem
3402 5007 3537 5050 cru—

1999 5117 2021 5124 ..
2050 5101 2143 5124 ---ι
