4104 5260
553 267 694 340 ista

1535 294 1841 350 ARNOLDI
1876 297 2481 356 EMMERAMMENSIS
2520 296 2826 358 MONACHI

3696 290 3829 346 £015

557 401 739 456 divina
759 416 790 456 ει
820 401 933 487 Deo
951 403 1334 476 corripuerunt
1370 406 1597 480 ﬂagella,
1632 421 1691 467 ut
1711 412 1896 467 nervis
1919 422 2138 468 contra-
2169 418 2215 474 Α
2239 415 2464 484 preteeti
2492 425 2545 470 et
2565 418 2813 482 comites,
2835 414 2932 487 qui
2952 412 3153 469 mederi
3165 411 3463 466 debuerant
3479 418 3532 464 et
3554 416 3830 480 poterant,

556 491 658 546 clis
682 485 926 548 omnium
955 509 1093 564 pene
1112 495 1498 554 destitueretur
1529 502 1898 560 membrorum
1923 502 2136 557 ciliciis.

556 581 804 654 Cumque
831 585 925 639 diu
960 586 1276 658 hujusmodi
1301 591 1656 662 castigatione
1687 604 2026 660 attereretur,
2053 592 2143 650 de-

555 690 708 729 mum
739 676 806 730 ad
837 692 974 748 opus
1021 677 1118 736 Dei
1161 681 1217 737 in
1264 683 1355 738 illo
1397 683 1881 752 manifestandum,
1915 685 2020 742 sub
2043 701 2144 756 spe.

555 780 667 821 non
692 768 1074 826 confundenda
1099 773 1167 828 ad
1193 784 1445 832 sanctum
1469 776 1937 834 Emmerammum
1959 778 2140 834 defer-

555 868 646 962 tur
752 876 913 962 cuna,
939 861 1239 922 infantibus
1263 869 1437 940 magis
1461 878 1689 926 eatenus
1714 882 1840 942 apta
1868 887 2033 942 quam
2063 871 2144 926 vi-

688 952 858 1054 Cujus
888 955 1142 1012 vehiculo
1184 967 1243 1014 ut
1293 961 1360 1016 ad
1403 962 1573 1017 altare
1604 964 1758 1019 testis
1798 974 2140 1035 perventum,

557 1041 741 1145 ibique
763 1047 1153 1120 aliquantisper
1174 1062 1259 1108 est
1279 1064 1518 1121 oratum,
1543 1056 1589 1110 is
1613 1055 1708 1126 qui
1729 1056 1942 1111 cunulae
1963 1057 2145 1111 adhm-

558 1141 633 1190 sit
655 1147 714 1192 ut
746 1141 927 1209 pusio,
961 1155 1182 1214 repente
1211 1148 1472 1204 robustus
1502 1149 1726 1219 erigitur
1749 1165 1814 1205 ac
1851 1149 2065 1211 sistitur
2086 1159 2145 1204 ut

559 1227 745 1332 homo.
789 1232 927 1332 Tum
959 1236 1206 1294 videntes
1247 1240 1342 1311 qui
1370 1244 1595 1298 aderant
1620 1243 1675 1296 in
1701 1257 1842 1298 novo
1889 1244 2146 1314 martyris

560 1323 875 1393 mirigerulo
889 1327 1100 1396 plenam
1126 1341 1414 1402 staturam,
1443 1336 1858 1392 resurrectionis
1880 1337 1946 1391 ad
1975 1335 2146 1391 instar

560 1419 853 1486 generalis,
876 1437 1178 1491 proceram.
1215 1426 1275 1482 1n
1308 1430 1542 1484 ecclesia
1570 1430 1818 1499 ejusdem
1851 1429 2008 1484 testis
2038 1430 2145 1483 im—

561 1512 954 1570 molabantDeo
973 1517 1210 1575 hostiam
1225 1521 1651 1588 vociferationis,
1671 1522 1970 1578 secundum
1993 1521 2146 1588 illud,

560 1606 708 1674 quod
734 1605 905 1664 David
940 1610 1016 1664 ait
1043 1629 1058 1664 :
1091 1630 1110 1662 ι
1143 1610 1258 1667 Vox
1295 1613 1648 1668 cxultationis
1670 1623 1723 1668 et
1748 1614 1943 1670 salutis
1968 1614 2030 1668 in
2061 1623 2146 1668 ta-

561 1697 872 1755 bernaculis
912 1701 1190 1772 justorum
1228 1704 1404 1775 (Psal.
1453 1706 1646 1776 cxvn).
1693 1725 1712 1757 ι
1758 1705 1897 1764 Cum
1946 1705 2148 1776 quibus

562 1791 705 1847 idem
732 1803 996 1862 patronus
1019 1806 1206 1852 noster
1233 1798 1612 1865 dulcissimus,
1633 1809 1833 1854 :eterna
1859 1815 1959 1869 pro
1983 1799 2149 1853 exilio
2183 1785 2223 1840 Β

560 1884 711 1940 brevi
739 1887 912 1956 patria
941 1889 1176 1946 donatus
1198 1901 1248 1946 et
1274 1906 1374 1962 pro
1400 1892 1638 1961 pondere
1672 1893 1922 1947 laborum
1949 1891 2150 1946 inaesti-

561 1975 750 2030 mabili
776 1979 1058 2046 praemium
1086 1981 1334 2048 sortitus,
1370 1999 1470 2053 pro
1502 1992 1677 2039 morte
1698 1983 1936 2052 pretiosa
1969 1981 2148 2036 inusi-

561 2075 675 2122 tato
695 2083 890 2138 genere
920 2073 1166 2142 martyrii
1193 2075 1483 2144 acquisita,
1505 2075 1558 2129 in
1583 2084 1699 2141 tuo,
1723 2072 1958 2140 Christe,
1982 2089 2150 2146 regno

563 2159 828 2229 glbriatur
854 2178 1080 2230 corona,
1118 2181 1284 2236 quam
1311 2167 1524 2223 elucere
1559 2168 1688 2223 facit
1717 2166 1970 2237 specialis
1993 2166 2074 2221 tui
2098 2173 2151 2222 et

559 2253 798 2324 proximi
826 2255 1133 2313 dilectionis
1163 2274 1394 2329 gemma.
1432 2259 1552 2326 Qua
1574 2270 1627 2316 et
1649 2276 1772 2327 nos,
1798 2275 1896 2330 pro
1929 2259 2151 2314 modulo

563 2355 782 2415 nostro,
809 2349 1103 2420 insignitas
1126 2353 1430 2410 vocationis
1453 2355 1588 2410 hora
1615 2354 1894 2409 humiliter
1914 2354 2150 2424 petimus

563 2456 597 2495 a
627 2450 680 2495 te
719 2441 972 2511 inveniri,
1005 2443 1164 2515 cujus
1203 2447 1579 2502 misericordia
1625 2464 1748 2518 qua:
1770 2448 1915 2502 bona
1947 2456 2073 2501 sunt
2096 2446 2152 2502 in

565 2533 822 2589 cordibus
873 2550 1000 2590 vere
1051 2537 1291 2592 fidelium
1333 2554 1442 2594 non
1492 2541 1755 2611 permittit
1804 2540 1994 2611 50piri,
2057 2539 2153 2594 sed

567 2625 728 2728 pleno
773 2630 1190 2696 perseverantia:
1233 2629 1416 2687 fructu
1467 2649 1658 2688 eorum
1705 2632 1835 2688 facit
1881 2648 2049 2702 opera
2083 2631 2150 2685 fi-

566 2732 697 2771 nm.

642 2810 732 2864 Π.
768 2810 954 2866 Gloria
977 2823 1290 2869 sanctorum
1307 2815 1529 2872 Christo
1553 2817 2026 2888 conregnantium,
2057 2831 2156 2886 pa-

567 2911 687 2958 tres
705 2913 759 2958 et
779 2903 1000 2971 fratres,
1024 2916 1107 2962 est
1134 2907 1291 2963 valde
1333 2909 1628 2963 reverenda
1647 2951 1661 2974 ,
1689 2909 1769 2962 ira
1792 2924 2012 2979 quoque
2029 2924 2152 2964 om-

568 2992 812 3048 nimodis
841 2996 1100 3062 cavenda,
1138 2997 1396 3066 patientia
1428 3013 1558 3053 vero
1581 2999 1728 3053 omni
1752 3000 1906 3054 sexui
1945 3015 2042 3053 seu
2070 3014 2156 3053 or-

2244 525 2353 564 non
2383 510 2559 566 solum
2585 509 2806 564 obviare
2827 525 2891 564 ac
2909 507 3163 563 resistere
3186 511 3470 568 recusant,
3497 516 3632 572 quin
3665 501 3831 554 etiam

2240 603 2344 673 ipsi
2382 603 2485 658 hoc
2507 603 2651 657 idem
2686 601 3054 666 accumulant,
3082 613 3182 654 nec
3212 611 3320 651 non
3345 611 3564 651 omnem
3593 591 3837 663 justicia:

2241 696 2728 765 pulchritudinem,
2751 703 3017 766 quantum
3049 693 3106 747 in
3131 706 3209 757 se,
3237 690 3587 751 dedecorant,
3616 701 3730 756 quo
3751 686 3836 738 in-

2241 789 2545 844 satiabilem
2581 789 2823 843 avaritia:
2857 787 3036 842 laeum
3072 798 3184 838 non
3225 781 3388 837 modo
3415 778 3700 849 nequiter,
3739 775 3834 829 sed

2241 883 2404 938 etiam
2443 883 2674 952 turpiter
2718 880 3048 951 adinpleant.
3079 876 3186 932 Pro
3213 889 3448 946 quorum
3485 868 3836 926 contumacia

2243 976 2492 1033 celeriter
2535 975 2823 1031 sternenda
2870 974 3071 1028 clamat
3108 968 3393 1040 propheta,
3425 966 3595 1020 immo
3618 977 3745 1016 cum
3770 974 3838 1013 eo

2244 1072 2445 1141 injuste
2501 1082 2888 1140 oppressorum
2939 1064 3202 1119 ultionem
3253 1058 3492 1131 postulat
3550 1068 3788 1126 persona
3818 1067 3838 1104 :

2250 1164 2525 1228 Exaltare,
2554 1163 2642 1234 qui
2660 1161 2876 1230 judicas
2905 1167 3120 1223 terram,
3146 1153 3300 1208 redde
3322 1149 3722 1205 retributionem
3750 1157 3836 1197 sn—

2244 1259 2416 1329 ρει-ωδ
2431 1255 2604 1327 (Psal.
2626 1269 2777 1319 xcm,
2793 1251 2870 1322 2).
2885 1249 3035 1305 Hanc
3047 1249 3210 1320 igitur
3221 1258 3441 1302 causam
3455 1256 3564 1296 non
3588 1251 3833 1299 causam,

2247 1350 2340 1405 sed
2371 1357 2579 1420 pestem
2615 1345 2920 1410 dicendam,
2967 1342 3022 1397 id
3063 1349 3146 1396 est
3193 1347 3253 1394 ut
3297 1335 3563 1393 diabolica
3607 1329 3837 1387 commi-

2249 1450 2503 1496 sceantur
2529 1437 2805 1503 humanis,
2835 1444 2890 1490 et
2917 1432 3275 1489 nihilominus
3296 1429 3534 1483 humana
3559 1421 3837 1495 preferau-

2249 1543 2338 1590 tur
2359 1533 2577 1598 divinis,
2605 1532 2658 1586 in
2695 1537 2907 1585 tantum
2936 1526 3103 1597 aliqui
3131 1541 3228 1594 pro
3257 1518 3558 1579 commodis
3581 1515 3840 1569 allectant

2249 1625 2504 1688 terrenis,
2523 1637 2634 1693 quo
2647 1619 3020 1676 adulationum
3043 1611 3374 1670 liniamentis
3398 1610 3512 1666 sive
3539 1606 3664 1661 aliis
3689 1604 3843 1674 pravi

2252 1715 2467 1772 consilii
2494 1711 2885 1777 incitamentis,
2917 1708 3117 1780 quibus
3143 1705 3245 1776 ipsi
3279 1701 3620 1765 habundant,
3647 1698 3843 1767 pasto-4

2251 1825 2339 1866 res
2383 1809 2548 1863 etiam
2583 1806 2826 1862 ecclesiae
2869 1809 3134 1873 temptent
3180 1797 3422 1861 inficere,
3459 1800 3625 1862 atque
3663 1787 3844 1860 gregis

2250 1902 2510 1958 dominici
2557 1900 2755 1955 arietes
2801 1905 3070 1954 conentur
3111 1895 3269 1964 lupos
3313 1890 3544 1946 efﬁcere.
3591 1885 3844 1953 Quorum

2249 1989 2538 2052 sintieliias
2569 1994 2680 2065 (Ἠ)
2712 2006 3018 2048 venenosas
3043 1989 3135 2059 qui
3171 2003 3279 2041 non
3306 1982 3700 2045 observaverit,
3727 1996 3844 2049 pro-

2251 2089 2340 2145 cui
2359 2088 2526 2143 dubio
2555 2087 2680 2142 vita:
2715 2084 3017 2156 periculum
3048 2079 3297 2144 incurrit,
3335 2075 3483 2147 quod
3511 2075 3566 2128 in
3609 2087 3670 2128 se
3710 2070 3849 2126 satis

2251 2191 2335 2237 est
2375 2189 2632 2252 expertus
2672 2176 2958 2242 Michahel,
3017 2173 3236 2246 Reginae
3269 2167 3507 2226 civitatis
3550 2166 3848 2235 episcopus

2255 2275 2364 2344 (an.
2405 2273 2554 2344 972).
2582 2272 2630 2328 is
2664 2271 2814 2343 atqui
2851 2283 2976 2325 cum
3002 2282 3100 2339 pro
3145 2265 3460 2336 episcopatu
3496 2258 3719 2315 cuidam
3751 2272 3844 2311 ne-

2253 2367 2364 2436 poti
2396 2381 2496 2421 suo
2527 2366 2596 2419 ab
2630 2365 2957 2434 imperatore
2983 2357 3308 2430 postulando
3337 2353 3520 2426 palatii
3548 2350 3844 2406 stationem

2253 2469 2436 2531 petere
2464 2457 2815 2523 decrevisset,
2849 2454 3136 2523 xeniaque,
3164 2449 3364 2521 quibus
3393 2448 3498 2501 hoc
3521 2460 3579 2500 sc
3603 2444 3847 2512 inpetra-

2255 2563 2440 2609 turum
2468 2551 2740 2622 sperabat,
2766 2548 3092 2619 paravisset,
3117 2555 3440 2614 persuasum
3467 2546 3550 2593 est
3565 2536 3615 2591 ei
3643 2535 3714 2589 ab
3737 2535 3843 2596 his,

2253 2645 2349 2716 qui
2389 2643 2651 2715 optabant
2697 2641 2840 2712 apud
2879 2639 3153 2711 principes
3181 2629 3580 2689 ecclesiasticas
3625 2626 3847 2681 venales

2255 2739 2373 2794 fore
2413 2737 2726 2808 dignitates,
2767 2732 3029 2804 quatinus
3069 2727 3404 2800 petitionem,
3450 2735 3616 2792 quam
3667 2717 3847 2772 facere

2255 2830 2434 2895 vellet,
2475 2806 2751 2882 thesauris
2790 2823 2902 2878 Deo
2947 2819 3129 2876 dilecti
3162 2814 3402 2871 martiris
3452 2806 3844 2866 Emmerammi

2257 2919 2602 2975 subornaret.
2627 2913 2778 2981 Quos
2805 2913 2915 2976 ille,
2939 2907 3269 2966 consiliariis
3289 2900 3637 2959 consentiens
3663 2897 3776 2952 reis
3794 2904 3848 2950 et

2256 3007 2546 3079 perversis,
2571 3019 2740 3075 prope
2761 3002 2905 3058 diem
2936 2998 3241 3055 natalitium
3268 2993 3513 3066 ejusdem
3541 2988 3740 3060 (Sept)
3768 2996 3849 3041 te-

568 3086 684 3196 ξιξηξ
707 3086 1170 3196 ΔΡεειτξιῑιισὲείέίὲῐιάεθλῖ
1199 3092 1280 3146 Ad
1309 3092 1411 3148 hos
1436 3107 1672 3162 namque
1700 3092 1831 3147 ἀίείῐ
1851 3092 2150 3147 Dominum
2182 3140 2223 3196 ε
2259 3103 2358 3158 stis
2395 3100 2620 3156 domino
2648 3112 2752 3152 suo
2793 3093 3071 3157 subduxit,
3107 3105 3206 3146 nec
3235 3103 3344 3143 non
3368 3086 3437 3140 ad
3480 3081 3845 3153 episcopalem

1183 3191 1193 3196 -
1336 3183 1391 3196 οι.
1612 3184 1643 3196 ιι
1759 3187 1770 3196 ι
1793 3189 1799 3196 ,ι
1817 3185 1850 3196 η
1927 3185 1938 3196 ι
2064 3185 2112 3196 Λι
2297 3195 2342 3196 νη
2471 3192 2501 3196 _
2610 3191 2620 3196 -
2795 3189 2810 3196 -
3013 3184 3116 3196 l-f‘\
3171 3182 3203 3196 ια
3244 3189 3255 3196 -
3336 3195 3343 3196 ,
3382 3193 3429 3196 Α,
3447 3191 3556 3196 ---μ
3585 3172 3812 3196 4__A_-J.-

567 3178 680 3243 Qui
702 3181 874 3250 tangit
891 3197 998 3248 vos,
1022 3183 1195 3253 tangit
1219 3183 1481 3255 pupillam
1502 3184 1643 3238 oculi
1669 3185 1971 3256 mei(Zac/:.
1989 3201 2048 3251 ιι,
2063 3185 2148 3254 8);

567 3270 995 3345 ctinEvangelio
1010 3293 1023 3330 :
1041 3274 1145 3341 Qui
1157 3293 1243 3331 vos
1254 3279 1472 3348 spernit,
1489 3295 1568 3332 me
1580 3280 1780 3352 spernit
1800 3278 1950 3350 (Luc.
1971 3297 2026 3345 τ,
2043 3280 2150 3347 16).

567 3362 706 3431 Quae
735 3362 978 3423 tonitrua
1020 3369 1090 3423 ab
1124 3370 1244 3441 ipso
1277 3370 1541 3426 cmlorum
1572 3372 1768 3427 throno
1809 3372 2157 3442 procedentia

572 3474 674 3513 nec
689 3474 800 3514 non
817 3460 1052 3516 terrifice
1075 3463 1399 3518 mortalibus
1422 3464 1727 3520 intonantia
1750 3467 1887 3519 adeo
1914 3474 2158 3520 contem-

568 3551 712 3618 pnit,
738 3550 874 3606 heu!
906 3553 1047 3607 male
1069 3553 1233 3608 surda
1258 3555 1588 3610 sccularium
1616 3554 1839 3620 duritia,
1867 3553 2158 3608 utinhian-

569 3653 653 3698 tes
678 3643 745 3699 ad
775 3646 1131 3700 ecclesiarum
1169 3663 1266 3702 seu
1308 3663 1609 3718 pauperum
1641 3663 1748 3712 res,
1787 3647 2156 3702 luereditatem

569 3731 792 3790 Domini
835 3736 1140 3808 diripienda
1186 3756 1341 3796 suam
1384 3740 1604 3808 faciant,
1646 3741 1814 3795 immo
1860 3757 1919 3796 se
1961 3757 2025 3797 ac
2059 3758 2156 3797 sua

569 3828 770 3883 diaboli
801 3840 1007 3900 partem
1035 3831 1286 3888 efﬁciant.
1314 3831 1516 3888 Contra
1538 3849 1678 3903 quos
1697 3835 1972 3889 invehitur
1998 3837 2160 3891 male-

569 3920 780 3975 dictum
826 3937 922 3993 pcr
971 3923 1104 3978 illud
1158 3924 1535 3995 propheticum
1582 3945 1594 3980 :
1647 3925 1735 3981 Va:
1788 3928 1880 3997 qui
1928 3928 2157 3999 jungitis

571 4029 760 4083 agrum
792 4014 862 4067 ad
894 4031 1081 4085 agrum
1115 4017 1290 4087 inique
1326 4015 1486 4088 (leui.
1524 4034 1576 4084 v,
1609 4018 1686 4086 8).
1714 4017 1756 4070 E
1785 4019 1987 4089 quibus
2016 4036 2158 4075 non-

574 4106 710 4159 nulli
751 4106 846 4176 qui
887 4108 1235 4164 honestiores
1265 4119 1319 4164 et
1348 4111 1776 4166 continentiores
1820 4112 2072 4168 videntur
2103 4113 2157 4167 in

568 4193 810 4251 factione
848 4197 1250 4269 hujuscemodi,
1298 4216 1423 4256 cum
1456 4201 1688 4256 viderint
1721 4202 1934 4272 aliquos
1960 4205 2027 4259 ad
2072 4219 2158 4270 ea,

573 4303 696 4356 quae
719 4305 912 4360 parum
943 4292 1114 4363 tetigi,
1141 4293 1500 4362 perpetranda
1533 4294 1820 4363 proclives,
1849 4296 2042 4351 callide
2064 4311 2160 4350 eos

570 4380 868 4450 instigant;
901 4389 1063 4451 atque
1103 4391 1163 4436 ut
1192 4382 1278 4438 his
1307 4383 1508 4438 reculis
1552 4385 1802 4440 tenacius
1842 4387 2157 4454 adhereant,

2256 3195 2439 3248 villam
2467 3189 2981 3246 Berahartashusun
3007 3184 3121 3256 (ῖῖ)
3153 3182 3353 3237 dictam
3377 3191 3562 3233 secum
3585 3172 3847 3229 transdu-

2259 3287 2354 3352 xit,
2385 3299 2495 3357 quo
2522 3298 2656 3338 suus
2682 3281 2872 3336 eadem
2892 3277 2978 3333 die
2999 3275 3289 3333 comitatus
3317 3267 3537 3340 pestifer
3561 3263 3842 3321 confluxit.

2258 3375 2334 3430 lbi
2379 3354 2599 3445 quoque
2627 3370 2912 3426 subitanea
2944 3363 3191 3436 corporis
3230 3374 3524 3432 percussus
3573 3354 3846 3414 molestia.

2257 3485 2355 3539 per
2379 3477 2678 3523 extremam
2705 3470 2907 3519 sortem
2929 3459 3111 3530 urgeri
3127 3455 3291 3526 cmpit
3308 3455 3363 3508 in
3395 3459 3647 3506 mortem.
3672 3446 3846 3513 Quam

2258 3579 2382 3617 cum
2413 3561 2516 3616 sibi
2551 3556 2824 3613 turbidam
2864 3561 2920 3608 et
2963 3565 3208 3606 amaram
3257 3545 3519 3602 sensisset
3555 3541 3844 3601 inminere,

2260 3664 2423 3724 atque
2444 3653 2558 3722 jam
2585 3650 2901 3718 desperaret
2947 3643 3088 3698 infra
3126 3640 3352 3696 limitem
3384 3637 3551 3706 hujus
3583 3634 3711 3687 vitae
3731 3631 3849 3686 diu-

2261 3747 2372 3802 tius
2399 3744 2698 3801 consistere
2728 3755 2908 3811 posse,
2933 3736 3256 3792 vicedomno
3277 3738 3582 3798 assumpto,
3606 3740 3712 3780 nec
3741 3738 3846 3776 non

2261 3837 2526 3895 militibus
2553 3834 2742 3890 accitis
2768 3833 2825 3886 in
2852 3827 3249 3891 testimonium,
3281 3838 3404 3878 cum
3439 3817 3717 3888 aliquibus
3746 3815 3846 3868 mi-

2263 3930 2471 3995 nistris,
2496 3927 2620 3998 quis
2641 3926 2786 3980 circa
2816 3939 2941 3978 eum
2969 3921 3090 3992 plus
3117 3925 3236 3973 erat
3264 3913 3469 3969 amoris
3496 3925 3666 3981 quam
3688 3907 3848 3961 timo-

2263 4024 2358 4088 ris,
2397 3997 2743 4092 quorumque
2769 4013 3074 4070 familiariti
3099 4009 3287 4066 sedulo
3313 4006 3521 4061 solebat
3551 4001 3736 4064 inniti,
3767 3997 3848 4053 af.

2263 4116 2406 4171 fatus
2449 4121 2530 4168 est
2565 4113 2727 4166 verba
2763 4107 3076 4178 hujusmodi
3112 4122 3125 4158 :
3164 4100 3396 4171 Contigit
3441 4113 3520 4151 me
3563 4092 3849 4165 aliquando

2262 4223 2410 4262 secus
2447 4203 2633 4258 Licum
2673 4203 2869 4272 flumen
2906 4199 2998 4252 sub
3030 4196 3219 4251 Ottone
3252 4191 3586 4259 Saxonigena
3619 4187 3848 4254 impera-

2265 4307 2375 4351 tore
2397 4296 2568 4366 primo
2591 4293 2737 4362 gravi
2762 4289 3062 4358 interfuisse
3087 4283 3252 4356 prelio
3282 4281 3416 4352 (75).
3446 4278 3544 4332 Ubi
3569 4292 3690 4330 cum
3718 4276 3852 4328 inter
3891 4279 3895 4283 '

2267 4400 2472 4446 nostros
2505 4397 2663 4457 atque
2698 4398 2931 4455 paganos
2971 4380 3228 4434 acerrime
3253 4375 3437 4446 fuisset
3461 4379 3776 4442 pugnatum,
3803 4376 3852 4420 et

571 4475 772 4546 saepius
795 4475 1096 4542 inculcant;
1121 4475 1472 4546 pervicaciter
1497 4491 1555 4532 se
1575 4477 1891 4547 pollicentes
1913 4481 1992 4534 eis
2017 4480 2158 4550 apud
2195 4504 2240 4558 ο
2267 4483 2478 4538 Christo
2505 4479 2734 4549 propitio
2761 4491 2793 4529 a
2818 4473 3126 4529 christiani:
3148 4478 3279 4524 esset
3297 4463 3705 4534 triumphatum,
3741 4457 3850 4512 Un-

566 4567 784 4638 judices
806 4566 1020 4623 futuros
1049 4568 1351 4638 adjutores,
1380 4583 1481 4624 nec
1503 4585 1612 4623 non
1634 4570 1820 4635 etiam,
1846 4571 1893 4626 si
1916 4571 2159 4625 necessi-

571 4670 660 4716 tas
699 4660 899 4730 exigat,
946 4661 1343 4731 conjuratores.
1389 4660 1528 4716 Tum
1558 4662 1614 4716 in
1660 4676 1720 4717 se
1756 4663 2160 4732 quodammodo

573 4753 737 4823 quasi
763 4762 1114 4818 revertentes,
1146 4753 1315 4808 immo
1345 4763 1642 4809 retrorsum
1669 4753 1738 4809 ad
1769 4755 1989 4810 malitia:
2031 4769 2158 4825 cry-

571 4859 696 4915 ptas
721 4844 1068 4900 anfractuose
1085 4846 1414 4901 divertentes
1431 4887 1446 4912 ,
1477 4861 1573 4901 eos
1604 4860 1708 4916 pro
1737 4857 1980 4917 tempore
1999 4845 2158 4900 dese-

578 4949 725 5004 runt,
758 4937 959 5007 quibus
1003 4937 1292 4993 consilium
1337 4938 1644 5008 iniquitatis
1679 4937 1962 5004 dederunt,
2008 4945 2063 4992 et
2099 4951 2159 4991 se

580 5030 806 5085 subdole
829 5029 896 5083 ad
925 5030 1048 5094 hos,
1087 5044 1322 5099 quorum
1345 5030 1486 5084 bona
1521 5029 1714 5099 praedae
1743 5027 1828 5083 vel
1860 5030 2065 5100 rapinae
2084 5027 2162 5083 fe-

581 5130 766 5162 a-m'nnt
807 5130 988 5162 natm-9
1059 5120 1341 5162 nmiﬁ-rnnt
1402 5130 1458 5162 nt
1488 5136 1589 5162 τινα
1627 5120 1894 5162 mondnnii
1947 5119 2163 5162 eilanlin

2262 4574 2344 4646 gri
2383 4587 2554 4626 meam
2586 4568 2913 4622 abscidentes
2949 4561 3269 4626 auriculam,
3299 4557 3494 4629 gladiis
3529 4571 3593 4608 ac
3633 4551 3852 4622 spiculis

2261 4670 2399 4722 inter
2433 4675 2628 4720 ceteros
2667 4680 2746 4716 me
2779 4667 3076 4715 straverunt
3116 4672 3178 4710 ac
3221 4655 3626 4724 adaquarerant
3649 4648 3849 4720 .glebis.

2261 4759 2292 4815 1
2296 4759 2347 4814 bi
2377 4760 2644 4828 insperato
2669 4763 2872 4825 raptus,
2897 4751 2964 4806 ad
2979 4748 3205 4804 salutem
3229 4746 3366 4800 sensi
3381 4742 3647 4811 beneﬁciis
3675 4743 3856 4794 adesse

2258 4861 2538 4922 patronum
2555 4848 2876 4911 clementem,
2898 4861 3047 4916 quem
3071 4856 3206 4896 nunc
3236 4840 3390 4892 timeo
3415 4836 3476 4889 ob
3508 4834 3853 4888 temeritatem

2267 4945 2468 5016 peccati
2519 4943 2620 4995 mei
2660 4942 2994 4994 irascentem.
3044 4933 3168 4999 Eia,
3220 4927 3669 5003 quwso,]idcliter
3719 4925 3854 4994 agite

2272 5052 2388 5108 qua:
2411 5035 2647 5106 iujungo‘.
2677 5029 2864 5084 Tollite
2889 5029 3009 5081 hinc
3029 5056 3102 5066 --
3124 5025 3328 5077 utinam
3341 5034 3632 5090 numquam
3655 5016 3726 5070 ad
3753 5031 3837 5068 ma

2274 5127 2380 5162 ιω..
2428 5126 2564 5162 mm:
2591 5125 2759 5162 fnrorn
2789 5119 2926 5162 "nlui
2951 5149 3019 5158 .-
3044 5134 3156 5162 mm
3179 5116 3272 5162 sub
3308 5121 3449 5162 certo
3476 5125 3696 5162 numero
3721 5110 3840 5161 inte-
