4058 6394
246 304 386 366 1017

975 307 1064 363 DE
1095 308 1475 371 MIRACDUS
1512 313 1570 368 S.
1613 313 2037 379 ΕΜΜΕΒΑΜΜΙ
2074 316 2255 377 LIBRI
2286 320 2447 379 DUO.
2486 352 2559 383 -τ-
2596 321 2724 377 LIB.
2758 321 2800 377 1.

3370 316 3509 401 tota

245 444 349 488 tem
390 428 773 494 thesaurorum,
806 441 939 497 quos
971 426 1226 498 insipiens
1251 444 1314 482 ac
1343 428 1518 511 minus
1555 440 1741 485 cautus
1777 433 1833 485 in
1860 434 1911 511 Α
1933 449 2000 489 ac
2025 433 2362 491 insensibilia
2410 435 2655 507 operaris
2690 450 2885 506 magna
2912 451 3015 493 nec
3048 451 3160 493 non
3215 435 3517 505 mirabilia,

241 522 638 596 sugillationem
674 524 774 577 mei
800 521 1042 589 διώκταεὶ
1071 522 1187 593 ejus
1216 521 1404 577 honori
1422 524 1653 593 servitii.
1681 523 1831 580 Cali-

243 634 354 672 cem
395 626 571 672 autem
599 631 839 683 aureum,
892 627 1048 688 quem
1087 632 1239 687 opere
1275 632 1338 671 ac
1377 616 1551 687 forma
1580 619 1737 681 satis,
1772 628 1830 673 ut

242 712 451 781 opinor,
476 708 859 765 decentieidem
884 708 1182 764 clarissimo
1203 710 1326 764 testi
1345 710 1652 780 passionum
1675 710 1831 767 Chri-

241 804 313 860 sti
333 803 564 875 patravi,
594 819 714 858 cum
733 803 817 857 his
845 802 1110 869 omnibus,
1132 817 1250 875 qua
1276 802 1435 858 labiis
1461 804 1719 869 distinxi,
1740 821 1831 858 sto-

239 913 335 967 per
355 906 405 953 et
432 898 575 952 circa
597 897 766 967 ipsius
783 894 954 957 altare
974 896 1198 966 ponetis,
1218 897 1395 969 sicque
1422 913 1487 952 ea:
1506 897 1829 952 humilitatis

240 1005 373 1047 mea:
405 989 663 1061 legatione
686 989 869 1044 dicetis
894 1005 913 1043 :
947 1008 966 1041 ‹
997 988 1263 1044 ΜὶσΙιαΙιει
1284 989 1376 1044 ille
1399 990 1827 1060 peccatorhorno,

239 1079 480 1151 quamvis
506 1079 563 1132 in
583 1087 772 1134 sancta
793 1077 1015 1133 ecclesia
1035 1079 1239 1133 ordinis
1256 1079 1380 1148 jure
1399 1080 1542 1134 sacri
1565 1082 1829 1152 particeps

241 1171 406 1240 fuerit
443 1172 670 1226 nominis
712 1170 961 1243 angelici,
1001 1172 1324 1226 immeritum
1374 1180 1552 1227 tamen
1595 1181 1644 1226 et
1681 1172 1832 1245 longe

238 1263 483 1334 inparem
504 1280 561 1318 se
590 1263 912 1336 perpendens
942 1264 1080 1318 tanti
1106 1264 1415 1319 ministeriis
1442 1265 1619 1335 oﬂicii,
1654 1282 1831 1320 servus

237 1370 446 1427 quoque
470 1366 616 1423 tuus,
651 1357 799 1411 beate
823 1354 1238 1423 Ernmeramme,
1282 1356 1557 1428 adoptivus
1582 1359 1677 1413 sub
1702 1359 1831 1429 ipsis

238 1450 641 1522 pontiﬁcalibus
675 1448 864 1520 infulis
899 1449 1104 1519 factus,
1131 1451 1189 1504 in
1223 1450 1470 1511 extremis
1505 1453 1671 1505 etiam
1703 1467 1830 1506 con-

237 1545 483 1611 stitutus,
513 1557 639 1614 erga
673 1541 1014 1597 reverentiam
1045 1542 1121 1599 tui
1159 1541 1395 1609 devotus,
1434 1542 1532 1596 tibi
1572 1534 1684 1597 haec
1726 1543 1831 1596 mi-

240 1637 317 1691 sit
345 1645 503 1706 atque
533 1635 761 1702 remisit,
793 1650 888 1689 nec
912 1651 1015 1690 non
1044 1634 1294 1689 ultimum
1311 1636 1560 1706 spiritum
1594 1635 1828 1701 trahens,

241 1729 482 1783 animam
531 1745 653 1783 cum
705 1744 921 1800 corpore
976 1728 1272 1799 patrocinio
1332 1738 1423 1782 tuo
1471 1728 1757 1783 commisit.
1804 1748 1825 1781 ι

1930 532 1993 603 ut
2032 525 2281 582 homines
2321 527 2576 584 cordatos
2606 526 2983 584 benedictione
3013 536 3108 583 tua
3150 526 3352 585 eﬁicias
3410 543 3509 584 co-

1930 625 2165 687 aptatos.
2203 616 2357 674 Hanc
2403 618 2672 689 siquidem
2721 619 2818 690 qui
2848 634 2981 674 aure
3033 619 3217 675 cordis
3260 635 3516 691 percepe-

1931 709 2131 777 r,int,et
2150 709 2207 764 in
2225 710 2345 781 ejus
2368 710 2721 767 obauditione
2742 726 2917 782 usque
2937 710 2992 764 in
3013 709 3174 766 ﬁnem
3193 726 3512 782 persevera-

1931 801 2132 869 verint,
2156 801 2381 859 minime
2396 790 2671 874 pavebunt
2690 803 2749 859 in
2768 792 2855 858 die
2882 802 3204 869 novissimo,
3220 817 3322 860 nec
3353 817 3516 859 aures

1929 909 2122 950 eorum
2167 893 2403 952 tinnient
2446 896 2515 951 ab
2556 896 2745 952 auditu
2782 895 2949 962 malo,
2996 895 3217 966 quando
3260 894 3517 951 inimicus

1931 987 2181 1045 exultans
2208 1004 2373 1059 super
2411 987 2635 1044 interitu
2674 978 2991 1059 impiorum,
3021 1004 3079 1044 se
3115 987 3407 1058 jactaverit
3429 988 3519 1043 di-

1931 1092 2062 1134 cens
2090 1077 2202 1151 (77)
2230 1097 2242 1133 :
2272 1068 2543 1133 Prevalui
2561 1068 2810 1135 adversus
2837 1095 2944 1134 eos.
2969 1069 3012 1136 Ο
3034 1076 3165 1134 Jcsu
3195 1079 3359 1146 bone,
3386 1077 3519 1149 quid

1933 1186 2035 1235 nos
2069 1180 2387 1242 peccatores
2431 1170 2507 1226 ibi
2541 1170 2740 1227 dicturi
2766 1186 2982 1237 sumus,
3012 1170 3105 1225 ubi
3136 1169 3225 1224 vix
3251 1168 3380 1239 iusti
3410 1167 3520 1225 sal-

1934 1263 2239 1317 vabuntur?
2270 1259 2388 1316 Non
2418 1269 2503 1317 est
2525 1261 2684 1317 nobis
2719 1276 2844 1331 spes
2874 1262 3066 1327 altera,
3092 1259 3200 1317 nisi
3235 1276 3400 1331 quam
3420 1259 3517 1317 de-

1932 1353 2054 1408 ﬁnit
2079 1353 2168 1408 ille
2193 1362 2323 1408 tuus
2345 1353 2551 1408 electus
2587 1352 2895 1423 psalmista,
2926 1352 3023 1422 qui
3053 1348 3158 1405 fuit
3192 1366 3288 1406 rex
3321 1360 3521 1422 etpra-

1932 1443 2114 1512 plieta,
2142 1443 2271 1499 totis
2306 1443 2560 1498 modullis
2586 1443 2655 1498 ad
2696 1451 2748 1498 te
2790 1443 3080 1498 clamitans
3131 1441 3313 1498 cordis
3344 1440 3461 1513 (78)
3504 1460 3516 1495 :

1934 1532 2062 1605 Spes
2108 1552 2222 1589 mea
2262 1552 2315 1590 cs
2365 1545 2454 1603 tu,
2505 1536 2679 1605 portio
2732 1551 2848 1589 mea
2898 1534 2954 1588 in
3010 1544 3155 1588 terra
3200 1532 3519 1599 viventium;

1932 1646 2097 1700 quam
2148 1630 2201 1684 in
2240 1640 2335 1685 tuo
2374 1630 2617 1697 nomine,
2658 1630 2789 1685 dum
2828 1640 3046 1701 tempus
3083 1637 3166 1685 est
3203 1628 3519 1685 misericor-

1933 1722 2065 1790 diae,
2107 1738 2138 1777 a
2178 1722 2340 1779 Patre
2388 1722 2772 1793 postulandam
2820 1723 3114 1779 didicimus
3156 1738 3253 1794 per
3288 1736 3523 1794 evange-

240 1820 524 1879 Ηωογειιο
571 1820 713 1877 facta
747 1786 809 1877 et.
841 1786 989 1877 diem.
1026 1836 1155 1877 cum
1190 1836 1302 1878 non
1334 1836 1540 1893 paucos
1569 1821 1828 1877 conveni-
1860 1786 1905 1844 Β
1928 1812 2091 1867 licam
2112 1811 2440 1868 doctrinam.
2484 1808 2583 1887 ’Sic
2626 1811 2773 1866 enim
2820 1819 3000 1878 tuum,
3037 1826 3071 1867 0
3098 1786 3322 1877 vei-itas,
3355 1786 3522 1866 habet

236 1922 367 1970 rent
393 1929 461 1970 ac
496 1913 834 1969 deterrerent
872 1930 972 1984 pro
1018 1914 1245 1972 abusive
1280 1914 1483 1971 usitata
1509 1922 1827 1971 sanctorum

238 2006 385 2063 inter
426 2006 1072 2078 mortales-neglegentia
1099 2048 1116 2075 ,
1165 2022 1494 2078 campanum
1554 2006 1828 2079 quoddam

241 2099 547 2170 quantitate
581 2100 882 2167 modicum,
905 2115 936 2154 a
958 2100 1154 2172 legatis
1173 2100 1418 2172 episcopi
1443 2115 1569 2157 cum
1604 2099 1728 2154 aliis
1751 2115 1832 2154 re-

240 2200 361 2248 bus‘
372 2190 431 2246 in
468 2191 693 2247 basilica
717 2191 936 2262 patroni
956 2191 1131 2247 nostri
1155 2191 1487 2262 expositum,
1512 2191 1714 2263 grande
1735 2205 1832 2262 per

240 2299 311 2341 os
350 2284 654 2341 dicentium
714 2284 1028 2355 predicabat
1078 2284 1428 2340 miraculum.
1483 2282 1657 2354 Hujus
1701 2298 1832 2355 ergo

236 2390 371 2431 cum
390 2375 688 2444 imperator
712 2372 839 2431 Otto
874 2374 1151 2432 secundus
1182 2373 1481 2445 aliquando
1516 2373 1660 2445 apud
1692 2370 1834 2428 San-

237 2478 393 2524 ctum
430 2465 901 2523 Emmerammum
944 2467 1162 2523 audiret
1201 2467 1463 2523 tinnitum
1498 2466 1831 2538 singularem

237 2571 301 2619 et
331 2574 431 2633 pre
474 2560 671 2617 ceteris
706 2576 885 2632 magis
928 2574 1219 2627 sonorum,
1256 2559 1430 2616 fertur
1473 2560 1697 2625 dixisse,
1739 2566 1837 2613 aut

241 2655 357 2710 hoc
380 2663 477 2709 aut
510 2652 640 2710 huic
676 2654 856 2710 simile
885 2670 947 2709 se
968 2654 1109 2710 velle
1142 2653 1363 2711 habere.
1402 2651 1520 2720 Qua
1545 2651 1836 2707 occasione

240 2747 526 2817 predictus
550 2747 794 2820 pontifex
819 2748 946 2805 inde
968 2749 1249 2805 sublatum
1277 2747 1420 2804 idem
1449 2745 1837 2817 campanulum

245 2837 307 2891 in
328 2838 420 2894 via
465 2839 633 2910 jussit
664 2840 1030 2911 transportari
1062 2855 1275 2908 secum,
1300 2839 1596 2895 arbitratus
1618 2837 1753 2893 satis
1781 2851 1839 2892 se

241 2936 520 2992 facturum
562 2931 796 3001 principi
821 2931 1101 2987 oblatione
1141 2929 1332 3001 cupiti.
1357 2929 1513 2998 Quod
1547 2938 1838 3000 postquam

252 3023 343 3073 est
362 3021 431 3076 de
455 3024 699 3081 martiris
721 3024 952 3080 ecclesia
973 3025 1204 3092 elatum,
1230 3024 1312 3079 uti
1337 3023 1710 3093 comperimus
1740 3037 1838 3092 per

242 3109 537 3181 cuiusdam
580 3119 888 3191 presbyteri
935 3120 1192 3185 relatum,
1228 3118 1297 3173 ad
1324 3117 1422 3173 Dei
1451 3115 1840 3187 omnipotentis

243 3212 443 3262 nutum
492 3209 878 3267 immutatione
927 3212 1051 3267 soni
1099 3209 1305 3266 factum
1346 3218 1433 3265 est
1461 3218 1696 3276 mutum,
1732 3222 1836 3263 nec

250 3301 403 3357 ιιιὶιιε
443 3302 676 3358 artiﬁcio
716 3303 890 3374 aptari
925 3302 1105 3373 potuit
1139 3301 1431 3372 euphoniae
1459 3299 1638 3355 oﬁicio
1660 3314 1836 3368 usque

242 3394 305 3451 In
353 3394 500 3450 diem
552 3402 608 3451 et
635 3396 850 3460 horam,
901 3410 1010 3465 qua
1057 3393 1170 3449 Deo
1203 3392 1384 3449 dilecti
1417 3392 1659 3448 martiris
1693 3406 1837 3447 casm

244 3489 584 3555 restitutum,
634 3487 738 3543 etsi
780 3486 1117 3551 insensibile,
1161 3484 1492 3555 presentiam
1519 3482 1724 3538 domini
1750 3482 1837 3537 sui

244 3581 503 3638 sensibus
550 3580 913 3637 humanisse
968 3579 1174 3635 sentire
1226 3576 1450 3643 indidit,
1499 3592 1565 3630 ac
1606 3575 1838 3631 dulciter

242 3670 488 3727 tinnivit.
516 3670 655 3727 Vere
676 3681 787 3735 tua,
814 3672 1053 3737 Christe,
1079 3670 1196 3726 hmo
1221 3678 1350 3725 sunt
1370 3683 1556 3738 opera,
1595 3666 1688 3737 qui
1711 3681 1836 3722 cre-

245 3760 396 3818 deris
422 3769 477 3817 et
511 3776 573 3817 es
596 3762 788 3818 aeterni
826 3760 1004 3817 Patris
1028 3760 1329 3831 sapientia;
1357 3758 1447 3815 cui
1481 3757 1651 3812 David
1674 3756 1839 3811 corde

240 3850 488 3923 jubilaus
508 3851 709 3907 clamat
733 3851 846 3923 (74)
880 3867 894 3903 :
924 3849 1099 3916 Quam
1120 3866 1315 3920 magna
1354 3847 1639 3902 multitudo
1665 3845 1841 3902 dulce-

247 3943 391 3997 dinis
416 3952 543 4008 tuas,
582 3942 825 4010 Domine,
860 3959 1021 4013 quam
1050 3941 1377 3996 abscondisti
1419 3939 1722 3994 timentibus
1750 3946 1835 4002 te;

248 4044 303 4090 et
323 4034 521 4089 iterum
551 4034 665 4106 (75)
701 4052 716 4089 :
754 4035 979 4089 Auditui
1009 4050 1123 4088 meo
1145 4033 1297 4089 dabis
1323 4032 1578 4104 gaudium
1621 4040 1671 4085 et
1692 4029 1837 4084 ireti-

246 4128 429 4193 siam;
450 4136 501 4182 et
525 4124 839 4183 exultabant
871 4144 991 4182 ossa
1018 4126 1304 4181 humiliata
1318 4143 1338 4191 ;
1361 4125 1519 4195 cujus
1567 4121 1838 4180 desiderio

246 4220 570 4288 delectatus,
603 4222 814 4276 nomini
850 4230 945 4277 tuo
980 4222 1265 4277 credentes
1292 4219 1347 4277 in
1369 4219 1477 4274 ﬁne
1499 4218 1838 4288 psalmorum

246 4314 321 4370 ad
351 4312 703 4384 perfectionis
743 4314 935 4369 laudes
975 4329 1303 4385 provocans,
1351 4312 1427 4367 ait
1473 4311 1586 4381 ('76)
1627 4328 1640 4364 :
1692 4307 1840 4362 Lau-

247 4406 374 4461 date
419 4405 705 4461 Dominum
751 4407 810 4460 in
840 4405 1099 4477 cymbalis
1149 4405 1272 4459 bene
1319 4402 1663 4466 sonantibus;
1712 4399 1838 4455 lau-

247 4498 375 4553 date
407 4515 522 4553 eum
545 4500 601 4553 in
627 4496 885 4569 cymbalis
907 4495 1272 4567 jubilationis.
1302 4493 1440 4550 Ecce
1471 4494 1723 4547 humana:
1751 4505 1840 4545 sa-

246 4589 382 4647 lutis
404 4598 636 4659 amator,
669 4590 885 4663 generis
907 4587 1082 4644 nostri
1120 4586 1296 4642 factor
1325 4594 1379 4640 et
1406 4591 1708 4654 reparator,
1739 4579 1834 4650 qui

246 4681 412 4737 etiam
437 4682 707 4754 benignus
725 4698 786 4738 es
807 4696 971 4753 super
992 4681 1237 4751 ingratos
1258 4687 1314 4732 et
1331 4676 1525 4741 malos,
1551 4688 1647 4745 per
1668 4686 1835 4743 parva

434 4796 909 4860 PROOEMIUM
952 4793 1163 4857 LIBRI
1206 4793 1315 4854 DE
1356 4787 1738 4853 MEMORIA
1780 4786 1851 4845 B.

256 4902 263 4910 ‘
321 4894 468 4951 Inter
493 4891 1100 4970 caetera‘mysteriorum
1131 4892 1434 4950 caelestium
1470 4894 1835 4952 sacramenta,

248 4984 464 5041 Veteris
486 4986 643 5058 Legis
658 4992 928 5044 testantur
955 4986 1155 5056 scripta
1176 4983 1319 5055 quod
1341 4981 1409 5036 ad
1425 4975 1839 5035 aediﬁcationem

248 5076 588 5132 tabernaculi
620 5076 895 5148 principes
923 5075 1162 5130 tribuum
1202 5081 1257 5128 et
1286 5071 1510 5127 ditiores
1548 5068 1753 5139 quique
1783 5065 1840 5121 in

251 5168 454 5238 populo
479 5166 576 5223 Dei
602 5168 842 5239 pretiosa
861 5166 1049 5223 divino
1073 5164 1235 5236 jussu
1270 5161 1589 5218 obtulerunt
1611 5155 1840 5213 donaria

1926 1903 2268 1976 evangelium
2298 1902 2411 1975 (79)
2439 1901 2758 1957 :Ambulate
2781 1902 2915 1957 dum
2941 1903 3053 1958 dies
3082 1912 3182 1969 est,
3211 1919 3274 1957 ne
3302 1898 3525 1958 tenebris

1928 2013 2014 2052 vos
2045 1997 2520 2067 comprehendant;
2556 1997 2827 2053 etiterum
2862 2017 2876 2053 :
2908 1996 3051 2052 Dum
3096 1998 3273 2053 lumen
3298 1996 3521 2066 habetis,

1928 2091 2126 2147 credite
2153 2092 2211 2146 in
2249 2091 2441 2159 lucem,
2466 2100 2524 2146 ut
2555 2089 2660 2161 ﬁlii
2703 2091 2839 2147 lucis
2866 2093 3008 2147 sitis.
3044 2089 3112 2147 Et
3138 2091 3272 2148 illud
3291 2107 3524 2149 excusa-

1927 2184 2096 2241 tionis
2130 2184 2386 2239 humana:
2438 2183 2811 2239 exclusorium
2860 2184 3281 2257 diligentissime
3332 2183 3524 2251 adten—

1929 2278 2189 2344 dendum,
2213 2292 2315 2333 nec
2337 2292 2444 2333 non
2472 2276 2680 2333 intimis
2703 2276 2958 2348 suspiriis
2979 2275 3342 2333 annitendum
3366 2274 3477 2349 (80)
3509 2295 3522 2331 :

1933 2373 2309 2444 Quodcumque
2329 2372 2589 2445 petieritis
2614 2371 2834 2428 Putrem
2868 2374 2925 2429 in
2951 2374 3160 2429 nomine
3209 2390 3345 2443 meo,
3377 2372 3530 2431 dabt:

1932 2466 2096 2522 vobis.
2122 2464 2367 2520 Petimus
2388 2477 2519 2534 ergo
2548 2462 2617 2519 ad
2634 2471 2685 2518 te
2706 2464 2977 2533 conversi,
2992 2463 3155 2521 Pater
3176 2462 3397 2519 Domini
3422 2479 3527 2547 no:

1934 2551 2033 2608 stri
2059 2549 2190 2605 Jesu
2235 2548 2465 2615 Christi,
2496 2555 2559 2603 ut
2610 2548 2669 2603 in
2714 2549 2937 2605 nomine
2964 2550 3210 2620 ejusdem
3260 2548 3528 2623 unigenit‘

1934 2641 2035 2709 tui,
2061 2640 2218 2710 cujus
2235 2638 2487 2694 karitatis
2511 2638 2704 2694 beatus
2726 2639 3165 2698 Emmerammus
3186 2641 3378 2697 martir
3403 2649 3530 2698 tuus

1936 2732 2079 2788 inter
2104 2733 2148 2763 ¹²
2177 2729 2418 2801 plurales
2449 2733 2496 2765 ²¹
2524 2738 2692 2787 testes
2715 2732 3019 2787 “imitator
3048 2733 3093 2765 “
3125 2731 3530 2804 quodammodo

1939 2826 1983 2859 ”
2018 2824 2199 2881 extitit
2221 2824 2539 2897 singularis,
2570 2823 2830 2880 ineﬁ‘abili
2855 2834 2908 2880 et
2933 2825 3094 2881 solita
3141 2826 3286 2882 circa
3332 2840 3529 2896 pecca-

1939 2927 2088 2975 tores
2116 2934 2250 2975 usus
2285 2919 2595 2985 clementia,
2629 2918 3016 2974 conﬁtentibus
3047 2927 3099 2974 ct
3142 2917 3410 2989 confessis
3443 2918 3530 2997 di:-

1941 3011 2127 3066 mittas
2152 3011 2466 3081 inpietatem
2493 3011 2697 3078 cordis,
2723 3025 2787 3066 ac
2810 3010 3066 3067 infundas
3086 3011 3401 3067 unctionem
3425 3018 3533 3067 tute

1943 3103 2235 3159 uberrimae
2264 3102 2801 3170 consolationis,nec
2827 3118 2938 3159 non
2962 3102 3256 3161 conﬁrmes
3286 3104 3343 3160 in
3372 3103 3531 3160 nobis

1941 3212 2106 3267 opera
2133 3195 2330 3251 divina:
2359 3195 2764 3262 miserationis;
2817 3203 2879 3250 ut
2923 3194 3071 3267 quod
3130 3195 3185 3250 in
3211 3196 3317 3252 hoc
3346 3193 3530 3251 seculo

1937 3282 2094 3363 dulce
2128 3301 2194 3341 ac
2235 3286 2554 3342 delectabile
2584 3286 2820 3353 videtur,
2868 3286 3083 3342 timoris
3127 3286 3206 3341 tui
3232 3285 3530 3364 reverenda

1938 3376 2379 3433 consideratione
2430 3387 2758 3446 amarcscat,
2791 3387 2845 3434 et
2897 3379 3044 3450 quod
3080 3395 3359 3447 amarum,
3392 3378 3530 3436 dile—

1937 3470 2136 3548 ctionis
2168 3478 2275 3526 tua:
2301 3470 2629 3526 suavissima
2688 3470 3061 3539 speculatione
3089 3472 3387 3527 dulcescat.
3419 3469 3533 3527 Sic-

1938 3580 2044 3635 que
2071 3562 2203 3617 dum
2238 3562 2354 3633 ipse
2400 3562 2638 3617 volvitur
2671 3563 2930 3631 mundus,
2969 3579 3000 3618 a
3054 3562 3210 3634 lapsu
3240 3570 3295 3618 et
3342 3577 3533 3620 amore

1938 3662 2309 3725 peccatorum,
2364 3660 2414 3709 te
2458 3653 2842 3719 resuscitante,
2891 3668 3203 3725 surgamus,
3233 3667 3302 3708 ne
3340 3653 3397 3707 in
3423 3651 3532 3707 ﬁne

1940 3745 2269 3812 seculorum,
2298 3761 2424 3801 cum
2452 3761 2643 3801 omnes
2672 3744 2923 3821 homines
2972 3746 3373 3802 resurrexerint
3402 3762 3530 3803 cum

1938 3839 2283 3909 corporibus,
2315 3837 2370 3892 in
2401 3848 2664 3893 mternum
2697 3837 3101 3893 eonfundamur
3120 3854 3185 3894 ac
3203 3839 3529 3910 puniamur;

1940 3932 2035 4003 sed
2066 3930 2299 4001 emptitii
2334 3930 2478 3987 servi
2514 3947 2661 3986 nunc
2707 3946 2835 3986 cum
2890 3931 3188 3987 collibertis
3236 3931 3410 4003 gratia
3438 3939 3533 3986 tua

1939 4022 2091 4094 digni
2120 4023 2318 4091 eﬁ‘ecti,
2362 4033 2494 4079 tunc
2538 4023 2704 4078 etiam
2754 4021 2864 4080 tuis
2916 4040 3043 4080 cum
3089 4024 3283 4081 amicis
3318 4038 3534 4094 semper

1940 4116 2221 4172 mansuris
2253 4116 2497 4187 deputati
2546 4115 2779 4189 gaudiis,
2815 4116 2994 4172 securi
3027 4117 3311 4174 videamus
3350 4113 3534 4171 Domi.

1940 4223 2071 4262 num
2102 4207 2286 4263 Jcsum
2315 4205 2512 4263 Filium
2562 4215 2715 4275 tuum
2748 4207 3094 4264 liberatorem
3123 4217 3179 4265 et
3214 4208 3531 4279 episcopum

1941 4301 2251 4355 animarum
2288 4309 2342 4356 et
2364 4316 2655 4371 corporum
2691 4309 3027 4368 nostrorum,
3049 4300 3290 4373 judicem
3321 4300 3531 4372 justum

1939 4391 2193 4446 vivorum
2228 4400 2282 4446 et
2307 4402 2673 4460 mortuorum,
2712 4400 2892 4447 tecum
2940 4392 3213 4449 viventem
3267 4400 3432 4465 atque
3477 4392 3532 4446 in

1870 4506 1916 4562 ι)
1943 4483 2151 4537 unitate
2198 4482 2434 4553 Spiritus
2469 4484 2645 4539 sancti
2668 4494 3006 4556 regnantem,
3065 4499 3163 4555 per
3205 4483 3536 4541 immortalia

1942 4575 2253 4653 seculorum
2275 4575 2482 4631 secula.
2516 4574 2712 4631 Amen.

1902 4752 2412 4844 EMMERAMMI
2471 4782 2576 4844 ET
2620 4783 2803 4846 EJUS
2846 4783 3338 4853 AMATORUM.

1945 4880 2145 4954 (Exod.
2177 4880 2364 4953 xxxv).
2399 4880 2643 4949 Quorum
2666 4883 2770 4954 pias
2791 4883 3052 4939 oblationi
3083 4891 3140 4939 et
3181 4882 3544 4954 pauperiores

1942 4972 2132 5028 eodem
2155 4982 2425 5043 prmcepto
2457 4974 2743 5042 conducti,
2771 4974 2978 5030 indices
3010 4974 3278 5029 mentium
3307 4973 3535 5028 devota-

1942 5061 2270 5127 rum,etiam
2305 5061 2444 5132 pilos
2478 5063 2805 5119 addiderunt
2825 5078 3112 5135 caprarum
3151 5061 3367 5137 (Ibid.).
3390 5058 3536 5129 Quid

1942 5160 2123 5207 autem
2143 5150 2293 5208 Nova
2328 5152 2439 5209 Lex
2461 5170 2627 5226 super
2655 5155 2760 5212 hac
2811 5171 2872 5211 re
2919 5156 3218 5224 contineat,
3273 5170 3371 5214 seu
3426 5171 3537 5228 qua

1575 5269 1804 5326 νᾹῐὶΙᾹῦ
1843 5266 2246 5324 LECTIONES.

328 5369 374 5401 ”
401 5369 624 5442 Reliqua
649 5372 706 5425 in
732 5371 784 5426 l.
807 5388 969 5428 manu
995 5387 1120 5437 sazc.
1157 5368 1208 5427 Χ
1223 5368 1285 5425 γ.
1321 5369 1523 5439 scripta
1549 5373 1693 5435 sunt,
1719 5360 1850 5434 folio
1880 5359 2119 5430 sequenti
2143 5374 2262 5413 cum
2285 5358 2443 5429 hujus
2468 5358 2596 5415 libri
2616 5360 2722 5431 ﬁne
2757 5363 2977 5434 antiquo
3013 5362 3211 5418 exciso.

1766 5451 2002 5512 NOTAE.

352 5554 441 5623 74)
478 5554 622 5611 Psai.
656 5572 784 5623 xxx,
812 5557 903 5613 20.

355 5625 443 5691 75)
480 5625 625 5682 Psai.
659 5644 712 5691 ι,
742 5629 826 5683 10.

354 5695 442 5766 76)
477 5695 620 5754 Psal.
649 5713 734 5763 CL,
758 5699 811 5753 5.

356 5766 443 5838 77}
481 5766 605 5823 Psal
661 5769 832 5835 xn,5.

2038 5539 2128 5610 78)
2168 5540 2312 5597 Psai.
2343 5553 2488 5609 cur,
2512 5543 2567 5597 6.

2038 5541 2128 5610 78)
2168 5541 2312 5597 Psai.
2343 5553 2488 5609 cur,
2512 5543 2567 5597 6.

2014 5541 2129 5755 ita
2158 5610 2319 5738 33:2:
2349 5628 2452 5753 :3;
2473 5612 2567 5738 is
2588 5610 2682 5669 5“-

2038 5680 2129 5753 80)
2158 5680 2319 5738 Joan.
2358 5698 2452 5753 xv,
2481 5681 2549 5738 16
