4058 6388
446 380 455 392 .
528 328 665 384 1019

1500 328 1805 385 ARNOLDI
1842 320 2445 380 EMMERAMMENSIS
2480 314 2789 373 MONACBI
2852 270 2859 273 ’

3663 310 3801 366 ιοᾱα

527 445 908 505 convenientia
962 444 1164 501 Priscae
1205 445 1551 517 respondeat,
1575 445 1829 501 Christus
1857 443 1914 499 in
1942 439 2117 496 Evan-
2142 441 2189 497 Α
2215 446 2342 505 tuae,
2407 435 2635 490 Domine
2659 474 2674 501 ,
2726 445 2893 503 quam
2945 424 3285 485 abscondisti
3332 426 3659 482 timentibus
3712 430 3800 483 te!

528 542 601 596 lio
630 554 733 595 suo
761 537 1020 608 paliﬁcat,
1068 537 1164 607 qui
1211 537 1322 593 duo
1373 537 1630 609 pauperis
1669 530 1854 591 viduze'
1901 534 2111 590 minuta

528 630 767 702 prmtulit
789 630 875 686 his
908 645 1031 700 qua:
1063 628 1260 685 divites
1280 629 1583 701 jactabant,
1618 644 1715 684 seu
1743 628 1799 682 in
1833 625 2109 699 gazophy—

526 724 729 778 lacium
764 722 1050 777 mittebant
1076 718 1269 793 (Marc.
1298 738 1402 788 xu;
1440 720 1571 775 Luc.
1598 720 1735 792 xxI).
1795 718 1953 786 Quod
1988 718 2110 788 qui-

524 817 651 871 dam
678 815 763 870 vir
792 814 973 895 (olﬁcio
995 814 1327 885 apostolicus
1358 821 1412 870 et
1442 814 1663 880 merito,
1708 811 1923 883 egregia
1972 826 2110 880 prm—

525 905 800 964 dicatione
826 907 985 978 quasi
1007 908 1072 962 de
1097 907 1235 962 caelo
1266 907 1544 972 intonans,
1577 906 1812 961 breviter
1839 903 2107 975 perstrin-

525 1001 703 1072 gendo
733 1001 1003 1071 exposuit,
1036 1000 1223 1055 dicens
1263 1018 1275 1054 :
1321 1018 1339 1051 ‹
1377 998 1625 1070 Regnum
1660 998 1924 1054 ccelorum
1943 995 2105 1062 valet,

525 1102 791 1162 quantum
829 1091 1027 1171 (habes.
1067 1110 1085 1143 ι
1110 1089 1225 1145 :Cui
1273 1091 1481 1145 scilicet
1508 1089 1785 1145 sententiae
1813 1087 2108 1143 concordat

524 1182 674 1252 quod
715 1198 871 1238 sacra
889 1181 1168 1253 Scriptura
1191 1183 1325 1238 alias
1348 1184 1547 1238 clamat
1574 1200 1588 1237 :
1620 1201 1638 1235 ‹
1669 1181 1769 1236 Cui
1800 1182 1923 1252 plus
1951 1195 2105 1236 com-

525 1271 781 1343 mittitur,
803 1275 925 1345 plus
960 1275 1029 1330 ab
1058 1291 1124 1330 eo
1145 1275 1382 1347 exigitur
1408 1274 1559 1347 (Luc.
1581 1274 1702 1342 xu).
1733 1293 1751 1325 ›
1806 1274 1819 1280 “

548 1360 551 1365 ’
596 1366 751 1424 Unde
784 1386 831 1424 ιε
883 1368 976 1439 qui
1007 1369 1238 1423 multum
1267 1368 1428 1424 habet
1463 1375 1517 1422 et
1547 1367 1677 1421 illud
1708 1366 1953 1435 Apostoli
1983 1365 2107 1421 dili-

525 1470 715 1532 genter
734 1462 1013 1516 attendere
1034 1461 1231 1517 debet:
1268 1480 1286 1513 ι
1329 1460 1434 1527 Qui
1472 1459 1754 1533 gloriatur,
1780 1460 1835 1514 in
1870 1458 2105 1513 Damino

525 1554 789 1624 glorietur
818 1552 871 1626 (I
896 1552 1018 1608 Cor.
1055 1553 1116 1626 1).
1167 1572 1185 1606 ›
1229 1552 1333 1620 Qui
1362 1568 1493 1607 vero
1536 1553 1718 1607 minus
1766 1551 2007 1621 accepit,
2051 1551 2104 1605 id

526 1645 707 1713 ipsum
732 1643 957 1698 minime
981 1643 1147 1699 ducat
1181 1643 1595 1715 negligendum;
1650 1642 1744 1697 sed
1782 1641 1849 1696 de
1898 1656 1965 1695 eo
2006 1656 2105 1709 pro

526 1732 689 1805 posse
709 1742 764 1790 et
791 1749 954 1790 nosse
984 1743 1210 1791 conetur
1238 1734 1516 1789 elaborare
1546 1732 1753 1803 aliquid
1791 1732 1940 1802 quod
1973 1732 2104 1786 utile

526 1828 614 1885 sit.
667 1827 728 1884 In
773 1844 884 1900 quo
924 1828 1072 1883 haud
1117 1827 1354 1900 segniter
1391 1825 1737 1897 exsequendo
1795 1826 2107 1897 quicunque

525 1925 711 1981 divino
737 1924 950 1980 muneri
988 1924 1345 1980 reverentiam
1369 1922 1693 1989 exhibuerit,
1743 1922 1982 1977 debitum
2012 1936 2109 1976 ex-

524 2017 759 2073 actionis
787 2017 1045 2087 persolvit
1074 2016 1386 2086 Scripturte,
1422 2031 1544 2086 quae
1575 2014 1743 2070 dicit:
1776 2033 1794 2066 ι
1827 2012 2034 2068 Vovete
2054 2021 2110 2068 et

524 2104 731 2165 reddite
759 2108 990 2164 Domino
1014 2107 1124 2164 Deo
1154 2116 1356 2174 vestro,
1398 2122 1588 2162 omnes
1628 2106 1724 2177 qui
1777 2105 1835 2160 in
1877 2105 2109 2162 circuitu

524 2202 645 2270 ejus
669 2199 874 2256 aﬂ‘ertis
899 2215 1125 2254 munera
1151 2198 1324 2270 (Psal.
1342 2197 1523 2269 Lxxv).
1557 2217 1575 2249 ι
1608 2196 1687 2251 Ex
1717 2197 1888 2266 ipsius
1911 2196 2111 2267 quippe

524 2289 705 2357 donis,
728 2291 822 2360 qui
859 2289 1109 2362 Largitor
1138 2297 1223 2345 est
1249 2289 1496 2344 omnium
1551 2288 1842 2355 bonorum,
1898 2287 2112 2357 accepi-

529 2399 677 2449 mus,
708 2383 911 2454 siquid
939 2384 990 2439 ei
1026 2383 1114 2453 pie
1163 2381 1438 2453 digneque
1490 2380 1791 2447 aﬁ'erimus,
1820 2380 1909 2436 vel
1956 2379 2001 2434 si
2053 2378 2111 2433 in

525 2477 709 2548 aliqua
730 2492 789 2533 re
815 2486 1065 2532 votorum
1086 2483 1401 2532 nostrorum
1440 2473 1800 2529 redditionem
1833 2471 2111 2527 exsolvere

525 2571 846 2644 poterimus.
895 2570 1036 2626 Hinc
1076 2580 1131 2625 et
1173 2569 1411 2625 Jacobus
1452 2564 2110 2640 apostolus,eorumdem

524 2663 934 2733 processionem
981 2661 1253 2717 donorum
1287 2660 1701 2726 commendans,
1726 2660 1803 2714 ait
1834 2679 1848 2714 :
1880 2678 1898 2711 ι
1936 2655 2110 2714 Omne

523 2755 729 2811 donum
765 2756 1056 2812 desursum
1084 2764 1187 2822 est,
1222 2754 1562 2810 descendens
1591 2770 1622 2809 a
1647 2752 1808 2807 Patre
1835 2752 2108 2810 luminum

526 2846 669 2920 (Jac.
696 2848 759 2920 ι).
795 2868 813 2900 ι
850 2848 931 2903 Ad
956 2848 1117 2918 cujus
1166 2846 1622 2901 illuminationem
1662 2844 1959 2900 Psalmista
2008 2859 2109 2898 nos

524 2940 960 3011 appropinquare
983 2941 1306 2997 exhortatur
1341 2937 1533 2993 dicens
1588 2956 1602 2991 :
1664 2956 1682 2988 ς
1735 2936 1991 2991 Accedite
2039 2935 2107 2990 ad

525 3032 816 3087 Dominum
842 3041 897 3089 et
924 3032 1329 3099 illuminamini,
1352 3039 1406 3087 et
1429 3029 1598 3086 facies
1623 3036 1817 3086 vestra!
1845 3044 1952 3084 non
1979 3044 2107 3083 con-

2214 526 2389 602 (Psal.
2421 526 2576 597 xxx).
2627 544 2647 578 ι
2677 523 2744 578 Et
2792 523 2989 578 iterum
3042 540 3057 575 :
3124 538 3144 574 ι
3194 519 3421 575 Auditui
3466 534 3594 576 meo
3641 519 3807 577 dabis

2210 620 2472 691 gaudium
2517 627 2573 673 et
2618 615 2884 681 lmtitiam,
2929 622 2984 669 et
3045 611 3402 669 exsultabant
3452 627 3583 668 ossa
3612 612 3805 667 humi-

2210 711 2342 766 liata
2375 709 2602 781 (Psalm.
2638 708 2713 780 ι).
2748 727 2768 760 ›
2801 705 2974 777 Cujus
3017 703 3292 759 desiderio
3340 702 3669 770 delectatus,
3699 720 3805 758 no-

2211 803 2347 858 mini
2370 811 2464 857 tuo
2492 801 2800 864 credentes,
2814 798 2870 852 in
2898 796 3006 852 ﬁne
3034 795 3398 864 Psalmorum,
3415 795 3487 852 ad
3512 794 3809 866 perfectio-

2210 896 2297 951 nis
2325 893 2517 949 laudes
2548 905 2874 963 provocans,
2899 890 2978 944 ait
3007 909 3020 943 :
3060 908 3081 942 ι
3119 888 3363 945 Laudate
3406 888 3711 944 Dominum
3746 888 3805 942 in

2210 986 2473 1057 cymbalis
2497 985 2635 1040 bene
2664 982 3018 1048 sonantibus;
3055 981 3270 1036 laudate
3295 996 3420 1035 eum
3451 982 3507 1035 in
3532 981 3808 1052 cymbalis

2203 1074 2729 1148 jubilationis(Psal.
2744 1075 2852 1144 cr).
2875 1093 2893 1126 ι
2913 1073 3055 1129 Ecce
3066 1074 3319 1129 humana
3339 1072 3534 1129 salutis
3546 1072 3807 1137 Amator,

2209 1171 2422 1241 generis
2464 1168 2642 1224 nostri
2684 1167 2882 1222 Factor
2909 1174 2966 1220 et
3010 1164 3331 1235 Reparator,
3368 1163 3465 1234 qui
3494 1164 3669 1218 etiam
3707 1164 3807 1218 be-

2207 1264 2408 1335 nignus
2429 1278 2489 1317 es
2511 1278 2674 1331 super
2702 1260 2948 1331 ingratos
2982 1266 3038 1314 et
3071 1257 3247 1313 malos
3262 1300 3276 1323 ,
3305 1271 3402 1327 per
3425 1271 3599 1326 parva
3622 1271 3691 1310 ac
3714 1256 3805 1309 in-

2208 1354 2489 1410 sensibilia
2527 1351 2775 1422 operai-is
2822 1363 3041 1419 magna,
3090 1362 3193 1402 nec
3240 1360 3351 1400 non
3395 1344 3701 1410 mirabilia,
3746 1351 3811 1398 ut

2207 1446 2456 1501 homines
2501 1444 2757 1501 cordatos
2799 1440 3178 1497 benedictione
3215 1446 3310 1493 tua
3353 1436 3559 1492 efficias
3582 1446 3807 1507 coapta—

2209 1547 2312 1593 tos.
2354 1536 2507 1592 Hanc
2556 1535 2847 1605 siquidem,
2908 1532 3004 1602 qui
3029 1546 3163 1587 aure
3193 1528 3378 1586 cordis
3424 1529 3804 1598 perceperint,

2205 1638 2260 1685 et
2304 1629 2360 1683 in
2391 1629 2511 1699 ejus
2547 1626 2901 1683 obauditione
2943 1638 3121 1694 usque
3170 1622 3227 1676 in
3257 1623 3421 1675 ﬁnem
3478 1634 3808 1690 persevera—

2206 1723 2404 1788 verint,
2435 1722 2661 1776 minime
2681 1717 2956 1789 pavebant
2984 1716 3042 1770 in
3076 1715 3175 1779 die
3208 1714 3533 1779 novissimo,
3563 1727 3671 1767 nec
3699 1726 3807 1766 an-

2214 1833 2300 1872 res
2316 1831 2509 1871 eorum
2530 1812 2765 1869 tinnient
2787 1810 2856 1865 ab
2886 1809 3072 1864 auditu
3099 1807 3245 1862 malo
3268 1805 3444 1877 (Psal.
3473 1804 3586 1875 ιιι),
3624 1820 3809 1875 quan-

2210 1911 2281 1966 do
2312 1909 2589 1973 inimicus,
2619 1906 2901 1962 exsultans
2938 1917 3111 1973 super.
3138 1900 3362 1957 interitu
3388 1896 3718 1968 impiorum,
3747 1912 3809 1951 se

2206 2003 2515 2075 jactaverit,
2548 2000 2735 2055 dicens
2784 2017 2798 2053 :
2829 2016 2847 2050 ι
2878 1992 3147 2052 Przevalui
3199 1994 3467 2049 adversus»
3496 2005 3598 2047 eos
3620 1988 3805 2063 (Paul.

2213 2094 2334 2165 χιι).
2366 2114 2384 2145 ›
2419 2090 2462 2149 Ο
2486 2092 2614 2148 Jesu
2640 2091 2802 2156 bone,
2839 2088 2970 2159 quid
3022 2101 3126 2142 nos
3150 2094 3466 2156 peccatores
3496 2083 3577 2139 ibi
3601 2083 3806 2137 dicturi

2212 2204 2427 2253 sumus,
2479 2186 2572 2241 ubi
2621 2185 2713 2238 vix
2743 2181 2880 2253 justi
2908 2179 3300 2236 salvabuntur?
3327 2175 3446 2231 Non
3496 2185 3590 2231 est
3642 2175 3807 2229 nobis

2214 2295 2338 2351 spes
2386 2279 2577 2345 altera,
2626 2276 2733 2331 nisi
2800 2289 2965 2344 quam
3017 2271 3208 2328 deﬁnit
3258 2270 3349 2325 ille
3401 2277 3535 2324 tuus
3585 2269 3803 2323 electus

2211 2372 2525 2438 Psalmista,
2553 2368 2648 2440 qui
2693 2367 2798 2422 fuit
2847 2381 2943 2420 rex
2972 2374 3027 2419 et
3066 2364 3352 2435 propheta,
3376 2361 3509 2416 totis
3544 2360 3806 2415 medullis

2213 2466 2279 2524 ad
2306 2475 2359 2521 te
2393 2463 2681 2520 clamitans
2726 2459 2945 2515 cordis:
2990 2476 3010 2509 ‹
3069 2455 3206 2527 Spes
3237 2470 3357 2510 mea
3409 2470 3471 2510 es
3494 2462 3592 2520 tu;
3618 2453 3804 2523 portio

2212 2576 2334 2615 mea
2355 2559 2410 2613 in
2434 2565 2579 2611 terra
2604 2552 2899 2609 viventium
2926 2546 3100 2622 (Psal.
3126 2546 3292 2618 CXLI).
3323 2566 3343 2599 ι
3374 2544 3556 2613 Quam
3600 2546 3663 2600 in
3706 2554 3801 2601 tuo

2214 2652 2458 2717 nomine,
2493 2649 2627 2704 dum
2676 2655 2892 2715 tempus
2956 2650 3041 2697 est
3091 2638 3501 2705 misericordia,
3555 2653 3590 2693 ι
3638 2636 3803 2693 Patre

2212 2742 2595 2817 postulandam
2636 2737 2927 2794 didicimus
2948 2750 3047 2805 per
3066 2733 3438 2805 evangelicam
3462 2731 3797 2788 doctrinam.

2216 2837 2306 2893 Sic
2333 2835 2479 2891 enim
2532 2840 2711 2896 tuum,
2759 2844 2794 2883 o
2836 2826 3079 2894 Veritas,
3166 2826 3333 2880 habet
3372 2823 3739 2895 Evangelium
3777 2841 3793 2876 :

2221 2951 2238 2984 ι
2268 2927 2574 2988 Ambulate.
2604 2923 2734 2977 dum
2760 2920 2877 2976 dies
2897 2928 3003 2984 est,
3030 2933 3102 2973 ne
3124 2917 3363 2973 tenebra:
3398 2931 3498 2972 vos
3548 2931 3799 2985 compre-

2214 3020 2476 3076 hendant.
2530 3013 2669 3069 Dum
2695 3011 2879 3065 lumen
2909 3008 3143 3074 habetis,
3185 3005 3388 3063 credite
3411 3006 3471 3061 in
3512 3006 3715 3071 lucem,
3742 3015 3803 3061 ut

523 3125 822 3181 fundentur
853 3125 1027 3197 (Psal.
1061 3096 1333 3195 xxxm).i
1378 3123 1519 3180 Vere
1566 3121 1635 3178 ad
1680 3137 1807 3177 eum
1864 3136 2113 3177 accesse-
2140 3138 2181 3196 ρ
2217 3113 2312 3171 ﬁlii
2341 3110 2479 3166 lucis
2524 3106 2644 3162 sitis
2690 3102 2872 3197 (Joan.
2905 3099 3028 3197 xii).
3077 3119 3097 3152 ι
3139 3098 3376 3197 lSt‘illud
3427 3096 3805 3197 excusationis

521 3226 653 3274 runt
673 3218 769 3288 qui
798 3217 943 3274 dono
974 3218 1121 3273 illius
1152 3217 1475 3283 illuminati,
1526 3215 1902 3271 ecclesiastica
1948 3213 2106 3271 factis

521 3319 576 3366 et
604 3311 786 3366 verbis
815 3309 1103 3366 tractando
1129 3316 1494 3375 sacramenta,
1521 3309 1669 3363 illam
1703 3306 1862 3362 faciei
1892 3323 2107 3364 merue-

521 3412 653 3458 runt
678 3403 907 3474 gloriam
963 3419 1128 3473 quam
1176 3403 1293 3474 ipse
1349 3401 1440 3457 Sol
1486 3401 1715 3472 justitize
1750 3400 1963 3461 visione
2007 3415 2107 3474 sua

524 3495 737 3569 paravit
762 3495 951 3551 electis
977 3496 1386 3566 sempiternam.
1424 3493 1630 3549 Horum
1682 3494 1883 3564 quippe
1920 3508 2106 3548 exem-

522 3588 628 3658 plis
662 3595 719 3643 et
745 3586 1018 3654 doctrina,
1049 3586 1180 3642 dum
1207 3587 1446 3641 volvitur
1493 3586 1661 3656 hujus
1716 3583 1908 3639 mundi
1964 3591 2105 3648 rota,

522 3679 775 3735 Christus
804 3688 1017 3751 gratum
1049 3680 1108 3736 in
1127 3680 1246 3736 suis
1275 3679 1561 3734 arboribus
1582 3679 1822 3733 inveniet
1846 3675 2104 3731 fructum.

524 3770 882 3843 Quem,»quia
904 3771 1053 3826 velut
1084 3760 1296 3827 inutiﬂs
1333 3772 1520 3841 stirps,
1545 3771 1599 3824 in
1627 3786 1749 3825 mea
1783 3769 1975 3823 arbore
1999 3783 2108 3821 non

525 3859 719 3928 habeo,
741 3861 903 3917 timeo
920 3861 1053 3915 mihi
1076 3860 1232 3915 valde
1262 3875 1329 3915 ne
1375 3858 1797 3924 Paterfamilias,
1822 3857 2109 3912 sterilitate

523 3954 807 4027 pravitatis
839 3970 974 4011 meae
1001 3953 1452 4021 oﬁ‘ensus,dieat:
1479 3972 1497 4005 ‹
1518 3950 1586 4008 Ut
1606 3951 1737 4023 quid
1751 3958 1982 4021 occupat
1997 3957 2108 4004 ter-

525 4047 682 4102 ram?
718 4047 993 4103 Succidite
1012 4063 1139 4104 eum
1162 4055 1217 4102 et
1234 4047 1431 4101 mittite
1452 4046 1508 4100 in
1533 4047 1714 4116 ignem
1745 4043 1897 4116 (Luc.
1913 4042 2056 4113 xm).
2083 4061 2102 4095 ι

526 4137 702 4205 Quem
729 4139 978 4210 reprobis
1025 4140 1345 4195 terribiliter
1393 4145 1643 4208 paratum
1688 4145 1744 4193 et
1783 4153 1815 4191 a
1868 4136 2109 4207 peccatis

528 4231 688 4296 meis,
727 4233 861 4303 proh
892 4232 1072 4287 dolor!
1124 4247 1267 4302 saepe
1313 4239 1719 4301 comparatum,
1771 4238 1834 4285 ut
1873 4230 2110 4301 effugere

526 4324 755 4394 possim,
782 4324 922 4378 inter
950 4324 1147 4380 ﬂuctus
1175 4324 1569 4395 cogitationum
1596 4322 1850 4378 aestuanti
1871 4322 2111 4377 occurrit

527 4415 732 4483 animo,
762 4416 867 4471 hoc
900 4417 1165 4486 optimum
1198 4416 1312 4472 lore
1350 4415 1674 4482 remedium,
1702 4430 1813 4486 quo
1849 4430 1956 4469 non
1988 4429 2110 4469 ees-

526 4522 641 4563 sem
671 4523 914 4578 quazrerc
957 4509 1211 4579 prmsidia
1259 4516 1596 4575 sanctorum,
1629 4506 1820 4563 sedulo
1860 4505 2116 4562 laudibus

527 4599 845 4656 inbterendo
869 4616 1079 4667 eorum,
1107 4611 1168 4656 ut
1194 4609 1249 4656 et
1297 4601 1406 4671 ipsi
1460 4599 1605 4671 apud
1654 4597 2113 4677 misericordissi-

526 4708 677 4749 mum
712 4693 1006 4749 Dominum
1034 4693 1329 4766 dignentur
1377 4692 1515 4748 mihi
1556 4692 1776 4750 veniam
1822 4691 2116 4761 impetrare

526 4783 874 4842 delictorum.

598 4918 699 4975 Sed
730 4918 984 4975 fortassis
1013 4918 1147 4974 dicit
1168 4917 1370 4989 aliquis
1423 4936 1436 4972 :
1492 4916 1636 4985 Quid
1691 4915 1761 4972 ad
1807 4916 1893 4972 te?
1939 4914 2117 4987 potuit

522 5011 811 5087 euphonia:
851 5010 1025 5066 cilicio
1051 5026 1227 5080 usque
1267 5009 1325 5064 in
1359 5008 1503 5063 diem
1534 5015 1589 5064 et
1624 5008 1817 5062 horam
1849 5023 1958 5077 qua
2003 5005 2114 5060 Deo

525 5101 708 5157 dilecti
760 5103 1017 5173 martyris
1071 5117 1213 5157 casae
1266 5101 1578 5156 restitutum
1630 5098 1735 5153 etsi
1792 5097 2113 5153 insensibile

527 5182 868 5262 prieséntiam
898 5192 1111 5249 Domini
1138 5194 1223 5247 sui
1253 5192 1508 5248 sensibus
1538 5190 1798 5246 humanis
1828 5204 1886 5244 se
1910 5189 2115 5244 sentire

528 5284 747 5354 indidit,
770 5303 833 5342 ac
862 5286 1094 5342 dulciter
1121 5286 1314 5341 univit.
1564 5344 1569 5351 ,
1811 5292 1817 5297 ’

600 5416 738 5473 Vere
766 5427 882 5485 tua,
906 5406 1282 5485 Christe,th
1299 5425 1427 5474 sunt
1448 5433 1633 5488 opera,
1657 5415 1751 5486 qui
1786 5413 2028 5471 crederis
2057 5422 2112 5468 et
2168 5482 2173 5485 Α

527 5522 590 5566 es
620 5508 809 5563 interni
837 5508 1015 5565 Patris
1047 5508 1344 5579 Sapientia.
1393 5507 1494 5563 Cui
1543 5506 1716 5561 David
1741 5503 1915 5573 corde
1964 5503 2113 5573 jubi-

528 5596 652 5655 lans
683 5598 921 5655 clamat:
954 5618 972 5651 ς
1007 5598 1181 5666 Quam
1223 5598 1418 5669 magna
1465 5595 1759 5652 multitudo
1805 5593 2114 5651 dulcedinis

2209 3212 2462 3265 humana:
2492 3196 2864 3255 cxclusorium
2914 3192 3334 3266 diligentissime
3369 3189 3761 3247 attendendum
3784 3229 3801 3253 ,

2208 3316 2309 3356 nec
2327 3312 2435 3351 non
2458 3291 2665 3347 intimis
2685 3288 2935 3358 suspiriis
2948 3286 3301 3341 adnitendum
3323 3304 3337 3339 :
3370 3304 3388 3336 ι
3418 3283 3801 3363 Quodcunque

2210 3386 2472 3461 petieritis
2501 3382 2719 3436 Patrem
2748 3379 2803 3433 in
2830 3376 3053 3432 nomine
3078 3374 3385 3441 meo,dabit
3405 3374 3560 3430 vobis
3578 3371 3800 3444 (Matth.

2210 3500 2335 3549 xxi;
2360 3480 2520 3535 Joan.
2555 3477 2668 3547 xv).
2703 3494 2722 3527 ι
2762 3473 3009 3529 Petimus
3031 3487 3162 3544 ergo
3175 3471 3243 3526 ad
3263 3479 3316 3525 te
3342 3468 3616 3532 conversi,
3641 3465 3804 3520 Pater

2210 3571 2426 3628 Domini
2456 3567 2631 3624 nostri
2675 3564 2806 3620 Jesu
2854 3563 3083 3629 Christi,
3119 3570 3178 3617 ut
3218 3561 3276 3616 in
3303 3559 3522 3615 nomine
3552 3557 3802 3627 ejusdem

2211 3661 2486 3733 Unigcniti
2515 3660 2612 3725 tui,
2634 3657 2791 3727 cujus
2821 3655 3105 3711 charitatis
3124 3654 3316 3709 beatus
3341 3650 3788 3705 Emmerammus

2210 3763 2419 3826 martyr
2443 3761 2569 3807 tuus
2595 3748 2838 3804 imitator
2866 3746 3075 3803 exstitit
3096 3743 3417 3817 singularis,
3456 3740 3719 3797 ineffabili
3745 3746 3803 3794 et

2212 3847 2373 3903 solita
2395 3845 2541 3900 circa
2569 3850 2886 3913 peccatores
2908 3853 3043 3893 usus
3072 3835 3383 3901 clementia,
3412 3830 3804 3888 conﬁtentibus

2211 3948 2267 3995 et
2294 3935 2565 3993 confessis
2604 3932 2851 3987 dimittas
2902 3929 3240 3999 impietatem
3286 3924 3487 3989 cordis,
3517 3938 3584 3977 ac
3617 3919 3807 3976 infuno

2211 4032 2310 4086 das
2340 4027 2653 4084 unctionem
2682 4033 2789 4079 tua:
2818 4022 3108 4077 uberrimae
3134 4016 3548 4082 consolationis,
3568 4030 3673 4070 nec
3690 4028 3801 4069 non

2212 4121 2505 4178 conﬁrmes
2558 4119 2614 4173 in
2662 4116 2823 4172 nobis
2859 4129 3026 4184 opera
3080 4112 3279 4167 divinae
3316 4107 3710 4171 miserationis,
3738 4114 3803 4161 ut

2210 4215 2356 4287 quod
2387 4214 2443 4268 in
2472 4213 2577 4267 hoc
2616 4210 2817 4266 saeculo
2846 4207 3004 4263 dulce
3025 4220 3091 4260 ac
3116 4203 3435 4259 delectabile
3456 4201 3694 4266 videtur,
3734 4198 3806 4255 ti-

2213 4303 2384 4358 moris
2416 4301 2498 4356 tui
2549 4297 2844 4354 reverenda
2890 4293 3328 4350 consideratione
3378 4297 3705 4352 amarescat,
3744 4295 3804 4341 et

2212 4384 2361 4465 quod
2390 4407 2641 4448 amarum
2686 4386 2996 4445 dilectionis
3044 4393 3154 4439 tua:
3187 4381 3516 4439 suavissima
3552 4378 3804 4449 specula-

2146 4491 2191 4546 D
2219 4484 2365 4539 tione
2386 4483 2686 4538 dulcescat.
2725 4478 2942 4549 Sicque,
2968 4477 3100 4532 dum
3138 4475 3257 4546 ipse
3279 4473 3516 4530 volvitur
3539 4470 3804 4531 mundus.

2217 4595 2247 4634 a
2280 4578 2437 4647 lapsu
2461 4584 2514 4631 et
2541 4588 2727 4630 amore
2770 4578 3142 4643 peccatorum,
3174 4575 3228 4622 te
3248 4566 3630 4629 resuscitante,
3673 4578 3806 4618 sur-

2216 4686 2432 4743 gamus,
2459 4684 2528 4723 ne
2570 4669 2625 4722 in
2656 4666 2761 4720 ﬁne
2810 4663 3156 4728 szeculorum,
3181 4675 3306 4716 cum
3336 4673 3528 4715 omnes
3549 4655 3805 4713 homines

2216 4760 2615 4819 resurrexerint
2643 4766 2768 4814 eum
2809 4754 3153 4826 corporibus,
3196 4752 3253 4806 iu
3274 4760 3540 4807 aeternum
3566 4746 3807 4803 confun-

2214 4855 2413 4910 damur
2435 4869 2501 4908 ac
2524 4850 2837 4923 puniamur.
2890 4846 2997 4902 Sed
3042 4833 3278 4915 emptitii
3306 4836 3463 4899 servi
3493 4856 3644 4897 nunc
3673 4855 3804 4895 cum

2218 4944 2536 5010 collibertis,
2567 4940 2741 5014 gratia
2776 4947 2869 4994 tua
2894 4936 3043 5008 digni
3077 4934 3272 5001 eﬁ'ecti,
3299 4941 3429 4987 tunc
3472 4931 3641 4985 etiam
3693 4929 3803 4984 tuis

2220 5053 2348 5093 cum
2379 5035 2572 5091 amicis
2618 5046 2833 5101 semper
2873 5028 3154 5085 mansuris
3178 5024 3422 5095 deputati
3447 5022 3689 5095 gaudiis,
3716 5036 3805 5076 se-

2219 5129 2338 5184 curi
2377 5127 2661 5182 videamus
2714 5122 3006 5178 Dominum
3040 5118 3228 5174 Jesum
3256 5102 3456 5172 Filium
3484 5124 3641 5170 tuum
3668 5113 3805 5168 libe-

2221 5228 2458 5275 ratorem
2495 5225 2547 5271 et
2581 5214 2895 5285 episcopum
2931 5211 3241 5265 animarum
3285 5216 3340 5264 et
3383 5221 3675 5277 corporum
3704 5220 3804 5259 no~

2219 5320 2490 5373 strerum,
2531 5302 3315 5379 judicemjustumvvivorum
3355 5308 3412 5354 et
3437 5307 3803 5363 mortuorum,

2218 5412 2401 5458 tecum
2450 5399 2725 5455 viventem
2771 5396 2945 5468 atque
2994 5396 3049 5449 in
3091 5395 3300 5449 unitate
3352 5392 3587 5462 Spiritus
3628 5391 3805 5444 sancti

2224 5500 2563 5566 regnantem,
2639 5505 2735 5559 per
2801 5487 3133 5542 immortalia
3204 5484 3401 5540 saecula
3456 5479 3803 5536 saeculorum.

2221 5588 2414 5642 Amen.
2435 5585 2480 5616 ⁸³

1738 5710 1743 5717 ν
1800 5688 1805 5693 ’
1827 5684 2059 5743 VARle
2096 5681 2496 5746 LECTIONES.

613 5761 661 5794 ³³
705 5759 823 5819 Vid.
859 5776 980 5826 pag.
1015 5777 1130 5823 seu.
