4058 6390
228 307 359 374 i021

932 317 1021 372 DE
1062 318 1437 376 MIRACULIS
1476 320 1532 376 Β.
1572 321 1812 378 EMMER

1911 321 1996 376 Ml
2029 320 2207 376 LIBRI
2245 320 2403 377 DUO.
2439 351 2513 361 ——
2549 319 2677 375 LIB.
2712 319 2775 373 Il.

3349 318 3370 368 ί
3378 319 3483 367 0‘2"

1302 611 1763 702 INCIPIT
1831 613 2214 753 LIBER.
2263 615 2395 701 II.

893 800 982 857 DE
1019 801 1332 859 MEMORIA
1368 800 1572 859 BEATI
1612 801 1812 858 EMME}

1911 801 2030 857 ΗΜΙ
2066 802 2154 857 ΕΤ
2191 800 2357 857 EJUS
2396 801 2796 859 CULTORUBI.

299 1088 567 1147 Humanis
587 1090 752 1147 rebus
781 1099 1033 1161 exempto
1061 1092 1173 1161 (an.
1208 1090 1358 1162 972),
1384 1100 1445 1147 ut
1476 1092 1532 1146 in
1558 1090 1706 1147 calce
1748 1090 1809 1145 li-
1833 1092 1882 1151 Α
1906 1091 2001 1147 sed
2044 1091 2296 1148 stabilem

224 1182 313 1237 bri
348 1182 549 1253 prioris
582 1183 993 1254 descripsimus,
1033 1182 1330 1240 Michahelc
1354 1183 1807 1255 Reginopolitano

225 1272 520 1343 episcopo,
573 1274 808 1344 qualiter
856 1273 953 1328 Dei
997 1274 1385 1345 omnipotentis
1434 1273 1807 1329 misericordia

224 1375 396 1432 super
423 1362 586 1433 hujus
614 1364 857 1419 ecclesia:
880 1364 1085 1419 clerum
1119 1373 1174 1419 et
1197 1365 1453 1435 populum
1485 1363 1805 1435 vigilaverit,

226 1467 462 1523 quemve
495 1454 746 1524 princeps
774 1464 1057 1525 pastorum
1088 1456 1206 1512 suis
1242 1455 1438 1511 ovibus
1472 1469 1693 1526 preesse
1718 1471 1812 1511 vo-

226 1545 414 1612 luerit,
471 1561 747 1617 quemque
780 1547 847 1602 ad
891 1548 1217 1618 pastoralem
1261 1563 1451 1603 curam
1497 1548 1553 1602 in
1599 1557 1809 1604 secreto

227 1649 354 1703 suo,
384 1637 473 1692 cui
498 1651 661 1691 omne
687 1652 784 1692 cor
807 1647 973 1706 patet,
1024 1638 1262 1710 elegerit,
1298 1640 1679 1696 occasionibus
1701 1640 1807 1694 bu-

223 1728 470 1799 jusmodi
499 1728 772 1798 patefecit.
801 1728 932 1786 Erat
955 1732 1175 1801 quidam
1198 1726 1281 1786 vir
1307 1748 1501 1804 genere
1516 1733 1806 1805 ingenuus,

228 1818 431 1874 virtute
456 1827 734 1886 strenuus,
783 1820 1005 1876 natione
1046 1821 1403 1890 Alamannus,
1440 1823 1659 1879 nomine
1687 1826 1809 1895 qui-

228 1913 353 1969 dem
384 1911 762 1985 Wolfgangus,
794 1914 951 1984 cujus
982 1915 1096 1985 ipse
1121 1915 1616 1985 interpretationem
1646 1932 1811 1973 voca-

229 2005 347 2063 buli
371 2004 427 2059 in
462 2003 700 2076 quodam
744 2005 866 2061 loco
890 2004 1264 2076 Lupambulus
1281 2006 1448 2078 jussit
1489 2008 1732 2064 inscribi.
1759 2007 1809 2065 Is

227 2098 468 2168 primum
520 2097 663 2152 inter
715 2098 1011 2154 canonicos
1042 2098 1156 2153 sive
1199 2099 1431 2154 clericos
1482 2099 1808 2155 laudabilem

227 2200 285 2246 et
318 2198 527 2245 castam
550 2190 782 2245 duxerat
802 2190 991 2253 vitam,
1017 2192 1142 2246 dein
1176 2192 1476 2248 artioribus
1504 2193 1705 2265 regulis
1727 2194 1811 2248 in—

227 2281 423 2352 plicari
452 2281 791 2347 desiderans,
828 2281 884 2335 in
936 2280 1134 2337 Suevia
1177 2283 1319 2353 apud
1364 2284 1684 2351 cmnobitas,
1716 2283 1810 2354 qui

231 2370 474 2427 Solitarii
505 2381 763 2429 vocantur
793 2372 1026 2443 (81-88),
1055 2375 1381 2429 monachum
1404 2374 1685 2445 professus
1706 2383 1808 2430 est.

229 2461 405 2530 Quem
431 2479 556 2519 cum
599 2480 711 2523 non
746 2465 927 2522 solum
971 2465 1185 2521 fortiter
1212 2466 1360 2523 vitiis
1395 2466 1685 2533 resistere,
1718 2467 1811 2523 sed

229 2557 396 2611 etiam
425 2548 1099 2614 virtutibuSassuefaceret
1124 2559 1295 2614 libere
1326 2559 1600 2626 insistere,
1630 2559 1812 2615 acrius

231 2648 517 2704 intendens
538 2647 710 2703 aciem
754 2635 955 2705 mentis
991 2649 1047 2704 in
1078 2651 1362 2720 speculum
1413 2651 1644 2721 gemina:
1672 2647 1810 2705 dile-

232 2740 464 2807 ctionis,
504 2741 788 2796 videbatur
840 2742 942 2797 sibi
978 2757 1103 2797 cum
1137 2743 1336 2814 simple
1388 2751 1442 2798 ct
1492 2742 1810 2799 abscondito

230 2833 439 2889 talento
483 2835 640 2905 quasi
683 2852 890 2892 vacuus
920 2853 1181 2908 apparere
1214 2838 1269 2892 in
1301 2847 1595 2908 conspectu
1624 2838 1810 2894 Domi-

232 2924 313 2991 ni,
350 2925 456 2981 nisi
508 2941 575 2981 eo
622 2926 870 2997 exposito
897 2936 952 2982 et
1001 2928 1278 2998 duplicato
1330 2929 1562 2984 aliorum
1591 2945 1809 3000 quoque

232 3019 543 3076 consuleret
572 3020 775 3075 saluti.-
806 3020 976 3091 Cujus
1007 3023 1085 3077 rei
1117 3022 1290 3094 gratia
1336 3022 1727 3093 monasterium
1756 3033 1811 3077 et

233 3125 344 3164 non
382 3108 427 3140 "
451 3110 781 3164 monachum
821 3109 1107 3175 deserens,
1142 3110 1309 3164 immo
1331 3109 1632 3164 secundum
1663 3110 1809 3179 Apo-

231 3201 432 3256 stolam
464 3200 574 3271 (89)
605 3201 813 3271 majora
847 3201 1093 3256 zemulari
1124 3202 1417 3257 carismata
1439 3202 1685 3271 cupiens,
1715 3217 1811 3271 per

226 3293 611 3348 Alamanniam
661 3294 878 3349 devenit
912 3294 1037 3349 exul
1094 3294 1150 3348 in
1198 3293 1479 3349 Noricum.
1530 3295 1610 3349 Ad
1652 3294 1811 3363 cujus

229 3386 548 3441 o.ientalcm
595 3394 804 3456 partem
860 3402 982 3441 cum
1033 3385 1225 3440 humili
1282 3386 1542 3441 comitatu
1590 3394 1809 3457 pericu-

212 3477 387 3543 deus,
433 3476 751 3546 predicandi
787 3477 959 3547 gratia
1011 3474 1309 3533 Pannonia:
1352 3478 1507 3547 petiit
1551 3478 1808 3533 conﬁnia.

229 3566 274 3622 Ε
301 3583 410 3637 qua
442 3583 537 3639 per
552 3567 879 3640 Piligrinum
906 3567 1287 3624 Patavienscm
1321 3569 1638 3640 episcopum
1685 3586 1813 3625 evo-

216 3656 417 3726 catus,
474 3658 609 3729 piae,
656 3667 716 3712 ut
766 3659 974 3725 decuit,
1023 3659 1382 3716 humanitatis
1435 3661 1505 3715 ab
1560 3676 1626 3716 eo
1686 3679 1810 3718 sus-

2375 1108 2517 1149 vera
2584 1090 2708 1145 fidei
2780 1087 3163 1143 domesticum.
3222 1083 3376 1141 Unde
3432 1095 3488 1141 ct

1908 1183 2174 1252 quosdam
2213 1184 2280 1239 de
2333 1184 2450 1240 suis
2508 1180 2853 1237 familiariter
2905 1192 3005 1250 pro
3048 1191 3115 1233 eo
3159 1176 3485 1247 alloquitur,

1907 1274 2133 1330 dicens:
2174 1272 2219 1329 0
2271 1290 2431 1345 quam
2483 1272 2618 1343 felix
2672 1270 2932 1336 ecclesia,
2986 1283 3106 1340 quia
3148 1265 3256 1321 Deo
3291 1266 3490 1320 volente

1907 1367 2010 1420 ista
2061 1365 2349 1420 donabitur
2419 1363 2708 1420 sacerdote.
2759 1360 2911 1432 Ergo
2943 1358 3296 1414 necessarium
3339 1358 3491 1413 calda

1906 1456 2115 1511 videtur
2172 1456 2303 1510 mihi
2345 1465 2394 1510 et
2441 1454 2592 1522 utile,
2634 1461 2692 1508 ut
2743 1452 2865 1505 huic
2918 1449 3123 1521 famulo
3185 1447 3284 1503 Dei
3314 1456 3490 1518 petam

1909 1546 2137 1616 regimen
2165 1543 2556 1599 Ratisbonensis
2584 1541 2872 1614 episcopii;
2910 1540 3035 1612 quia
3065 1539 3260 1609 optime
3305 1552 3488 1591 conve-

1908 1638 2007 1705 nit,
2030 1639 2199 1693 sicubi
2241 1637 2475 1692 abundat
2520 1637 2655 1690 bona
2683 1632 2925 1690 uoluntas
2944 1674 2960 1700 ,
2991 1640 3049 1685 ut
3083 1647 3200 1685 eam
3223 1630 3387 1684 etiam
3420 1628 3490 1681 ad

1909 1727 2044 1782 bona
2092 1744 2250 1798 opera
2290 1726 2566 1798 procedere
2608 1725 2774 1796 faciat
2820 1724 2943 1777 bene
2985 1719 3189 1792 collata
3235 1717 3489 1789 facultas.

1906 1817 2115 1873 Bonum
2144 1819 2354 1890 quippe,
2377 1816 2515 1890 quod
2544 1817 2629 1871 hic
2661 1817 2743 1870 vir
2761 1814 3020 1868 seminare
3043 1811 3209 1866 voluit
3241 1812 3297 1864 in
3332 1826 3496 1880 para-

1912 1914 1978 1967 tis
2002 1915 2046 1946 ’⁵
2068 1913 2313 1967 cordibus
2345 1925 2677 1983 paganorum
2708 1908 2777 1962 ad
2821 1908 2868 1940 ³⁸
2926 1906 3118 1961 salutis
3166 1903 3491 1974 obsequium,

1908 2006 2046 2076 quod
2077 2004 2267 2075 repulit
2290 2004 2502 2059 cwcitas
2527 2002 2765 2069 illorum,
2781 1997 3091 2071 quandoque
3111 1995 3354 2067 fortassis
3375 1992 3491 2058 hoc,

1908 2100 2087 2153 eodem
2125 2115 2312 2169 agrum
2356 2098 2681 2152 dominicum
2737 2093 3026 2159 excolente,
3070 2091 3219 2145 dabit
3263 2090 3495 2160 fructum

1909 2208 2063 2245 suum
2087 2193 2144 2244 in
2172 2190 2382 2262 populis
2410 2189 2843 2243 christianorum.
2877 2186 2960 2241 Ad
2996 2185 3113 2240 haec
3151 2183 3375 2254 quidam
3403 2196 3493 2237 re—

1911 2280 2245 2350 spondentes
2266 2280 2522 2335 dixerunt
2549 2299 2561 2333 :
2595 2276 2700 2343 Qui
2730 2278 2846 2349 ﬁeri
2879 2284 3066 2347 potest,
3095 2282 3152 2327 ut
3178 2274 3278 2326 iste
3298 2286 3497 2343 pauper

1910 2381 1960 2426 et
1982 2374 2192 2443 ignotus
2220 2372 2291 2425 ad
2315 2371 2563 2425 honorem
2599 2369 2814 2425 accedat
2843 2367 2979 2422 tanti
2997 2367 3351 2437 episcopatus,
3374 2378 3494 2417 cum

1905 2464 2023 2533 jam
2044 2464 2239 2535 aliqua
2262 2463 2360 2518 alti
2380 2464 2657 2535 sanguinis
2683 2476 2918 2534 persona:
2952 2460 3088 2513 hunc
3114 2457 3255 2529 apud
3273 2458 3498 2527 impera-

1915 2566 2077 2610 torem
2100 2557 2297 2627 prediis
2320 2564 2371 2610 et
2397 2557 2621 2625 pecunia
2655 2562 3046 2626 compensantes
3075 2552 3180 2606 sibi
3216 2557 3497 2621 temptare—-

1913 2648 2018 2701 rint
2043 2647 2350 2718 acquirere?
2378 2645 2590 2712 Quibus
2630 2645 2719 2701 ille
2754 2644 2921 2700 refert
2954 2644 3118 2700 verba
3166 2643 3495 2713 ponderosa,

1911 2739 2006 2795 sed
2027 2755 2136 2795 non
2163 2739 2299 2794 adeo
2327 2753 2545 2794 morosa
2582 2758 2594 2793 :
2639 2738 2833 2792 Divina
2857 2745 2908 2792 et
2928 2736 3162 2790 humana
3187 2733 3336 2789 valde
3359 2734 3497 2787 inter

1910 2849 1965 2887 se
1993 2832 2286 2903 probantur
2311 2831 2512 2885 distare
2528 2830 2761 2900 judicia.
2789 2829 2930 2884 Hinc
2959 2836 3226 2884 scrutator
3255 2825 3496 2880 cordium

1907 2934 1958 2980 et
1983 2925 2249 2979 renum'ab
2270 2925 2426 2978 initio
2451 2924 2634 2978 mundi
2654 2923 2808 2995 elegit
2830 2920 3248 2993 contemptibilia
3270 2936 3360 2974 nec
3390 2934 3494 2972 non

1908 3015 2194 3086 ignobilia,
2217 3024 2274 3069 ut
2302 3015 2642 3085 confunderet
2671 3014 2836 3085 fortia
2871 3012 3017 3087 (9i);
3075 3011 3127 3067 et
3159 3028 3187 3067 e
3227 3010 3496 3065 centrario

1911 3105 2139 3159 mundus
2167 3105 2305 3176 quod
2328 3122 2481 3159 suum
2516 3114 2594 3160 est
2619 3105 2835 3175 superbe
2864 3104 2934 3158 ad
2968 3104 3153 3157 horam
3179 3101 3407 3168 extollit,
3435 3118 3497 3155 cc

1911 3199 1966 3251 in
1992 3197 2130 3252 brevi
2169 3215 2287 3251 cum
2322 3199 2629 3268 confusione
2670 3196 2921 3252 distollit.
2974 3194 3139 3251 Unde
3165 3211 3335 3265 opera:
3374 3210 3495 3264 pre-

1912 3290 2052 3343 cium
2105 3306 2307 3355 censeo,
2337 3305 2439 3361 quo
2493 3290 2703 3344 mittam
2744 3289 2814 3342 ad
2851 3287 3319 3353 marchicomitern,
3344 3285 3495 3355 cujus

1913 3381 2135 3435 consilio
2159 3382 2329 3434 multa
2363 3380 2495 3434 solet
2527 3381 2700 3451 facere
2731 3382 3038 3451 imperator,
3062 3386 3120 3432 ut
3149 3386 3392 3449 suggerat
3425 3376 3494 3442 ci,

1914 3490 1977 3527 ne
1997 3489 2089 3543 per
2120 3472 2461 3526 ambitionem
2515 3481 2609 3526 aut
2651 3472 3000 3527 simoniacam
3053 3469 3276 3525 heresim
3319 3483 3498 3539 quem-

1913 3581 2072 3636 quam
2099 3564 2449 3635 episcopalem
2477 3566 2619 3618 sinat
2652 3566 2889 3636 accipere
2919 3564 3272 3635 dignitatem;
3314 3560 3405 3615 sed
3431 3560 3495 3615 ob

1915 3667 2168 3711 wternam
2196 3657 2689 3725 remunerationem,
2725 3672 2880 3729 quem
2908 3655 3162 3710 humilem
3218 3662 3269 3708 et
3319 3653 3499 3707 mede-

233 3750 435 3820 eipitur
497 3760 551 3807 et
613 3750 827 3806 fovetur
896 3750 1095 3807 oliicio.
1180 3753 1339 3823 Apud
1404 3770 1568 3825 quem
1647 3754 1813 3809 etiam
1841 3777 1882 3831 ρ
1915 3759 2054 3805 stum
2081 3768 2142 3804 ac
2167 3750 2432 3805 eruditum
2458 3751 2950 3821 inveneritnqnon
2974 3749 3155 3820 Oficiis
3181 3745 3501 3803 ecclesiasti-

229 3851 458 3916 rogatus
485 3843 742 3913 etjussus
771 3844 972 3899 mansit
1000 3845 1208 3915 aliquot
1235 3846 1466 3913 diebus;
1526 3847 1630 3902 hoc
1671 3847 1814 3902 inter

229 3945 410 3993 cetera
424 3924 689 4008 prudenti
737 3953 923 3993 secum
962 3946 1207 3994 tractans
1241 3947 1443 4004 mente,
1476 3955 1646 4010 quare
1688 3956 1814 4010 pro-

231 4027 442 4085 bibitus
488 4027 559 4084 sit
589 4028 670 4099 ab
709 4028 1022 4086 adducenda
1065 4029 1133 4084 ad
1178 4028 1349 4085 Deum
1401 4028 1812 4087 Pannoniorum

229 4127 411 4189 gente.

299 4209 420 4277 Quo
445 4213 897 4273 commorationis
928 4223 1169 4286 tempore
1215 4215 1356 4270 idem
1398 4215 1686 4286 episcopus
1715 4231 1812 4287 0p-

231 4303 363 4358 time
387 4320 539 4371 usus,
566 4315 756 4376 utpote
782 4307 875 4377 qui
919 4317 1037 4363 erat
1082 4308 1326 4378 adprime
1372 4309 1619 4365 eruditus
1639 4319 1693 4364 et
1722 4326 1811 4380 ge-

231 4410 364 4449 nere
394 4395 791 4464 nobilissimus,
826 4398 982 4467 juxta
1029 4400 1134 4453 hoc
1176 4399 1322 4469 quod
1352 4400 1648 4468 Apostolus
1676 4400 1811 4455 dicit

233 4483 348 4556 (90)
379 4528 390 4539 .
439 4484 669 4541 Probate
718 4488 937 4558 spiritus
969 4489 1017 4542 si
1070 4505 1134 4542 ea:
1160 4487 1268 4542 Deo
1294 4496 1445 4555 sunt,
1474 4488 1809 4543 clandestina

229 4584 287 4630 et
326 4576 613 4633 manifesta
641 4579 811 4633 divini
842 4578 1047 4634 servitii
1086 4577 1466 4634 observatione
1497 4593 1561 4632 ac
1589 4578 1809 4633 assidua

231 4681 405 4723 sacrm
429 4666 723 4739 Scriptura:
774 4669 1120 4740 indagatione
1174 4668 1309 4724 satis
1347 4667 1613 4739 probavit,
1673 4667 1819 4722 hunc

233 4776 398 4831 quem
424 4772 737 4834 susceperat
770 4762 1117 4834 peregrinum
1166 4776 1275 4816 non
1317 4776 1437 4817 esse
1461 4774 1815 4832 gyrovagum,
1896 4788 1903 4795 -

1915 3845 1992 3899 cis
2016 3853 2197 3915 aptum
2220 3860 2329 3898 esse
2356 3844 2675 3913 probaverit,
2702 3845 2859 3908 hunc,
2889 3842 3262 3913 cujuscumque
3282 3839 3355 3894 sit
3378 3852 3500 3892 con-

1915 3937 2136 3990 ditionis
2166 3935 2244 3990 vel
2287 3935 2909 4007 parentelw,promoveri
2954 3933 3120 4005 faciat
3173 3931 3242 3986 a.l
3292 3928 3499 3984 culmen

1915 4028 2169 4083 ecclesiae.
2217 4026 2357 4095 Quid
2400 4026 2588 4098 plura?
2635 4025 2739 4082 Per
2776 4025 3105 4097 legationem
3147 4019 3386 4092 episcopi
3435 4035 3501 4075 ac

1917 4108 2321 4193 suggestionem
2342 4118 2641 4176 consiliarii
2672 4134 2826 4174 cesar
2867 4132 2981 4173 suae
3019 4124 3075 4171 et
3118 4112 3501 4171 ecclesiasticae

1916 4213 2165 4269 utilitatis
2211 4213 2544 4278 admonitus,
2584 4210 2782 4277 immo,
2814 4208 2961 4280 quod
3009 4207 3193 4263 verius
3238 4214 3341 4271 est,
3362 4212 3499 4258 nutu

1917 4304 2035 4373 Dei,
2067 4306 2226 4376 cujus
2257 4305 2312 4359 in
2343 4321 2509 4359 manu
2542 4318 2635 4359 cor
2663 4303 2836 4373 regis,
2879 4300 3132 4371 princeps
3176 4299 3354 4355 bonus
3375 4294 3500 4350 Otto

1917 4397 2189 4452 secundus
2219 4395 2404 4450 animo
2443 4400 2707 4459 mutatus,
2757 4407 2967 4459 omnes,
3020 4390 3113 4461 qui
3168 4402 3267 4460 pro
3306 4385 3498 4442 eodem

1916 4487 2228 4557 episcopatu
2289 4486 2638 4555 adipiscendo
2684 4484 3032 4549 laborabant,
3088 4479 3302 4545 avertit,
3341 4485 3397 4532 et
3438 4491 3499 4531 se

1919 4584 2091 4631 totum
2118 4575 2185 4630 ad
2213 4575 2534 4630 electionem
2560 4574 2855 4629 venerandi
2885 4572 2989 4627 viri
3009 4566 3318 4641 Wolfgangi
3363 4581 3497 4621 con-

1906 4666 2099 4733 vertit,
2125 4666 2314 4736 sicque
2352 4665 2558 4737 lcgatos
2580 4676 2704 4735 post
2714 4680 2855 4726 eum,
2871 4662 3116 4719 celeriter
3135 4659 3320 4715 mittit.

1993 4756 2096 4825 Qui
2124 4767 2184 4813 ut
2208 4757 2351 4829 jussi
2401 4755 2618 4811 fuerant
2661 4762 2963 4827 pergentes,
3017 4752 3336 4807 invenerunt
3372 4758 3498 4800 eum

1535 4868 1787 4925 ‘vTARIJIi
1809 4870 2216 4927 LECTIONES.

309 4987 357 5019 ⁸³
381 4985 515 5045 Can.
543 4988 694 5043 addit
718 4988 816 5045 hoc
840 4987 955 5042 loco
985 5003 1003 5041 :
1027 4984 1363 5055 QUATUOR
1391 4983 1528 5042 IIOS
1550 4984 1826 5040 VERSUS
1845 4982 2187 5038 ANTISTES
2209 4982 2346 5055 DA'I‘
2379 4979 2821 5055 HERIBERTUS
2847 5001 2858 5037 τ

1374 5056 1614 5112 Diversis
1641 5057 1792 5112 horis
1814 5057 2067 5111 laudandi
2097 5054 2299 5123 scripta
2324 5054 2529 5109 laboris
2894 5070 2898 5075 ‘

1374 5126 1524 5198 Legi,
1551 5127 1785 5198 perlegi,
1804 5128 1998 5182 crebro
2020 5126 2256 5198 perlecta
2278 5124 2463 5198 relegi,

1370 5197 1438 5267 Et
1457 5195 1603 5253 nihil
1642 5195 1822 5265 inveni
1850 5195 2041 5267 vitium
2069 5197 2214 5266 quod
2251 5196 2431 5267 possit
2458 5195 2665 5267 haberi.

1376 5265 1489 5322 Hoc
1515 5277 1722 5322 tantum
1754 5265 1905 5333 dico,
1924 5280 2021 5323 tua
2055 5265 2222 5336 tuque
2246 5266 2470 5336 placetis
2504 5265 2708 5336 amico.
2770 5282 2773 5285 ·
3030 5278 3036 5283 ·

206 5341 286 5411 'et
313 5347 496 5411 postea
521 5355 538 5394 :
561 5340 720 5395 Anno
747 5339 962 5395 Domini
993 5336 1313 5394 MCCCICV.
1353 5339 1683 5393 reverendus
1712 5327 2021 5411 in'Christo
2050 5327 2203 5407 pater
2228 5327 2484 5411 dominus
2507 5334 2814 5411 Ludovicus
2843 5330 3170 5411 venerabilis
3194 5328 3363 5383 abbas
3399 5327 3470 5411 hu

260 5398 327 5467 us
356 5410 598 5466 ecclesiae.
624 5411 764 5481 M....
799 5422 952 5481 pater
994 5424 1322 5481 pauperum,
1352 5424 1555 5481 corona
1597 5410 1993 5481 monachorum
2050 5398 2117 5481 ξι,
2173 5406 2501 5481 venerabilis
2549 5404 2921 5481 dqm_inrs.....
2979 5402 3149 5456 albas
3215 5398 3497 5467 successit.

267 5426 327 5467 us
356 5425 598 5466 ecclesiae.
624 5425 764 5466 ΜΝ.
799 5425 952 5481 pater
1039 5425 1322 5479 auperum,
1352 5425 1555 5463 corona
1597 5425 1993 5465 monacnorum
2057 5425 2111 5462 et
2173 5425 2501 5460 veneramus
2549 5425 2732 5460 coimu

267 5481 286 5511 ⁸
358 5480 500 5537 deest
522 5482 611 5550 2.;
643 5497 706 5535 es:
732 5480 950 5537 0thloni
991 5425 1111 5534 pitu
1136 5478 1446 5550 Woljltangi
1477 5479 1740 5549 supplevi.
1857 5480 1901 5511 ³⁸
1940 5478 2152 5533 durat-is
2193 5475 2339 5531 Othl.
2416 5476 2461 5506 "
2499 5485 2551 5531 et
2589 5474 2732 5530 Othl.

134 5562 259 5620 te"
1711 5610 1719 5617 -
1756 5574 1985 5634 nom.

310 5669 518 5741 (81-88)
553 5688 609 5726 in
639 5672 975 5741 monasterio
1010 5668 1340 5729 Einsiédeln.

310 5740 461 5813 (89H
494 5742 618 5798 Cor.
648 5758 741 5808 xu,
770 5742 855 5795 51.

1946 5688 1955 5691 ·
2000 5669 2111 5737 (90)
2144 5666 2346 5737 lJoan.
2382 5665 2534 5737 rvpi.

1999 5734 2108 5809 (91)
2154 5737 2193 5791 1.
2226 5736 2350 5791 Cor.
2388 5752 2424 5792 ι.
2452 5734 2542 5788 28.
