4058 6388
550 293 686 349 1023

1537 296 1839 354 ΑιῑΝοιοι
1880 293 2488 363 ΕΜΜΕΒΔΜΜΕΝΒΙΒ
2527 294 2837 353 MONACHI

3687 291 3825 351 ιω

546 407 729 464 adhuc
746 424 878 465 cum
901 412 1278 480 prenomlnato
1299 415 1554 486 episc0po
1575 425 2027 484 commorantem,
2044 415 2141 472 sed
2168 417 2216 474 Α
2315 410 2420 469 Ubi
2452 429 2578 469 cum
2607 414 2908 471 multorum
2929 413 3081 470 fideli
3107 422 3167 470 et
3198 412 3486 469 favorabili
3516 413 3824 483 suscipere-

539 499 657 571 jam
691 500 759 556 ad
788 502 1020 573 patriam
1049 505 1308 575 repedare
1331 506 1680 579 cogitantem.
1725 507 1955 579 ignarus
1988 508 2136 565 enim

543 604 663 648 erat
692 593 978 665 legationis
1000 606 1054 651 et
1074 606 1380 653 ceterarum
1407 614 1589 655 rerum
1631 614 1730 670 pro
1753 615 1810 656 se
1836 611 2133 672 gestarum,

548 693 601 741 et
652 684 855 740 idcirco
906 686 1154 742 animum
1202 689 1516 746 intendebat
1568 682 1851 748 aliorsum.
1889 691 2139 763 Cumque

547 775 731 849 legati,
754 793 926 850 quare
953 781 1221 849 venerint,
1240 782 1292 837 ei
1328 783 1653 852 indicarent,
1683 785 1925 855 primum
1950 802 2139 843 recur-

546 871 620 927 rit
645 870 714 926 ad
750 873 1107 928 secretarium
1153 874 1333 930 cordis
1351 918 1365 937 .
1390 891 1450 930 se
1480 892 1691 946 suaque
1720 876 1830 932 Deo
1859 893 2138 933 commen—

547 961 687 1017 dans
714 961 771 1018 in
813 962 1058 1031 intimis;
1102 965 1227 1019 dein
1257 966 1535 1038 episcopo,
1583 967 1741 1038 cujus
1790 967 2020 1024 karitate
2062 969 2138 1024 ibi

548 1050 801 1109 detentus
821 1064 1199 1122 erat,causam
1227 1071 1382 1111 suam
1409 1072 1710 1127 exponens,
1733 1057 1788 1112 id
1816 1073 1925 1129 quo
1944 1074 2139 1130 grava-

546 1144 709 1200 batur
746 1155 1176 1217 temperamento
1211 1148 1483 1220 levigabat
1525 1150 1892 1220 simplicitatis
1930 1152 2139 1206 colum-

546 1239 693 1295 binae
713 1255 777 1295 ac
801 1240 1100 1310 prudentia:
1126 1243 1469 1313 serpentium,
1483 1252 1647 1315 atque
1668 1242 1725 1298 in
1747 1243 1894 1299 hunc
1914 1243 2139 1301 modum

546 1333 909 1405 proloquitur,
933 1333 1123 1391 dicens
1154 1354 1167 1390 :
1203 1334 1319 1389 Hoc
1353 1353 1543 1391 novum
1563 1338 1704 1409 quod
1733 1338 1864 1392 mihi
1888 1355 1981 1408 per
2002 1354 2139 1392 nun-

548 1427 659 1481 cies
683 1428 940 1497 principis
975 1429 1133 1496 venit,
1159 1429 1360 1484 karitas
1386 1440 1476 1486 tua
1506 1431 1700 1501 effecit,
1747 1432 1833 1487 cui
1878 1431 2140 1501 premium

548 1518 699 1581 bona:
734 1519 1023 1575 voluntatis
1050 1520 1243 1591 absque
1271 1523 1435 1578 dubio
1460 1524 1593 1590 erit;
1619 1526 1711 1579 sed
1736 1543 1864 1583 mete
1888 1529 2139 1598 parvitati

547 1609 793 1666 timorem
818 1612 1033 1681 incutit,
1072 1615 1199 1687 quia
1230 1617 1425 1684 nescio,
1451 1618 1498 1671 si
1540 1617 1780 1674 voluntas
1832 1619 1933 1676 Dei
1964 1622 2058 1690 sit,
2090 1631 2138 1679 et

545 1701 673 1772 quia
720 1704 947 1758 mundus
1001 1704 1097 1759 sub
1149 1709 1321 1776 specie
1378 1709 1651 1780 religionis
1700 1712 1866 1767 multo
1902 1715 1973 1769 ad
2006 1717 2139 1771 vitia

549 1791 736 1847 trahit.
772 1792 875 1848 Cui
900 1795 1241 1865 respondens
1268 1798 1562 1871 episcopus
1588 1800 1766 1858 dixit:
1807 1802 1959 1869 Quod
2002 1807 2138 1861 dicis

547 1892 599 1939 te
626 1885 810 1940 timere
829 1886 927 1942 hoc
949 1890 1138 1943 mentis
1173 1900 1250 1945 est
1273 1892 1528 1961 provides.
1562 1892 1668 1950 Sed
1690 1896 1825 1951 hanc
1849 1898 1906 1952 in
1947 1899 2139 1955 bonam

548 1990 694 2045 spem
720 1977 878 2047 erigit
900 1977 1204 2048 psalmista,
1237 1983 1328 2054 qui
1351 1983 1483 2038 dicit
1520 1985 1633 2057 (92)
1667 2005 1682 2042 :
1724 2006 1743 2039 α
1782 1987 2010 2057 Initium
2046 2008 2139 2045 sa-

539 2067 761 2136 pientia
793 2069 952 2123 timor
982 2070 1233 2139 Domini;
1265 2093 1284 2125 ι
1315 2083 1366 2128 et
1389 2076 1581 2130 iterum
1610 2093 1630 2132 :
1662 2097 1681 2133 ς
1718 2078 1898 2134 Timor
1925 2060 2142 2137 Domini

551 2167 772 2213 sanctus
830 2176 1142 2230 permanens
1196 2163 1255 2218 in
1310 2165 1546 2220 seculum
1597 2168 1790 2234 seculi;
1833 2188 1852 2222 ι
1911 2187 2064 2241 quem
2092 2181 2141 2227 et

546 2252 834 2322 Apostolus
865 2257 1237 2312 commendans
1267 2260 1345 2313 ait
1372 2260 1521 2331 (93):
1549 2280 1567 2314 ‹
1601 2260 1732 2317 Noli
1753 2263 1921 2318 altum
1937 2282 2139 2335 sapere,

542 2344 639 2399 sed
663 2345 808 2411 time;
828 2367 846 2398 ι
866 2345 1018 2403 Idem
1040 2349 1171 2405 alibi
1186 2351 1249 2405 de
1262 2353 1594 2423 episcopatus
1615 2354 1877 2410 desiderio
1903 2358 1980 2411 ait
1996 2358 2139 2429 (94):

555 2454 574 2488 ι
612 2434 717 2502 Qui
743 2438 1103 2510 episcopatum
1128 2442 1413 2510 desiderat,
1430 2443 1621 2503 bonum
1643 2463 1776 2517 opus
1802 2447 2089 2504 desiderat.
2115 2470 2133 2502 ι

554 2527 703 2585 Unde
735 2540 784 2586 et
818 2540 896 2600 tu,
922 2535 968 2587 si
996 2550 1115 2589 cum
1152 2544 1246 2591 tua
1268 2536 1441 2592 salute
1472 2538 1598 2593 aliis
1645 2542 1849 2611 appetis
1899 2543 2143 2612 prodesse

551 2622 844 2694 bonumque
873 2640 1003 2695 opus
1031 2625 1087 2679 in
1114 2627 1257 2682 omni
1305 2627 1421 2681 loco
1470 2628 1745 2684 desideras
1798 2632 2011 2698 adesse,
2046 2634 2142 2687 sub

552 2714 741 2770 timore
760 2724 812 2770 et
833 2716 1142 2774 humilitate
1171 2719 1241 2773 ad
1273 2720 1622 2790 episcopalem
1646 2722 1882 2777 ordinem
1908 2734 2144 2794 vocatus,

550 2821 616 2861 ne
645 2808 848 2862 abnuas
878 2811 1161 2878 accedere;
1188 2811 1426 2884 alioquin
1460 2816 1692 2869 incidere
1720 2816 1912 2872 videris
1933 2819 1990 2873 in
2008 2819 2146 2873 illud

542 2900 692 2971 quod
726 2900 902 2958 David
949 2904 1142 2959 dicit:
1197 2924 1216 2958 ι
1271 2904 1375 2972 Qui
1432 2907 1603 2962 noluit
1636 2908 2145 2979 benenedictionem,

542 2990 886 3065 .elongalitur
905 2996 970 3051 ab
999 3014 1058 3053 eo
1089 2998 1265 3071 (Psal.
1288 3015 1440 3066 cvm,
1461 3001 1570 3072 18).
1604 3022 1624 3055 ι
1656 3002 1808 3069 Quod
1828 3023 2012 3061 cavens
2029 3023 2147 3061 om-

546 3081 808 3151 nimodis,
833 3102 1025 3142 conare
1067 3094 1437 3147 ccnnumerari
1504 3111 1624 3149 cum
1669 3094 1803 3163 illis,
1854 3096 1919 3151 de
1957 3098 2145 3169 quibus

454 3167 461 3177 ’
553 3176 813 3247 scriptum
848 3189 969 3234 est:
1002 3201 1022 3232 ι
1053 3181 1159 3248 Qui
1203 3195 1381 3240 autem
1427 3187 1570 3241 docti
1607 3185 1843 3259 'fuerint,
1876 3167 2148 3261 fulgebunt

553 3270 710 3338 quasi
740 3270 989 3341 splendor
1007 3275 1363 3345 ﬁrmamenti;
1391 3288 1443 3334 et
1480 3283 1570 3352 qui
1612 3282 1682 3335 ad
1712 3281 1992 3351 justiciam
2027 3300 2150 3337 eru-

517 3361 711 3418 diunt
740 3365 963 3434 multos,
993 3370 1149 3439 quasi
1194 3370 1366 3426 stella:
1409 3374 1466 3427 in
1512 3383 1789 3445 perpetuas
1830 3378 2148 3433 wternitates

556 3451 725 3524 (Dan.
756 3470 854 3523 xu,
882 3456 959 3528 5).
995 3457 1173 3529 Hujus
1201 3463 1350 3532 atqui
1371 3465 1675 3519 executione
1696 3467 1853 3536 o/ﬁcii
1885 3470 2149 3537 pervenies

559 3544 631 3599 ad
654 3545 773 3613 hac,
800 3558 855 3601 ut
882 3550 938 3603 in
969 3551 1315 3608 retributione
1346 3554 1640 3624 justorum,
1670 3557 1769 3611 tibi
1798 3559 1946 3613 dicat
1974 3561 2150 3615 domi-

558 3648 718 3693 nator
738 3644 974 3696 omnium
1001 3659 1020 3697 :
1050 3664 1068 3696 ι
1105 3644 1271 3717 Euge,
1294 3663 1435 3702 serve
1477 3648 1606 3703 bone
1635 3658 1686 3703 et
1719 3650 1915 3719 ﬁdelis,
1938 3654 2063 3724 quia
2093 3652 2151 3707 in

557 3747 730 3803 pauca
753 3734 907 3803 fuisti
930 3737 1124 3805 ﬁdelis,
1148 3755 1307 3809 δίιμεν
1326 3740 1495 3794 multa
1521 3750 1569 3795 te
1600 3744 1956 3809 constituam;
2005 3746 2150 3800 intra

557 3825 619 3880 in
664 3828 919 3898 gaudium
970 3829 1184 3886 Domini
1226 3834 1304 3886 tui
1354 3832 1572 3903 (Matth.
1606 3851 1735 3901 xxv,
1767 3834 1881 3906 23).
1939 3856 1957 3888 ι
1997 3836 2150 3893 Talia

558 3930 780 3988 quoque
814 3920 1069 3989 pontifice
1107 3922 1484 3992 proloquente,
1533 3924 1619 3978 vir
1657 3926 2004 3982 venerandus
2055 3942 2151 3998 per

558 4010 763 4066 mentis
790 4014 1219 4081 speculationem
1247 4015 1675 4086 dispensationis
1708 4018 1905 4073 divina:
1930 4021 2150 4076 intuens

558 4103 936 4171 moderamen,
965 4108 1322 4179 subsequitur
1365 4109 1594 4165 dicens:
1624 4110 1762 4166 Ecce
1806 4128 1987 4166 servus
2039 4112 2151 4167 Do-

559 4193 717 4259 mini,
741 4194 839 4263 ﬁat
872 4196 1000 4250 mihi
1021 4201 1310 4251 secundum
1341 4200 1550 4253 verbum
1592 4210 1741 4254 tuum
1785 4202 1938 4272 (Luc.
1965 4220 2003 4271 ι,
2034 4204 2145 4276 '58).

560 4282 606 4338 Τ
612 4300 719 4341 unc
744 4297 961 4357 arrepto
986 4289 1180 4345 itinere
1203 4307 1328 4347 cum
1352 4293 1439 4348 bis
1461 4294 1556 4364 qui
1586 4294 1742 4349 missi
1764 4305 1920 4350 erant
1949 4312 1979 4351 a
2007 4298 2151 4367 prin-

557 4379 701 4448 cipe,
733 4380 964 4437 tetendit
984 4382 1037 4437 in
1064 4393 1250 4453 partes
1277 4386 1644 4443 occidentales
1679 4387 1962 4458 Bajoarire.
1983 4389 2150 4445 Cum-

2246 517 2334 559 tur
2387 520 2644 573 occursu,
2682 507 2921 578 primum
2949 506 3112 562 beato
3132 503 3538 562 Emmerammo
3557 521 3617 562 se
3644 508 3833 561 humi-

2236 597 2358 653 liter
2384 600 2739 669 presentavit,
2764 599 2962 657 deinde
2991 614 3088 669 per
3123 599 3337 670 singula
3364 597 3681 655 Ratisbonze
3709 615 3833 654 mo-

2238 691 2479 744 nasteria
2511 700 2827 747 sanctorum
2857 691 3012 762 petiit
3056 690 3337 763 suffragia,
3367 692 3673 747 novissime
3700 708 3835 747 vero

2237 782 2469 839 solemni
2501 781 2645 838 facta
2672 784 3053 854 preparatione
3077 794 3175 841 seu
3201 783 3571 852 processioue,
3609 783 3678 837 ad
3701 799 3835 838 sano

2238 875 2311 929 cti
2344 874 2491 930 Petri
2516 875 2811 930 ecclesiam
2839 877 3092 931 accessit.
3124 873 3182 929 In
3225 890 3391 945 quam
3421 890 3548 930 cum
3596 874 3839 929 canticis

2238 965 2447 1021 lmticia:
2468 975 2522 1021 et
2545 967 2930 1024 exsultationis
2952 983 3084 1024 voce
3108 968 3469 1031 introductus,
3485 975 3652 1037 atque
3679 982 3840 1021 more

2238 1057 2557 1128 pontilicum
2587 1060 2966 1132 secus.altare
3014 1060 3398 1125 intronizatus,
3439 1075 3470 1113 a
3503 1058 3654 1114 clero
3694 1069 3756 1115 et
3807 1075 3841 1113 a

2239 1150 2440 1219 populo
2468 1166 2687 1207 summo
2709 1152 2919 1222 pastori
2938 1151 3373 1219 commendatur,
3398 1166 3501 1207 nec
3523 1168 3635 1227 non
3661 1169 3693 1208 a
3716 1152 3846 1207 Fri-

2239 1239 2423 1296 derico
2465 1243 2881 1316 archiepiscopo
2909 1254 2961 1300 et
2989 1230 3140 1300 illius
3158 1245 3520 1317 sufiraganeis
3568 1258 3693 1316 post
3734 1248 3844 1303 aliv-

2239 1341 2374 1402 quot
2401 1332 2523 1390 dies
2559 1335 2616 1389 in
2639 1335 2984 1392 sacerdotem
3032 1337 3400 1413 apostolicum
3439 1337 3641 1394 ibidem
3692 1355 3844 1394 con—

2240 1433 2507 1480 secratur.
2549 1424 2729 1493 Quam
2759 1426 2850 1482 ille
2898 1429 3365 1484 consecrationem
3417 1428 3613 1484 nolens
3655 1444 3848 1484 vacuo

2241 1531 2429 1572 secum
2479 1528 2699 1588 portare
2738 1519 3026 1587 vocabulo,
3070 1520 3160 1576 die
3206 1531 3479 1591 noctuque
3532 1521 3846 1592 pontiﬁcali

2241 1608 2646 1667 studiosissime
2661 1610 2901 1667 excoluit
2930 1612 3133 1680 ofﬁcio,
3161 1621 3222 1668 ut
3245 1614 3473 1684 gratiam
3500 1615 3676 1671 sancti
3707 1613 3845 1685 Spi-

2240 1699 2382 1761 ritus
2404 1700 2817 1759 habundantius
2848 1703 2953 1758 sub
2975 1704 3079 1759 hoc
3120 1703 3313 1760 ordine
3338 1714 3526 1775 posset
3543 1704 3755 1761 habere
3782 1707 3846 1760 in

2241 1792 2422 1849 cordis
2449 1792 2708 1865 hospitio.
2736 1793 2911 1865 Cujus
2937 1796 3297 1867 inspiratione
3339 1797 3577 1853 suaviter
3627 1806 3845 1863 tactus,

2241 1895 2295 1942 et
2352 1884 2421 1940 ad
2468 1887 2654 1942 omnia
2702 1899 2903 1944 cautus
2929 1904 2995 1945 ac
3020 1888 3280 1960 providus
3301 1887 3499 1955 factus,
3526 1889 3598 1945 ob
3622 1890 3851 1960 episco-

2241 1977 2362 2049 pale
2393 1976 2677 2049 fastigium
2715 1995 3069 2051 nequaquam
3119 1981 3290 2036 voluit
3326 1991 3537 2037 mutare
3571 1982 3851 2038 monasti-

2242 2085 2367 2124 cum
2394 2069 2668 2136 habitum,
2685 2072 2847 2142 quasi
2873 2073 3224 2128 erubesceret
3251 2073 3554 2142 monachus
3576 2088 3723 2139 esse,
3738 2075 3848 2143 qui

2242 2158 2447 2229 fuerat;
2480 2160 2577 2217 sed
2607 2178 2775 2233 quam
2805 2164 2958 2237 intus
2982 2164 3175 2220 habuit
3211 2164 3572 2219 humilitatem
3607 2164 3847 2231 mentis,

2241 2250 2376 2307 foris
2406 2253 2647 2309 ostendit
2667 2254 2828 2311 bonis
2855 2256 3122 2327 exemplis
3159 2265 3216 2312 et
3260 2255 3629 2312 mediocribus
3662 2256 3850 2313 vesti-

2242 2345 2459 2401 mentis.
2512 2344 2719 2402 Memor
2776 2348 2944 2403 etiam
2995 2346 3359 2404 Salomonicae
3420 2347 3845 2415 admonitionis,

2241 2451 2364 2506 quae
2392 2436 2526 2492 dicit
2552 2455 2565 2492 :
2597 2436 3000 2494 Constituerunt
3030 2448 3080 2493 te
3105 2440 3427 2511 principem;
3472 2440 3579 2495 noli
3621 2441 3849 2505 extolli,

2241 2540 2354 2584 esto
2384 2531 2441 2584 in
2468 2531 2580 2586 illis
2610 2533 2767 2602 quasi
2794 2549 2930 2588 unus
2952 2549 3017 2589 ea:
3044 2533 3155 2603 illis
3196 2532 3392 2607 (Eccli.
3416 2549 3587 2601 xxxu,
3612 2534 3689 2603 l),
3726 2549 3847 2589 non

2242 2621 2516 2678 dominari
2560 2625 2839 2694 quaarebat
2886 2625 2944 2680 in
2990 2626 3156 2693 clero,
3203 2626 3302 2682 sed
3361 2626 3510 2697 gregi
3553 2625 3852 2681 dominico

2245 2713 2421 2770 forma
2449 2730 2573 2772 esse
2595 2715 2806 2773 studuit
2838 2733 3000 2773 mane
3027 2728 3083 2774 et
3112 2734 3266 2785 sero;
3305 2718 3597 2789 prudenter
3634 2717 3848 2774 adver-

2248 2816 2391 2875 tens,
2415 2808 2584 2864 immo
2616 2808 2942 2879 prudentius
2989 2826 3022 2865 a
3076 2826 3137 2867 se
3192 2820 3462 2877 avertens,
3523 2809 3654 2866 illud
3723 2810 3849 2868 elo-

2244 2901 2458 2972 quium,
2487 2901 2634 2972 quod
2680 2918 2779 2972 per
2813 2902 3155 2961 Ezechielem
3200 2905 3520 2976 prophetam
3549 2904 3849 2967 invehitur

2248 3001 2437 3047 contra
2467 2992 2642 3047 malos
2662 3002 2931 3063 pastores,
2957 2993 3191 3051 Domino
3213 2993 3430 3052 dicente
3459 3014 3473 3050 :
3513 2994 3601 3050 Va:
3643 3007 3850 3066 pasta-

2250 3082 2416 3148 ribus,
2443 3083 2534 3153 qui
2567 3081 2853 3153 pascebant
2912 3084 3247 3155 semetipsos,
3270 3092 3322 3139 et
3354 3101 3459 3139 non
3485 3101 3657 3157 greges
3690 3102 3851 3141 usus

2254 3172 2470 3245 (Ezech.
2499 3190 2687 3241 xxxiv,
2710 3174 2791 3245 2).

2322 3273 2478 3331 Unde
2508 3275 2627 3345 ipse
2651 3285 2802 3332 totus
2829 3276 2882 3332 in
2908 3275 3095 3333 divina
3112 3277 3469 3349 legedevotus
3491 3280 3633 3335 inter
3649 3289 3850 3339 oeten

2250 3366 2542 3437 pastoralis
2569 3381 2716 3422 cura:
2744 3368 3051 3423 ministeria
3081 3374 3540 3439 sermone,’quem
3564 3367 3633 3424 ad
3653 3384 3847 3439 popu-

2250 3458 2366 3514 lum
2394 3458 2534 3514 inter
2558 3459 2855 3515 missarum
2881 3459 3148 3515 solemnia
3173 3458 3303 3516 fecit
3326 3475 3394 3514 ex
3420 3474 3601 3526 more,
3623 3460 3681 3514 in
3717 3469 3848 3516 tan-

2253 3560 2368 3608 tum
2389 3551 2652 3608 ecclesias
2681 3552 2893 3622 plebem
2922 3550 3219 3608 assuefecit
3262 3550 3628 3622 frequentare,
3651 3560 3719 3605 ut
3750 3566 3848 3621 per

2251 3644 2371 3701 dies
2425 3644 2701 3700 solemnes
2738 3644 2831 3699 vix
2880 3644 3029 3699 domi
3077 3658 3362 3699 remanere
3399 3642 3717 3698 viderentur
3764 3644 3845 3698 rei

2253 3735 2545 3793 familiaris
2581 3736 2859 3793 custodes.
2884 3736 2966 3791 Ad
2995 3736 3305 3808 predulcem
3328 3736 3475 3791 enim
3497 3736 3633 3791 tanti
3653 3735 3847 3806 ponti-

2253 3829 2372 3885 licis
2399 3829 2833 3885 exhortationem
2856 3829 3104 3885 certatim
3139 3844 3306 3884 sexus
3340 3827 3632 3897 utriusque
3676 3826 3845 3885 turba

2252 3920 2532 3988 confluxit,
2554 3937 2723 3991 quam
2765 3921 2897 3977 illuc
2944 3919 3242 3991 fragrantia
3284 3918 3589 3975 caelestium
3624 3932 3847 3974 aroma-

2251 4023 2390 4079 tum,
2413 4014 2533 4084 ipso
2574 4028 2641 4070 ea
2685 4014 2784 4084 qui
2825 4012 2979 4071 dedit
3004 4012 3322 4080 ventilante,
3349 4011 3609 4078 adduxit;
3652 4010 3844 4080 apium
3900 4022 3909 4028 '

2251 4106 2504 4161 videlicet
2533 4105 2729 4173 instar,
2766 4121 2902 4176 quas
2930 4114 3055 4175 post
3082 4120 3142 4161 se
3175 4104 3390 4159 trahere
3418 4102 3638 4158 videtur
3661 4101 3846 4157 mellis

2252 4197 2387 4254 odor
2416 4208 2471 4253 et
2496 4207 2702 4254 nectar.
2732 4196 2947 4264 Quibus
2966 4206 3121 4267 pater
3145 4196 3270 4267 pius
3308 4210 3661 4264 summopere
3690 4192 3844 4249 desi-

2252 4289 2453 4345 derans
2475 4304 2599 4345 esse
2625 4289 2778 4345 utilis
2800 4298 2855 4345 et
2883 4299 3067 4359 aptus,
3093 4289 3148 4343 in
3189 4286 3521 4359 disputando
3563 4284 3636 4343 de
3673 4300 3846 4357 regno

2251 4378 2350 4435 Dei
2371 4391 2425 4436 et
2445 4379 2725 4435 calcandis
2750 4379 3086 4435 vanitatibus
3116 4377 3283 4449 hujus
3322 4375 3536 4442 mundi,
3566 4376 3848 4447 perplexis

560 4485 670 4540 que
698 4484 1017 4542 perventum
1057 4486 1206 4533 esset
1230 4477 1296 4533 ad
1330 4478 1595 4552 Reginam
1637 4482 1937 4550 civitatem,
1967 4484 2144 4539 clerus

2250 4480 2305 4527 et
2341 4471 2655 4541 sophisticis
2680 4470 2909 4527 minime
2955 4469 3208 4526 utebatur
3255 4467 3569 4532 sententiis,
3610 4465 3711 4521 sed
3766 4466 3849 4522 sic

560 4572 616 4618 et
640 4565 873 4635 populus
894 4568 1197 4626 secundum
1229 4586 1439 4627 morem
1470 4574 1907 4630 ecclesiasticum
1951 4575 2151 4630 unani-

560 4656 722 4713 miter
738 4659 1037 4730 episcopali
1060 4661 1200 4718 facta
1223 4663 1586 4731 electione,ad
1615 4666 1999 4737 imperatorem
2021 4682 2149 4722 eum

554 4750 838 4806 miserunt
882 4768 1007 4808 cum
1058 4755 1356 4813 universali
1386 4758 1673 4828 legatione.
1711 4757 1830 4825 Qua
1859 4760 2153 4815 clementer

558 4857 838 4917 suscepta,
872 4861 926 4903 et
975 4850 1135 4905 beato
1182 4852 1301 4906 viro
1352 4852 1421 4907 ab
1471 4853 1743 4922 episcopis
1794 4851 2042 4922 probato,
2087 4865 2153 4906 ac

562 4952 817 4995 sermone
855 4941 909 4995 in
940 4944 1215 5011 presentia
1242 4960 1434 4999 eorum
1465 4945 1534 5000 ah
1566 4944 1685 5015 ipso
1710 4945 1989 5014 sapienter
2030 4958 2154 5014 pro-

562 5031 695 5098 lato,
715 5032 1013 5105 imperialis
1035 5052 1161 5091 eum
1197 5053 1488 5093 assumens
1515 5037 1760 5107 potentia
1790 5052 1887 5107 per
1932 5035 2148 5107 pediam

564 5125 680 5197 (95)
707 5128 1035 5196 pastoralem
1059 5130 1322 5186 honorem
1351 5131 1402 5186 ei
1430 5130 1579 5186 dedit
1598 5130 1995 5201 pontificalem;
2039 5138 2154 5183 sta-

562 5218 791 5289 timque,
824 5229 884 5275 ut
907 5236 1097 5277 curam
1121 5223 1209 5279 sui
1233 5231 1288 5279 et
1313 5238 1528 5295 gregem
1551 5222 1885 5277 dominicum
1907 5220 1984 5275 illi
2008 5235 2153 5276 com-

562 5311 736 5377 misit,
760 5329 872 5369 non
900 5330 1025 5370 cum
1047 5330 1215 5388 parvo
1234 5317 1495 5372 comitatu
1527 5315 1598 5371 ad
1627 5314 1986 5370 Ratisbonam
2019 5328 2147 5369 eum

561 5402 795 5458 remisit.

2251 4563 2445 4618 melliti
2474 4563 2587 4619 oris
2617 4562 2964 4619 dulcedinem
2989 4576 3087 4632 per
3111 4560 3412 4632 quandam,
3451 4573 3625 4630 quam
3663 4557 3849 4614 verbis

2250 4656 2525 4725 explicare
2564 4672 2690 4727 non,
2725 4665 2936 4726 potero,
2964 4653 3302 4724 temperabat
3336 4651 3744 4717 austeritatem,
3790 4660 3850 4705 ut

2254 4749 2490 4819 simplici
2513 4759 2568 4804 et
2591 4749 2799 4819 optimo
2823 4763 3021 4820 genere
3046 4746 3342 4821 locutionis
3370 4755 3598 4817 tangere
3629 4744 3848 4821 videre-

2255 4849 2345 4912 tur
2381 4842 2574 4896 iutima
2597 4841 2865 4912 cujusque
2892 4838 3261 4911 cogitationis,
3299 4837 3505 4906 talique
3559 4846 3683 4891 arte
3714 4852 3850 4893 non-

2256 4938 2530 4993 nullorum
2554 4952 2623 4992 ex
2647 4936 2824 4992 oculis
2845 4934 3104 4990 lacrimas
3133 4932 3354 4987 eliceret
3382 4928 3595 4984 iudices
3642 4928 3845 5009 cordis.

2254 5029 2408 5086 Hanc
2437 5028 2711 5099 siquidem
2747 5038 2860 5084 tam
2902 5025 3140 5082 validam
3183 5040 3214 5078 a
3247 5020 3455 5093 Spiritu
3476 5031 3670 5074 sancto
3695 5031 3848 5074 acoe-

2255 5130 2409 5193 perat
2431 5120 2687 5193 gratiam,
2716 5134 2827 5189 quo
2853 5118 2932 5185 hi,
2954 5115 3049 5188 qui
3088 5111 3394 5186 predicanti
3422 5109 3755 5165 assisterent
3798 5115 3848 5161 et

2254 5228 2382 5270 eum
2419 5213 2625 5266 intente
2646 5208 2919 5274 audirent,
2950 5222 3076 5264 raro
3122 5214 3217 5261 aut
3260 5215 3563 5272 numquam
3588 5197 3846 5255 abscede-

2254 5280 2379 5360 rent
2401 5303 2470 5357 ab
2492 5300 2612 5372 ejus
2640 5298 3027 5370 praedicatione
3050 5297 3168 5353 sine
3187 5294 3542 5350 lacrimarum
3556 5289 3841 5345 effusione.

2254 5398 2376 5466 Quo
2401 5398 2695 5469 pergrandi
2722 5397 2888 5463 bono,
2912 5411 2949 5450 a
2975 5394 3232 5465 largitore
3279 5388 3529 5446 omnium
3575 5384 3844 5442 bonorum

2108 5558 2336 5619 ΝΟΤᾸΞ.

643 5668 753 5736 (9)
793 5667 937 5725 Psal.
964 5684 1051 5734 cx,
1084 5669 1177 5735 lO;
1214 5688 1366 5736 mu,
1406 5671 1489 5726 l0.

640 5737 753 5809 (οδ)
791 5737 951 5794 Rom.
994 5755 1068 5806 ιι,
1095 5737 1183 5795 20.

2325 5666 2441 5805 ἓξὲξ
2480 5664 2517 5788 ξ.
2550 5660 2898 5805 Malia."
