4058 6392
251 340 394 426 «625

944 365 1032 422 ne
1065 340 1445 424 musteus
1475 345 1533 422 ε.
1574 348 2000 421 canentum
2037 352 2222 418 metu
2261 360 2421 420 nuo.
2468 394 2535 406 -
2569 360 2700 418 us.
2738 360 2805 417 n.

3397 361 3537 418 1036

245 472 567 541 hominibus
614 500 897 553 concesso,
929 500 1025 556 per
1066 485 1334 542 malitiam
1369 501 1528 541 suam
1556 484 1838 541 sauciatus
1867 486 1915 544 Α
1941 481 2283 553 tempestatis
2304 482 2462 552 juxta
2501 474 2960 537 consuetudinem
2983 478 3241 536 humana!
3270 481 3540 555 tragilita-

242 580 503 635 humanae
529 578 723 660 salutis
753 578 1034 645 inimicus,
1067 588 1121 634 et
1144 578 1196 635 ei
1226 578 1444 634 obviam
1470 579 1550 634 ire
1584 587 1834 644 conatus,

243 672 533 739 invidiam,
548 687 714 743 quam
742 686 958 743 semper
976 671 1227 739 habebat,
1244 671 1445 743 quibus
1468 679 1681 742 poterat
1703 669 1838 724 viri-

240 763 349 820 bus
373 764 680 820 exercebat.
1820 834 1830 844 ε

316 852 455 908 Nam
481 852 569 909 die
591 852 853 925 quadam,
880 868 1005 935 cum
1032 853 1310 924 predictus
1345 853 1519 909 beata:
1557 853 1836 908 memoria"

241 940 607 1016 Wolfzangus
634 946 925 1016 episcopus
955 946 1118 1002 solito
1159 962 1311 1001 more
1360 945 1429 1002 ad
1473 947 1732 1017 populum
1766 960 1834 1001 ex

239 1036 456 1110 pulpito
494 1038 579 1092 vel
627 1039 861 1093 amboue
898 1039 1337 1105 coucionaretur,
1388 1038 1641 1094 diabolus
1684 1038 1831 1094 aliud

240 1143 352 1182 non
380 1128 683 1195 inveniens,
699 1128 933 1184 Domino
954 1129 1274 1200 prohibente
1296 1145 1405 1201 quo
1427 1130 1831 1198 adversaretur,

240 1217 430 1272 subito
466 1218 761 1273 concitavit
790 1218 1084 1285 turbinem,
1110 1227 1165 1274 et
1197 1235 1322 1274 cum
1352 1219 1570 1276 turbine
1625 1221 1833 1275 tumul-

240 1314 458 1363 tuosam
482 1307 870 1375 turbationem,
896 1324 961 1363 ac
982 1308 1343 1363 nihilominus
1371 1325 1496 1364 cum
1524 1309 1833 1365 turbatione

239 1395 534 1453 confusum
558 1413 809 1453 murmur
833 1408 886 1453 et
915 1399 1229 1465 clamorem,
1273 1415 1376 1455 nec
1405 1415 1514 1455 non
1542 1414 1707 1470 super
1751 1409 1833 1455 te-

238 1499 389 1567 ctum
437 1489 686 1547 ecclesiae
734 1489 1005 1562 fragorem
1062 1489 1212 1546 dedit
1261 1491 1567 1562 ingentem,
1599 1500 1653 1547 et
1688 1492 1830 1546 intra

238 1582 488 1637 ecclesiae
511 1582 854 1653 receptacula
889 1583 1169 1653 pulverem
1197 1582 1521 1654 dispergens
1549 1598 1616 1638 ac
1657 1582 1831 1637 nebu-

238 1672 373 1740 lam,
402 1660 718 1744 aliquorum
752 1660 1045 1730 robtutibus
1086 1673 1377 1745 caliginem
1425 1671 1640 1728 obfudit
1685 1682 1831 1727 tene-

237 1764 479 1822 brosam.
496 1765 706 1833 Quibus
730 1782 795 1822 ex
823 1766 1102 1838 inproviso
1125 1767 1259 1822 visis
1277 1775 1329 1821 et
1356 1764 1578 1831 auditis,
1595 1764 1828 1835 populus

236 1858 583 1930 perterritus,
637 1861 837 1928 immo,
868 1860 1015 1932 quod
1063 1861 1222 1932 pejus
1266 1869 1412 1927 erat,
1462 1877 1600 1931 pene
1646 1870 1828 1916 mente

238 1952 530 2021 alienatus,
555 1953 720 2024 cerpit
743 1969 1073 2010 concurrere
1114 1962 1167 2009 et
1205 1952 1535 2019 discurrere,
1560 1953 1825 2019 incertus,

237 2040 487 2098 confusis
514 2044 769 2100 omnibus
813 2052 867 2100 et
907 2044 1161 2111 turbatis,
1190 2045 1247 2099 in
1296 2060 1462 2116 quam
1513 2052 1721 2114 partem
1768 2059 1830 2099 se

238 2136 414 2191 tutius
442 2151 506 2191 ac
530 2137 735 2194 rectius
762 2147 950 2209 posset
984 2147 1320 2193 convertere.
1367 2137 1591 2193 Interim
1635 2135 1828 2192 audie—

237 2228 440 2284 bantur
464 2244 627 2286 voces
653 2229 783 2285 hinc
806 2230 1105 2286 dicentium
1131 2247 1145 2284 :
1183 2228 1251 2284 In
1288 2230 1413 2285 urbe
1447 2229 1647 2303 grande
1678 2230 1829 2285 stet-it

234 2320 576 2387 incendium;
603 2321 727 2377 inde
754 2322 1153 2379 clamitantium
1183 2342 1197 2379 :
1237 2321 1375 2377 Ecce
1402 2323 1660 2379 seditione
1684 2326 1831 2397 facta

234 2413 527 2468 multorum
548 2414 745 2485 gladiis
786 2415 1128 2471 disciduntur
1162 2414 1377 2486 jngula.
1428 2414 1678 2489 Cumque
1730 2432 1831 2489 pro

232 2506 575 2562 clamoribus
606 2505 985 2579 hujuscemodi
1031 2506 1292 2564 sedandis
1336 2509 1589 2577 multum,
1619 2510 1715 2566 sed
1742 2511 1829 2566 in-

232 2613 481 2665 cassum,
521 2599 830 2654 laboratum
885 2609 1035 2656 esset
1087 2616 1119 2656 a
1166 2601 1425 2668 sensatis,
1463 2601 1684 2658 tandem
1729 2603 1826 2675 qui

232 2698 394 2745 erant
432 2691 640 2747 inimici
674 2692 1175 2748 machinationibus
1201 2692 1490 2761 ludificati,
1512 2702 1623 2749 tam
1660 2697 1825 2751 vehe-

233 2784 407 2838 menti
431 2780 661 2840 excursu
692 2799 787 2855 per
807 2794 1018 2843 turmas
1051 2794 1351 2857 eruperunt
1392 2786 1459 2841 de
1485 2786 1738 2855 ecclesia,
1765 2797 1823 2845 ut

231 2888 307 2929 ex
327 2883 478 2930 tanta
517 2874 863 2932 multitudine
893 2878 981 2932 vix
1018 2878 1179 2949 pauci
1217 2878 1551 2933 remansisse
1570 2878 1823 2935 videren-

234 2968 329 3022 tur
368 2967 425 3021 in
455 2967 565 3023 illa.
588 2967 743 3025 Tunc
770 2970 1081 3041 episcopus,
1131 2986 1293 3041 quem
1325 2978 1488 3026 tantae
1527 2972 1822 3028 commotio

1940 575 2010 632 tis
2048 576 2170 632 loco
2197 576 2362 632 etiam
2396 575 2697 647 propellere
2742 581 2950 644 posset,
2981 573 3031 629 si
3087 572 3295 632 Christi
3342 590 3539 632 servus

1938 682 2049 724 non
2078 676 2247 736 esset,
2276 668 2407 740 quia
2436 669 2660 723 domum
2694 667 2748 721 in
2793 666 2952 721 ﬁrma
3001 666 3294 723 solidatam
3342 668 3539 725 habuit

1936 769 2112 832 petra,
2137 762 2367 833 gradum
2391 774 2500 816 non
2535 760 2724 827 movit,
2755 760 2851 816 sed
2879 760 3095 815 stabilis
3141 768 3196 816 et
3252 761 3533 817 inmobilis

1936 859 2287 924 permanens,
2314 869 2513 926 magna
2542 854 2647 909 fide
2677 854 2935 908 clamavit
2967 861 3022 909 et
3045 853 3186 909 dixit
3239 871 3253 908 :
3310 852 3536 909 Domine

1935 947 2064 1003 Iesu
2088 944 2315 1011 Christe,
2330 947 2545 1000 solitam
2575 945 2819 1016 ﬁdelibus
2844 946 2950 999 tuis
2980 946 3386 1000 accommodans
3410 963 3538 1018 gra-

1938 1040 2088 1106 tiam,
2127 1040 2348 1093 concede
2390 1047 2445 1093 ut
2472 1038 2627 1092 hodie
2647 1038 2855 1091 rideant
2882 1037 3108 1109 gloriam
3132 1039 3360 1093 nominis
3385 1039 3463 1092 tui
3482 1049 3535 1093 et

1935 1133 2295 1203 confusionem
2318 1130 2540 1185 diaboli.
2570 1129 2704 1198 Quae
2728 1130 2890 1185 verba
2913 1139 3101 1186 secuta
3139 1138 3224 1187 est
3261 1131 3539 1188 serenitas

1934 1226 2100 1291 aeris,
2130 1235 2185 1279 et
2210 1225 2559 1279 serenitatem
2584 1238 2846 1279 recursus
2892 1223 2949 1278 in
3001 1224 3294 1279 ecclesiam
3330 1224 3529 1295 plebis.

1932 1316 2035 1372 Cui
2065 1317 2395 1372 venerabilis
2419 1317 2650 1371 antistes
2687 1331 2814 1371 mox
2862 1323 3110 1370 aromata
3156 1326 3210 1370 et
3247 1326 3531 1389 unguenti

1934 1424 2105 1465 sacra:
2128 1408 2389 1464 doctrinae
2413 1407 2700 1464 effundens
2723 1406 2859 1463 adeo
2896 1408 2987 1462 illa
3017 1408 3127 1475 die,
3161 1409 3263 1464 sibi
3284 1408 3352 1464 de
3371 1409 3534 1466 cmlis

1932 1498 2046 1556 Deo
2099 1501 2447 1557 dulcedinem
2500 1500 2776 1556 sermonis
2838 1500 3159 1568 instillante,
3209 1500 3435 1572 profuit,
3467 1510 3530 1558 ut

1930 1592 2221 1649 manifeste
2239 1593 2527 1648 inimicum
2555 1593 2752 1648 vicerit
2798 1592 2883 1647 vel
2928 1592 3217 1663 fugaverit,
3264 1594 3357 1665 qui
3410 1609 3530 1664 per-

1930 1685 2260 1740 turbationis
2283 1684 2566 1740 nimietate
2591 1700 2728 1755 pene
2761 1684 3020 1740 omnibus
3054 1684 3251 1741 obfuit.
3290 1683 3447 1742 Unde
3470 1696 3528 1742 et

1931 1786 2118 1847 postea
2150 1777 2391 1833 fidelium
2417 1777 2637 1833 devotio
2678 1777 2824 1833 hanc
2870 1777 3331 1833 consuetudinem
3360 1777 3528 1850 empit

1931 1886 2030 1941 pro
2052 1871 2167 1941 lege
2190 1870 2411 1936 habere,
2434 1885 2545 1940 quo
2567 1886 2665 1941 per
2686 1870 2952 1926 stationes
2978 1872 3297 1942 episcopum
3318 1880 3527 1927 turma-

1932 1964 2028 2020 tim
2057 1965 2405 2035 prcvenirent
2426 1972 2480 2019 et
2508 1973 2890 2035 sequerentur,
2913 1980 2978 2019 ac
3000 1963 3389 2035 predicationis
3403 1979 3527 2019 ero-

1931 2057 2204 2130 gatidhem
2237 2073 2454 2113 summa
2492 2057 2798 2123 affectione,
2819 2066 3004 2129 utpote
3031 2058 3264 2129 apostoli
3292 2059 3524 2125 bonum,

1930 2151 2389 2221 amplecterentur
2409 2151 2656 2206 odorem.
2687 2148 2787 2205 Per
2815 2166 2977 2221 quem
3002 2150 3146 2206 idem
3180 2152 3529 2211 venerandus

1929 2251 2085 2313 pater
2113 2243 2180 2297 ad
2205 2243 2426 2314 pietatis
2456 2242 2720 2299 exercitia
2755 2258 2884 2298 oves
2908 2242 3217 2299 dominicas
3245 2243 3313 2299 de
3345 2244 3437 2299 die
3465 2244 3525 2299 in

1928 2333 2076 2391 diem
2110 2336 2283 2407 magis
2311 2335 2597 2407 magisque
2625 2336 2916 2391 adtrahere
2938 2336 3213 2404 studebat,
3237 2351 3390 2392 more
3418 2335 3529 2392 sci-

1931 2429 2059 2484 licet
2087 2429 2363 2495 animalis,
2388 2428 2533 2500 quod
2565 2429 2799 2500 paulher
2834 2428 3057 2495 dicitur,
3104 2429 3221 2500 qui,
3279 2437 3341 2484 ut
3387 2428 3527 2501 pby—
3580 2491 3587 2500 ε

1930 2520 2126 2593 siologi
2163 2521 2476 2592 perhibent,
2501 2522 2758 2578 omnibus
2789 2508 3121 2577 animalibus
3166 2521 3399 2587 amicus,
3427 2536 3526 2576 ex-

1927 2613 2099 2683 ceptis
2123 2611 2360 2666 dracone
2402 2619 2457 2667 et
2504 2611 2891 2683 serpentibus,
2941 2621 3141 2667 cuneta
3196 2611 3525 2677 animantia,

1925 2720 2050 2776 quze
2078 2705 2133 2759 in
2159 2704 2439 2759 vicinitate
2473 2703 2560 2759 sui
2592 2712 2750 2771 sunt,
2776 2705 2981 2760 emisso
3041 2703 3187 2759 bono
3237 2702 3409 2759 odore
3454 2703 3522 2758 ad

1929 2813 1988 2853 se
2014 2799 2152 2874 solet
2187 2795 2458 2853 adducere
2482 2806 2650 2869 atque
2681 2798 2823 2853 miro
2856 2796 3022 2853 modo
3066 2811 3313 2852 amorem
3357 2810 3524 2852 suum

1915 2878 2036 2946 “illis
2062 2890 2330 2962 ingerere.

1899 3078 3516 3105 Ἥ

1292 3179 1756 3270 INCIPIT
1828 3175 2465 3271 DIALOGUS.

308 3348 452 3405 Dum
500 3348 619 3406 hcce
666 3348 849 3406 scribo
889 3358 944 3406 et
988 3349 1234 3406 animum
1281 3347 1350 3404 ad
1389 3348 1495 3403 alia
1534 3346 1820 3403 scribenda
1849 3353 1891 3410 ο
1922 3354 2009 3400 rat
2038 3345 2393 3402 artiﬁciosam
2423 3348 2718 3407 verborum
2748 3354 3226 3426 compositionem,
3254 3356 3350 3412 sed
3381 3354 3518 3413 sim-

237 3441 506 3501 sollicitus
550 3456 817 3511 praeparo,
867 3441 1019 3497 adest
1061 3440 1197 3495 mihi
1250 3436 1419 3495 frater
1455 3436 1824 3493 Ammonitius

240 3547 426 3589 comes
448 3548 632 3589 rerum
661 3547 909 3587 mearum
931 3530 1303 3596 ﬁdelissimus,
1326 3528 1420 3600 qui
1460 3545 1547 3584 me
1571 3527 1825 3584 convenit

230 3625 478 3702 ofﬁciose
510 3624 590 3681 sic
616 3624 991 3696 proloquens‘:
1023 3621 1157 3678 «Ubi
1180 3621 1530 3702 estdialogus
1552 3635 1712 3691 quem
1736 3619 1826 3675 de-

240 3717 439 3772 vovisti
471 3726 523 3772 te
552 3717 885 3787 scripturum
912 3716 966 3771 in
989 3716 1211 3771 nomine
1246 3701 1464 3769 Domini
1488 3714 1555 3769 de
1584 3713 1822 3768 miracu-

234 3810 310 3869 iis
332 3809 392 3864 B.
415 3806 803 3864 Emmcrammi
833 3819 887 3865 et
908 3809 974 3864 de
996 3809 1259 3880 regimine
1283 3808 1430 3862 illius
1468 3804 1823 3866 monasterii?

238 3901 315 3958 Es
340 3901 780 3983 quippeOdebitor
823 3901 1163 3972 sponsionis,
1196 3909 1291 3955 aut
1326 3898 1485 3954 fortis
1513 3897 1823 3954 excusatio-

236 3996 347 4052 nis.
382 4014 401 4047 ι
438 3994 578 4051 Tum
625 4009 773 4066 ego:
834 4013 851 4046 ι
880 3992 1103 4049 Minime
1150 3991 1378 4049 ditliteor
1432 3991 1565 4062 quin
1610 3990 1823 4046 debitor

230 4090 367 4145 sim.
393 4087 501 4144 Sed
521 4096 806 4159 propterea
827 4088 1033 4155 distuli,
1054 4087 1182 4159 quia
1204 4102 1316 4142 non
1340 4097 1523 4142 certus
1544 4101 1694 4142 eram
1718 4084 1820 4141 sub

237 4178 400 4249 cujus
438 4194 671 4250 persona
697 4178 1041 4248 potissimum
1073 4177 1338 4233 coniicere
1378 4192 1598 4248 possem
1640 4175 1819 4231 dialo-

232 4287 392 4344 gum,
430 4285 555 4325 cum
586 4270 868 4340 perplures
899 4270 965 4326 de
994 4270 1247 4325 laudibus
1274 4269 1449 4324 nostri
1492 4270 1730 4340 patroni,
1767 4278 1821 4325 et

224 4364 307 4418 .de
331 4362 453 4417 aliis
479 4362 806 4417 utilitatibus
829 4378 1044 4418 mecum
1069 4377 1211 4432 saepe
1232 4361 1649 4432 disputaverint,
1674 4370 1729 4417 et
1761 4377 1820 4417 se

236 4451 495 4524 parvitati
522 4468 656 4507 mere
678 4452 1098 4508 necessitudinis
1122 4452 1342 4507 vinculo
1358 4452 1658 4521 junxerint.
1674 4472 1693 4503 ι
1715 4451 1819 4507 Ile-

224 4545 480 4627 .spoudit,
510 4545 603 4614 qui
637 4560 801 4615 supra
828 4530 849 4598 ς’
880 4562 898 4596 ‹
929 4542 1013 4599 Sit
1055 4543 1176 4608 tibi,
1221 4534 1523 4598 secundum
1564 4544 1817 4599 Salomo-

233 4652 385 4702 uem,
411 4637 759 4692 consiliarius
786 4651 929 4692 unus
962 4651 1029 4691 ex
1068 4635 1214 4690 mille
1238 4634 1371 4707 (96),
1400 4655 1418 4687 ι
1445 4644 1500 4691 et
1525 4637 1591 4691 de
1623 4637 1731 4691 hac
1761 4654 1819 4692 re

234 4743 492 4784 securum
526 4738 576 4783 te
603 4728 784 4783 faciet.
825 4720 961 4781 Nam
997 4727 1042 4783 si
1076 4727 1177 4794 vis,
1210 4742 1497 4797 personam
1528 4728 1817 4783 Ammoni-
1853 4714 1895 4768 Ῑ)

234 4819 310 4875 cii
340 4820 729 4875 convenienter
758 4819 961 4891 poteris
1006 4819 1206 4875 habere
1247 4834 1348 4891 pro
1383 4819 1625 4890 quolibet
1652 4820 1818 4878 fratre

233 4921 291 4966 te
324 4912 393 4967 ad
427 4912 632 4968 bonum
672 4920 1051 4968 commonente
1098 4913 1185 4967 vel
1218 4911 1560 4968 exhortante.
1597 4913 1706 4970 Nec
1735 4926 1821 4973 est

232 5002 527 5074 quisquam
560 5002 861 5058 amicorum
892 5003 986 5074 qui
1012 5018 1070 5058 se
1091 5003 1236 5058 dicat
1260 5013 1654 5075 contemptum,
1686 5005 1819 5061 alte-

224 5108 470 5171 rumque
491 5094 546 5148 in
572 5094 679 5149 hoc
707 5093 812 5150 sibi
840 5093 1152 5166 indignetur
1190 5109 1312 5149 esse
1341 5095 1644 5165 prtelatum.
1683 5093 1819 5149 Pro-

232 5184 363 5240 inde
402 5186 610 5256 absque
653 5186 1224 5259 compereudinatione
1270 5203 1491 5243 assume
1518 5188 1817 5259 dialogum,

222 5285 312 5357 “et,
343 5277 485 5334 sicut
517 5279 871 5349 proposuisti,
922 5279 1176 5335 laudibus
1211 5279 1469 5351 martyris
1499 5279 1677 5335 intexe
1704 5295 1820 5335 me-

240 5370 471 5426 moriam
501 5369 880 5427 confessorum
910 5368 1138 5440 Christi,
1166 5387 1268 5426 nec
1290 5387 1399 5426 non
1426 5371 1556 5427 lmie
1579 5373 1821 5429 admisce

237 5459 503 5531 quidquid
527 5461 745 5518 animus
771 5470 916 5519 recte
942 5479 1039 5519 seu
1064 5475 1368 5535 opportune
1392 5462 1490 5519 tibi
1512 5464 1817 5535 dictaverit,

239 5561 335 5606 aut
368 5553 510 5608 ratio
559 5554 627 5609 ad
666 5553 1370 5611 scribendum—Paratus
1398 5572 1544 5624 sum,
1568 5557 1815 5628 inquam,

240 5640 419 5700 facere
445 5646 592 5717 quod
614 5646 875 5713 hortaris,
903 5647 1000 5704 sed
1028 5647 1134 5705 hoc
1162 5646 1317 5720 prius
1346 5663 1378 5703 a
1403 5647 1604 5704 lectore
1632 5650 1819 5708 humi-

242 5736 361 5791 liter
375 5736 759 5810 postulandum
786 5753 1006 5809 censeo,
1026 5755 1095 5801 ne
1121 5740 1179 5795 in
1206 5741 1487 5811 opusculis
1509 5742 1647 5818 meis
1671 5759 1821 5817 qum-

315 5871 427 5945 (96)
462 5870 629 5927 Eccli.
658 5887 745 5928 vr.

1925 3437 2121 3508 plicem
2154 3440 2419 3509 attendat,
2453 3442 2499 3498 si
2525 3444 2673 3511 velit,
2711 3446 2935 3504 humilis
2964 3448 3089 3521 styli
3118 3449 3520 3520 operationem,

1924 3544 2033 3598 qua
2064 3529 2200 3584 mihi
2226 3531 2474 3602 meisque
2495 3534 2694 3590 sudare
2715 3538 2884 3592 malui
2910 3538 3287 3597 confratribus
3304 3582 3319 3608 ,
3342 3557 3517 3612 quam

1924 3621 2132 3692 absque
2152 3639 2415 3679 manuum
2432 3641 2596 3697 opere
2620 3628 2853 3685 inveniri
2883 3631 3117 3688 otiosus.
3135 3652 3153 3685 ι
3178 3631 3294 3690 Hac
3314 3633 3520 3691 ﬁducia

1922 3723 1976 3771 et
2006 3714 2109 3769 hac
2132 3715 2433 3774 intentione
2462 3720 2705 3788 procedit
2730 3738 2868 3795 opus
2895 3724 3217 3781 inchoatum

1912 3800 1917 3803 ⁷
1994 3806 2164 3879 Igitur
2191 3809 2363 3865 beatae
2384 3814 2664 3870 memoria:
2683 3812 3047 3889 Wolfgangus
3072 3816 3525 3887 Ratisbonensis,

1922 3899 2212 3970 episcopus
2261 3903 2562 3973 perspectis
2606 3912 2661 3959 et
2708 3905 2997 3962 intellectis
3046 3907 3212 3963 rebus
3250 3909 3519 3980 episeopii

1922 3992 2334 4063 dispensatione
2378 3995 2562 4051 divina
2613 3997 2717 4053 sibi
2768 3999 3073 4067 commissi,
3121 3999 3264 4075 inter
3310 4013 3521 4057 cattera.

1923 4098 2046 4152 qua:
2070 4083 2118 4137 ei
2155 4086 2448 4155 pastoralis
2478 4102 2624 4143 cura:
2662 4089 2970 4146 sollicitudo
3004 4091 3370 4163 procuranda,
3400 4093 3518 4149 sive

1922 4177 2242 4250 corrigenda
2272 4178 2607 4251 injunxerat,
2644 4184 2866 4255 gravius
2891 4184 3014 4239 tulit
3052 4187 3354 4242 monachos
3379 4187 3527 4241 bea‘

1924 4272 2120 4329 tissimi
2168 4275 2428 4347 martyris
2469 4275 2864 4333 Emmerammi
2914 4288 3142 4336 eatenus
3178 4280 3375 4336 abbate
3420 4296 3519 4337 ca-

1921 4364 2119 4431 ruisse,
2160 4373 2215 4420 et
2241 4365 2403 4435 quasi
2427 4383 2556 4423 oves
2601 4377 2852 4425 errantes
2901 4369 3023 4425 sine
3071 4381 3290 4441 pastore
3318 4370 3524 4427 fuisse“

1921 4444 2096 4523 Hujus
2124 4456 2203 4510 rei
2232 4457 2403 4526 gratia
2434 4458 2585 4512 misit
2614 4459 2682 4514 ad
2725 4458 3050 4516 Trevirense
3091 4464 3522 4529 monasterium,

1921 4545 1976 4599 in
2007 4562 2117 4616 quo
2142 4547 2335 4603 beatus
2371 4547 2705 4605 Maximinus
2735 4567 2963 4622 corpore
2990 4553 3243 4623 quiescit,
3285 4563 3344 4609 et
3386 4556 3519 4610 inde

1921 4639 2276 4693 reverendum
2307 4655 2493 4717 senem
2524 4639 2889 4697 Ramvoldum
2920 4645 3188 4711 evocavit,
3213 4644 3308 4716 qui
3333 4662 3524 4716 quon-r

1922 4729 2048 4784 dam
2100 4730 2204 4785 sub
2256 4729 2494 4787 Henrico
2553 4734 2966 4804 archiepiscopo
3018 4736 3139 4807 (jus
3190 4738 3513 4808 capellanus

1924 4821 2045 4876 fuit.
2101 4841 2119 4874 ι
2160 4820 2374 4890 Quare,
2422 4823 2604 4894 inquit
2634 4824 3032 4893 Ammonicius,
3075 4835 3231 4883 tanto
3266 4837 3523 4899 tempore

1924 4919 2044 4974 sine
2074 4919 2267 4974 abbate
2297 4918 2537 4988 fuerant,
2565 4921 2611 4976 si
2640 4922 2893 4978 monachi
2920 4923 3118 4977 erant?
3146 4924 3193 4979 si
3230 4940 3361 4980 vero
3391 4940 3523 4980 mo--

1924 5011 2107 5078 uachi,
2164 5011 2269 5066 sub
2321 5011 2479 5083 cujus
2523 5013 2711 5084 regula
2762 5014 3072 5084 degebant?
3121 5013 3249 5071 Ilaec
3289 5031 3522 5087 quoque

1925 5102 2204 5157 enucleari
2250 5102 2366 5172 ipsa
2410 5103 2553 5159 ratio
2595 5106 2791 5174 poscit.
2825 5103 3039 5161 —Hoe
3086 5114 3204 5173 est,
3251 5105 3505 5176 inquam.

1925 5196 2070 5266 quod
2102 5195 2254 5251 brevi
2280 5197 2607 5253 revelatioue
2620 5213 2950 5270 cognoscere
2974 5209 3149 5271 potes.
3170 5199 3519 5272 Fuitquippe

1924 5288 2105 5359 prisca
2154 5290 2492 5345 consuetudo
2522 5291 2579 5345 in
2624 5290 3011 5349 Ratisbonensi
3046 5292 3288 5351 Ecclesia
3320 5302 3383 5350 ut
3412 5294 3511 5365 qui

1925 5380 2220 5447 antistites,
2250 5379 2414 5436 iidem
2451 5390 2635 5437 essent
2658 5391 2712 5438 et
2733 5383 2996 5441 abbates-
3018 5382 3263 5452 Quorum
3285 5385 3508 5441 nomina

1926 5472 2148 5543 quidam
2178 5474 2249 5529 ob
2279 5475 2600 5546 temporalia
2626 5477 2914 5532 commoda
2944 5479 3219 5543 tenebant,
3247 5493 3356 5533 non
3392 5476 3517 5532 oﬂi~

1925 5563 2029 5618 cia.
2058 5557 2350 5618 Timebant
2381 5564 2527 5621 enim
2560 5581 2628 5621 ne
2653 5566 2699 5621 si
2729 5567 3065 5623 monasterio
3090 5566 3341 5622 abbatem
3368 5580 3510 5636 prte-

1923 5668 2053 5710 esse
2082 5652 2344 5723 facerent,
2379 5656 2509 5728 quia
2533 5672 2564 5712 a
2602 5655 2765 5715 Patre
2808 5659 3129 5716 monasterii
3170 5658 3356 5715 omnia
3385 5669 3516 5727 spe.

1925 5747 2097 5806 randa
2140 5755 2293 5817 sunt,
2339 5748 2442 5806 sibi
2475 5758 2728 5806 coactum
2774 5750 3115 5810 minueretur
3157 5749 3504 5823 obsequium.
