4104 5260
561 196 696 253 1021

1557 200 1857 257 salvom!
1896 200 2494 258 EMMERAttMENSts
2531 191 2839 283 MONACHI
2898 237 2902 241 -

3687 212 3825 268 1023

557 310 639 369 0b
668 313 771 369 hoc
790 312 1070 385 atqui(97)
1089 314 1367 371 licentiam
1395 314 1600 371 dabant
1615 316 1901 373 monachis
1921 315 2142 372 aliunde
2170 318 2217 375 Δ
2241 315 2475 374 ferentes
2525 319 2696 390 aliqui
2733 335 2802 376 ex
2846 321 3332 379 consacerdotibus
3383 332 3440 381 et
3490 324 3827 382 consiliariis

555 402 839 473 acquirere
863 420 964 475 pro
990 405 1141 462 victu
1164 415 1220 462 et
1259 407 1460 463 vestitu
1506 423 1848 480 quaecunque
1892 418 2133 479 possent,

555 495 684 566 quia
708 496 813 567 ipsi
836 497 1018 565 bonis,
1036 513 1159 568 qua:
1178 498 1246 554 ad
1269 514 1541 555 annonam
1564 515 1753 555 eorum
1770 500 2133 569 pertinebant,

551 588 621 643 ad
654 604 818 644 suum
844 590 1210 647 abutebantur
1238 592 1540 647 servitium.
1584 610 1602 643 ι

623 678 722 736 His
752 683 934 749 dictis,
962 681 1130 738 frater
1155 699 1278 738 cum
1308 699 1420 754 quo
1450 683 1728 756 dialogum
1763 681 1905 753 εωρί
1941 698 2135 739 conse-

552 787 693 839 rere,
727 790 862 830 usus
889 776 1109 830 nomine
1145 791 1265 842 suo,
1297 776 1585 831 admonuit
1620 792 1708 831 me
1743 777 1800 831 in
1839 791 2028 831 aurem
2057 775 2136 830 di-

555 867 685 922 cens
711 884 724 921 :
763 887 783 919 ι
820 863 1063 937 Loquere
1093 875 1270 934 caute,
1302 874 1356 922 et
1379 867 1603 923 scribito
1628 869 1864 924 cautius.
1917 866 2054 922 Nam
2086 865 2133 922 si

552 959 795 1031 episcopi
838 961 953 1016 haec
992 959 1264 1015 audierint
1301 961 1447 1016 dicta
1493 961 1581 1016 vel
1629 961 1865 1016 viderint
1907 962 2130 1030 scripta,

552 1049 803 1107 fortassis
828 1051 1008 1106 dicent
1036 1051 1171 1105 velle
1197 1059 1249 1106 te
1279 1066 1373 1106 eos
1404 1051 1721 1121 rapinarum
1764 1059 1819 1106 et
1853 1051 2134 1121 injustitite

552 1148 774 1206 notare;
810 1141 998 1212 sicque
1026 1141 1331 1196 libertatem
1380 1147 1536 1196 tuam
1589 1141 1860 1212 superbia:
1905 1142 2133 1212 deputa-

550 1233 706 1300 bunt,
734 1233 894 1304 quasi
919 1242 979 1289 tu
1021 1217 1226 1289 temere
1254 1248 1350 1289 eos
1399 1249 1626 1304 carpere
1675 1233 1988 1299 tentaveris,
2031 1248 2132 1304 pro

550 1340 783 1395 quorum
804 1324 1120 1381 defensione
1141 1324 1423 1395 Scriptura
1469 1326 1687 1391 clamat,
1719 1325 1832 1380 imo
1867 1324 2131 1381 Dominus

549 1430 646 1486 per
672 1415 1011 1488 Scripturam
1053 1417 1317 1488 praecipit,
1359 1417 1595 1472 dicens:
1638 1436 1657 1469 ι
1686 1415 1862 1471 Nolite
1908 1424 2131 1487 tangere

550 1507 790 1565 christos
826 1525 979 1566 meos
1007 1509 1141 1581 (98).
1169 1528 1188 1562 ι
1229 1508 1297 1563 Et
1326 1510 1523 1564 iterum
1556 1528 1569 1563 :
1609 1527 1628 1560 ι
1656 1506 1761 1576 Qui
1798 1524 1896 1589 vos
1934 1508 2127 1579 tangit,

549 1601 723 1672 tangit
745 1601 1005 1672 pupillam
1031 1602 1176 1659 oculi
1200 1602 1307 1658 mei
1337 1602 1470 1675 (99).
1494 1621 1512 1654 ι
1544 1600 1646 1656 Cui
1669 1601 1924 1672 respondi
1945 1601 2126 1672 lingua

2239 410 2520 477 antistitis,
2566 411 2866 468 dicebant:
2909 431 2929 464 ι
2963 410 3034 468 Ut
3080 414 3211 485 quid
3239 414 3313 472 ibi
3342 424 3397 471 et
3446 417 3826 475 sacerdotibus

2236 501 2347 557 tuis
2374 503 2555 572 perdis
2581 502 2745 569 bona,
2770 504 2837 559 ad
2863 502 2919 559 S.
2946 503 3410 562 Emmerammum
3453 511 3826 580 pertinentia?

2236 589 2487 647 Laudant
2517 602 2568 647 te
2592 592 2772 661 multi,
2809 594 2903 649 sed
2929 594 2983 648 in
3011 595 3115 651 hoc
3148 609 3258 651 non
3285 596 3542 665 laudant;
3587 598 3702 653 imo
3743 599 3825 654 vi-

2234 687 2508 752 tuperant.
2561 681 2726 740 Utere
2773 699 2904 756 ergo
2947 684 3220 757 pontificis
3266 702 3330 742 ac
3364 688 3579 745 abbatis
3622 690 3820 755 ofﬁcio,

2236 771 2380 826 sicut
2420 780 2795 830 antecessores
2845 775 2923 830 tui
2982 773 3161 832 facere
3210 788 3608 835 consueverant
3645 797 3824 852 usque

2233 864 2417 930 modo,
2448 879 2516 919 ne
2545 874 2793 921 carerent
2826 867 3186 936 quarumdam
3212 884 3396 925 rerum
3426 870 3819 927 emolumento.

2231 951 2555 1025 Hujusmodi
2609 970 2829 1027 quoque
2870 957 3207 1028 insipientia,
3250 969 3336 1016 est
3376 960 3665 1030 sapientiae.
3707 962 3821 1018 sale

2232 1045 2555 1099 condienda.
2583 1065 2602 1098 ι
2621 1045 2833 1113 Quibus
2855 1047 2942 1102 ille
2960 1048 3253 1117 prudenter
3265 1051 3564 1121 respondit,
3587 1053 3781 1109 dicens
3806 1073 3819 1106 :

2240 1153 2259 1185 ι
2280 1131 2397 1189 Non
2411 1135 2677 1191 erubesco
2691 1136 2955 1207 insipiens
2968 1147 3021 1193 et
3035 1138 3233 1195 stultus
3253 1140 3362 1196 dici
3385 1150 3605 1212 propter
3619 1140 3818 1197 Deum.

2230 1222 2345 1282 Hoc
2376 1236 2556 1283 autem
2594 1229 2736 1283 scire
2762 1245 2858 1285 vos
2901 1229 3025 1286 volo
3054 1232 3184 1302 quia
3212 1249 3495 1305 nunquam
3544 1235 3683 1290 mihi
3717 1238 3820 1291 im-

2229 1333 2427 1388 ponam
2459 1336 2599 1375 onus
2629 1320 2774 1390 quod
2806 1320 3025 1392 portare
3067 1340 3178 1380 non
3216 1326 3391 1393 valeo,
3427 1328 3676 1400 episcOpi
3713 1345 3817 1385 no-

2228 1428 2353 1467 men
2407 1421 2459 1468 et
2507 1414 2721 1469 abbatis
2765 1415 2902 1470 mihi
2958 1417 3311 1474 vindicando.
3350 1417 3486 1474 Nam
3534 1431 3596 1476 ut
3624 1422 3818 1480 beatus

2229 1503 2521 1575 Gregorius
2547 1514 2778 1562 testatur
2820 1506 2992 1579 (100),
3028 1509 3186 1564 valde
3220 1510 3583 1583 incongruum
3616 1523 3723 1579 est,
3770 1516 3817 1570 si

2228 1614 2354 1654 cum
2383 1614 2557 1654 unum
2585 1614 2652 1655 ex
2682 1599 2770 1656 his
2802 1614 2900 1670 pro
2926 1601 3012 1655 sui
3038 1602 3433 1673 magnitudine,
3475 1605 3622 1660 sicut
3651 1620 3816 1676 opor-

547 1701 601 1747 et
621 1669 777 1764 style.
803 1669 900 1748 «'Si
929 1693 1167 1766 episcopi
1192 1702 1323 1750 sunt
1345 1669 1497 1764 quod
1523 1669 1800 1759 dicuntur,
1827 1709 1936 1748 non
1970 1669 2126 1749 nobis
2158 1669 2202 1725 Β
2227 1697 2321 1754 tet,
2348 1688 2475 1759 quis
2502 1704 2609 1743 non
2656 1689 2829 1759 possit
2856 1689 3089 1760 explere,
3116 1669 3184 1746 ad
3207 1699 3503 1763 utrumque
3536 1694 3817 1764 judicetur

547 1784 768 1851 obsunt,
820 1785 915 1842 sed
977 1786 1134 1843 valde
1180 1794 1431 1857 prosunt.
1475 1784 1633 1853 Quod
1689 1793 1745 1840 et
1785 1783 1996 1840 edicere
2037 1785 2124 1839 di-

547 1885 742 1946 gnetur
779 1877 1041 1950 Princeps
1104 1885 1407 1949 pastorum,
1451 1877 1507 1933 in
1553 1894 1664 1949 quo
1715 1877 1995 1949 plenitudo
2042 1885 2127 1933 est

547 1973 793 2029 omnium
840 1968 1131 2029 bonorum.
1179 1972 1303 2029 Tibi
1332 1988 1461 2029 vero
1505 1974 1634 2045 quia
1671 1973 1751 2029 sic
1787 1972 1980 2043 placet,
2015 1971 2127 2027 imo

545 2063 672 2133 quia
690 2063 903 2134 justum
926 2073 1029 2132 est,
1053 2065 1354 2121 habeamus
1382 2081 1571 2135 pacem
1594 2080 1720 2119 cum
1740 2064 1842 2131 eis,
1872 2075 1925 2119 et
1950 2064 2125 2120 simus

547 2153 749 2209 subditi
775 2155 903 2210 illis.
951 2154 1086 2210 lllud
1116 2165 1298 2211 autem
1330 2157 1471 2211 scire
1498 2164 1551 2211 te
1577 2157 1721 2223 volo,
1748 2156 1874 2226 quia
1905 2171 2014 2211 non
2039 2170 2127 2211 me

546 2247 772 2315 pmnitet
795 2263 924 2303 vera
946 2248 1174 2315 dixisse,
1197 2248 1640 2320 quandoquidem
1669 2248 1799 2304 boni
1816 2264 1923 2303 non
1946 2248 2126 2304 solum

546 2336 726 2405 bonis,
754 2339 847 2393 sed
874 2339 1039 2394 etiam
1069 2339 1228 2395 malis
1255 2347 1487 2395 utuntur
1511 2339 1579 2394 ad
1602 2339 1829 2394 bonum.
1880 2337 1986 2393 Sed
2008 2338 2124 2408 jam

544 2433 759 2497 tempus
803 2428 990 2500 exigit,
1025 2437 1081 2484 et
1108 2429 1439 2485 desiderium
1488 2439 1663 2497 tuum,
1692 2436 1754 2484 ut
1782 2439 2022 2485 rcvertas
2056 2429 2126 2485 ad

544 2517 875 2575 narrationis
922 2534 1057 2574 mete
1103 2520 1384 2590 reliquias.
1428 2520 1527 2576 Est
1555 2537 1771 2592 quoque
1799 2522 1904 2576 alia
1954 2538 2123 2577 causa

545 2621 643 2675 per
666 2624 833 2678 quam
865 2625 973 2664 non
1004 2618 1135 2665 sunt
1169 2612 1450 2668 constituti
1483 2613 1706 2668 abbates
1739 2613 1795 2667 in
1831 2616 2124 2683 praenomi-

548 2704 677 2751 uato
716 2699 1068 2754 monasterio.
1110 2700 1191 2757 Ex
1235 2715 1300 2755 eo
1347 2703 1547 2773 quippe
1589 2712 1832 2774 tempore
1869 2721 1979 2775 quo
2011 2706 2127 2775 pri-

545 2802 697 2841 mum
744 2803 776 2843 a
821 2790 980 2846 beato
1008 2789 1291 2849 Bonifacio
1346 2794 1655 2865 apostolicae
1705 2788 1850 2852 Sedis
1893 2797 2122 2864 vicario,

539 2877 699 2947 juxta
745 2879 963 2937 decreta
1018 2899 1313 2952 canonum,
1345 2886 1403 2940 in
1437 2885 1687 2956 Bajoaria
1730 2888 2128 2945 ordinabantur

545 2973 809 3044 episcopi,
844 2975 1090 3033 vicissim
1137 2977 1241 3033 sibi
1284 2980 1649 3036 succedebant
1687 2981 1741 3035 in
1797 2982 1962 3052 hujus
2004 2984 2123 3053 epi-
2153 3016 2195 3072 Ο

546 3072 772 3132 scopatu
820 3067 1074 3121 monachi
1104 3076 1267 3138 atque
1304 3071 1576 3137 canonici,
1602 3071 1681 3125 ita
1712 3080 1773 3126 ut
1802 3073 1847 3127 si
1878 3081 2126 3129 anteces-

546 3168 638 3208 sor
662 3163 806 3210 esset
838 3159 1158 3226 canonicus,
1190 3159 1660 3218 fieretsuccessor
1701 3164 2024 3231 monachus,
2074 3175 2128 3221 et

541 3243 739 3300 iterum
768 3248 896 3303 huic
924 3253 1259 3306 antecessori
1286 3255 1603 3309 succederet
1641 3256 1958 3311 canonicus.
2000 3254 2125 3312 llaec

542 3341 877 3395 consuetudo
900 3358 1074 3413 usque
1095 3343 1160 3397 ad
1189 3353 1375 3400 nostra
1398 3347 1697 3416 permansit
1711 3354 1979 3417 tempora.
1997 3347 2124 3418 Epi-

542 3431 776 3501 scopalis
820 3448 950 3488 vero
995 3435 1150 3491 sedes
1195 3444 1313 3491 erat
1357 3438 1501 3507 apud
1549 3436 1606 3493 S.
1655 3437 2121 3495 Emmerammum

541 3537 717 3593 usque
741 3524 809 3578 ad
844 3533 1089 3596 tempora
1119 3525 1298 3583 Caroli
1324 3516 1609 3599 principis,
1643 3530 1737 3600 qui
1783 3530 1927 3585 hanc
1956 3532 2119 3585 resti-

540 3613 647 3668 tuit
674 3615 730 3671 in
778 3616 1053 3672 civitatem
1086 3619 1179 3673 ubi
1204 3620 1358 3690 prius
1388 3630 1523 3676 erat.
1574 3620 1729 3688 Quod
1772 3632 1953 3679 autem
1997 3639 2122 3693 per-

541 3715 796 3763 contatus
820 3724 898 3776 es,
925 3710 1027 3766 sub
1057 3711 1215 3781 cujus
1243 3714 1428 3784 regula
1468 3714 1743 3785 degerent,
1791 3715 1984 3785 paucis
2023 3716 2121 3771 ab-

541 3797 769 3853 solvam.
796 3796 1075 3872 Inprimis
1102 3817 1230 3876 ergo
1252 3805 1683 3876 promissionem
1713 3805 2004 3874 faciebant,
2029 3823 2118 3864 se-

540 3891 781 3946 cundum
818 3892 1060 3964 regulam
1106 3899 1280 3953 sancti
1315 3898 1612 3968 Benedicti,
1640 3917 1821 3956 coram
1863 3902 2119 3974 episcopo

540 3981 753 4037 abbatis
780 3982 926 4038 vices
955 3995 1161 4057 agente.
1189 3988 1321 4044 Dein
1347 3991 1623 4046 licentiam
1640 3994 1785 4048 dedit
1813 3994 1892 4049 eis
1907 3995 2119 4064 episco-

539 4085 644 4140 pus
672 4072 835 4126 dandi
863 4082 917 4128 et
949 4077 1247 4146 accipiendi
1275 4090 1494 4151 propter
1524 4083 1761 4154 inopiam
1785 4086 1910 4142 loci.
1932 4086 2116 4143 Lineis

539 4160 784 4217 camisiis
814 4165 1106 4249 utebantur
1140 4170 1400 4238 seniores,
1432 4173 1525 4243 qui
1546 4189 1640 4230 eas
1674 4176 1872 4233 habere
1921 4190 2114 4250 potue-

536 4262 697 4320 runt;
727 4244 907 4311 caeteri
937 4257 1109 4315 laneis
1130 4261 1513 4333 induebantur,
1549 4267 1619 4322 ob
1654 4272 1940 4338 penuriam
1966 4273 2114 4329 scili-

2226 1780 2477 1842 idoneus.
2525 1778 2731 1836 Suﬂicit
2758 1781 2905 1837 enim
2937 1782 3214 1853 episcopo,
3245 1792 3306 1838 ut
3342 1799 3562 1840 summa
3593 1787 3817 1858 vigilan-

2224 1871 2302 1927 tia
2336 1861 2557 1928 insistat
2576 1873 2837 1943 pastorali
2873 1873 3068 1930 oflicio.
3100 1874 3167 1929 Et
3191 1874 3374 1931 abbati
3406 1879 3544 1933 satis
3575 1879 3815 1935 laborioo

2226 1977 2373 2031 sum,
2404 1965 2655 2034 quamvis
2683 1964 2915 2020 multum
2961 1963 3334 2035 fructuosum,
3381 1970 3671 2038 providere
3703 1969 3813 2025 fra—

2225 2063 2370 2110 trum
2423 2056 2606 2122 saluti,
2640 2063 2694 2110 et
2722 2069 2817 2126 per
2855 2057 3039 2111 omnia
3066 2057 3202 2112 bene
3230 2074 3527 2129 procurare
3563 2076 3657 2117 res
3697 2077 3814 2118 mo-

2226 2148 2455 2203 nasterii
2508 2147 2617 2203 sui.
2664 2141 2817 2203 Unde
2849 2156 2902 2203 et
2944 2148 3060 2218 ipse
3093 2150 3259 2205 etiam
3291 2151 3626 2209 distribuere
3658 2153 3814 2211 debet

2227 2240 2365 2295 inter
2409 2236 2607 2296 fratres
2645 2238 2841 2307 cilicia,
2901 2240 2957 2294 in
3003 2242 3203 2312 quibus
3240 2259 3349 2298 non
3396 2244 3593 2300 leviter
3612 2248 3813 2317 leviget

2225 2346 2389 2387 onera
2443 2346 2563 2397 sua,
2617 2331 3032 2386 rememorando
3082 2332 3290 2388 scilicet
3339 2333 3446 2388 viri
3494 2336 3808 2405 prudentis.

2225 2438 2388 2495 quem
2414 2423 2955 2494 praenominavimus,
2984 2423 3131 2480 dicta
3171 2434 3223 2480 et
3252 2426 3478 2496 scripta,
3516 2426 3575 2481 in
3605 2428 3809 2498 quibus

2225 2514 2536 2570 continetur
2566 2533 2579 2568 :
2621 2512 2776 2570 Sicut
2813 2514 3129 2569 indecorum
3155 2526 3240 2571 est
3265 2524 3325 2571 ut
3360 2517 3416 2573 in
3447 2532 3682 2589 corpore
3708 2519 3810 2573 hu-

2225 2621 2388 2661 mano
2414 2606 2644 2661 alterum
2687 2606 2995 2673 membrum
3035 2606 3261 2663 alterius
3306 2606 3568 2679 fungatur
3612 2609 3810 2676 officio,

2226 2697 2299 2752 ita
2322 2697 2586 2751 nimirum
2614 2697 2841 2751 noxium
2878 2696 3152 2768 simulque
3183 2700 3595 2769 turpissimum,
3624 2702 3674 2757 si
3700 2703 3809 2758 sin-

2226 2790 2353 2863 gula
2379 2803 2559 2845 rerum
2584 2789 2888 2845 ministeria
2913 2790 3162 2860 personis
3192 2791 3417 2846 totidem
3448 2807 3560 2847 non
3602 2792 3810 2849 fuerint

2225 2881 2533 2937 distributa.
2578 2879 2866 2945 Cmterum,
2911 2889 2971 2935 ut
3009 2896 3312 2951 prosequar
3348 2898 3472 2952 qua:
3515 2885 3808 2954 pr0posui-

2227 2974 2347 3039 stis,
2393 2972 2452 3026 B.
2505 2972 2894 3028 Emmerammi
2941 2973 3119 3039 bona,
3179 2989 3301 3044 quae
3344 2989 3431 3029 me
3469 2976 3809 3045 pessundare

2228 3064 2511 3135 conquesti
2541 3065 2694 3130 estis,
2749 3065 2975 3134 perdere
3015 3066 3163 3132 nolo,
3209 3066 3303 3121 sed
3353 3067 3429 3120 illi
3481 3068 3573 3122 cui
3610 3068 3806 3123 tradita

2226 3165 2354 3213 sunt
2384 3172 2447 3211 ac
2477 3172 2758 3212 servorum
2788 3154 2884 3210 Dei
2928 3157 3122 3212 usibus
3150 3166 3203 3213 ct
3236 3166 3436 3213 nostra:
3466 3159 3582 3214 sedi
3624 3161 3803 3214 omni-

2224 3249 2401 3303 modis
2444 3262 2769 3303 conservare
2804 3249 2949 3303 volo.
3000 3247 3104 3304 Sed
3144 3250 3304 3320 longe
3341 3251 3496 3305 aliter
3546 3266 3672 3307 sese
3719 3268 3806 3308 res

2225 3339 2423 3394 habent
2449 3340 2828 3411 hujuscemodi
2856 3356 3022 3409 quam
3046 3342 3318 3412 cogitatis.
3358 3340 3460 3396 Vix
3485 3343 3657 3398 etiam
3685 3360 3802 3415 pm-

2223 3448 2323 3487 nas
2346 3432 2572 3486 evadere
2596 3422 2919 3502 poterimus,
2947 3433 3040 3503 qui
3083 3444 3397 3489 sanctorum
3426 3434 3579 3491 bona
3628 3435 3803 3491 famu-

2221 3522 2354 3578 latui
2414 3532 2602 3579 nostro
2647 3524 3056 3595 deputavimus,
3111 3541 3222 3580 non
3269 3526 3445 3580 solum
3496 3529 3804 3598 quantitate

2222 3616 2450 3685 majora,
2475 3615 2571 3671 sed
2610 3616 2774 3670 etiam
2809 3617 3071 3687 qualitate
3097 3618 3342 3682 meliora,
3375 3628 3428 3673 et
3457 3619 3568 3675 illis
3588 3621 3801 3690 justitia

2222 3705 2395 3760 coacti
2426 3720 2521 3759 seu
2549 3702 2789 3775 superati
2813 3707 3138 3777 reliquimus
3160 3708 3393 3773 minora,
3434 3709 3529 3779 qui
3562 3711 3800 3766 vicinio—
3854 3698 3869 3719 ³

2219 3811 2309 3852 res
2338 3811 2404 3852 eo
2425 3812 2536 3871 quo
2585 3795 2982 3867 frequentiores
3024 3797 3112 3853 die
3148 3806 3422 3868 noctuque
3464 3797 3798 3856 familiarius

2220 3890 2557 3945 adhznrerent
2594 3889 2837 3957 Christo,
2866 3889 3149 3947 laudantes
3195 3906 3322 3946 eum
3356 3890 3410 3944 in
3442 3892 3652 3947 sanctis
3680 3892 3799 3963 ejus

2218 3980 2423 4034 electis.
2457 3997 2475 4030 ι
2504 3978 2584 4032 Ad
2608 3979 2724 4035 haec
2750 3980 3148 4050 respondebant
3177 3982 3270 4052 qui
3294 3980 3655 4053 quaestionem
3683 3998 3798 4037 mo-

2216 4072 2416 4126 vebant
2438 4089 2451 4125 :
2474 4090 2493 4122 c
2520 4070 2948 4127 Misericordiam
2978 4080 3033 4128 et
3051 4073 3318 4142 judicium
3346 4073 3581 4130 Domino
3603 4086 3796 4130 canta-

2217 4160 2307 4224 sti,
2336 4160 2593 4215 humanis
2614 4160 2820 4227 divina,
2844 4169 2904 4218 ut
2918 4162 3128 4232 justum
3151 4171 3255 4229 est,
3280 4164 3588 4233 praetulisti,
3611 4177 3795 4221 vetera

2215 4240 2419 4307 utiliter
2440 4252 2763 4309 immutasti.
2792 4252 2936 4320 Quid
2963 4262 3134 4309 restat
3173 4264 3359 4310 nostra
3387 4265 3561 4326 parte,
3597 4258 3709 4313 nisi
3735 4267 3795 4313 ut

535 4353 623 4400 cet
667 4345 1011 4404 ciliciuarum
1077 4353 1329 4410 vestium.
1398 4355 1728 4428 Prmpositus
1772 4371 1826 4417 et
1863 4365 2112 4421 decanus
2145 4368 2188 4423 Ι)
2213 4345 2415 4413 pariter
2439 4344 2712 4414 dicamus»
2746 4344 2857 4402 Deo
2894 4346 3117 4419 gratias,
3145 4362 3325 4415 amen:
3349 4346 3622 4405 Ῑείίθίιετῗ

536 4439 929 4515 monasterium
955 4443 1214 4513 regebant
1237 4456 1359 4517 post
1381 4450 1716 4521 episcopum.
1758 4452 1859 4522 Qui
1883 4456 2104 4526 majoris

533 4538 690 4584 erant
710 4532 907 4599 mtatis,
930 4533 1200 4592 habebant
1224 4540 1387 4594 cellas
1417 4558 1511 4597 seu
1541 4545 2108 4618 caminatas,juniori-

531 4618 636 4676 bus
664 4621 805 4677 inter
827 4639 883 4678 se
904 4625 1094 4682 divisis
1128 4639 1345 4699 propter
1369 4635 1693 4690 custodiam.
1733 4636 2109 4696 Communiter

532 4727 824 4785 pauperem
858 4731 1133 4774 annonam
1171 4720 1462 4790 habebant,
1514 4726 1755 4783 volatilia
1810 4724 2108 4787 manduca-

532 4803 681 4859 bant.
738 4804 946 4865 Caetera
992 4808 1264 4867 faciebant
1314 4816 1613 4872 secundum
1661 4823 2103 4891 consuetudines,

532 4908 653 4963 qua:
674 4896 729 4950 in
777 4903 1126 4957 monasteriis
1174 4904 1448 4975 regalibus
1488 4907 1557 4964 ad
1603 4909 1657 4963 id
1701 4912 1961 4982 temporis
1991 4912 2108 4970 fuc-

533 4991 674 5037 rant.

612 5090 631 5124 ι
663 5072 795 5140 Qua:
814 5094 938 5134 cum
961 5081 1366 5153 displicuissent
1386 5089 1779 5157 prtenominato
1800 5092 1938 5160 viro,
1951 5110 2103 5151 reve-

533 5165 701 5260 r‘endo
725 5167 931 5260 scilicet
956 5173 1209 5244 episcopo
1242 5176 1587 5260 Wolfgango,
1615 5181 1695 5236 uti
1729 5168 2102 5254 praediximus,

2281 4498 2356 4509 —-
2402 4467 2593 4525 Finem
2617 4470 2897 4526 sententia:
2920 4468 3105 4540 hujus,
3138 4469 3313 4541 inquit
3330 4470 3715 4540 Ammonicus,
3734 4483 3794 4529 ut

2210 4558 2346 4615 mihi
2373 4560 2609 4628 videtur,
2645 4561 2781 4617 satis
2810 4577 3049 4633 congrue
3077 4563 3414 4619 conclusisti.
3448 4562 3557 4619 Sed
3592 4564 3795 4624 fortas—

2209 4647 2290 4703 sis
2314 4647 2591 4718 aliquibus
2644 4647 2751 4703 hoc
2798 4647 3052 4718 displicet
3100 4648 3244 4717 quod
3296 4658 3407 4703 tam
3460 4665 3685 4707 morose
3739 4662 3794 4707 et

2208 4738 2370 4808 quasi
2395 4739 2739 4794 dormitando
2760 4739 2959 4795 scribis
2989 4753 3054 4794 ac
3094 4739 3285 4794 dictas.
3327 4738 3471 4812 Ergo
3495 4741 3632 4811 jube
3679 4751 3791 4814 sty—

2208 4829 2322 4884 lum
2352 4829 2607 4886 velociter
2628 4844 2867 4887 currere.
2905 4850 2924 4882 ι
2977 4829 3081 4885 Aio
3108 4830 3174 4885 ad
3196 4845 3322 4885 eum
3352 4849 3366 4885 :
3417 4849 3436 4883 ι
3465 4825 3817 4889 Ιηιίτωὶιεω

2209 4921 2481 4976 interdum
2507 4930 2563 4976 et
2585 4923 3008 4994 occupationum
3045 4922 3308 4978 varietate
3352 4924 3681 4993 praepedior,
3720 4938 3827 4999 ne,

2206 5011 2318 5068 cito
2341 5027 2464 5082 quae
2487 5011 2773 5067 scribenda
2805 5023 2935 5068 sunt
2953 5011 3243 5085 proferam.
3272 5008 3380 5067 Sed
3403 5013 3538 5082 quia
3560 5015 3664 5069 tibi
3685 5004 3799 5070 hoc.

2194 5110 2418 5175 comate
2470 5099 2810 5157 satisfactum
2861 5117 2983 5157 esse
3034 5117 3141 5156 non
3170 5100 3380 5171 ignoro,
3432 5101 3783 5158 dilectionem

2206 5190 2286 5246 tui
2316 5202 2370 5247 et
2394 5201 2736 5260 caeterorum,
2759 5193 2960 5260 quis..-
3002 5191 3340 5260 ....,.....-...La
3372 5192 3600 5260 longum
3646 5203 3782 5250 tem-
