4104 5260
303 252 448 311 ίῦἳθ

1010 256 1097 312 nr:
1130 218 1506 317 umentis
1546 259 1602 316 s.
1642 256 2065 315 EMMERAMMI
2099 253 2281 312 unm
2321 254 2481 312 nuo.
2519 283 2596 299 --
2631 255 2759 312 Lm.
2796 220 2883 311 ιι(

3442 255 3580 311 {030

301 381 430 440 gam
460 367 679 440 qualem
710 368 881 440 quibo
908 369 1153 426 invenire
1174 372 1578 428 sententiolam.
1621 371 1720 429 Hic
1748 373 1893 429 enim
1924 379 1967 436 Α
1997 372 2252 442 egissem,
2289 379 2342 425 et
2375 370 2746 441 multipliciter
2775 370 3006 426 salutem
3036 371 3157 441 ejus
3181 371 3580 443 quaeritassem.

302 481 435 523 vere
463 467 843 540 spcrmologus
877 471 1269 538 nominandus,
1302 472 1360 526 in
1397 473 1633 543 quadam
1663 473 1893 544 epistola

301 570 470 627 quam
499 558 566 613 ad
595 557 655 612 Β.
692 558 1060 630 Augustinum
1099 562 1312 628 scribit,
1344 563 1516 618 solida
1546 578 1684 618 usus
1713 564 1894 618 brevi-

303 659 417 704 tate
442 650 613 706 dicit:
640 650 793 722 Saepe
824 654 970 722 quod
1007 668 1246 725 praeceps
1278 665 1382 720 est,
1414 656 1470 711 in
1499 672 1689 711 casum
1727 657 1893 711 verti-

298 748 396 794 tur
419 738 588 809 (101).
629 738 801 811 Cujus
828 743 1082 798 versiculi
1111 745 1428 800 brevitatem
1472 755 1796 801 convertens
1822 746 1890 801 ad

299 845 483 884 meam
514 831 823 898 utilitatem,
848 833 1109 903 paulatim
1142 834 1441 889 incedendo
1461 835 1545 889 vel
1575 836 1887 901 scribendo,

300 936 499 976 cavere
538 922 790 977 desidero
831 924 1056 994 laqueos
1098 925 1400 994 bzercseon;
1444 927 1500 981 in
1546 943 1687 997 quos
1731 927 1888 982 multi

299 1011 515 1066 cautela
560 1011 835 1083 neglecta,
885 1022 940 1068 et
987 1028 1252 1069 sensuum
1293 1030 1519 1070 suorum
1561 1015 1888 1071 confidentia

298 1103 613 1174 praecipites
652 1104 979 1158 inciderunt.
1020 1103 1155 1159 Illud
1187 1114 1368 1160 autem
1409 1107 1554 1176 quod
1584 1107 1772 1163 dixisti
1802 1124 1889 1163 me

300 1198 466 1269 quasi
491 1198 838 1253 dormitando
853 1199 1120 1265 dictitare,
1142 1198 1561 1254 commonefacit
1585 1214 1671 1255 me
1692 1215 1759 1254 ne
1782 1201 1888 1255 sim

298 1291 690 1347 dormitantius
712 1334 726 1356 ,
765 1292 857 1347 sed
885 1300 946 1347 ut
970 1292 1152 1347 studio
1178 1292 1390 1347 liberali
1415 1291 1616 1347 elﬁciar
1655 1292 1888 1362 vigilan-

299 1382 437 1438 tius.
468 1380 623 1449 Quod
654 1383 865 1438 utinam
888 1383 1042 1453 sequi
1073 1384 1234 1437 velim
1270 1392 1324 1439 et
1350 1384 1580 1448 valeam,
1618 1392 1678 1437 ut
1719 1384 1887 1438 lucri-

300 1472 503 1529 faciam
537 1475 777 1529 animam
805 1490 1005 1530 meam.
1040 1494 1058 1525 ι
1098 1474 1178 1529 Ad
1203 1476 1320 1530 haec
1347 1475 1547 1546 dialogi
1587 1476 1772 1531 socius
1797 1476 1885 1531 in-

300 1563 409 1621 fert
435 1583 448 1619 :
486 1584 504 1617 ‹
538 1566 1074 1621 Admonitiunculam
1100 1582 1277 1621 meam
1313 1582 1381 1621 ne
1409 1576 1568 1637 putes
1600 1569 1881 1638 injuriam.

299 1656 557 1714 Edissere
582 1659 762 1729 potius
789 1660 1005 1731 egregia
1027 1675 1150 1730 quae
1171 1661 1386 1731 cmpisti
1425 1676 1649 1717 narrare
1671 1660 1886 1718 confes-

301 1767 492 1806 sorum
517 1749 721 1807 Christi
741 1752 1031 1821 praeconia.
1070 1783 1141 1792 —
1184 1749 1467 1819 Quamvis,
1500 1752 1746 1823 inquam,
1775 1754 1882 1808 im—

299 1852 575 1915 portunus
606 1850 826 1898 exactor
857 1843 993 1898 mihi
1029 1843 1281 1911 insistas,
1311 1844 1447 1899 adeo
1468 1854 1530 1899 ut
1564 1845 1731 1900 etiam
1764 1861 1886 1917 gra-

299 1945 433 1985 vare
484 1945 573 1985 me
613 1931 873 1997 videaris,
920 1932 1020 1987 tibi
1060 1942 1265 2001 tamen,
1326 1934 1591 1989 cbaritate
1637 1935 1886 2007 jubente,

298 2031 467 2094 prout
490 2030 702 2094 potero,
734 2023 1051 2079 satisfacere
1080 2026 1322 2080 tentabo.

383 2134 401 2166 ‹
432 2113 769 2171 Venerabilis
802 2116 966 2187 igitur
997 2117 1227 2172 antistes
1248 2116 1728 2190 Wolfgangus,vir
1749 2120 1889 2176 inter

298 2206 592 2277 episcopos
639 2223 851 2279 magnae
894 2208 1261 2276 auctoritatis,
1295 2210 1438 2265 inter
1466 2212 1763 2267 canonicos
1800 2228 1887 2268 re-

299 2299 534 2369 gularis,
574 2298 715 2354 inter
742 2301 1040 2356 monachos
1077 2301 1274 2372 pietate
1307 2303 1626 2374 singularis,
1661 2304 1886 2359 humili-

299 2400 413 2447 tate
446 2391 719 2462 sublimis,
753 2393 1019 2448 charitate
1044 2395 1375 2462 communis,
1411 2397 1711 2452 secundum
1749 2397 1890 2467 Apo—

299 2486 536 2552 stolum,
576 2504 596 2538 ι
640 2485 896 2541 omnibus
940 2488 1121 2543 omnia
1160 2487 1337 2544 factus
1390 2488 1589 2559 (102),
1634 2508 1652 2541 ι
1702 2492 1889 2561 pr:eci-

296 2591 409 2646 puc
433 2575 898 2648 eleemosynarum
922 2577 1208 2650 largitione
1224 2579 1479 2649 pollebat.
1504 2579 1746 2647 Quarum
1768 2582 1887 2637 lau-

299 2666 910 2739 dabiliumjministerio,
935 2685 1032 2725 seu
1050 2681 1367 2727 exterarum
1390 2673 1654 2728 virtutum
1668 2673 1887 2729 oﬁ‘erto-

297 2757 407 2824 rio,
432 2758 561 2828 quia
594 2760 799 2829 placuit
839 2760 972 2830 Deo,
1000 2764 1209 2829 multis,
1245 2764 1377 2819 dum
1424 2765 1603 2821 adhuc
1648 2775 1795 2822 esset
1830 2767 1885 2821 in

296 2850 554 2921 praesenti
590 2852 809 2918 saeculo,
845 2854 1022 2923 patuit
1064 2855 1300 2911 indiciis.
1350 2848 1555 2912 IIorum
1603 2873 1776 2914 unum
1803 2857 1887 2914 di-

298 2939 413 2997 dici
440 2951 696 2997 narrante
720 2945 956 3014 quodam
990 2961 1119 3001 sene
1154 2947 1321 3015 ﬁdeli,
1350 2950 1509 3020 cujus
1541 2951 1787 3006 narratio
1812 2960 1887 3006 ta-

1994 461 2227 515 consilio
2261 461 2725 533 presbyterorum,
2759 461 2852 531 qui
2886 475 2986 531 pro
3008 476 3073 517 eo
3100 462 3444 529 laborabant,
3479 477 3581 518 nec

1993 552 2335 608 orationibus
2364 553 2413 607 ei
2448 552 2737 608 sanitatem
2763 554 3050 608 restituere
3083 562 3353 623 poterant,
3387 554 3579 610 reduxi

1992 657 2119 699 eum
2142 644 2198 698 in
2223 645 2500 700 civitatem
2532 643 3024 714 Hiatospolitanam
3051 644 3426 718 (Regenspurg)
3442 689 3456 711 ,
3484 648 3579 703 ubi

1993 735 2223 806 contigit
2254 736 2332 790 illi
2360 736 2467 791 hoc
2495 737 2700 792 malum
2724 736 2952 793 bonum.
2979 736 3056 791 Ibi
3084 752 3304 809 quoque
3324 740 3391 794 ad
3412 740 3577 808 pedes

1991 827 2232 898 episcopi
2261 843 2349 882 me
2379 827 2698 895 humilians,
2732 845 2857 884 cum
2884 830 3076 884 vellem
3106 830 3346 885 hominis
3375 847 3578 887 ternm-

1986 926 2118 973 ‘nam
2147 927 2201 973 et
2243 934 2421 973 meam
2452 935 2747 991 exponere,
2777 921 2862 975 vir
2900 919 3017 988 Dei,
3047 921 3279 979 necdum
3310 922 3412 978 sibi
3447 938 3577 978 cau-

1990 1025 2107 1065 sam
2137 1026 2237 1080 pro
2288 1026 2398 1081 qua
2468 1012 2593 1066 veni
2642 1012 2828 1082 aliquo
2870 1012 3157 1068 hominum
3200 1016 3576 1081 annuntiante,

1989 1100 2306 1171 anticipavit
2327 1102 2471 1172 quod
2492 1102 2674 1157 dicere
2704 1102 2872 1170 volui,
2903 1103 3092 1158 dicens
3124 1122 3137 1157 :
3167 1122 3184 1155 ‹
3213 1104 3405 1176 Surge,
3437 1113 3575 1170 tace.

1989 1193 2106 1249 scio
2130 1192 2261 1264 quid
2288 1194 2441 1249 velis.
2477 1213 2495 1246 ι
2525 1194 2590 1249 Et
2617 1210 2919 1251 conversus
2946 1196 3015 1251 ad
3056 1196 3437 1252 vicedomnum
3464 1199 3575 1255 ait:

1995 1304 2014 1337 ι
2038 1285 2229 1340 Frater
2253 1285 2607 1356 Tagini,tolle
2622 1303 2821 1357 aquam
2846 1296 3115 1343 sacratam
3135 1288 3290 1358 juxta
3318 1288 3577 1344 lectulum

1987 1392 2192 1443 meum,
2225 1394 2290 1433 ac
2324 1394 2518 1448 sparge
2546 1394 2711 1449 super
2731 1379 3009 1434 hominem
3040 1394 3152 1449 pra:
3174 1379 3387 1436 foribus
3415 1382 3577 1436 cubi—

1987 1471 2096 1526 culi
2122 1479 2377 1526 stantem.
2405 1491 2423 1522 ι
2453 1471 2573 1541 Ipse
2602 1481 2784 1526 autem
2814 1480 3004 1527 contra
3030 1473 3234 1527 ostium
3259 1486 3425 1528 manu
3446 1490 3576 1529 cru-

1987 1577 2105 1617 cem
2143 1563 2394 1633 pingens,
2432 1563 2620 1618 nescio
2660 1562 2791 1633 quid
2820 1564 3231 1632 murmurabat;
3265 1573 3322 1619 et
3347 1574 3576 1622 sanatus

1989 1663 2073 1710 est
2097 1655 2264 1709 homo
2289 1655 2343 1708 in
2376 1656 2466 1709 illa
2496 1655 2651 1710 hora.

2055 1776 2126 1786 —
2162 1745 2321 1813 Vere,
2351 1747 2425 1802 ait
2454 1746 2834 1803 Ammonicius
2853 1790 2867 1814 ,
2894 1748 3101 1805 malum
3135 1764 3461 1805 conversum
3489 1760 3577 1806 est

1987 1836 2043 1892 in
2072 1837 2297 1893 bonum.
2330 1836 2465 1891 Nam
2497 1853 2606 1893 non
2637 1839 2815 1893 solum
2837 1840 3211 1911 increpatione
3238 1840 3431 1896 militis
3457 1841 3579 1896 vin‘

1986 1928 2162 1984 dicata
2189 1938 2274 1985 est
2298 1930 2504 2001 injuria“
2527 1930 2828 2000 pontiﬁcis,
2857 1933 2950 1987 sed
2979 1932 3200 2003 insuper
3240 1938 3407 1988 etiam
3432 1933 3579 2003 ejus-

1986 2020 2112 2075 dem
2151 2022 2384 2076 sanitate
2438 2021 2747 2089 miriﬁcata,
2802 2039 2903 2078 nec
2964 2039 3075 2078 non
3112 2024 3338 2094 spiritus
3367 2025 3565 2080 revela-

1989 2112 2132 2167 tione
2176 2113 2502 2184 magniﬁca,
2542 2114 2880 2169 declaratum
2942 2124 3027 2171 est
3075 2116 3264 2171 multis
3318 2117 3574 2171 meritum

1984 2204 2123 2262 tanti
2154 2206 2472 2260 sacerdotis.
2506 2204 2679 2272 Quem
2726 2208 2883 2263 valde
2922 2207 3094 2262 miror
3121 2208 3576 2277 praenominatum

1985 2293 2365 2351 vicedomnum
2414 2297 2552 2352 adeo
2584 2298 2861 2365 dilexisse,
2901 2314 3028 2355 cum
3067 2297 3253 2366 fuerit,
3282 2308 3341 2354 ut
3368 2300 3574 2373 audivi,

1985 2387 2283 2445 iracundus
2313 2406 2378 2446 ac
2426 2407 2592 2461 supra
2623 2392 2845 2447 modum
2876 2382 3124 2459 severus,
3151 2401 3206 2447 et
3234 2394 3306 2448 ob
3334 2393 3409 2460 id,
3437 2409 3576 2463 pene

1984 2481 2240 2537 omnibus
2284 2482 2379 2552 qui
2420 2482 2475 2536 in
2506 2483 2782 2554 episcopio
2817 2492 2994 2551 erant,
3025 2500 3247 2540 exosus.
3275 2484 3577 2556 Episcopus

1987 2582 2172 2627 autem
2207 2582 2325 2628 erat
2365 2584 2685 2632 mansuetus
2716 2584 2772 2630 et
2813 2576 2956 2645 pius.
3003 2605 3075 2617 —-
3108 2575 3298 2644 Certe,
3327 2578 3574 2647 inquam,

1986 2680 2087 2720 nec
2112 2666 2229 2736 ipse
2249 2676 2368 2720 erat
2389 2667 2507 2721 sine
2540 2668 2825 2723 severitate
2854 2687 2868 2735 ;
2918 2668 3160 2739 alioquin
3183 2670 3367 2743 minus
3395 2671 3578 2726 obser-

1984 2766 2136 2812 varet
2156 2757 2299 2828 quod
2317 2757 2610 2828 Apostolus
2628 2761 2788 2816 dicit:
2811 2780 2829 2813 ι
2856 2760 3057 2831 Argue,
3081 2760 3330 2828 obsecra,
3356 2761 3577 2832 increpa

1986 2848 2157 2920 (104).
2185 2868 2204 2902 ι
2246 2848 2437 2905 Virum
2488 2861 2669 2908 autem
2694 2868 2859 2923 quem
2891 2853 3048 2918 dicis,
3096 2853 3168 2908 ob
3212 2854 3575 2921 severitatem,

1985 2942 2235 3013 pluribus
2257 2960 2504 3011 exosum,
2534 2947 2718 3017 accepi
2741 2953 3027 3002 strenuum
3051 2944 3222 3003 fuisse
3250 2962 3314 3002 ac
3338 2947 3579 3017 ingenio—

299 3034 375 3089 Iis
403 3033 506 3088 fuit
532 3034 785 3091 :Militem
812 3038 916 3093 sub
939 3054 1027 3095 me
1051 3039 1239 3107 habui,
1270 3043 1363 3112 qui
1390 3044 1625 3113 quadam
1648 3044 1735 3098 die
1757 3060 1883 3100 cum
1913 3077 1957 3138 Ο
1988 3050 2133 3092 sum.
2181 3036 2288 3103 Qui
2331 3047 2585 3108 proptera
2608 3039 2919 3092 venerando
2952 3038 3183 3094 antistiti
3213 3039 3421 3093 exstitit
3446 3039 3578 3093 cha-

301 3125 427 3179 aliis
456 3126 609 3181 aiI'uit
640 3126 787 3197 (105)
820 3130 875 3183 in
911 3129 1135 3186 basilica
1160 3130 1346 3187 Sancti
1378 3134 1542 3190 Pauli
1578 3136 1670 3190 ubi
1694 3136 1887 3193 beatus

298 3216 501 3286 przesul
530 3215 885 3291 Wolfgangus
920 3222 1120 3278 missas
1147 3224 1453 3281 celebravit.
1480 3225 1727 3298 Cumque
1759 3242 1885 3283 eum

298 3308 499 3365 humili
527 3320 674 3389 veste
705 3313 940 3381 primum
961 3357 975 3381 ,
1009 3325 1193 3386 utpote
1238 3319 1588 3386 monachum,
1620 3321 1887 3390 aspiceret

300 3398 556 3456 indutum
586 3411 749 3473 atque
792 3405 919 3460 dein
953 3408 1330 3464 sacerdotibus
1367 3410 1706 3467 vestimentis
1738 3414 1886 3469 vide—

295 3495 383 3541 ret
414 3486 724 3558 infulatum,
754 3492 965 3562 plebeia
996 3497 1298 3553 stoliditate
1325 3498 1593 3568 despexit,
1625 3490 1680 3556 et
1704 3504 1885 3559 cordis

298 3593 397 3633 ore
418 3595 770 3639 murmurans
792 3585 930 3641 dixit
958 3606 969 3641 :
993 3607 1012 3639 ι
1048 3587 1216 3644 Valde
1239 3590 1505 3661 insipiens
1528 3591 1631 3649 fuit
1652 3594 1886 3666 impera-

297 3680 390 3725 tor
416 3672 508 3727 illo
545 3682 804 3745 tempore,
834 3693 943 3748 quo
979 3690 1287 3750 pannoSum
1332 3682 1498 3738 istum
1546 3700 1609 3741 ac
1640 3686 1886 3756 despica-

298 3762 488 3830 bilem,
512 3765 567 3819 in
599 3768 896 3836 pontiﬁcali
923 3774 1265 3841 promotione
1301 3777 1539 3844 praetulit
1572 3781 1886 3848 potentibus

298 3856 709 3926 personis,qua3
728 3858 1006 3917 abundant
1028 3863 1084 3917 in
1110 3864 1426 3936 regionibus
1456 3882 1571 3923 suae
1592 3869 1835 3927 ditionis.
1860 3893 1878 3925 ι

300 3944 479 4013 Quam
531 3953 1017 4008 murmurationem
1053 3957 1147 4026 qui
1189 3958 1339 4013 novit
1386 3961 1745 4030 cogitationes
1785 3965 1886 4020 ho-

299 4042 516 4097 minum
540 4044 731 4099 eodem
767 4058 1044 4103 momento
1069 4058 1121 4104 et
1152 4051 1446 4108 clementer
1478 4054 1800 4126 increpavit,
1831 4072 1886 4115 et

301 4133 578 4190 evidenter
594 4137 662 4191 ad
687 4140 1121 4196 emendationem
1145 4143 1308 4213 hujus
1329 4146 1446 4200 vitii
1492 4148 1881 4209 manifestavit.

300 4224 440 4282 Nam
471 4237 527 4283 ut
561 4230 617 4283 in
648 4229 942 4303 Evangelio
972 4234 1040 4289 ad
1064 4237 1299 4309 cogitata
1327 4242 1627 4311 respondit,
1665 4244 1739 4298 ita
1784 4246 1888 4300 hu-

295 4318 392 4388 jus
426 4318 667 4375 hominis
709 4323 1000 4392 cogitatam
1045 4330 1533 4385 murmurationem
1569 4333 1635 4387 ad
1674 4344 1885 4404 tempus

1991 3142 2109 3194 rus,
2145 3129 2275 3199 quia
2301 3129 2458 3183 valde
2487 3131 2853 3195 necessarius,
2881 3139 2936 3184 et
2965 3130 3096 3200 quia
3122 3130 3298 3195 illum,
3324 3131 3371 3184 si
3398 3131 3454 3184 in
3483 3129 3579 3183 ali-

1990 3234 2102 3289 quo
2126 3220 2573 3290 reprehensibilis
2593 3229 2730 3286 erat,
2767 3237 2864 3291 per
2885 3222 3322 3293 immutationem
3343 3222 3578 3276 dexterae

1990 3309 2205 3366 Excelsi
2246 3312 2668 3379 meliorandum,
2711 3314 2905 3383 spiritu
2931 3314 3224 3380 revelante,
3259 3323 3575 3386 agnoverat.

1989 3400 2042 3458 Is
2074 3417 2312 3473 namque
2360 3412 2485 3475 post
2525 3404 2735 3460 obitum
2789 3405 2933 3460 beati
2963 3406 3213 3475 praesulis
3246 3405 3574 3477 Woifgangi,

1988 3494 2077 3551 cui
2108 3494 2611 3564 ﬁdeliter'adhaesit,
2656 3496 2890 3553 Henrico
2931 3499 3247 3568 imperatori
3275 3500 3415 3554 inter
3439 3500 3575 3554 ﬁde—

1988 3586 2234 3643 lissimos
2259 3589 2612 3644 ministravit.
2637 3588 2758 3657 Quo
2783 3590 3010 3660 jubente
3041 3592 3182 3660 apud
3205 3590 3568 3661 Parthenopa-

1988 3678 2083 3757 Iim
2134 3680 2578 3752 archiepiscopus
2613 3680 2812 3748 Iactus,
2849 3698 2975 3738 cum
3025 3682 3307 3754 plurigena
3352 3684 3579 3753 polleret

1987 3768 2277 3840 probitate,
2304 3772 2478 3843 magis
2505 3772 2705 3829 claruit
2732 3774 2820 3846 pia
2841 3776 3312 3847 eleemosynarum
3347 3775 3574 3845 dapsili-

1988 3870 2116 3929 tate,
2141 3878 2242 3918 nec
2272 3879 2380 3918 non
2424 3865 2619 3919 humili
2642 3868 2885 3937 corporis
2915 3868 3165 3923 castitate
3201 3874 3257 3922 et
3299 3868 3577 3922 nihilomi-

1988 3969 2092 4009 nus
2120 3954 2380 4010 laudabili
2400 3958 2631 4013 vestitus
2655 3960 3049 4015 mediocritate.
3073 3958 3192 4015 Non
3218 3960 3365 4015 enim
3392 3975 3576 4016 verre—

1987 4047 2079 4101 bat
2109 4056 2330 4115 terram,
2362 4051 2523 4105 sicuti
2550 4053 2705 4108 multi
2736 4051 2912 4108 facere
2934 4055 3129 4121 solent,
3158 4054 3360 4109 tunicis
3387 4062 3439 4108 et
3463 4054 3577 4124 pel-

1987 4137 2148 4206 liciis,
2181 4155 2381 4211 magno
2405 4143 2582 4212 pretio
2610 4144 2914 4215 acquisitis,
2945 4145 3058 4211 sed,
3086 4146 3235 4216 quod
3283 4161 3389 4201 usu
3423 4161 3577 4199 mun-

1986 4229 2131 4285 dano
2148 4247 2332 4287 rarum
2357 4242 2460 4301 est,
2474 4233 2603 4290 forti
2623 4244 2810 4291 tenore
2839 4237 3057 4304 mentis,
3079 4246 3369 4294 contentus
3389 4239 3574 4293 ovium

1986 4324 2347 4391 vestimentis,
2372 4328 2617 4396 quotidie
2645 4330 2847 4385 missas
2867 4331 3139 4386 celebrare
3159 4334 3388 4407 curavit,
3412 4340 3577 4401 atque

300 4410 611 4477 abscondit,
648 4428 757 4482 quo
783 4422 836 4468 et
877 4415 965 4469 ille
1000 4415 1489 4486 impraesentiarum
1525 4424 1886 4495 corrigeret“
1919 4423 1962 4475 D
1990 4404 2261 4485 integrum
2281 4415 2610 4476 Psalmodias
2638 4438 2858 4477 sensum
2889 4404 3245 4479 devotissime
3268 4425 3576 4495 persolvere

299 4519 368 4560 ac
394 4507 848 4562 murmurationis
884 4509 1089 4563 malum
1114 4510 1181 4564 ah
1211 4512 1336 4567 aliis
1372 4512 1697 4571 imfutnrum
1733 4518 1885 4573 devi-

302 4607 530 4653 taretur.
590 4596 774 4675 Nimio
826 4602 1025 4671 quippe
1072 4612 1281 4659 terrore
1337 4606 1520 4662 subito
1577 4620 1881 4680 correptus,

301 4688 601 4742 astantium
638 4692 1036 4747 sustentatione
1066 4694 1157 4749 vix
1194 4696 1435 4753 residere
1466 4700 1659 4769 potuit.
1711 4700 1882 4769 Quem

300 4791 427 4831 cum
452 4778 690 4833 viderem
719 4783 1138 4839 tremebundum
1162 4795 1214 4840 et
1238 4788 1671 4857 pallidum,illico
1694 4807 1886 4847 accur-

1991 4522 2101 4562 non
2144 4511 2396 4565 cessavit.
2428 4511 2597 4581 Cujus
2648 4528 2848 4583 corpus
2882 4529 3028 4569 anno
3059 4517 3308 4571 videlicet
3341 4516 3576 4586 septimo

1987 4607 2113 4667 post
2166 4602 2558 4657 resolutionem
2609 4604 2802 4672 ipsius,
2839 4604 3110 4675 integrum
3148 4616 3231 4661 est
3258 4608 3575 4678 :inventum,

1988 4690 2159 4760 gloria
2211 4692 2633 4749 resurrectionis
2682 4694 2817 4751 adeo
2851 4695 2909 4748 in
2961 4710 3028 4750 eo
3079 4698 3475 4765 resplendente,
3518 4705 3579 4750 ut

1945 4814 1949 4818 -
1989 4789 2230 4836 astantes
2262 4791 2317 4837 et
2354 4783 2628 4841 intuentes
2653 4787 2813 4844 valde
2844 4786 3177 4843 mirarentur
3197 4789 3318 4858 ejus
3346 4789 3579 4843 nitorem

302 4884 431 4924 rens
464 4871 778 4927 sciscitatus
810 4888 931 4928 sum
959 4874 1088 4944 quid
1124 4876 1365 4945 haberet,
1393 4881 1479 4935 vel
1504 4880 1633 4951 quid
1666 4891 1883 4953 patere-

302 4963 410 5013 tur.
431 4957 567 5015 Tum
592 4961 680 5015 ille
702 4964 1076 5019 sacerdotibus
1089 4966 1344 5022 adhibitis
1355 4970 1643 5027 confessus
1659 4983 1742 5029 est
1754 4975 1883 5045 quia

305 5057 489 5104 contra
497 5051 678 5106 virum
690 5049 786 5105 Dei
803 5052 943 5107 male
957 5054 1289 5124 cegitaverit,
1306 5065 1359 5111 et
1375 5060 1445 5115 ob
1461 5058 1562 5112 hoc
1574 5060 1883 5127 periculoso

306 5138 497 5178 ﬁmnra
550 5138 835 5178 nnﬁnnlqna
888 5144 950 5162 "‘
1029 5142 1069 5160 Λ
1192 5154 1198 5155 '
1456 5149 1475 5156 ⁸
1598 5149 1645 5162 “¹
1730 5149 1784 5162 ⁸““
1845 5167 1875 5174 -ι

1991 4881 2156 4942 atque
2180 4876 2663 4948 incorruptionem,
2712 4896 2837 4936 cum
2868 4880 3207 4937 successoris
3241 4880 3395 4938 illius
3413 4880 3582 4935 vesti-

1992 4968 2191 5024 mentis
2218 4970 2378 5025 etiam
2408 4974 2750 5043 consumptis
2773 4992 2899 5033 ossa
2929 4978 3311 5033 tantummodo
3334 4976 3479 5032 nuda
3500 4990 3587 5027 rc-

1991 5061 2264 5118 mansisse
2304 5064 2637 5123 viderentur.
2688 5063 2828 5123 Vere
2864 5083 3072 5123 memor
3101 5065 3377 5127 Dominus
3416 5067 3590 5123 dicto-

2216 5172 2360 5178 -.η-,μ
2424 5158 2539 5178 ..κει
2647 5157 2677 5178 l!
2697 5158 2769 5178 J-I

1990 5167 2111 5178 -ίιιυνι
2142 5169 2165 5178 α
