4104 5260
604 244 735 302 1031

1549 243 1848 301 ARNOLDI
1884 241 2483 304 EMMERAMMENSIS
2520 240 2852 301 MONACHI.

3731 250 3869 306 £052

597 357 936 413 credentium
981 357 1036 411 in
1067 356 1392 429 quibusdam
1419 357 1592 413 servis
1618 374 1734 413 suis
1765 375 1909 413 nunc
1929 375 1993 414 ex
2023 366 2176 428 parte
2207 362 2247 416 Α
2277 357 2444 413 ditate
2491 356 2700 429 fugata,
2743 373 3017 431 nusquam
3067 369 3443 430 prorumperet
3497 363 3873 431 protervitatis

597 449 836 506 ostendit
861 449 1008 520 quod
1037 448 1093 502 in
1135 449 1371 520 generali
1404 451 1803 505 resurrectione
1833 451 1888 504 in
1922 451 2180 506 omnibus

598 543 829 614 pleniter
855 541 1243 612 perﬁciendum
1281 542 1406 607 erit,
1431 551 1561 597 tunc
1581 543 1980 613 proculdubio,
2005 559 2180 614 quan-

597 633 669 690 do
694 635 898 690 electus
941 634 1169 705 quilibet
1208 634 1526 702 surrexerit,
1563 649 1859 691 occurrens
1909 636 1963 690 in
1997 637 2177 691 virum

602 726 902 797 perfectum
941 726 997 780 in
1039 742 1352 782 mensuram
1399 727 1574 782 :etatis
1620 728 1971 796 plenitudinis
2019 727 2180 784 Chri-

598 817 1242 889 sti(l06).—Fateor,ait
1267 817 1448 873 socius
1472 819 1693 890 dialogi,
1719 819 1812 889 qui
1835 819 1968 874 mihi
1990 820 2179 890 displi-

597 913 730 977 cuit,
755 913 954 983 plaazt;
979 921 1034 968 et
1057 912 1204 983 quia,
1229 912 1325 966 ubi
1347 910 1562 967 Veritas
1583 913 1712 968 talia
1735 913 1990 979 ostendit,
2015 930 2176 969 nemo

595 1007 692 1076 qui
717 1022 911 1062 sanum
928 1007 1070 1076 sapit
1087 1021 1184 1076 per
1202 1006 1636 1061 incredulitatem
1659 1006 1902 1062 offendit.
1928 1006 2033 1061 Sed
2057 1007 2173 1078 jam

594 1110 812 1170 tempus
844 1109 927 1156 est
962 1101 1364 1168 ut‘revcrtaris,
1395 1101 1536 1155 unde
1568 1100 1850 1171 digressus
1879 1117 1958 1166 es,
2005 1111 2087 1168 et,
2117 1102 2174 1156 ni

595 1191 772 1259 fallor,
809 1193 1141 1250 narrationis
1166 1194 1301 1249 ordo
1327 1195 1566 1264 postulat
1607 1203 1669 1248 ut
1707 1195 1921 1264 plenius
1951 1211 2174 1250 enarres

595 1285 650 1339 in
687 1285 1041 1356 sequentibus
1087 1287 1256 1341 vitam
1300 1287 1514 1341 abbatis
1539 1287 1855 1353 venerandi,
1905 1303 2071 1356 quam
2117 1287 2171 1341 in

593 1378 1020 1446 praecedentibus
1063 1395 1256 1450 parum
1303 1379 1548 1449 tetigisti.
1589 1408 1660 1418 -
1701 1378 1784 1433 Me
1819 1379 1885 1433 ad
1915 1378 2174 1434 obedien-

589 1471 740 1536 dum,
772 1472 1016 1543 inquam,
1043 1473 1210 1527 habes
1234 1479 1504 1542 paratum,
1535 1472 1629 1527 sed
1674 1486 2020 1541 summopere
2062 1471 2170 1525 im-

588 1563 910 1632 plorandum
937 1574 1020 1620 est
1049 1565 1168 1635 ejus
1191 1566 1452 1620 auxilium
1483 1565 1577 1635 qui
1611 1564 1666 1618 in
1691 1564 1983 1636 Evangelio
2003 1565 2164 1619 dicit:

595 1674 613 1708 ι
637 1655 765 1712 Sine
791 1676 877 1714 me
892 1660 1024 1714 nihil
1046 1659 1275 1729 potestis
1299 1658 1476 1714 facere
1492 1658 1659 1726 (107).
1685 1678 1702 1710 ι
1723 1657 1872 1712 Illius
1893 1674 2021 1728 ergo
2046 1675 2168 1730 gra-

2283 449 2531 504 audacia.
2581 448 2677 506 His
2733 461 2788 506 et
2826 451 3028 507 talibus
3060 445 3220 506 Pater
3245 451 3590 508 venerandus
3620 453 3676 506 in
3725 457 3869 508 viam

2275 540 2501 610 justitia:
2526 541 2787 607 directus,
2835 547 2891 596 et
2939 541 2993 596 in
3035 542 3286 596 semitam
3340 541 3726 597 mandatorum
3753 543 3872 608 Dei,

2279 648 2445 702 quam
2488 632 2604 702 ipse
2631 632 2824 700 voluit,
2857 633 3143 699 deductus,
3186 632 3328 687 dona
3374 633 3431 687 S.
3463 631 3703 703 Spiritus
3727 636 3874 690 vasis

2279 726 2541 779 virtutum
2566 725 2989 800 septempliciter
3010 725 3190 780 infusa
3206 726 3564 782 etdistributa
3581 729 3711 782 totis
3736 729 3872 782 viri-

2279 815 2380 872 bus
2413 816 2806 883 venerabatur;
2851 833 2952 872 nec
2986 833 3094 872 non
3123 818 3287 872 etiam
3322 818 3610 886 sollicitus,
3636 831 3748 873 tam
3775 836 3874 890 pro

2277 921 2336 961 se
2356 923 2521 977 quam
2551 923 2650 977 pro
2691 907 2834 974 aliis,
2873 907 3168 976 prudenter
3195 909 3450 963 observat
3501 909 3556 963 in
3588 911 3869 974 omnibus,

2277 998 2577 1054 secundum
2626 998 3022 1069 Gregorianam
3061 1001 3411 1067 sententiam,
3470 1018 3540 1057 ne
3598 1003 3870 1072 sapientia

2275 1091 2528 1156 clevaret,
2581 1107 2647 1147 ne
2699 1091 3026 1158 intellectus,
3079 1093 3208 1147 dum
3266 1093 3540 1148 subtiliter
3600 1106 3869 1160 curreret,

2275 1183 2573 1248 aberraret,
2598 1199 2666 1238 ne
2699 1183 3013 1250 consilium,
3047 1184 3176 1240 dum
3215 1202 3273 1240 se
3296 1186 3704 1256 multiplicaret,
3733 1203 3868 1240 con-

2275 1275 2542 1342 funderet,
2570 1292 2637 1332 ne
2669 1277 2953 1343 fortitudo,
2979 1277 3107 1332 dum
3138 1277 3393 1332 fiduciam
3421 1281 3708 1348 praeberet,
3739 1295 3872 1349 pra)-

2273 1369 2541 1438 cipitaret,
2578 1384 2646 1423 ne
2689 1370 2939 1436 scientia,
2968 1369 3098 1424 dum
3131 1380 3317 1427 nosset
3353 1387 3416 1426 ac
3451 1389 3561 1427 non
3593 1373 3867 1444 diligeret,

2273 1459 2520 1528 instaret,
2552 1476 2619 1515 ne
2655 1461 2830 1531 pietas
2859 1463 2987 1517 dum
3020 1470 3174 1517 extra
3203 1464 3589 1519 rectitudinem
3615 1482 3675 1521 se
3709 1468 3868 1522 incli-

2272 1564 2444 1618 naret,
2467 1554 2826 1623 intorqueret,
2866 1569 2932 1610 ne
2965 1555 3152 1621 timor,
3199 1556 3330 1610 dum
3361 1557 3483 1626 plus
3509 1559 3663 1627 justo
3697 1561 3866 1631 trepi-

2269 1644 2442 1710 daret,
2477 1645 2531 1698 in
2574 1645 2970 1714 desperationis
3001 1646 3210 1701 foveam
3259 1660 3545 1720 mergeret.
3585 1649 3712 1708 llaec
3740 1656 3866 1709 stri-

585 1753 661 1808 tia
691 1769 793 1809 nos
831 1755 1190 1824 praeveniente
1212 1763 1377 1824 atque
1405 1753 1718 1819 comitante,
1747 1754 1884 1808 bene
1927 1753 2164 1823 procedit

2273 1737 2424 1804 etim,
2454 1754 2486 1791 ο
2515 1736 2843 1805 Ammoniei,
2867 1739 3035 1794 veluti
3069 1740 3275 1810 majora
3302 1741 3636 1797 charismata
3667 1761 3868 1816 propo-

585 1853 774 1900 nostra
804 1847 979 1901 oratio
1001 1847 1204 1918 pariter
1217 1855 1271 1901 et
1291 1846 1556 1916 operatio,
1575 1861 1697 1916 qua:
1722 1861 1808 1901 me
1829 1853 1971 1914 apte,
1995 1860 2171 1915 quan-

557 1936 919 2009 tulacunque
956 1947 1061 2004 est,
1111 1939 1169 1993 in
1219 1939 1441 1994 nomine
1489 1937 1705 1992 Domini
1756 1937 1907 2006 cupit
1945 1952 2170 2006 prospe-

585 2030 717 2084 rari.

661 2141 679 2173 ι
705 2120 1203 2193 lgiturvenerabilis
1217 2123 1377 2178 Pater
1399 2122 1736 2178 Ramuoldus
1749 2121 2044 2178 commisso
2065 2121 2170 2177 sibi

582 2214 845 2286 regimine
871 2217 1211 2283 monasterii,
1243 2217 1367 2286 quis
1408 2226 1532 2272 ante
1569 2217 1672 2271 hoc
1720 2214 1905 2281 fuerit,
1949 2215 2082 2271 satis
2107 2216 2169 2270 in

583 2303 749 2376 hujus
773 2307 1246 2362 administratione
1267 2306 1581 2362 declaravit.
1608 2306 1744 2362 Nam
1769 2307 2022 2377 palzestra
2051 2305 2166 2377 pri-

582 2414 734 2454 mum
765 2400 996 2470 spiritali
1031 2391 1387 2470 senietipsum
1418 2415 1700 2465 exercens,
1725 2415 1790 2455 ac
1817 2399 2012 2454 deinde
2037 2398 2168 2454 sub-

579 2489 726 2547 ditos
771 2493 1070 2548 virtutibus
1119 2493 1378 2548 insudare
1411 2491 1804 2557 assuefaeiens,
1835 2491 2170 2546 omnimodis

579 2585 880 2640 conabatur
907 2584 1089 2641 facere
1126 2595 1180 2640 et
1210 2586 1406 2640 docere
1438 2601 1560 2656 quze
1586 2593 1815 2639 noverat
1841 2600 1964 2640 esse
1993 2568 2163 2653 justa,

579 2686 787 2742 sancta,
819 2678 908 2747 pia
929 2687 983 2733 ct
1012 2679 1262 2733 honesta.
1299 2676 1451 2732 Unde
1477 2685 1531 2732 et
1551 2678 1706 2732 multi
1730 2677 1895 2731 etiam
1933 2675 2164 2742 nobiles,

578 2768 686 2836 piis
736 2769 857 2838 ejus
897 2770 1111 2824 actibus
1159 2771 1436 2839 provocati
1492 2769 1755 2824 saxulum
1806 2768 2166 2840 reliquerunt,

578 2870 744 2931 atque
786 2862 931 2916 illius
985 2861 1302 2931 magisterio
1352 2861 1632 2916 humiliter
1677 2875 1736 2916 se
1782 2860 2160 2915 subdiderunt.

578 2950 724 3008 Inter
751 2968 911 3024 quos,
957 2961 1013 3009 et
1056 2969 1180 3010 cum
1226 2953 1426 3023 quibus
1467 2969 1592 3023 qua:
1635 2953 1872 3023 gravitas
1919 2952 2016 3018 illi,
2043 2969 2165 3023 qua:

577 3047 934 3112 continentia,
966 3063 1088 3117 qua:
1116 3047 1350 3117 puritas,
1384 3062 1506 3116 qua:
1529 3047 1754 3117 largitas
1780 3046 1835 3100 in
1866 3045 2163 3116 eleemosy-

576 3137 686 3204 nis,
713 3155 836 3208 quae
882 3139 1128 3194 custodia
1159 3137 1500 3202 humilitatis,
1537 3138 1633 3207 qui
1674 3146 1927 3208 sumptus
1958 3136 2162 3208 ingenii

575 3228 800 3299 fuerint,
833 3247 942 3286 non
969 3239 1052 3286 est
1088 3245 1224 3285 mea:
1266 3230 1646 3300 possibilitatis
1669 3245 1766 3300 per
1789 3238 1963 3284 totum
1997 3245 2161 3285 enar-

572 3335 700 3376 rare
723 3330 778 3376 et
803 3322 882 3377 uti
914 3322 1141 3393 dignum
1171 3329 1256 3377 est
1284 3320 1601 3391 praedicare.
1635 3319 1930 3377 Censerem
1963 3320 2163 3390 quippe

571 3415 966 3470 eruditissimis
987 3424 1040 3470 et
1070 3413 1452 3470 disertissimis
1476 3414 1612 3469 viris
1634 3412 2048 3484 relinquendam
2081 3420 2165 3468 to-

573 3514 687 3560 tam
724 3507 922 3561 molem
952 3522 1017 3561 ac
1036 3507 1356 3578 dignitatem
1375 3507 1638 3571 materiae,
1665 3507 1773 3562 nisi
1803 3506 2000 3561 scirem
2027 3520 2164 3574 pau-

573 3597 722 3666 peris
747 3597 1091 3652 devotionem
1135 3597 1247 3652 Deo
1295 3615 1405 3652 non
1437 3613 1559 3652 esse
1589 3597 2010 3667 despicabilem;
2053 3611 2162 3666 qua

573 3701 671 3756 spe
700 3688 918 3743 animus
945 3689 1196 3759 erigitur,
1224 3695 1298 3754 et,
1315 3690 1571 3758 quamvis
1595 3688 1775 3742 tenuis
1803 3702 1868 3742 ac
1897 3688 2160 3752 rusticus,

568 3779 909 3836 confidenter
956 3789 1140 3836 tamen
1175 3783 1349 3836 currit
1399 3780 1571 3852 stylus
1624 3795 1780 3836 meus
1814 3789 1868 3834 et
1893 3780 2158 3845 calamus,

571 3881 724 3941 gesta
741 3883 1053 3928 sanctorum
1077 3874 1544 3944 seriptitans,quia
1569 3889 1797 3943 regnum
1820 3871 1915 3927 Dei
1940 3887 2048 3926 non
2078 3880 2164 3926 est

575 3963 630 4016 in
661 3980 932 4029 sermone,
971 3980 1072 4020 nec
1107 3967 1161 4020 in
1192 3966 1518 4036 eloquentiae
1559 3964 1756 4029 nitore,
1789 3963 1882 4018 sed
1913 3963 1966 4017 in
1997 3978 2161 4032 opere

577 4065 632 4110 et
677 4057 903 4111 veritate
934 4057 1104 4127 (108).
1152 4057 1453 4113 Prteclaras
1486 4067 1539 4111 ct
1581 4056 1900 4125 magnificas
1929 4055 2160 4110 virtutes

572 4147 716 4204 idem
747 4150 828 4204 vir
859 4149 973 4213 Dei,
1004 4160 1063 4204 ut
1093 4151 1232 4220 (εωρί
1270 4150 1476 4215 dicere,
1505 4148 1850 4203 laudabiliter
1894 4148 2156 4216 possedit,

569 4249 626 4296 et
647 4241 876 4296 viriliter
901 4242 1158 4296 excoluit.
1194 4240 1463 4296 Tenorem
1489 4240 1638 4310 atqui
1663 4239 1852 4294 matris
1869 4240 2156 4305 virtutum,

569 4330 626 4392 id
659 4342 744 4387 est
771 4333 1139 4398 discretionis,
1169 4341 1280 4386 tam
1311 4332 1546 4402 ingenue
1578 4331 1695 4385 suis
1718 4329 1977 4384 omnibus
2019 4344 2158 4398 pra:-

2273 1829 2380 1895 sui,
2397 1829 2597 1899 quibus
2622 1839 2739 1884 erat
2759 1831 3017 1900 praeditus
3039 1833 3122 1885 vir
3138 1831 3412 1888 Dei.Nunc
3433 1850 3718 1891 assumam
3736 1839 3863 1905 alia,

2272 1930 2324 1976 et
2354 1922 2517 1991 paulo
2551 1921 2717 1976 latius
2745 1923 3045 1978 edisseram
3080 1924 3330 1994 quzedam
3362 1921 3602 1995 minora,
3631 1930 3862 1984 minori—

2270 2013 2375 2071 bus
2395 2015 2462 2068 ad
2479 2014 2802 2069 imitandum
2827 2017 2961 2070 satis
2978 2031 3196 2087 magna,
3227 2033 3463 2088 quorum
3484 2019 3574 2074 ille
3605 2033 3861 2089 provectu

2269 2106 2620 2172 exercitatus,
2646 2120 2771 2160 eum
2807 2115 2953 2162 esset
2983 2115 3193 2161 statura
3225 2107 3477 2176 pusillus,
3505 2110 3601 2163 sed
3635 2111 3863 2168 scientia

2268 2208 2323 2254 et
2351 2199 2548 2268 pietate
2582 2215 2834 2270 magnus,
2866 2215 2964 2269 per
3012 2215 3300 2255 ascensum
3351 2201 3565 2257 arboris
3595 2203 3862 2258 virtutum

2269 2292 2512 2361 quotidie
2544 2292 2742 2346 meruit
2769 2292 2953 2346 videre
2987 2290 3193 2348 Jesum.
3229 2291 3304 2346 De
3338 2308 3448 2362 quo
3474 2310 3603 2348 cum
3630 2294 3866 2349 Psalmi-

2269 2397 2352 2444 sta
2381 2389 2562 2444 dicere
2579 2386 2758 2457 potuit
2789 2405 2801 2440 :
2838 2405 2856 2437 ι
2889 2383 3043 2441 Oculi
3075 2385 3182 2439 mei
3207 2401 3421 2456 semper
3445 2387 3514 2440 ad
3539 2385 3859 2454 Dominum,

2266 2482 2529 2552 quoniam
2563 2481 2678 2550 ipse
2704 2478 2894 2534 evellet
2920 2479 2986 2534 de
3009 2479 3204 2548 laqueo
3238 2479 3400 2549 pedes
3434 2494 3590 2535 meos
3621 2480 3794 2550 (109).
3833 2501 3851 2532 ι

2339 2573 2421 2629 Ad
2445 2574 2562 2628 haec
2591 2571 2753 2628 infert
2774 2571 3151 2627 Ammonieius
3177 2588 3189 2624 :
3229 2591 3247 2622 ‹
3279 2570 3446 2628 Valde
3475 2589 3562 2629 me
3587 2574 3861 2630 delectant

2267 2683 2392 2722 orsa
2422 2682 2545 2736 quze
2587 2666 2652 2721 de
2694 2665 2914 2720 homine
2949 2663 3044 2718 Dei
3085 2664 3260 2734 lepide
3287 2661 3415 2719 sunt
3452 2665 3688 2736 prolata.
3725 2666 3861 2721 Ecce

2266 2758 2430 2813 audio
2456 2756 2744 2812 Zaehmum
2780 2764 2834 2809 et
2860 2770 2970 2810 non
2996 2755 3369 2826 publicanum,
3401 2758 3656 2826 quamvis
3692 2767 3748 2810 et
3771 2756 3860 2813 Je-

2267 2865 2363 2906 sus
2399 2863 2529 2906 eum
2576 2846 2879 2916 publicanis
2926 2855 2979 2899 et
3022 2846 3403 2917 peccatoribus
3446 2847 3860 2902 manducaverit

2268 2941 2449 3013 (HO);
2487 2939 2649 2995 audio
2697 2920 2997 3008 spiritalem
3046 2944 3278 3007 patrem,
3323 2935 3484 2991 audio
3517 2938 3701 2991 virum
3739 2954 3858 2993 ma-

2267 3047 2499 3104 gnorum
2530 3045 2780 3101 operum,
2811 3045 2934 3106 qua:
2977 3027 3101 3082 licet
3129 3029 3286 3098 pauci
3330 3028 3459 3093 sint,
3492 3029 3589 3098 qui
3620 3027 3859 3098 perfecte

2265 3127 2565 3191 imitentur,
2599 3132 2779 3177 tamen
2808 3130 2935 3176 sunt
2956 3121 3257 3192 perplures,
3282 3120 3376 3190 qui
3409 3119 3705 3176 Dominum
3735 3123 3856 3193 ejus

2264 3217 2321 3270 in
2353 3215 2556 3271 sanctis
2589 3222 2937 3268 venerentur.
2970 3209 3112 3281 Ergo
3141 3211 3298 3265 velox
3343 3220 3464 3265 esto
3498 3210 3553 3266 in
3595 3211 3854 3268 dictando

2262 3317 2316 3362 et
2342 3306 2651 3370 scribendo,
2679 3313 2733 3358 et
2779 3303 2995 3357 imitare
3030 3300 3522 3374 Psalmographum
3557 3303 3848 3376 dicentem.

2270 3417 2288 3450 ι
2320 3397 2527 3469 Lingua
2561 3412 2678 3451 mea
2706 3395 2948 3450 calamus
3005 3394 3199 3448 scriba:
3252 3393 3508 3448 velociter
3563 3395 3850 3449 scribentis

2265 3491 2432 3564 (lli).
2468 3491 2768 3546 iDesidero
2796 3489 2938 3543 enim
2973 3497 3122 3560 gesta
3159 3488 3307 3543 illius
3346 3487 3555 3554 audire,
3587 3506 3753 3559 quem
3795 3491 3848 3544 in

2262 3567 2490 3655 corpore
2515 3584 2754 3654 positum
2785 3597 2890 3636 non
2923 3581 3098 3636 merui
3125 3581 3328 3636 videre.

2327 3677 2528 3732 —Esto
2550 3676 2785 3746 patiens,
2799 3675 3112 3744 inquam,et
3131 3674 3398 3728 discretus
3415 3692 3428 3740 ;
3448 3673 3849 3747 desiderioquic

2261 3767 2384 3823 dem
2414 3777 2509 3822 tuo
2540 3766 2853 3822 satisfacere
2889 3766 3148 3820 conabor.
3181 3763 3318 3820 Vere
3353 3774 3413 3819 ut
3433 3781 3495 3820 ex
3526 3779 3683 3836 par:e
3713 3785 3846 3838 pra:-

2262 3861 2408 3927 misi,
2454 3861 2761 3915 membrum
2803 3858 3007 3914 Christi
3048 3858 3150 3913 fuit
3201 3859 3649 3915 venerabillimus
3677 3861 3842 3914 abbas

2263 3953 2620 4018 Ramuoldus,
2645 3953 2802 4022 cujus
2830 3953 3075 4007 membra
3102 3951 3432 4006 inhabitator
3459 3952 3645 4007 cordis
3675 3953 3840 4013 illius,

2263 4044 2499 4116 Spiritus
2524 4046 2732 4100 scilicet
2754 4045 2951 4111 almus,
2979 4045 3033 4098 in
3057 4044 3171 4114 ipsa
3198 4043 3469 4114 decrepita
3499 4053 3682 4108 aetate,
3709 4043 3842 4098 adeo

2261 4138 2494 4193 reddidit
2515 4137 2755 4207 jocunda
2785 4145 2838 4191 et
2873 4137 3090 4203 decora,
3128 4151 3229 4190 nec
3271 4151 3380 4189 non
3409 4136 3648 4206 quadam
3678 4151 3839 4192 vene-

2259 4230 2470 4285 ratione
2497 4229 2680 4301 digna,
2713 4237 2773 4283 ut
2809 4243 2948 4299 pene
2995 4235 3183 4284 contra
3227 4237 3478 4282 naturam
3510 4228 3567 4283 in
3603 4229 3840 4300 agilitate

2259 4332 2314 4378 et
2337 4321 2574 4394 puritate
2617 4311 2894 4392 septennis
2931 4321 3084 4390 pueri
3132 4321 3361 4391 gratiam
3392 4329 3653 4390 przestare
3687 4322 3838 4376 vide~

569 4424 691 4479 tixit
730 4436 788 4480 ut
835 4427 951 4481 haec
984 4425 1062 4480 illi
1093 4425 1158 4480 de
1193 4425 1449 4495 supernis
1483 4423 1641 4493 quasi
1691 4422 1759 4477 de
1805 4422 2158 4492 singulariter
2187 4442 2234 4500 ο
2260 4423 2466 4469 rentur-
2499 4413 2656 4484 Quod
2702 4413 3022 4468 ίηυεὶωωω
3067 4413 3112 4468 si
3143 4412 3436 4482 aliquando
3464 4413 3656 4482 aliqua
3683 4428 3838 4468 occa-

565 4531 828 4574 concessa
862 4519 1156 4574 videretur.
1211 4515 1325 4572 Hac
1375 4516 1578 4572 etenim
1633 4515 1834 4570 virtute
1876 4514 2150 4579 suffultus,

567 4609 960 4680 principalibus
980 4618 1216 4680 quatuor
1232 4609 1313 4664 sic
1331 4624 1464 4664 usus
1485 4616 1568 4662 est
1589 4615 1648 4660 ut
1668 4622 1764 4677 per
1785 4606 2150 4676 prudentiam,

568 4701 783 4772 ignavia
817 4702 1162 4757 hebetudinis
1212 4701 1443 4770 abjeeta,
1491 4715 1838 4769 nequaquam
1883 4699 1936 4752 ei
1997 4713 2038 4752 e-
2067 4713 2154 4752 re-

566 4794 726 4865 gione
761 4795 1073 4862 subreperet
1097 4793 1358 4847 versutia.
1408 4791 1969 4860 Justitiam/quoquc,
1995 4790 2152 4858 juxta

565 4885 714 4955 quod
740 4885 996 4954 possibile
1042 4894 1129 4939 est
1167 4885 1512 4948 mortalibus,
1540 4900 1636 4953 per
1682 4882 1870 4940 omnia
1908 4883 1990 4936 sic
2021 4881 2151 4935 reti-

568 4975 688 5029 nuit
719 4984 778 5030 ut
809 4991 910 5030 nec
951 4975 1008 5028 in
1055 4975 1178 5045 plus
1197 4975 1350 5044 justo
1384 4975 1607 5029 modum
1636 4973 1942 5036 excederet,
1973 4986 2153 5040 neque

567 5063 1000 5124 lnminusjustn
1022 5066 1112 5100 δῖε·
1160 5065 1537 5098 ε·“·“·”“¹’“·’·⁶
1603 5062 1669 5084 “”
1953 5077 1964 5080 ·
1997 5062 2144 5082 ""“‘

2257 4507 2411 4562 sione
2435 4501 2724 4577 contigerit
2753 4505 2808 4560 in
2838 4506 2950 4559 ullo
2973 4505 3307 4570 mortalium,
3339 4521 3446 4560 non
3475 4513 3562 4559 est
3591 4505 3837 4560 fidelibus

2255 4597 2362 4652 nisi
2404 4598 2458 4652 in
2515 4598 2721 4652 sanctis
2763 4605 2818 4652 et
2857 4596 3045 4651 electis
3098 4596 3416 4651 notandum.
3461 4581 3836 4667 Transﬁgurat

2254 4690 2492 4745 enimse
2520 4688 2750 4744 Satanas
2775 4690 2832 4747 in
2862 4690 3115 4760 angelum
3159 4689 3297 4743 lucis
3327 4681 3497 4758 (lli),
3521 4704 3687 4757 quem
3719 4705 3834 4759 per-

2254 4781 2382 4838 fecti
2431 4786 2522 4838 vix
2571 4768 2810 4840 devitarc
2869 4792 3125 4852 poterunt
3178 4782 3264 4836 vel
3313 4798 3594 4851 superare.
3634 4783 3830 4837 Contra

2254 4890 2420 4945 quem
2465 4874 2562 4930 Dei
2589 4876 2673 4930 vir
2713 4875 2962 4929 militiam
3006 4883 3226 4930 strenue
3253 4889 3421 4944 agens
3462 4874 3832 4930 christianam

2251 4967 2392 5022 inter
2406 4976 2606 5036 caetera
2621 4968 2778 5023 bonae
2791 4967 3199 5022 consuetudinis
3225 4966 3419 5032 officia,
3433 4975 3556 5036 post
3577 4965 3831 5036 frequens

2249 5067 2299 5093 θ’
2332 5060 2460 5103 "'i'e
2493 5059 2786 5118 silentium,
2816 5058 3072 5122 blandum
3119 5057 3354 5111 habebat
3385 5056 3689 5126 eloquium.
3714 5055 3832 5122 Quo

2996 5166 3135 5174 Mr“
3171 5148 3461 5211 eoniosus;
3496 5147 3828 5202 inhumanis
