4058 6424
145 371 296 430 1035

836 368 928 428 nn
959 368 1342 430 MIRACULIS
1378 367 1453 438 s.
1473 365 1904 453 cnnamum
1937 332 2123 422 mm
2160 363 2319 420 nuo.
2353 394 2420 405 —
2461 362 2591 418 un.
2630 359 2695 417 ιι.

3290 359 3432 419 1051

145 487 348 544 Victus
410 500 543 543 vero
603 485 850 543 tantillus
876 529 893 555 ,
953 497 1016 545 ut
1066 505 1177 545 non
1233 487 1703 559 superabundaret
1727 528 1742 555 ,
1774 485 1822 542 Α
1847 490 1974 538 cet:
2010 500 2030 534 ι
2081 479 2297 547 Venite,
2344 476 2617 535 benedicti
2637 473 2819 532 Patris
2867 472 2996 541 mei,
3041 472 3303 546 percipite
3341 490 3434 530 re-

146 578 253 635 sed
290 574 576 633 refectioni
619 575 866 633 sufﬁcere
907 586 1110 648 posset.
1144 577 1206 632 In
1232 579 1339 633 hoc
1358 593 1509 648 saepe
1532 577 1742 632 exstitit

144 670 374 725 sibimet
392 668 503 739 ipsi
527 684 748 739 parcus,
770 670 982 725 eaatcris
1003 658 1186 725 autem
1208 670 1434 741 dapsilis
1455 679 1510 725 et
1532 670 1737 741 largus.

140 759 283 817 Post
347 761 531 817 cibum
581 760 961 815 sustentaculo
1021 748 1269 831 corporis
1325 760 1699 816 necessarium
1723 786 1744 826 ,-

142 853 373 924 quando
401 852 567 907 verba
608 852 785 907 solent
811 852 1116 919 abundare,
1154 867 1256 921 pro
1297 852 1445 906 mille
1464 867 1743 923 passuum

120 943 613 1011 ‘deambulatione,
643 944 998 999 exercebatur
1020 943 1076 997 in
1101 930 1404 1013 psalmodia
1418 959 1528 1011 seu
1551 930 1742 999 lectio-

141 1050 242 1091 ne.
280 1035 579 1103 Maximam
618 1042 802 1090 autem
851 1049 1043 1090 curam
1074 1036 1265 1090 habuit
1289 1036 1434 1092 circa
1475 1050 1745 1106 pauperes

141 1124 381 1183 Christi.
419 1124 576 1181 Unde
620 1134 677 1195 et
713 1126 772 1180 in
816 1125 1122 1182 refectione
1165 1128 1503 1201 quotidiana,
1534 1142 1741 1198 paupe-

145 1235 280 1274 rum
338 1217 773 1290 quinquaginta,
819 1218 1060 1287 exceptis
1107 1218 1398 1273 duodecim
1437 1226 1493 1272 et
1546 1219 1745 1285 tribus,

144 1311 358 1381 quibus
379 1309 578 1365 fratres
603 1309 1007 1377 ministrabant,
1031 1302 1556 1381 quinquagenariam
1577 1324 1744 1365 exco-

144 1401 272 1458 lens
324 1401 783 1469 misericordiam,
839 1401 1225 1458 remissionem
1276 1392 1469 1457 eodem
1514 1416 1745 1457 numero

149 1500 533 1562 consecratam
562 1492 863 1562 promereri
884 1486 1184 1566 satagebat,
1209 1482 1353 1562 apud
1374 1493 1555 1563 ipsum
1580 1493 1747 1547 mise-

108 1599 117 1607 ”
147 1584 409 1657 ricordia:
434 1584 662 1652 fontem,
688 1584 784 1655 qui
806 1585 938 1641 dicit
963 1586 1019 1639 in
1042 1584 1336 1656 Evangelia
1367 1601 1380 1637 :
1415 1585 1568 1639 Beati
1589 1584 1750 1639 mise-

149 1676 426 1744 ricordes,
455 1666 717 1747 quoniam
748 1672 854 1746 ipsi
881 1668 1317 1732 miscricordiam
1343 1685 1748 1749 consequentur

150 1759 331 1841 (115).
357 1767 464 1825 Iste
494 1769 660 1824 homo
672 1768 908 1845 cupiens
942 1769 1108 1826 nimis
1136 1785 1300 1840 opere
1345 1770 1573 1840 implere
1600 1770 1747 1841 quod

146 1862 427 1931 scriptum
454 1867 572 1915 est:
601 1878 620 1911 ι
654 1858 788 1914 Date
807 1856 1233 1932 eleemosynam,
1259 1869 1315 1915 et
1337 1860 1523 1916 omnia
1546 1853 1749 1916 munda

148 1959 289 2008 sunt
312 1951 470 2006 vobis
500 1951 669 2023 (1M).
702 1971 721 2003 ›
747 1950 880 2018 Qua:
903 1951 1007 2023 sibi
1025 1950 1215 2022 utpote
1232 1954 1352 2008 seni
1378 1961 1433 2008 et
1448 1951 1665 2008 inﬁrmo
1683 1952 1753 2008 ad

150 2025 578 2100 réfocillandum
624 2043 1013 2115 corpusculum
1050 2059 1246 2114 parum
1292 2043 1579 2099 delicatius
1616 2059 1756 2114 prae-

149 2135 277 2205 pari
302 2134 566 2204 jusserat,
600 2132 914 2205 frequenter
939 2135 996 2190 in
1035 2151 1170 2191 usus
1198 2152 1501 2207 pauperum
1522 2151 1754 2193 conver—

151 2232 322 2281 terat.
355 2225 635 2284 Interdum
658 2234 713 2282 et
741 2228 859 2298 ipse
900 2228 1300 2300 aliquantulum
1338 2246 1405 2286 ex
1441 2231 1523 2286 eis
1554 2231 1625 2286 ob
1652 2232 1756 2287 hu-

151 2319 449 2390 militatem
486 2318 651 2374 simul
684 2327 740 2375 et
784 2320 1166 2376 necessitatem
1205 2322 1526 2395 degustans,
1559 2332 1755 2380 caetera

152 2408 352 2466 divisit
390 2411 534 2465 inter
554 2426 825 2482 pauperes
865 2421 919 2468 et
947 2413 1216 2483 inﬁrmos,
1243 2415 1359 2485 qui,
1394 2416 1673 2472 debilitate
1702 2425 1760 2472 et

156 2502 336 2558 nimia
363 2503 717 2574 aegrotatione
739 2505 1041 2575 praepediti,
1068 2506 1137 2562 ad
1158 2507 1447 2562 ecclesiam
1470 2523 1759 2566 occurrere

154 2611 275 2655 non
303 2603 574 2668 poterant,
607 2597 702 2653 ubi
724 2598 1127 2671 eieemosynam
1153 2600 1403 2670 accipere
1429 2600 1753 2657 debuerant.

156 2686 282 2746 Hoc
307 2705 447 2760 opus
490 2690 595 2747 sibi
622 2691 953 2761 pereharum
983 2691 1293 2762 injunxerat
1335 2693 1553 2749 cuidam
1597 2693 1759 2750 famis

157 2781 293 2838 liari
315 2791 370 2837 et
395 2782 556 2850 ﬁdeli,
588 2784 681 2839 cui
709 2784 944 2853 speciale
977 2784 1049 2840 ob
1073 2784 1129 2839 id
1151 2786 1405 2856 praestitit
1430 2786 1758 2843 beneﬁcium

158 2882 230 2929 ut
248 2889 348 2946 per
373 2882 546 2930 totam
579 2875 854 2931 civitatem
884 2875 1331 2934 circumcursans
1357 2876 1647 2950 diligenter
1673 2880 1759 2935 ins

159 2960 462 3038 vestigaret
485 2981 581 3023 eos
621 2967 679 3023 in
703 2967 906 3037 quibus
938 2967 1193 3026 Christus
1220 2970 1514 3026 vestiretur
1539 2978 1595 3027 et
1633 2986 1761 3041 pas-

162 3062 407 3113 eeretur.
429 3057 619 3116 Mensa
658 3059 827 3127 illius,
852 3061 1152 3116 secundum
1178 3063 1425 3134 regulam
1454 3062 1756 3134 Benedicti,

166 3156 389 3221 semper
414 3159 533 3207 erat
558 3166 683 3206 cum
722 3152 1032 3223 hospitibus
1070 3161 1125 3209 et
1146 3155 1470 3226 peregrinis.
1502 3153 1549 3211 Ο
1578 3157 1761 3212 virum
1787 3176 1829 3233 ο

163 3239 520 3308 laudabilem,
549 3241 645 3312 qui
674 3249 824 3298 totus
862 3242 922 3298 in
954 3243 1346 3301 misericordia
1383 3245 1597 3303 viscera
1625 3246 1763 3302 etfu-

121 3376 131 3382 .
161 3346 290 3399 sus,
320 3328 605 3389 Christum
634 3333 691 3388 in
726 3333 973 3390 minimis
1001 3336 1120 3391 suis
1149 3336 1426 3410 colligere,
1454 3353 1683 3408 pascere
1709 3347 1766 3395 et

162 3424 372 3479 vestire
397 3425 608 3480 curavit
632 3426 646 3479 !
675 3422 787 3480 Nec
815 3414 886 3481 ab
910 3424 998 3482 his
1023 3428 1283 3498 operibus
1310 3445 1555 3500 unquam
1574 3439 1768 3501 perm;

164 3530 270 3571 sus
293 3516 549 3571 cessavit.
584 3515 925 3574 Vestimenta
948 3535 1169 3590 quoque
1200 3529 1255 3577 et
1278 3520 1558 3590 alimenta,
1583 3523 1765 3578 mani-

163 3608 277 3663 bus
292 3607 546 3675 aliorum,
575 3609 775 3679 quibus
796 3609 939 3665 hanc
976 3625 1202 3681 operam
1227 3614 1527 3682 commisit,
1550 3614 1765 3685 aliquo-

164 3699 277 3755 ties
297 3701 631 3771 pauperibus
666 3700 785 3756 dari
815 3702 1100 3771 permisit;
1127 3704 1244 3774 ipse
1264 3721 1395 3761 vero
1422 3708 1767 3778 marsupium

165 3806 361 3847 secum
390 3802 636 3863 portans,
671 3793 816 3849 unde
850 3795 1090 3863 propriis
1128 3797 1387 3854 manibus
1424 3815 1683 3856 nummos
1712 3808 1769 3856 et

165 3882 368 3939 obuios
397 3883 584 3953 egenis
607 3891 662 3937 et
695 3882 998 3956 peregrinis
1040 3892 1285 3957 tempore
1317 3895 1627 3958 opportuno
1646 3904 1770 3945 ero-

168 3982 348 4046 garet,
364 3975 684 4031 sacellarius
699 3990 891 4045 eorum
909 3977 1169 4048 appellari
1182 3987 1238 4034 et
1253 3995 1376 4036 esse
1398 3996 1506 4037 non
1527 3982 1771 4052 erubuit,

170 4056 364 4121 certus
393 4066 540 4136 quod
584 4074 639 4121 et
680 4065 953 4135 Christus,
1000 4070 1302 4126 secundum
1348 4072 1771 4142 promissionem

169 4172 357 4226 suam,
399 4172 526 4213 eum
560 4172 671 4213 non
706 4160 998 4217 erubescat
1025 4176 1211 4217 coram
1248 4164 1458 4234 angelis
1503 4163 1619 4221 Dei.
1662 4164 1775 4223 Res

169 4265 328 4321 ergo,
382 4250 583 4321 quibus
627 4250 696 4305 ad
745 4260 958 4322 portam
992 4253 1311 4310 monasterii
1352 4256 1774 4314 adventantibus

171 4338 444 4415 debuerat
460 4340 783 4409 ministrari,
811 4351 938 4400 ante
963 4359 1023 4401 se
1057 4345 1360 4404 minoratas
1380 4356 1546 4418 atque
1563 4349 1775 4406 subtraa

1841 589 2029 645 gnum,
2072 574 2221 644 quod
2268 573 2427 628 vobis
2456 579 2711 643 paratum
2738 577 2823 625 est
2858 568 2928 625 ab
2967 570 3177 640 origine
3220 569 3431 625 mundi.

1841 660 2081 728 Esurivi,
2107 669 2162 716 et
2203 660 2434 717 dedistis
2464 660 2602 714 mihi
2646 658 3000 713 manducare.
3051 656 3229 725 Sitivi,
3251 667 3307 714 ct
3338 657 3438 714 de-

1841 749 2004 807 distis
2046 746 2183 805 mihi
2234 750 2443 806 bibere.
2480 744 2690 820 Hospes
2736 747 2839 815 fui,
2885 756 2938 804 et
2975 748 3271 819 e‘ollegistis
3303 752 3432 813 me;

1842 842 2044 908 nudus,
2085 850 2139 897 et
2171 841 2467 912 operuistis
2502 856 2611 896 me.
2648 834 2907 895 Inﬁrmus
2943 838 3043 907 fui,
3074 849 3129 895 ct
3169 839 3443 896 visitastis‘

1842 948 1950 988 me.
1984 918 2045 988 In
2073 948 2290 988 carcere
2314 937 2487 999 eram,
2516 940 2571 988 et
2600 927 2831 987 venistis
2859 931 2927 987 ad
2952 929 3040 986 me
3067 930 3236 1003 (115).
3271 950 3288 983 ι
3330 930 3441 985 Ho-

1842 1039 1968 1089 rum
2014 1025 2285 1095 particeps
2324 1033 2386 1079 ut
2413 1024 2586 1090 ﬁeret,
2620 1022 2923 1080 secundum
2971 1022 3314 1094 Apostolum,
3344 1024 3444 1094 qui

1845 1117 1965 1172 sine
1988 1116 2398 1172 intermissione
2420 1113 2580 1172 Orare
2592 1112 2745 1186 jubet
2767 1114 2938 1186 (116),
2953 1131 3077 1171 cum
3098 1115 3445 1188 Psalmogra-

1844 1212 1955 1281 pho
1984 1211 2087 1267 iste
2108 1211 2192 1288 vir
2217 1200 2311 1266 Dei
2353 1212 2694 1267 incessanter
2735 1212 2931 1279 oravit,
2958 1211 3147 1267 dicens
3175 1214 3191 1266 τ
3214 1209 3447 1267 PartiCi-

1844 1319 1971 1376 pem
2007 1320 2094 1361 me
2114 1303 2221 1373 fac,
2252 1303 2422 1372 Deus,
2444 1304 2692 1359 omnium
2722 1300 3030 1360 timentium
3068 1313 3143 1372 te,
3170 1310 3225 1359 et
3256 1302 3444 1360 custo—

1845 1388 2115 1451 dientium
2155 1395 2414 1453 mandata
2450 1390 2545 1450 tua
2588 1379 2757 1467 (“7).
2819 1393 2918 1451 His
2963 1411 2994 1450 a
3042 1394 3130 1450 me
3182 1392 3343 1450 dictis
3381 1409 3448 1450 ac

1847 1488 2090 1561 scriptis,
2114 1488 2473 1544 Ammonicus
2499 1482 2669 1543 movit
2698 1487 3061 1558 quaestionem
3087 1486 3278 1542 dicens
3303 1506 3316 1542 :
3340 1486 3448 1543 Te-

1848 1564 2167 1635 stimonium
2221 1572 2289 1635 de
2331 1564 2595 1650 Apostolo
2639 1587 2939 1650 sumptum,
2987 1594 3099 1651 quo
3138 1579 3450 1636 continetur

1848 1670 1969 1727 sine
2003 1658 2414 1728 intermissione
2466 1671 2760 1738 orandum,
2805 1663 2909 1728 etsi
2964 1671 3244 1740 credibile,
3301 1668 3453 1727 velut

1850 1761 1998 1833 quod
2033 1750 2328 1821 subnixum
2374 1772 2459 1821 est
2506 1764 2809 1835 apostolica
2854 1761 3203 1834 auctoritate,
3259 1765 3452 1822 multis

1856 1868 2040 1912 tamen
2064 1857 2281 1913 videtur
2308 1841 2668 1929 impoSsibilc,
2692 1866 2857 1929 atque
2887 1852 3112 1913 modum
3143 1846 3452 1916 humanum

1855 1947 2138 2004 excedere.
2188 1942 2389 2005 Dicunt
2420 1948 2609 2005 enim:
2667 1932 2803 2016 Quis
2838 1959 2924 2005 est
2964 1951 3279 2006 mortalium
3332 1952 3450 2022 qui,

1854 2041 2068 2097 caeteris
2084 2041 2307 2097 omissis
2332 2057 2455 2112 quae
2483 2050 2612 2097 sunt
2637 2041 2866 2113 agenda,
2899 2042 3018 2098 sine
3046 2042 3456 2100 intermissione

1854 2133 2033 2202 possit
2056 2133 2248 2188 orare?
2278 2132 2420 2200 Quid
2447 2134 2669 2201 mirum,
2702 2134 2949 2205 inquam,
2979 2134 3026 2192 si
3060 2137 3279 2194 caecitas
3300 2138 3457 2210 igno-

1836 2226 2051 2289 mantia:
2079 2241 2138 2282 se
2165 2226 2273 2283 illis
2306 2226 2584 2293 effuderit,
2612 2226 2709 2298 qui
2736 2227 2932 2283 nolunt
2952 2228 3233 2285 intendere
3268 2230 3456 2286 lumen

1857 2318 2030 2374 divini
2055 2320 2347 2387 sermonis,
2376 2308 2874 2400 nos'adhortantis:
2906 2340 2924 2372 ι
2947 2312 3279 2400 Scrutamini
3309 2304 3459 2378 Scri-

1856 2418 2047 2480 pturas
2083 2410 2257 2493 (118),Δ
2310 2430 2329 2463 ι
2361 2419 2417 2467 et
2448 2394 2738 2491 invenietis
2752 2413 2807 2468 in
2842 2412 2942 2469 eis.
2975 2412 3054 2470 De
3086 2397 3290 2486 quibus
3326 2400 3459 2471 alibi

1856 2501 2101 2559 dicitur:
2150 2522 2171 2556 ι
2209 2502 2329 2559 Νοιι
2352 2519 2544 2561 omnes
2572 2505 2797 2577 capiunt
2842 2507 3092 2574 verbum,
3125 2507 3221 2564 sed
3257 2508 3462 2579 quibus

1859 2594 2048 2650 datum
2070 2604 2156 2652 est
2198 2579 2367 2669 (119).
2399 2615 2419 2648 ι
2447 2595 2620 2653 Porro
2651 2597 2705 2652 in
2739 2613 2898 2654 saera
2930 2596 3213 2670 Scriptura
3249 2586 3461 2672 simpli,-

1860 2684 2039 2762 ciores
2068 2680 2294 2756 quique,
2327 2686 2376 2741 si
2426 2678 2756 2757 quaererent,
2805 2686 3115 2744 invenirent
3150 2706 3275 2761 quae
3310 2690 3464 2746 sum-

1860 2775 2069 2832 cienter
2110 2791 2208 2832 eos
2255 2768 2518 2847 pascant;
2562 2776 2946 2848 prudentiores
2982 2795 3114 2835 vero
3154 2779 3359 2837 habent
3404 2783 3462 2838 in

1859 2881 1924 2923 ea
1961 2864 2086 2938 quae
2126 2866 2415 2950 mirentur,
2448 2874 2506 2950 et
2544 2867 2600 2924 in
2631 2862 2834 2941 quibus
2864 2885 2923 2926 se
2963 2881 3273 2928 exerceant.
3312 2870 3463 2942 Quos

1859 2946 2331 3039 Psalmographus
2356 2946 2627 3039 designat,
2654 2950 2844 3018 dicens
2871 2980 2883 3017 :
2910 2953 3015 3034 Ipsi
3053 2956 3309 3022 viderunt
3330 2983 3464 3039 0pc-

1859 3067 1922 3108 ra
1954 3049 2171 3109 Domini
2200 3038 2257 3106 et
2277 3037 2549 3108 mirabilia
2573 3052 2692 3123 ejus
2714 3053 2771 3108 in
2801 3052 3072 3125 profundo
3101 3056 3271 3129 (120).
3308 3037 3467 3115 unde

1860 3132 1917 3204 et
1935 3162 2032 3219 per
2058 3145 2355 3218 quemdam
2405 3146 2708 3217 sapientem
2744 3146 2916 3219 (121),
2943 3141 3134 3205 eadem
3178 3149 3465 3223 Scriptura

1858 3249 2000 3301 satis
2034 3255 2277 3311 congrue
2316 3246 2671 3308 comparatur
2704 3239 2893 3306 fluvio,
2919 3239 2973 3294 in
2997 3256 3107 3311 quo
3133 3254 3310 3314 agnus
3339 3258 3463 3299 am-

1863 3336 2019 3392 bulat
2047 3341 2102 3390 et
2138 3333 2363 3403 elephas
2384 3339 2558 3387 natat.
2590 3330 2666 3387 De
2689 3331 2848 3402 cujus
2869 3331 3019 3388 ﬂuvii
3057 3334 3257 3406 quippe
3290 3334 3468 3393 ﬂuen-

1862 3429 1954 3495 tis,
1986 3427 2090 3483 hoe
2116 3433 2201 3481 est
2224 3439 2374 3480 sana:
2409 3423 2674 3479 doctrinae
2702 3412 3138 3494 imbutamentis,
3168 3428 3267 3499 qui
3300 3423 3465 3487 acce-

1862 3521 2005 3592 perit
2031 3519 2233 3575 trinam
2259 3532 2387 3573 eum
2430 3504 2643 3572 unitate
2690 3532 3030 3585 mensuram,
3074 3519 3129 3575 id
3178 3512 3287 3587 es't,
3340 3510 3467 3577 ﬁdei

1866 3626 2038 3683 sacra:
2073 3607 2334 3682 mysteria
2363 3615 2417 3662 et
2456 3607 2563 3663 alia
2601 3607 2796 3664 salutis
2829 3607 3078 3678 donaria,
3111 3612 3327 3683 primis,
3351 3628 3469 3669 me-

1865 3702 1974 3761 diis
2004 3713 2057 3759 et
2096 3703 2306 3759 ultimis
2351 3702 2725 3774 multipliciter
2768 3704 2980 3783 ab‘uno
3026 3706 3280 3764 didicerit
3318 3708 3471 3766 fonte

1869 3795 2182 3864 distributa,
2212 3796 2410 3852 sentiet
2447 3797 2551 3853 hoc
2584 3797 2733 3869 quod
2772 3797 3076 3856 inﬁrmitati
3113 3800 3368 3858 humana:
3387 3786 3470 3857 vi-

1867 3888 2028 3945 detur
2054 3888 2393 3963 impossibile
2415 3884 2482 3944 ex
2508 3888 2696 3944 divino
2727 3888 3000 3963 adjutorio
3027 3906 3149 3948 esse
3169 3893 3467 3964 possibile;

1869 3976 2135 4049 alioquin,
2167 3976 2216 4033 si
2249 3992 2427 4049 neque
2466 3976 2553 4034 est
2588 3978 2869 4049 possibile,
2917 3995 3025 4036 nec
3050 3981 3154 4037 erit
3186 3968 3467 4053 credibile,

1870 4077 1925 4123 et
1952 4068 2202 4140 cogimur
2224 4067 2547 4140 Apostolum
2586 4086 2837 4140 arguere,
2867 4078 3056 4141 utpote
3100 4070 3196 4144 qui
3243 4074 3347 4130 hoc
3400 4073 3470 4130 ﬁ-

1870 4157 2086 4216 delibus
2110 4158 2381 4239 agendum
2407 4163 2725 4233 praeceperit
2755 4163 2901 4234 quod
2931 4163 3051 4234 ipse
3099 4181 3211 4220 non
3243 4164 3468 4235 faceret,

1872 4266 1975 4308 nec
1997 4252 2110 4308 ullo
2143 4253 2308 4309 modo
2340 4253 2457 4310 ﬁeri
2482 4251 2686 4327 posset.
2718 4254 2896 4329 Hujus
2935 4257 3120 4331 itaque
3142 4262 3346 4319 erroris
3387 4263 3473 4319 in-

1871 4336 2079 4400 volutio
2112 4344 2228 4401 sive
2278 4343 2524 4416 deeeptio
2572 4346 2731 4419 longe
2763 4349 2836 4405 sit
2863 4365 2893 4405 a
2946 4350 3105 4407 nobis
3134 4361 3187 4406 et
3214 4354 3473 4409 omnibus

172 4438 317 4497 etas,
342 4432 460 4487 suis
489 4434 824 4504 temporibus
851 4435 926 4490 ita
971 4437 1275 4493 melioravit
1319 4449 1376 4495 et
1408 4441 1689 4512 ampliavit
1715 4452 1776 4498 ut
1874 4431 2223 4515 Christianis.
2272 4435 2532 4494 Dicamus
2569 4454 2700 4511 ergo
2731 4440 2879 4511 quod
2917 4440 3050 4497 ﬁdes
3079 4442 3275 4513 recipit
3307 4436 3472 4498 Chri-

173 4522 249 4578 ad
283 4524 589 4597 exhibenda
635 4526 993 4584 humanitatis
1039 4529 1237 4597 cilicia,
1270 4547 1446 4602 usque
1466 4533 1524 4587 in
1553 4533 1760 4589 hodier-

1875 4523 2071 4604 stiana.
2130 4523 2269 4592 Quia
2310 4528 2459 4582 omni
2497 4528 2705 4584 homini
2739 4529 2851 4585 Deo
2881 4522 3170 4587 famulanti
3203 4533 3473 4604 quidquid

173 4631 316 4670 num
344 4616 515 4684 diem,
537 4618 611 4673 ibi
634 4621 775 4693 satis
799 4620 870 4676 είι
908 4598 1593 4691 compendiosum-63.1,“
1621 4633 1776 4694 parte
1802 4598 1838 4604 ”
1876 4622 2022 4669 recte
2050 4598 2236 4669 fecerit
2256 4630 2356 4685 pro
2383 4614 2629 4672 oratione
2649 4617 3065 4688 deputabimur;
3092 4598 3243 4676 verbi
3274 4598 3470 4694 gratia,

174 4705 605 4783 xenodochium,
626 4725 692 4783 ex
715 4710 885 4765 altera
908 4720 1065 4782 parte
1095 4712 1426 4770 miserorum
1464 4717 1777 4773 venerabile
1880 4720 2005 4762 cum
2031 4698 2088 4762 ίιι
2116 4708 2361 4777 corporis
2382 4724 2571 4764 curam
2596 4710 2908 4766 necessario
2930 4707 3128 4783 δείδι’ίεν
3148 4730 3248 4785 ι)το
3269 4719 3320 4769 ιθ
3342 4729 3467 4770 01⁵³·

174 4798 582 4855 nosocomium.
640 4800 796 4856 Unde
845 4810 899 4856 et
943 4803 1013 4859 ob
1058 4801 1418 4874 frequentiam
1448 4820 1777 4876 pauperum,

176 4892 613 4949 consolationem
646 4895 716 4950 ab
744 4909 811 4949 eo
844 4895 1088 4965 quotidie
1126 4897 1534 4969 accipientium,
1562 4901 1775 4956 vocita-

179 4989 273 5037 tus
323 4991 409 5039 est
446 4983 607 5040 Pater
648 4984 1088 5058 peregrinorum,
1136 4987 1445 5054 viduarum,
1494 4990 1775 5060 orphano-

175 5086 329 5127 rum.
380 5071 490 5128 Pro
538 5090 775 5145 quorum
815 5075 1050 5149 benigna
1111 5079 1475 5149 susceptione,
1519 5095 1620 5137 nec
1663 5097 1775 5137 non

178 5163 473 5234 multiplici
490 5168 839 5234 revelatione,
866 5169 990 5237 quis
1015 5175 1099 5223 est
1134 5168 1229 5239 qui
1257 5168 1467 5224 dubitet
1503 5170 1649 5226 hunc
1683 5186 1773 5226 se-

179 5266 311 5305 nem
361 5252 731 5308 venerandum
773 5270 898 5310 cum
942 5256 1138 5311 ovibus
1187 5270 1217 5311 a
1256 5256 1461 5313 dextris
1500 5259 1775 5314 collocan—

179 5339 319 5415 dum
332 5342 363 5397 is
376 5340 587 5409 Quibus
604 5342 721 5400 Rex
751 5345 948 5401 sedens
978 5346 1035 5400 in
1064 5346 1193 5402 sede
1221 5346 1526 5419 majestatis
1554 5363 1667 5405 suae
1692 5348 1776 5405 di-

284 5518 412 5587 II5)
452 5518 646 5576 Matth.
671 5540 717 5578 v.

287 5590 417 5659 1M)
456 5589 587 5647 Luc.
620 5608 699 5647 xi.

286 5659 412 5719 115)
452 5660 645 5716 Matth.
681 5680 834 5719 xxm.

291 5730 413 5788 116)
437 5730 468 5785 1
501 5732 677 5787 Thess.
706 5749 759 5788 ν.

290 5800 415 5873 117)
440 5801 593 5857 Ρεαι.
626 5818 813 5860 cxvm.

595 5919 869 5981 Parnm.
910 5919 1121 5982 CXLI.

1877 4795 1957 4849 bit
1990 4797 2355 4869 eleemosyna,
2384 4814 2480 4853 seu
2502 4806 2824 4855 exterarum
2849 4800 3037 4859 rerum
3069 4803 3473 4861 administratio

1872 4887 2022 4959 justa
2049 4907 2062 4956 ;
2097 4888 2145 4945 si
2182 4896 2311 4945 vero
2355 4904 2464 4946 non
2494 4898 2579 4947 est
2603 4892 2749 4948 unde
2778 4892 3010 4962 tribuas,
3059 4895 3294 4952 Sufﬁciat
3326 4897 3471 4954 bona

1879 4981 2150 5037 voluntas.
2206 4978 2378 5049 Quem
2415 4998 2546 5054 ergo
2594 4981 2695 5054 pro
2745 4982 2917 5040 Paulo
2970 5001 3157 5043 orasse
3203 4986 3402 5056 credis,
3435 5005 3472 5043 ο

1874 5071 2205 5141 Ammoniei,
2230 5075 2452 5144 quando
2487 5090 2716 5145 regnum
2757 5074 2854 5131 Dei
2879 5076 3184 5147 prmdicans
3220 5086 3333 5134 tota
3358 5078 3466 5146 die,

1875 5179 2186 5221 sermonem
2241 5167 2509 5237 protraxit
2549 5182 2686 5238 pene
2744 5184 2923 5239 usque
2969 5168 3027 5223 in
3078 5168 3315 5225 mediam
3364 5185 3466 5225 no—

1874 5256 2021 5315 ctem
2048 5257 2196 5329 (122)
2220 5259 2242 5313 ?
2264 5257 2641 5315 Ammonieins
2669 5277 2681 5314 :
2715 5278 2734 5312 ι
2764 5259 3042 5317 Justitiam
3069 5276 3134 5317 ac
3156 5261 3473 5318 misericora

1875 5346 2044 5406 diam.
2082 5368 2101 5402 ι
2129 5349 2198 5406 Et
2216 5366 2358 5424 ego:
2399 5371 2419 5404 ι
2468 5350 2634 5408 Recte
2677 5351 2959 5424 judicasti.
3001 5352 3092 5409 Sic
3120 5353 3267 5411 enim
3301 5361 3467 5425 operat

1948 5524 2096 5609 (ιιι)
2130 5529 2289 5609 ean:

1964 5599 2096 5669 ξ119)
2124 5599 2318 5656 Matth.
2350 5617 2465 5657 xix.

1976 5672 2098 5741 1&0)
2123 5672 2274 5741 Rsal.
2306 5688 2411 5727 ενι.

1983 5724 2101 5815 l3!)
2141 5739 2196 5815 S.
2235 5724 2407 5796 Cal-2c.
2441 5745 2594 5813 epist.
2628 5746 2681 5799 in
2716 5743 2815 5798 Joo
2849 5724 2964 5815 (ap.
3001 5762 3073 5801 Iv.

1984 5812 2100 5884 12⁸2)
2128 5813 2246 5866 Act.
2280 5828 2370 5866 xx.

3071 5925 3155 5987 33
