4104 5260
596 295 736 353 1055

1580 293 1883 350 ARNOLDI
1922 292 2523 353 EMMERAMMENSIS
2560 298 2889 355 MONAClll.

3742 303 3885 360 1066

583 412 811 486 justitia:
834 420 889 468 et
912 409 1305 468 misericordia
1332 409 1638 483 probantur
1663 408 1781 466 sine
1809 407 2177 464 intermissio-
2205 414 2254 473 Α
2283 417 2394 499 tota
2442 422 2625 467 meme
2651 421 2705 467 et
2731 421 2845 499 tota
2891 411 3091 469 virtute
3115 410 3440 485 diligendus.
3487 414 3589 472 llis
3635 416 3808 475 dictis
3833 429 3887 478 et

586 523 655 563 ne
680 521 781 578 pro
827 504 1080 561 ﬁdelibus
1125 517 1304 569 orare,
1330 503 1489 573 juxta
1534 502 1658 568 hoc,
1686 500 1832 571 quod
1868 500 2013 555 idem
2035 500 2179 570 Apo-
2281 498 2503 565 auditis,
2560 515 2672 555 non
2705 498 2799 558 illo
2837 516 2948 572 quo
2985 502 3149 572 paulo
3193 510 3341 571 ante,
3376 503 3472 559 sed
3523 505 3637 562 alio
3677 523 3887 579 genere

586 597 762 653 stolus
789 595 919 650 alibi
949 601 1186 649 testatur
1218 592 1443 647 dicens:
1475 611 1492 642 ι
1534 589 1657 661 Ipse
1681 590 1906 659 spiritus
1942 604 2040 660 pro
2073 605 2165 644 no-

582 687 670 744 bis
691 686 998 756 interpellat
1015 683 1307 757 gemitibus
1323 681 1785 737 inenarrabilibus
1799 680 1966 751 (125).
1982 700 1999 729 ι
2018 678 2175 746 Quod

585 796 719 840 non,
742 777 923 832 dicam
976 777 1056 831 sic
1094 773 1472 845 accipiendum
1522 789 1633 844 quo
1681 773 1906 842 spiritus
1953 780 2171 842 gemat;

584 869 678 923 sed
704 870 855 939 quia,
887 885 1027 938 quos
1046 875 1285 931 orantes,
1318 866 1526 935 pariter
1548 873 1602 920 ct
1628 874 1904 937 gementes
1935 863 2119 919 faciat.
2148 885 2167 917 ι

587 980 605 1012 ι
638 959 850 1027 Fateor,
876 959 1053 1029 inquit
1078 956 1478 1024 Ammonicius,
1521 957 1657 1011 mihi
1680 956 2025 1013 satisfactum
2051 972 2174 1013 csse

578 1050 635 1105 in
662 1048 1003 1106 absolutione
1023 1047 1342 1118 quaestionis
1365 1048 1674 1118 propositae.
1705 1046 1812 1103 Sed
1838 1048 2172 1105 desiderium

577 1143 834 1199 audiendi
857 1141 1121 1212 praeclara
1142 1149 1197 1196 et
1229 1141 1404 1208 utilia,
1439 1156 1720 1197 morarum
1751 1140 2042 1211 impatiens
2068 1157 2169 1212 po-

576 1236 742 1292 stulat
774 1243 837 1289 ut
878 1249 1001 1305 quae
1024 1233 1205 1289 adhuc
1237 1233 1456 1288 dilectio
1486 1242 1600 1300 tua,
1628 1232 1697 1288 de
1717 1232 1838 1290 viro
1866 1234 1962 1289 Dei
1989 1233 2171 1290 dicere

575 1328 758 1394 habet,
783 1325 1031 1381 celeriter
1054 1322 1322 1396 proferas,
1354 1332 1407 1379 et
1430 1324 1509 1379 sic
1536 1322 1605 1379 ad
1633 1325 1740 1380 alia
1761 1333 2017 1380 strenuus
2041 1339 2168 1381 cum

572 1420 767 1486 salute,
821 1433 909 1472 me
955 1418 1175 1483 comite,
1226 1416 1437 1471 tendas.
1492 1434 1511 1468 ι
1569 1434 1588 1468 ι
1642 1416 1783 1485 Fiat,
1830 1417 2078 1488 inquam,
2120 1416 2166 1472 si

570 1509 832 1579 possibile
858 1516 963 1576 est,
999 1515 1112 1562 uta
1141 1522 1229 1563 me
1257 1507 1464 1562 cursim
1509 1507 1803 1576 scribatur,
1853 1508 2001 1580 quod
2052 1524 2081 1563 a
2112 1516 2167 1563 te

570 1604 853 1673 tantopere
895 1600 1257 1657 desideratur.
1292 1598 1408 1655 lmo
1436 1600 1532 1654 flat
1555 1600 1810 1672 voluntas
1856 1600 1951 1657 Dei
1982 1599 2163 1657 omni-

568 1695 825 1765 potentis,
856 1704 919 1750 ut
938 1693 1208 1766 fragilitas
1229 1693 1491 1760 humana,
1519 1693 1746 1764 abjcctis
1768 1694 1857 1750 bis
1907 1710 2032 1765 quae
2064 1710 2162 1749 va-

2279 596 2562 656 coeperunt
2602 605 2829 645 manare
2864 581 3151 663 lacrymze,’
3174 600 3329 649 tanto
3359 595 3647 654 uberiores
3665 610 3885 669 quanto

2277 678 2543 735 utiliores.
2573 679 3023 738 Recordabantur
3066 685 3233 752 enim,
3287 693 3401 741 tam
3442 702 3511 742 ex
3539 686 3700 743 Pauli
3744 707 3882 747 sen-

2279 769 2444 823 tentia
2472 786 2636 840 quam
2672 787 2739 827 ex
2770 773 3041 842 probabili
3070 775 3173 829 viri
3198 774 3295 831 Dei
3317 779 3599 847 patientia,
3631 780 3690 835 in
3721 781 3883 837 inﬁr-

2275 860 2464 916 mitate
2491 863 2747 919 virtutem
2773 865 3077 922 certissime
3098 867 3284 936 perﬁci
3307 869 3477 939 (150).
3503 869 3665 937 Quod
3693 883 3750 928 et
3776 889 3885 943 po-

2275 960 2391 1008 stea
2421 954 2478 1008 in
2504 956 2800 1011 venerabili
2829 972 2961 1013 sene
2979 957 3154 1014 virtus
3175 960 3358 1015 divina
3383 962 3684 1034 clementer
3706 964 3882 1020 simul

2273 1054 2327 1099 et
2357 1053 2606 1115 potenter
2649 1049 2869 1120 dignata
2918 1058 3003 1106 est
3026 1050 3323 1108 declarare.
3353 1052 3490 1109 Nam
3539 1071 3666 1111 eum
3697 1055 3880 1113 ferme

2272 1136 2556 1193 biennium
2583 1139 2639 1194 in
2660 1141 3018 1210 percussione
3052 1144 3311 1200 caecitatis
3335 1160 3513 1202 caecus
3545 1147 3746 1204 videns
3772 1163 3879 1204 ex-
3936 1154 3945 1161 '

2269 1228 2548 1298 plevisset,
2573 1232 2809 1302 quadam
2837 1243 2997 1290 nocte
3024 1236 3337 1293 discurrens
3371 1239 3513 1294 inter
3559 1240 3780 1308 altaria,
3813 1253 3878 1298 ut

2270 1330 2400 1377 ante
2420 1324 2647 1391 solebat,
2664 1325 2920 1397 frequens
2937 1330 3187 1400 venipeta
3211 1329 3308 1404 [αι.
3321 1373 3336 1399 ,
3354 1334 3665 1408 vmnipeta],
3690 1335 3876 1393 labori

2270 1429 2428 1472 sacro
2451 1418 2738 1489 vigilanter
2765 1419 3068 1490 insistebat,
3100 1439 3201 1479 nec
3227 1425 3371 1480 aetati
3400 1427 3692 1498 decrepita;
3713 1429 3875 1499 prius

2268 1525 2491 1580 parcere
2536 1513 2750 1568 volebat
2792 1530 2960 1585 quam
3019 1532 3116 1587 per
3164 1517 3417 1587 Spiritum
3486 1520 3724 1591 gratiam
3768 1520 3874 1577 Dei

2269 1603 2462 1661 adesse
2490 1607 2872 1677 cognoscebat.
2904 1607 3046 1663 Tum
3068 1616 3193 1664 ante
3217 1618 3462 1666 sanctam
3489 1627 3717 1669 crucem
3736 1628 3873 1684 pro-

2269 1704 2494 1766 stratus,
2520 1713 2622 1753 nec
2655 1714 2765 1753 non
2790 1700 3049 1772 laerymis
3067 1710 3122 1756 et
3158 1703 3406 1758 oratione
3431 1704 3569 1760 satis
3596 1704 3869 1761 humilia-

568 1794 822 1855 nescunt,
876 1786 1008 1842 velit
1045 1794 1100 1841 et
1138 1786 1319 1841 valeat
1349 1800 1633 1856 quaevere
1662 1786 1806 1867 bona
1826 1785 2086 1843 dicuntur
2109 1795 2164 1843 et
2193 1782 2236 1840 B
2265 1793 2376 1854 tus,
2428 1788 2677 1858 corporis
2724 1788 3044 1863 fatigatione
3087 1793 3247 1863 quasi
3289 1794 3537 1866 requiem
3570 1807 3866 1866 poscente,

567 1887 717 1935 sunt.

645 1989 663 2023 ι
695 1967 905 2026 Horum
926 1969 1199 2041 siquidem
1228 1967 1610 2026 affectionibus
1645 1968 1803 2025 valde
1828 1969 2159 2026 necessariis

562 2061 817 2118 ardenter
869 2061 1109 2130 inhians,
1161 2061 1277 2118 suis
1334 2061 1671 2139 temporibus
1716 2062 2160 2119 venerabillimus

563 2152 733 2209 abbas
762 2149 1124 2219 Ramuoldus,
1147 2167 1275 2207 cum
1296 2166 1364 2207 ex
1392 2149 1632 2221 donoaS.
1671 2149 1911 2222 Spiritus
1937 2168 2046 2207 non
2070 2167 2159 2208 so-

563 2246 680 2303 lum
702 2245 762 2302 in
781 2245 947 2302 rebus
967 2244 1320 2302 interioribus
1333 2243 1552 2299 Patrem
1586 2259 1645 2300 se
1671 2243 1971 2315 spiritalem
2003 2244 2158 2299 exhi-

558 2338 713 2395 beret
745 2337 951 2395 Christi
981 2337 1307 2406 cultoribus,
1346 2353 1537 2393 verum
1580 2336 1748 2392 etiam
1781 2336 2157 2392 inexteriori-

557 2432 663 2490 bus
681 2432 1025 2504 dispensator
1051 2432 1309 2488 existeret
1333 2430 1817 2502 prudentissimus,
1849 2436 2038 2500 utpote
2061 2428 2157 2499 qui

556 2542 653 2598 per
683 2534 939 2583 ornatum
971 2524 1248 2592 Ecclesiae,
1278 2539 1380 2579 nec
1403 2538 1514 2578 non
1536 2523 1875 2589 monasterii,
1901 2536 2157 2577 necessa-

555 2616 699 2673 riam
730 2617 1121 2687 supellectilem
1156 2630 1223 2672 ac
1255 2614 1615 2685 multiplicem
1659 2614 1941 2669 variarum
1967 2627 2154 2668 rerum

555 2709 1111 2777 administrationem,
1147 2707 1349 2764 seniles
1374 2723 1550 2763 annos
1575 2705 1980 2777 quodammodo
2004 2706 2156 2777 juve-

555 2814 785 2855 nescere
818 2797 1037 2865 fecerit;
1078 2808 1131 2854 et
1154 2797 1222 2853 de
1258 2797 1519 2854 thesauro
1554 2796 1836 2868 sapientiae
1864 2812 2005 2851 nova
2026 2811 2153 2852 cum

552 2892 828 2948 veteribus
854 2890 1145 2962 protulerit
1180 2889 1352 2962 (124),
1375 2889 1533 2960 juxta
1566 2890 1673 2945 hoc
1696 2889 1843 2960 quod
1868 2896 1984 2945 tota
2014 2903 2154 2960 pne-

554 2998 683 3040 scns
706 2983 819 3038 vita
869 2982 1265 3040 tentationibus
1294 2989 1381 3037 est
1421 2980 1601 3052 plena,
1627 2997 1772 3052 saepe
1804 2989 2066 3048 tentatus,
2098 2988 2152 3037 et

551 3091 651 3147 per
683 3076 842 3146 plura
870 3074 1174 3146 probatus;
1200 3073 1422 3129 demum
1466 3080 1582 3128 tam
1628 3088 1849 3145 gravem
1875 3073 1980 3129 sub
2018 3071 2149 3127 vitio

551 3168 760 3239 pituitae
795 3168 882 3223 vel
907 3167 1060 3240 (l25)
1099 3166 1380 3222 seotomiae
1408 3165 1601 3222 incidit
1633 3166 2011 3233 tentationem,
2036 3181 2147 3236 quo

551 3259 764 3315 caeteris
794 3258 1061 3314 membris
1100 3257 1273 3313 ollicia
1307 3273 1409 3312 sua
1450 3264 1537 3313 sat
1578 3256 1760 3312 vivide
1809 3257 2145 3328 gerentibus,

549 3352 838 3408 oculorum
858 3367 1085 3407 suorum
1109 3350 1329 3422 penitus
1368 3349 1616 3406 amiserit
1643 3350 1852 3405 lumen.
1881 3348 2053 3421 Cujus
2077 3348 2147 3405 ad

550 3452 766 3515 tempus
806 3444 1020 3500 tristem
1068 3442 1341 3498 defectum
1386 3458 1454 3498 ac
1499 3442 1809 3498 afﬂictionis
1852 3442 2148 3513 asperitate

549 3534 880 3605 confectum,
908 3551 1076 3607 quam
1100 3535 1370 3606 patienter
1393 3534 1479 3590 vir
1506 3533 1603 3590 Dei
1639 3533 1985 3601 sustinuerit,
2023 3532 2146 3604 qui-

547 3629 784 3686 busdam
808 3628 1057 3702 personis
1087 3627 1143 3682 in
1176 3627 1262 3683 sui
1284 3627 1574 3698 praesentia
1602 3642 1767 3697 super
1786 3626 1891 3681 hac
1912 3641 1971 3681 re
1995 3641 2145 3696 quae-

547 3722 817 3789 rentibus,
850 3712 1016 3776 etiam
1045 3729 1096 3776 et
1126 3719 1574 3792 lacrymantibus,
1610 3718 1792 3781 verbis
1828 3718 2143 3788 hujusmodi

547 3813 840 3887 patefecit:
882 3813 1073 3869 Cesset
1094 3814 1257 3867 homo
1278 3809 1475 3866 deﬂere
1504 3826 1603 3882 pro
1642 3809 1895 3865 defectivi
1918 3809 2142 3866 luminis

547 3906 864 3974 amissione,
879 3904 1027 3977 quod
1047 3920 1260 3973 semper
1283 3904 1557 3958 manentis
1582 3901 1964 3957 certitudinem
1978 3901 2141 3957 habet

547 3999 603 4052 in
630 4012 747 4068 spe,
771 4013 838 4053 ex
867 3996 1106 4052 veridica
1129 3993 1428 4049 Salvatoris
1447 3992 1831 4064 promissione.
1864 3990 2007 4047 Caeci
2029 4007 2139 4048 non

547 4105 764 4157 sumus,
796 4088 892 4160 qui
913 4087 1101 4144 oculos
1132 4102 1229 4157 per
1259 4085 1424 4141 ﬁdem
1455 4085 1572 4156 jam
1614 4085 1950 4140 illuminatos
1976 4085 2139 4139 babe-

548 4198 674 4239 mus
701 4179 869 4253 (126).
903 4179 1095 4235 Caecus
1130 4187 1313 4234 autem
1357 4185 1462 4244 est,
1502 4177 1631 4232 etin
1657 4177 1894 4232 tenebris
1930 4184 2135 4242 manet,

547 4274 643 4346 qui
669 4273 831 4329 ﬁdem
858 4288 981 4344 qua:
1002 4271 1274 4326 illuminat
1300 4268 1527 4324 minime
1547 4268 1729 4323 habet.
1758 4266 1913 4324 Unde
1936 4276 1993 4324 et
2013 4284 2134 4323 am-

546 4366 865 4426 bulantibus
893 4364 950 4421 in
972 4364 1077 4419 fide
1090 4362 1248 4418 valde
1270 4362 1553 4434 indignum
1580 4360 1793 4416 videtur
1819 4376 1983 4416 usum
2001 4376 2137 4431 prae-

2263 1876 2376 1933 imo
2402 1877 2657 1947 Domino,
2685 1881 2781 1951 qui
2806 1896 2917 1936 non
2944 1882 3149 1938 dormit
3182 1900 3362 1957 neque
3392 1886 3661 1943 dormitat
3689 1888 3867 1961 (151),

2244 1983 2401 2038 opus
2427 1984 2591 2025 suum
2621 1971 2920 2029 elariticare
2948 1975 3186 2044 volente,
3216 1985 3508 2047 soporatus
3538 1987 3628 2034 est
3652 1979 3866 2049 subito,

2260 2074 2489 2131 corpore
2510 2077 2620 2117 non
2650 2074 2850 2119 mente.
2880 2064 2949 2119 Et
2975 2080 3103 2121 ecce
3146 2066 3327 2141 imago
3347 2070 3598 2126 cruciﬁxi
3640 2072 3865 2130 Domini

2260 2150 2435 2205 nostri
2462 2149 2594 2207 Jesu
2621 2151 2828 2210 Christi
2858 2155 2976 2211 visa
3009 2166 3094 2212 est
3123 2158 3203 2212 illi
3224 2159 3563 2217 descendere
3588 2163 3660 2219 de
3689 2180 3864 2222 cruce

2258 2250 2313 2297 et
2338 2242 2522 2298 venire
2549 2260 2725 2315 usque
2746 2245 2814 2301 ad
2844 2261 2902 2302 se
2927 2265 2941 2314 ;
2966 2263 3090 2318 quae
3113 2256 3267 2306 stans
3286 2266 3475 2308 coram
3502 2267 3593 2321 eo,
3617 2263 3862 2327 utraque

2258 2348 2448 2401 manu,
2479 2333 2620 2390 sicut
2644 2336 2825 2391 visum
2847 2345 2933 2393 est
2961 2337 3032 2406 ei,
3059 2340 3315 2396 candelas
3335 2342 3593 2399 ardentes
3619 2344 3692 2400 de
3721 2361 3860 2402 ean—

2256 2422 2500 2491 delabro,
2546 2439 2709 2494 super
2742 2426 2942 2497 gradus
2984 2429 3236 2486 cominus
3270 2431 3471 2500 posito,
3515 2434 3647 2488 tulit
3695 2444 3754 2490 et
3802 2436 3860 2493 in

2257 2515 2448 2570 oculos
2478 2516 2625 2571 senis
2649 2516 2913 2573 violenter
2933 2518 3148 2575 inﬂixit.
3180 2520 3285 2588 Qui
3312 2523 3553 2593 primum
3578 2527 3654 2582 ob
3677 2527 3862 2584 Domi-

2255 2606 2394 2661 uicae
2422 2606 2747 2663 descensum
2779 2609 2971 2665 iconia:
3004 2626 3117 2666 non
3144 2627 3376 2684 parvum
3402 2618 3693 2674 sustinens
3717 2634 3860 2690 pon-

2255 2695 2359 2751 dus
2384 2697 2615 2766 agonize,
2656 2698 2785 2753 dein
2814 2714 2911 2770 per
2954 2700 3135 2773 ignem
3184 2703 3473 2762 advertens
3514 2709 3853 2778 praeclarum

2254 2785 2513 2857 quiddam
2533 2786 2829 2859 designari,
2860 2797 3025 2860 atque
3053 2806 3151 2862 per
3186 2792 3374 2850 lumen
3408 2797 3661 2853 sentiens
3693 2807 3853 2854 tene-

2252 2877 2383 2933 bras
2405 2876 2604 2948 fugari,
2633 2880 2870 2936 surrexit
2892 2882 3148 2954 lacrymis
3169 2900 3234 2941 ac
3260 2886 3460 2942 sudore
3486 2888 3777 2959 perfusus,
3798 2899 3856 2946 et

2251 2984 2284 3025 e
2308 2970 2538 3042 vestigio
2559 2981 2882 3030 convertens
2902 2975 3090 3032 oculos
3120 2977 3179 3032 in
3205 2979 3467 3049 pristinos
3488 2997 3651 3049 usus,
3684 2984 3856 3053 erepit

2252 3076 2439 3119 secum
2470 3063 2683 3133 mirari,
2710 3066 2875 3122 simul
2910 3076 2964 3124 et
2992 3068 3157 3127 altius
3184 3085 3310 3125 cum
3345 3071 3599 3129 interiori
3622 3074 3853 3134 homine

2175 3128 2220 3191 C
2251 3155 2488 3210 serutari
2535 3128 2678 3227 quid?
2709 3159 2815 3214 sibi
2843 3160 3004 3217 vellet
3038 3161 3185 3233 quod
3218 3171 3341 3234 post
3384 3166 3528 3220 tanti
3578 3168 3852 3237 temporis

2250 3246 2520 3303 luminum
2573 3265 2607 3305 a
2659 3252 2849 3309 multis
2901 3254 3249 3326 desperatum
3303 3267 3582 3329 receperat
3638 3259 3844 3315 visum.

2248 3338 2497 3412 Cumque
2538 3341 2595 3396 in
2642 3342 2792 3399 brevi
2834 3361 3000 3416 super
3019 3347 3397 3418 hujuscemodi
3430 3366 3490 3405 re
3514 3352 3662 3406 ratio
3684 3352 3845 3407 satis-

2234 3420 2453 3488 faceret
2501 3433 2734 3503 homini,
2774 3445 2831 3492 et
2867 3438 3035 3493 homo
3057 3440 3281 3508 rationi,
3329 3448 3459 3496 tunc
3502 3442 3620 3498 oris
3662 3442 3845 3500 ofﬁcio

2247 3524 2616 3595 conjubilante
2640 3543 2771 3598 cum
2803 3530 2987 3585 cordis
3015 3530 3277 3602 hospitio,
3320 3534 3615 3605 magniﬁce
3638 3537 3844 3608 gratias

2244 3619 2357 3690 egit
2389 3618 2522 3689 Deo,
2550 3622 2646 3693 qui
2676 3638 2895 3679 servum
2923 3641 3086 3682 suum
3106 3628 3181 3682 ita
3216 3629 3469 3700 dignatus
3504 3640 3591 3686 est
3613 3632 3842 3688 visitare

2243 3720 2307 3767 ut
2331 3713 2464 3769 etin
2485 3716 2842 3788 castigatione
2862 3721 3132 3789 corporali
3157 3721 3261 3776 sibi
3295 3731 3440 3777 esset
3463 3726 3761 3793 correctio,
3784 3735 3840 3782 et

2243 3806 2529 3861 oculorum
2576 3808 2697 3879 ejus
2740 3810 3068 3867 revelatione
3108 3812 3176 3867 ad
3231 3823 3420 3870 sancta
3464 3817 3551 3871 vel
3606 3817 3837 3874 honesta

2241 3900 2540 3955 multorum
2582 3911 2971 3970 provocaretur
3027 3903 3261 3960 affectio.
3309 3904 3480 3977 Cujus
3523 3909 3608 3963 rei
3661 3911 3837 3982 gratia

2240 4006 2350 4061 quo
2376 3992 2625 4048 tenacius
2645 3994 2919 4050 bonorum
2944 3995 3239 4051 haberetur
3264 3997 3321 4053 in
3354 4000 3647 4068 memoria,
3668 4001 3837 4056 homo

2238 4081 2336 4137 Dei
2355 4082 2524 4154 jussit
2542 4084 2684 4140 inter
2703 4095 2896 4141 caetera
2920 4086 3309 4144 miraculorum
3329 4090 3507 4161 signa,
3534 4093 3656 4149 sive
3689 4094 3836 4149 indi-

2236 4175 2343 4242 cia,
2367 4175 2614 4232 oculares
2639 4177 2876 4234 circulos
2901 4181 3162 4250 suspendi
3182 4181 3237 4236 in
3271 4183 3525 4252 ecclesia,
3551 4200 3678 4254 qua:
3706 4185 3835 4240 bea-

2237 4265 2278 4319 ti
2335 4264 2724 4321 Emmerammi
2766 4269 3026 4340 martyris
3073 4260 3302 4341 corpore
3351 4288 3509 4328 sacro
3557 4275 3746 4330 dotata
3779 4284 3835 4331 et

2235 4357 2469 4426 meritis,
2494 4373 2597 4414 nec
2616 4374 2728 4413 non
2754 4360 2989 4417 aliorum
3018 4364 3337 4433 patrociniis
3358 4365 3587 4435 praedita
3611 4375 3832 4423 sancto-

547 4466 719 4524 sentis
746 4463 970 4521 luminis
995 4460 1181 4532 magni
1202 4459 1471 4532 pendere;
1499 4457 1646 4530 quod
1667 4458 1747 4513 eis
1771 4473 1899 4513 eum
1923 4458 2131 4512 muscis
2164 4472 2209 4525 ι)
2235 4466 2381 4517 rum.
2417 4451 2626 4507 008185“
2667 4453 2887 4523 specula
2923 4456 3248 4512 mortalibus
3271 4456 3509 4512 demissa
3563 4458 3829 4515 beneﬁcia

547 4575 612 4616 ac
636 4557 920 4615 vilissimis
944 4554 1337 4620 animantibus,
1365 4552 1531 4608 etiam
1555 4550 1920 4621 serpentibus,
1945 4549 2131 4604 existit

544 4667 837 4709 commune
861 4670 875 4707 :
899 4648 1045 4722 Ergo
1075 4649 1207 4703 libet
1231 4647 1361 4702 totis
1385 4645 1593 4700 viribus
1615 4642 1896 4699 intendere
1921 4643 1978 4697 in
2000 4656 2128 4697 cum

545 4746 641 4818 qui
666 4745 839 4801 dicit:
869 4763 889 4798 ι
917 4758 1017 4815 ego
1051 4757 1175 4798 sum
1208 4739 1301 4795 lux
1331 4737 1523 4793 mundi
1555 4756 1569 4793 :
1608 4736 1701 4808 qui
1732 4736 1981 4808 sequitur
2017 4751 2125 4804 me,

544 4854 657 4893 non
713 4836 957 4893 ambulat
995 4834 1051 4889 in
1108 4831 1366 4898 tenebris,
1416 4829 1512 4886 sed
1563 4829 1783 4884 habebit
1820 4830 2007 4884 lumen
2039 4829 2125 4882 vi-

544 4940 613 4985 ta:
645 4928 815 5002 (127).
851 4946 871 4980 ι
916 4924 1020 4981 Cui
1059 4925 1107 4980 si
1142 4922 1427 4994 placuerit,
1467 4922 1653 4977 lumen
1681 4921 1951 4991 corporis,
1981 4921 2128 4991 quod

2235 4542 2372 4597 solet
2394 4543 2711 4599 ministrare
2748 4561 2914 4616 quam
2943 4546 3200 4616 plurima.
3239 4547 3320 4604 0b
3348 4563 3587 4619 quorum
3623 4552 3829 4606 saluta-

2232 4649 2350 4688 rem
2396 4636 2745 4691 collationem
2791 4651 2854 4692 ac
2902 4636 3241 4708 frequentem
3290 4640 3358 4695 de
3395 4640 3498 4697 hac
3556 4643 3829 4699 venientis

2232 4724 2393 4782 fama:
2434 4728 2828 4796 volitationem,
2859 4729 2949 4786 hic
2993 4731 3148 4786 locus
3176 4733 3373 4805 gaudet
3416 4734 3826 4792 adventantium

2234 4833 2293 4874 se
2320 4828 2594 4890 receptare
2638 4821 3060 4878 multitudinem.
3111 4822 3156 4877 E
3192 4824 3392 4895 quibus
3428 4825 3541 4893 alii,
3570 4829 3669 4897 qui
3704 4829 3825 4883 lan-

2233 4928 2466 4983 guorum
2484 4914 2745 4969 varietate
2761 4924 3073 4987 gravantur,
3095 4932 3192 4987 per
3206 4917 3416 4973 viscera
3432 4920 3826 4977 misericordia:
