4058 6402
184 363 325 424 10ῧῖ

893 364 982 422 DE
1019 364 1395 424 MIRACULIS
1434 365 1491 422 S.
1535 361 1958 421 EMMERAMMI
1997 361 2177 418 LIBRI
2209 358 2368 416 DUO.
2410 390 2479 399 —
2517 357 2646 414 LIB.
2687 358 2752 414 ll.

3296 361 3440 419 10³58

179 493 309 534 mus
333 484 388 533 et
424 479 675 549 legimus,
705 487 867 550 atque
911 480 1054 536 inter
1088 494 1189 535 nos
1223 480 1289 535 de
1313 479 1514 538 talibus
1544 479 1768 535 ratioci-
1797 482 1846 538 Α
1869 477 2026 533 miris
2053 476 2318 532 hactenus
2347 473 2541 544 scripsi
2568 473 2811 529 etadhuc
2835 472 3138 545 scripturus
3165 491 3308 544 sum,
3335 493 3444 532 non

181 570 369 625 nando
395 586 702 626 sermonem
751 587 894 641 smpe
940 571 1296 639 conferimus,
1329 587 1439 628 non
1477 573 1654 627 solum
1681 588 1774 627 su-

178 677 281 732 per
314 661 404 717 his
447 677 570 731 qua:
609 663 700 717 hic
739 678 850 732 prae
889 664 1062 718 oculis
1099 671 1155 718 ct
1194 663 1447 718 manibus
1485 663 1773 729 habentur,

178 765 376 808 verum
430 754 594 809 etiam
643 769 807 826 super
855 756 1127 812 universis
1177 756 1339 812 donis
1389 769 1455 812 ac
1497 755 1776 812 beneﬁciis

179 847 333 905 illius
357 849 477 918 pari
505 858 632 904 voto
659 850 875 905 laudem
909 850 1102 905 demus
1131 849 1262 906 Deo.
1299 868 1320 904 ι

784 940 1165 995 Ammonicius.

261 1046 280 1083 ι
310 1030 553 1102 Equum
579 1047 699 1088 esse
723 1032 976 1087 novimus
991 1041 1312 1087 utcreatura
1327 1029 1572 1086 Creatori
1591 1029 1776 1086 deser-

178 1124 319 1191 viat,
365 1133 550 1194 atque,
589 1123 748 1194 juxta
782 1123 1125 1193 Apostolum,
1178 1124 1234 1178 in
1278 1123 1533 1178 omnibus
1572 1121 1776 1192 gratias

180 1224 312 1286 agat
335 1215 503 1286 (-152).
533 1213 689 1282 Quod
718 1223 772 1270 et
797 1215 1028 1270 libenter
1056 1231 1156 1285 pro
1188 1213 1409 1269 modulo
1436 1222 1623 1270 nostro
1657 1228 1774 1267 am-

181 1306 497 1376 plectimur,
530 1306 766 1375 primum
807 1305 1092 1376 praeceptis
1135 1303 1436 1358 Dominicis
1464 1319 1529 1358 ac
1556 1309 1776 1372 aposto-

177 1396 307 1451 licis
354 1395 615 1464 parendo,
656 1393 782 1449 dein
827 1394 1112 1449 charitatis
1153 1401 1260 1449 tuae
1288 1402 1341 1448 et
1367 1392 1597 1448 aliorum
1625 1393 1774 1449 sanis

177 1485 658 1540 exhortationibus
701 1485 1066 1540 assentiendo.
1098 1482 1204 1540 Sed
1249 1485 1354 1539 hoc
1396 1484 1612 1538 animos
1633 1499 1773 1553 quo-

179 1579 437 1634 rumdam
482 1577 766 1648 perturbat
821 1577 1102 1645 ﬁdelium;
1159 1576 1290 1646 quia
1338 1577 1495 1631 multi
1531 1576 1776 1631 existunt

181 1669 520 1737 mortalium,
559 1668 655 1740 qui
677 1669 768 1724 vix
802 1669 860 1724 in
901 1669 1178 1738 prosperis
1224 1669 1394 1724 Deum
1429 1669 1675 1736 laudant,
1716 1669 1773 1724 in

177 1760 477 1816 contrariis
511 1776 640 1816 vero
666 1769 828 1830 atque
857 1760 1102 1816 adversis
1133 1776 1245 1816 non
1274 1769 1487 1816 tantum
1511 1777 1623 1815 non
1649 1761 1771 1815 lau-

1873 584 2100 639 parvum
2131 567 2388 638 parvitati
2441 582 2576 620 mea:
2624 565 2821 622 incutit
2860 566 3135 635 timorem,
3169 570 3298 640 quia
3339 585 3440 642 ego

1873 670 2145 730 cognosco
2175 671 2262 712 me
2290 663 2652 726 peccatorem,
2696 665 2750 710 et
2793 657 2924 726 quia
2954 658 3110 713 valde
3159 659 3444 730 indignum

1871 748 2088 804 videtur
2140 757 2200 802 ut
2247 755 2500 817 peccator
2549 757 2644 801 aut
2695 747 2952 816 injustus,
2997 764 3114 804 rem
3157 750 3448 806 scribendo

1873 839 2048 894 sancti
2073 845 2128 892 et
2155 837 2312 908 justi,
2343 836 2629 892 materiam
2660 837 2764 891 sibi
2791 837 3029 894 vindicet
3061 839 3241 909 operis
3265 841 3446 897 ardui.

1876 929 1990 987 Sub
2020 932 2124 986 hac
2168 946 2227 986 re
2270 929 2698 986 consolationem
2727 931 2957 1002 porrigit
2995 931 3277 986 timiditati
3310 947 3448 988 mea:

1874 1022 2162 1078 clementia
2190 1023 2338 1078 illius
2350 1022 2441 1093 qui
2463 1038 2562 1092 pro
2581 1023 2819 1092 peccatis
2844 1023 3048 1080 nostris
3071 1033 3319 1082 mortuus
3339 1033 3446 1093 est,

1868 1114 2052 1184 justus
2071 1131 2170 1184 pro
2194 1114 2433 1185 injustis.
2459 1113 2561 1169 Cui
2588 1115 2989 1185 quodammodo
3022 1117 3320 1186 ministrat,
3352 1120 3450 1189 qui

1874 1207 2249 1262 ministrorum
2277 1207 2397 1278 ejus
2419 1207 2740 1261 memoriam
2766 1207 2835 1262 ad
2863 1207 3078 1264 laudem
3121 1219 3177 1264 et
3218 1210 3443 1281 gloriam

1873 1299 2114 1354 nominis
2144 1299 2319 1368 ipsius
2343 1298 2600 1354 diﬂundit
2641 1313 2705 1353 ac
2743 1299 3021 1368 praedicat.
3055 1298 3209 1355 Unde
3254 1311 3309 1356 et
3347 1317 3448 1371 ego

1874 1391 2149 1446 animatus
2169 1405 2271 1446 nec
2291 1406 2403 1445 non
2425 1397 2613 1446 contra
2645 1391 2940 1446 otiositatis
2967 1389 3242 1461 torporem
3263 1407 3446 1447 arma-

1874 1490 1965 1538 tus
1999 1482 2165 1553 jubeo
2221 1483 2544 1541 ﬁducialitcr
2602 1483 2802 1555 stylum
2851 1498 3011 1542 arare
3049 1483 3450 1556 propositiones

1874 1576 2157 1631 charitatis
2181 1583 2308 1630 tute.
2349 1593 2369 1629 ›

2462 1665 2842 1720 Ammonicius.

1953 1776 1973 1812 ι
2017 1757 2335 1815 Dilectionis
2391 1758 2760 1827 operationem
2810 1758 2907 1829 qui
2957 1757 3070 1826 dat,
3116 1758 3232 1830 ipse
3268 1774 3452 1817 remu—

181 1852 339 1919 dant,
364 1852 494 1918 imo,
526 1852 672 1922 quod
695 1853 936 1908 deterius
958 1851 1510 1922 est,vituperantsive
1524 1851 1775 1920 blasphe-
1806 1830 1849 1886 Β
1874 1859 2048 1906 uerat.
2085 1849 2319 1906 Proinde
2348 1858 2408 1904 tu
2435 1865 2584 1920 spem
2612 1867 2822 1922 ponens
2867 1859 3045 1907 macte
3086 1853 3142 1907 in
3183 1852 3454 1922 adjutorio

178 1949 357 2008 mam,
408 1941 652 1996 dicentes
699 1941 966 2012 quidquid
1014 1942 1276 1998 acciderit
1329 1949 1517 1999 contra
1563 1950 1750 1998 votum

181 2049 326 2107 opus
346 2049 468 2090 esse
498 2034 851 2090 diabolicum.
902 2052 922 2089 ι

808 2127 1160 2185 Collectitius.

261 2239 281 2273 ι
305 2219 444 2286 Quia
466 2219 623 2275 multi
645 2219 815 2274 multa
839 2219 1058 2275 incaute
1088 2235 1153 2275 ac
1177 2219 1512 2276 mendaciter
1536 2219 1774 2292 loquun-

183 2321 295 2377 tur,
323 2311 529 2366 idcirco
551 2310 719 2365 variis
746 2325 994 2366 errorum
1019 2309 1282 2380 decipulis
1303 2310 1773 2380 periculosissime

179 2403 555 2473 implicantur.
593 2401 834 2468 Quorum
872 2401 1240 2457 involutiones
1290 2401 1386 2472 qui
1423 2402 1652 2472 cupiunt
1678 2403 1773 2457 de-

175 2498 376 2565 vitarc,
405 2511 532 2553 cum
563 2495 732 2552 Paulo
765 2496 1083 2567 insipientes
1123 2497 1397 2566 sapienter
1422 2495 1619 2551 debent
1657 2494 1773 2551 suf—

177 2587 327 2642 ferre
350 2587 520 2659 (153),
559 2587 734 2643 donec
762 2586 1055 2642 multitudo
1098 2585 1459 2655 reproborurr.
1501 2585 1638 2640 nihil
1661 2586 1769 2640 mi-

180 2693 364 2733 nuens
388 2678 574 2748 gloria
606 2678 845 2732 filiorum
872 2677 988 2745 Dei,
1013 2677 1082 2732 ad
1124 2676 1360 2732 nihilum
1387 2675 1682 2748 redigatur,
1715 2676 1771 2731 id

178 2778 288 2836 est,
323 2769 381 2822 in
412 2767 698 2823 infernum’
714 2769 981 2836 trudatur,
1017 2777 1072 2824 et
1107 2768 1355 2838 paucitas
1375 2769 1673 2823 electorum
1713 2767 1770 2822 in

179 2861 341 2918 caelis
369 2862 692 2917 nominatim
721 2862 920 2933 scripta
936 2861 1252 2927 collocetur,
1278 2875 1402 2916 cum
1425 2860 1771 2916 multitudine

178 2956 501 3027 angelorum
566 2956 894 3012 :eternaliter
939 2955 1216 3026 gavisura,
1248 2954 1669 3024 jChristumque
1711 2953 1767 3008 in

178 3060 353 3118 regno
397 3061 500 3101 suo
543 3061 756 3116 semper
798 3046 1005 3113 visura,
1036 3060 1134 3116 per
1163 3060 1310 3111 eum,
1341 3044 1397 3098 in
1416 3043 1502 3108 eis
1527 3043 1765 3114 comple-

1874 1942 2242 1998 miserationis
2284 1941 2504 2012 divinae,
2529 1957 2693 2015 perge
2730 1943 2878 2000 viam
2914 1944 3113 2002 alacris
3165 1945 3453 2016 postulata:

1874 2027 2223 2085 narrationis.
2263 2045 2285 2080 ›

2421 2184 2423 2186 ,
2472 2121 2824 2178 Coilectitius.

1950 2232 1969 2267 ι
2009 2212 2239 2286 Pergam
2273 2213 2449 2270 libens
2502 2215 2679 2286 ipsum
2724 2214 2871 2288 mihi,
2895 2216 3088 2276 adesse
3120 2216 3449 2274 omnimodis

1872 2308 2117 2380 cupiens.

1949 2422 1967 2457 ι
2007 2403 2177 2474 Igitur
2218 2414 2356 2474 post'
2380 2404 2552 2462 multa
2597 2406 2814 2476 pietatis
2850 2415 2906 2462 et
2944 2407 3220 2477 aequitatis
3257 2423 3443 2478 opera,

1871 2496 2072 2567 quibus
2102 2496 2213 2552 Deo
2252 2497 2456 2552 servire
2482 2499 2756 2566 studebat,
2787 2499 3100 2569 quibusque
3147 2498 3446 2555 Ecclesiam

1872 2589 1976 2644 sibi
2011 2589 2361 2644 commissam
2381 2590 2622 2660 regebat,
2646 2606 2786 2660 saepe
2803 2591 3116 2646 nominatus
3141 2592 3452 2662 saepiusque

1871 2677 2238 2732 nominandus
2281 2678 2611 2734 venerabilis
2656 2681 2855 2750 praesul
2906 2679 3264 2752 Wolfgangus
3320 2697 3448 2736 cum

1871 2770 2183 2827 Ratisbonte
2203 2772 2552 2839 constitutus,
2576 2788 2762 2828 rerum
2792 2775 3103 2830 necessaria
3141 2777 3444 2832 mutatione

1869 2872 2146 2933 poscente,
2177 2863 2234 2919 in
2260 2863 2578 2918 orientalem
2626 2863 2791 2934 hujus
2838 2866 3131 2936 provincia:
3170 2868 3447 2938 regionem

1870 2955 1974 3010 iter
1998 2971 2158 3010 suum
2185 2964 2421 3026 pararet,
2449 2954 2765 3011 febricitare
2799 2957 2978 3026 coepit.
3005 2957 3182 3029 Quam
3203 2960 3451 3029 corporis
3546 2969 3553 2976 ‘

1868 3046 2177 3101 molestiam
2204 3048 2287 3102 vir
2321 3047 2418 3103 Dei
2451 3063 2560 3104 non
2588 3049 2765 3103 solum
2797 3049 2995 3120 vigiliis
3019 3058 3075 3106 et
3104 3053 3447 3108 orationibus

177 3150 243 3195 to
300 3153 532 3194 numero
585 3139 814 3210 angelici
864 3138 1075 3194 ordinis
1128 3138 1224 3209 qui
1265 3137 1481 3204 cecidit,
1548 3136 1768 3207 quando
1795 3171 1836 3228 ρ
1869 3138 2066 3193 anima:
2091 3154 2206 3194 sua:
2234 3137 2362 3195 fecit
2389 3155 2513 3196 esse
2540 3141 2858 3211 proﬁcuum,
2896 3143 2992 3199 sed
3012 3143 3176 3199 etiam
3206 3145 3448 3200 eleemo-

178 3230 542 3302 archangelus
606 3245 702 3300 per
749 3229 1058 3300 superbiam
1103 3243 1228 3284 cum
1280 3227 1397 3284 suis
1437 3227 1765 3297 sequacibus

178 3325 532 3397 apostatavit.
569 3344 590 3377 ι
1356 3338 1359 3340 ·

782 3415 1164 3472 Ammonicius.

261 3529 282 3563 ι
325 3509 411 3566 Me
434 3507 794 3581 quorumdam
815 3508 1275 3578 perturbationem
1299 3511 1573 3578 quaerente
1600 3515 1765 3574 super

181 3603 559 3672 insipientium
593 3617 796 3658 vesana
825 3601 1149 3668 temeritate,
1179 3616 1291 3655 non
1319 3600 1499 3655 solum
1530 3600 1766 3670 qualiter

181 3695 296 3750 sint
319 3694 588 3750 tolerandi
625 3695 778 3750 brevi
802 3695 1075 3750 versiculo
1096 3691 1422 3763 exposuisti,
1467 3692 1565 3748 sed
1596 3692 1762 3748 etiam

181 3786 412 3856 insuper
429 3786 726 3842 terribilem
744 3795 997 3846 extreme
1013 3785 1435 3840 examinationis
1457 3785 1764 3841 invehendo

181 3879 532 3946 sententiam,
582 3888 746 3948 atque
791 3887 1107 3933 sanctorum
1154 3877 1384 3949 gloriam
1430 3891 1764 3933 commemo-

179 3971 356 4026 rando
399 3970 768 4042 magnificam,
798 3971 945 4025 hunc
983 3968 1235 4024 eumdem
1264 3969 1600 4024 versiculum
1629 3969 1760 4024 eﬂ'e-

179 4063 309 4119 cisti
338 4077 514 4134 magis
544 4063 864 4118 auctoritate
890 4060 1061 4117 divini
1095 4061 1366 4117 sermonis
1393 4060 1762 4131 ponderosum

180 4156 693 4228 quamprolixitate
741 4171 1043 4212 morosum.
1073 4153 1232 4211 Nunc
1269 4171 1398 4226 ergo
1448 4166 1762 4226 competens

179 4257 286 4314 est,
317 4255 608 4317 quatenus,
640 4246 728 4302 bis
757 4245 981 4304 remeu's
1011 4243 1106 4316 qui
1152 4246 1312 4301 nobis
1349 4245 1420 4301 ob
1449 4245 1760 4304 induratam

179 4339 272 4395 sui
302 4339 652 4394 stoliditatem
670 4353 794 4393 esse
825 4338 1002 4394 solent
1030 4338 1204 4393 labori
1225 4337 1408 4407 potius
1423 4353 1587 4408 quam
1608 4339 1758 4407 usui,

180 4431 386 4502 stylum
413 4430 480 4486 ad
514 4445 610 4486 eos
637 4439 922 4486 convertas
951 4429 1047 4500 qui
1080 4440 1195 4486 tota
1236 4430 1439 4484 virtute
1475 4430 1756 4486 conaban-

1870 3230 2021 3301 synis
2048 3247 2186 3301 opus
2207 3240 2262 3286 et
2284 3231 2452 3288 decus
2500 3233 2778 3305 adaugens
2821 3235 2980 3289 bonze
3014 3236 3336 3303 voluntatis,
3365 3249 3450 3293 to-

1865 3333 1983 3380 tum
2036 3326 2184 3396 quod
2227 3326 2428 3382 habere
2466 3309 2641 3396 potuit
2671 3344 2766 3398 per
2800 3343 2997 3384 manus
3038 3344 3340 3399 pauperum
3387 3331 3446 3386 in

1865 3418 2312 3490 gazophylacium
2364 3418 2568 3475 Christi
2628 3421 2960 3487 transmisit;
3023 3421 3213 3492 sicque
3263 3432 3447 3493 partes

1864 3506 2104 3565 Orientis
2134 3518 2499 3579 perrecturus,
2529 3511 2605 3566 illi
2647 3512 2742 3582 qui
2789 3513 2963 3568 nescit
3007 3528 3288 3581 occasum,
3318 3515 3442 3570 vitm

1864 3615 1979 3655 sua:
2002 3601 2206 3656 sedulis
2230 3602 2482 3671 precibus
2509 3605 2908 3660 commendavit
2931 3621 3245 3661 excursum.
3271 3605 3439 3664 Cum-

1865 3706 1970 3762 que
1999 3707 2095 3762 per
2123 3691 2356 3748 Danubii
2391 3693 2680 3750 decursum
2717 3706 2938 3753 ventum
2986 3709 3130 3755 esset
3166 3700 3221 3754 in
3270 3703 3441 3772 puppi

1865 3786 1932 3841 ad
1960 3785 2142 3842 locum
2186 3785 2282 3856 qui
2307 3785 2505 3843 dicitur
2528 3787 2809 3861 Puppinga
2840 3790 3010 3862 (154),
3035 3792 3178 3846 ultra
3207 3794 3306 3848 iter
3324 3804 3444 3849 ten-

1863 3877 1991 3934 dere
2020 3894 2130 3934 non
2160 3878 2392 3946 valebat,
2427 3881 2558 3950 quia
2601 3889 2814 3951 tempus
2860 3883 3212 3939 resolutionis
3265 3886 3441 3941 insta-
3481 3927 3486 3932 ι

1863 3969 1990 4038 bat;
2020 3971 2094 4026 ibi
2117 3971 2284 4038 enim,
2317 3987 2555 4042 superna
2586 3989 2644 4030 se
2665 3974 2926 4034 visitante
2965 3978 3161 4048 gratia,
3187 3966 3444 4050 cognovit

1864 4063 1972 4118 cito
2001 4061 2114 4117 fore
2157 4065 2477 4134 complenda
2507 4081 2630 4137 quae
2679 4067 2781 4123 sibi
2825 4082 2922 4138 per
2966 4069 3235 4126 visionem
3285 4072 3444 4146 longe

1866 4163 2024 4210 antea
2054 4153 2272 4210 fuerant
2292 4157 2551 4212 revelata.
2584 4176 2603 4210 ι

2457 4249 2841 4308 Ammonicius.

1871 4359 1889 4392 ι
1922 4339 2094 4411 Cujus
2106 4342 2183 4397 rei
2194 4341 2579 4398 revelationem
2593 4346 2878 4414 acceperit,
2895 4356 2947 4401 et
2962 4347 3073 4414 ubi,
3091 4358 3186 4404 aut
3199 4351 3438 4420 quando,

1862 4431 1977 4486 sive
2009 4447 2103 4501 per
2133 4447 2296 4502 quem
2340 4449 2461 4489 eam
2511 4434 2782 4503 didicerit,
2824 4437 3074 4504 admone,
3104 4457 3170 4494 ne
3220 4443 3439 4496 silentio

181 4537 277 4582 tur
301 4527 418 4582 vias
437 4526 608 4581 bonas
653 4524 951 4591 ambulare,
987 4533 1042 4581 et
1078 4524 1395 4580 Creatorem
1422 4524 1478 4578 in
1505 4525 1763 4583 omnibus
1795 4514 1839 4569 D
1863 4524 2194 4592 supprimas,
2217 4525 2313 4580 sed
2343 4526 2597 4580 charitati
2645 4526 2900 4582 fraternae
2941 4529 3245 4585 luculenter
3289 4533 3439 4587 edis-

179 4617 442 4688 operibus
501 4619 618 4672 suis
662 4617 877 4687 foptime
926 4617 1176 4672 noverint
1227 4617 1466 4671 laudare.
1518 4615 1763 4682 Quorum

180 4719 358 4781 gesta,
389 4709 588 4779 quibus
632 4709 734 4764 iter
773 4708 958 4764 saeculi
1001 4707 1286 4777 praesentis
1334 4705 1605 4774 triverint,
1634 4707 1765 4777 quia

177 4812 238 4857 te
271 4801 508 4856 dictante
537 4801 649 4870 jam
680 4808 809 4855 sunt
840 4814 906 4854 ex
934 4807 1088 4870 parte
1129 4797 1508 4853 commendata
1552 4813 1764 4852 memo-

182 4895 303 4960 riae,
325 4892 566 4964 postulat
593 4891 853 4956 charitas,
883 4905 986 4945 nec
1034 4905 1144 4945 non
1175 4889 1378 4945 laboris
1409 4889 1489 4944 tui
1534 4889 1761 4956 utilitas,

179 5001 298 5057 quo
320 4985 574 5053 deinceps
623 4983 768 5037 haud
817 4981 1115 5052 pigriteris,
1155 4980 1403 5036 cudendo
1447 4995 1765 5050 percurrere

180 5077 303 5142 ubi,
325 5076 564 5147 quando,
595 5074 680 5130 vel
700 5074 974 5144 quomodo
999 5074 1068 5128 de
1099 5074 1205 5128 hac
1240 5073 1352 5126 vita
1389 5073 1762 5144 migraveriut,

179 5179 238 5224 et
281 5169 335 5221 in
370 5168 570 5238 quibus
615 5167 753 5222 locis
803 5180 1033 5234 corpora
1066 5165 1284 5218 illorum
1320 5164 1584 5219 collocata
1632 5165 1762 5229 sint,

179 5276 374 5330 quaeve
408 5258 608 5314 indicia
644 5257 951 5315 sanctitatis
985 5271 1176 5311 eorum
1220 5262 1345 5325 post
1385 5264 1616 5309 mortem
1653 5256 1763 5310 cla-

177 5352 415 5408 ruerint.
451 5370 472 5404 ι

451 5500 462 5510 ,
785 5438 1133 5495 Collectitt'us.

262 5552 282 5586 ι
326 5531 482 5601 Quod
502 5533 569 5588 de
591 5532 796 5588 sanctis
815 5532 970 5601 viris,
994 5547 1092 5590 nec
1115 5545 1226 5588 non
1247 5545 1439 5590 eorum
1462 5531 1757 5587 virtutibus

261 5709 407 5778 (15‘?)
440 5707 470 5762 Ι
506 5707 655 5763 Thes.
679 5724 733 5762 v.

261 5779 406 5850 (155)
450 5779 477 5833 1
487 5779 512 5832 Ι
517 5779 790 5854 _Cor.-xu.

1869 4631 2038 4671 seras.
2079 4636 2100 4668 D

2465 4704 2799 4763 Collectitius

1946 4818 1964 4851 ε
2001 4799 2187 4855 Dicam
2219 4799 2521 4854 seribamvc
2552 4801 2656 4854 hoc
2688 4801 2942 4869 breviter,
2965 4805 3071 4858 etsi
3096 4821 3206 4859 non
3228 4806 3438 4873 leviter,

1870 4891 1996 4960 quia
2025 4907 2219 4946 cauma
2244 4890 2483 4946 :estivale
2517 4889 2648 4946 facit
2686 4907 2753 4947 ex
2783 4893 3092 4950 valetudine
3126 4911 3213 4951 me
3235 4897 3436 4953 dolere.

1871 4981 2118 5047 Quodam
2149 4982 2300 5052 atqui
2322 4991 2566 5053 tempore
2596 4999 2722 5039 cum
2773 4984 2830 5039 in
2874 4984 3196 5043 Alamannia
3227 4990 3440 5060 positus

1865 5071 1950 5123 vir
1979 5069 2095 5134 Dei,
2144 5085 2367 5141 peregre
2402 5072 2779 5141 proficiscendi
2820 5075 3154 5134 voluntatem
3195 5080 3439 5147 haberet,

1865 5161 2245 5217 beatissimum
2269 5162 2475 5218 C‘nristi
2509 5163 2900 5232 confessorem,
2929 5167 3234 5239 Otmarum,
3267 5173 3356 5228 cui
3381 5191 3441 5229 se

1867 5270 2074 5324 suaque
2097 5253 2540 5323 frequentissime
2563 5257 2998 5326 commendabat,
3029 5262 3128 5316 sibi
3155 5263 3209 5316 in
3233 5266 3440 5320 somnis

1863 5352 2044 5398 astare
2073 5343 2305 5397 videbat.
2332 5343 2503 5409 Quem
2528 5345 2718 5412 jussus
2740 5345 3035 5414 intendere,
3067 5351 3134 5404 ab
3156 5367 3221 5406 eo
3250 5354 3441 5421 hujus-

1865 5435 2010 5490 modi
2037 5436 2246 5504 accepit
2267 5436 2429 5490 verba
2462 5454 2472 5489 :
2511 5435 2650 5502 Quia
2679 5448 2900 5508 rogatus
2949 5456 2977 5494 a
3027 5450 3077 5494 te
3118 5445 3302 5514 rogavi
3334 5443 3440 5499 Do-

1865 5527 2076 5581 minum
2111 5543 2209 5596 pro
2254 5535 2326 5592 te,
2378 5527 2434 5580 in
2476 5543 2588 5597 quo
2637 5545 2758 5583 sum
2792 5532 3100 5597 exauditus,
3153 5534 3441 5591 manifesto

2111 5704 2376 5777 Pupping,
2403 5721 2511 5763 non
2537 5707 2696 5780 longe
2728 5711 2796 5766 ab
2816 5709 3086 5784 Ell‘erding
3112 5713 3166 5767 in
3193 5714 3415 5770 Austria
