4104 5260
575 327 598 382 1
611 327 715 383 059

1582 325 1882 384 ARNOLDI
1917 287 2517 384 DMMERAMMENSIS
2554 320 2863 382 nomen!

3675 397 3678 404 η
3704 316 3844 376 tom

575 459 724 500 nunc
754 443 852 500 tibi
905 415 1215 498 futurorum
1244 444 1605 514 praenuntius.
1650 442 1864 513 Pauper
1907 449 1962 498 et
2004 442 2162 514 inops
2189 444 2238 502 Α
2261 440 2514 513 aequalia,
2539 439 2883 512 splendorem
2907 435 3038 493 solis
3064 435 3449 506 interciperent
3487 433 3840 492 mertalibus.

573 533 640 592 de
669 535 774 593 hac
794 536 1078 607 provincia
1101 535 1416 608 egredieris,
1442 535 1536 592 sed
1571 535 1628 590 in
1672 535 1801 603 alia,
1826 534 1883 590 in
1928 550 2038 607 qua
2059 550 2160 606 pro

573 643 760 685 amore
783 628 998 685 Domini
1029 629 1319 696 exsularis,
1343 628 1720 699 episcopatum
1753 628 1972 684 caducis
1992 628 2159 687 rebus

573 727 708 777 satis
729 721 1055 794 locupletem
1081 721 1556 792 praedestinatione
1578 721 1764 775 divina
1796 728 2156 792 suscepturus

572 811 703 867 eris.
739 811 912 883 Cujus
941 812 997 867 in
1038 811 1529 879 administratione,
1575 811 1621 866 si
1663 812 1878 867 fidelem
1908 821 1961 867 te
2002 811 2158 866 exhi-

573 903 760 960 bueris
805 905 1056 976 bonaque
1103 905 1444 976 impertzesus
1474 904 1851 973 seminaveris,
1899 904 2056 975 juxta
2103 905 2159 960 id

573 995 721 1065 quod
749 995 1011 1065 scriptum
1035 1003 1118 1050 est
1144 1013 1156 1048 :
1185 994 1538 1066 Quaecunque
1561 995 1795 1050 seminat
1817 996 2001 1062 homo,
2040 995 2160 1050 haec

576 1095 630 1144 et
657 1097 824 1144 metet
846 1089 1022 1160 (155);
1050 1089 1277 1158 expletis
1302 1088 1496 1161 viginti
1535 1089 1750 1144 duobus
1783 1088 1962 1156 annis,
1985 1088 2156 1142 vitam

577 1181 947 1237 transitoriam
973 1183 1081 1237 eris
1107 1182 1377 1249 exiturus,
1409 1189 1465 1236 et
1489 1191 1746 1237 aeternam
1784 1181 2153 1252 ingressurus.

577 1271 644 1327 Et
667 1274 773 1329 hoc
807 1275 997 1344 procul
1030 1274 1196 1330 dubio
1251 1273 1395 1330 scire
1438 1282 1490 1329 te
1523 1274 1668 1340 volo,
1709 1273 1859 1344 quod
1915 1272 2156 1327 animam

575 1363 858 1421 Conditori
908 1367 1220 1422 redditurus
1267 1381 1326 1422 es
1377 1365 1433 1420 in
1493 1367 1614 1421 loco
1659 1365 1751 1419 ubi
1798 1365 1902 1420 sub
1937 1365 2160 1420 nomine

574 1457 780 1513 Christi
807 1473 838 1512 a
861 1457 1190 1514 Christianis
1215 1458 1480 1513 memoria
1502 1473 1623 1512 mea
1646 1466 1940 1511 veneratur
1965 1464 2021 1511 et
2061 1470 2152 1509 co-

574 1548 726 1605 litur.
754 1547 875 1616 Quo
903 1567 991 1606 me
1023 1551 1077 1604 in
1102 1552 1236 1604 hora
1269 1551 1448 1605 exitus
1470 1549 1552 1604 tui
1597 1549 1665 1603 de
1714 1547 1950 1618 Egypto
1995 1547 2161 1617 hujus

575 1642 767 1697 mundi
817 1658 978 1712 spero
1030 1643 1395 1698 adventurum
1441 1655 1568 1695 cum
1625 1640 1861 1705 ceteris,
1907 1654 2046 1708 quos
2095 1639 2162 1694 de

575 1731 820 1787 exercitu
845 1730 1063 1787 Domini
1084 1731 1247 1786 bonis
1284 1730 1497 1784 meritis
1543 1728 1610 1784 ad
1656 1728 2014 1796 adjutandum
2064 1726 2162 1782 ob—

2260 532 2430 590 Judas
2451 533 2733 604 apostolus
2788 531 2848 586 in
2881 529 3145 600 Epistola,
3183 543 3306 599 quae
3358 527 3500 583 inter
3543 527 3846 584 canonieas

2261 633 2626 696 computatur,
2651 625 2814 680 talem
2851 623 3178 679 sententiam
3231 621 3434 692 promit
3477 620 3843 690 hujusmodi:

2260 717 2496 789 Angelos
2515 731 2665 783 vero,
2692 717 2786 786 qui
2808 729 2918 769 non
2949 723 3410 770 conservaverunt
3439 729 3605 768 suum
3636 711 3845 782 princi-

2260 819 2469 878 patum,
2502 809 2596 864 sed
2617 809 3025 878 dereliquerunt
3065 823 3226 862 suum
3261 806 3627 870 domicilium,
3671 805 3729 859 in
3759 804 3849 874 ju-

2217 945 2230 964 .
2260 902 2464 958 dicium
2486 901 2581 956 Dei
2606 902 2811 971 magni,
2842 901 3078 955 vinculis
3113 901 3332 956 aeternis
3371 900 3475 955 sub
3496 900 3736 970 caligine
3757 899 3848 967 ju-

2260 993 2405 1048 dicio
2427 993 2693 1048 Dominus
2729 991 3048 1047 reservabit.
3085 989 3227 1062 Ergo
3271 991 3339 1046 de
3372 990 3682 1060 quaestione
3723 1003 3850 1057 pro—

2258 1085 2438 1155 posita
2457 1093 2512 1139 et
2553 1083 2870 1155 apostolicis
2911 1082 3244 1138 testimoniis
3285 1097 3528 1153 congrue
3570 1080 3848 1146 absoluta,

2257 1179 2444 1233 nescio
2467 1178 2514 1233 si
2537 1180 2663 1248 quis
2693 1179 2922 1234 dubitet.
2957 1177 3068 1250 Ego
3111 1192 3222 1232 non
3254 1178 3481 1244 dubito;
3528 1177 3626 1232 sed
3659 1177 3717 1229 in
3766 1177 3852 1230 in-

2259 1268 2414 1326 ferno
2441 1280 2494 1325 et
2519 1270 2575 1324 in
2605 1286 2731 1326 aere
2759 1270 3040 1326 diabolum
3067 1285 3131 1325 ac
3173 1269 3432 1324 satellites
3458 1267 3581 1337 ejus
3615 1267 3850 1322 damna-

2262 1371 2346 1416 tos
2371 1377 2494 1416 esse
2516 1361 2642 1417 novi
2677 1369 2731 1417 et
2761 1362 2913 1429 scio;
2949 1362 3074 1417 inde
3105 1361 3280 1431 magis
3323 1368 3528 1425 certus,
3557 1360 3693 1429 quia
3724 1368 3853 1413 ante

2259 1454 2476 1524 aliquos
2500 1469 2674 1509 annos
2704 1454 2759 1508 in
2781 1454 3065 1509 Pannonia
3089 1453 3444 1517 constitutus,
3477 1452 3569 1507 die
3607 1451 3852 1521 quadam

2263 1560 2294 1598 a
2321 1546 2480 1599 tertia
2511 1545 2644 1600 hora
2669 1559 2846 1614 usque
2883 1545 2951 1599 ad
2991 1554 3203 1600 sextam
3229 1545 3504 1600 diabolum
3533 1544 3621 1600 vel
3657 1543 3853 1598 draco-

2262 1651 2388 1690 nem
2418 1636 2474 1689 in
2494 1651 2622 1690 aere
2648 1652 2982 1706 suspensum
3004 1637 3136 1690 vidi.
3163 1635 3291 1690 Erat
3319 1644 3500 1690 autem
3525 1634 3852 1706 magnitudo

2261 1730 2384 1802 ejus
2409 1730 2766 1797 incredibilis,
2788 1731 3070 1804 longitudo
3092 1739 3260 1794 tanta.
3285 1739 3345 1785 ut
3371 1731 3532 1800 quasi
3557 1730 3730 1784 unius
3749 1730 3853 1783 mi-

577 1823 716 1878 itum
743 1831 922 1891 tuum,
955 1831 1144 1878 contra
1169 1829 1470 1893 potestates
1491 1820 1672 1876 aerias
1695 1829 1749 1875 et
1771 1819 2048 1889 spiritales
2071 1834 2168 1874 ne—
2194 1814 2242 1873 B
2269 1823 2414 1878 liarii
2446 1824 2626 1893 spatio
2669 1823 2947 1878 videretur
2973 1838 3097 1878 esse
3123 1833 3438 1894 protensus.
3469 1820 3646 1892 Cujus
3689 1829 3855 1892 caput

576 1914 784 1986 quitias
812 1916 870 1970 in
891 1914 1208 1971 cmlestibus
1241 1914 1413 1986 (156),
1437 1911 1734 1969 adsciveris
1772 1920 1826 1966 et
1851 1911 2156 1982 paraveris.

576 2004 678 2060 His
717 2015 771 2061 et
814 2005 1016 2062 talibus
1065 2006 1313 2076 prolatis,
1362 2006 1418 2062 in
1450 2005 1663 2062 visione
1701 2005 1901 2070 noctis,
1931 2004 2159 2074 spiritus

576 2095 677 2170 qui
702 2098 981 2170 apparuit,
1004 2113 1356 2167 evanescens,
1379 2099 1559 2154 virum
1580 2097 1948 2154 venerabilem
1987 2095 2162 2152 Wolf-

579 2205 817 2263 gangum
855 2191 1068 2248 dimisit
1105 2182 1172 2248 ex
1207 2202 1360 2264 parte
1414 2192 1770 2260 laetificatum,
1797 2183 1857 2247 et
1903 2206 1969 2247 ex
2007 2198 2162 2260 parte

578 2282 1024 2351 mmstiﬁcatum;
1068 2282 1404 2340 laetiﬁcatum
1435 2293 1618 2339 autem
1650 2283 1904 2350 dixerim,
1936 2298 2048 2338 non
2093 2282 2164 2337 ob

580 2374 868 2449 gloriolam
891 2375 1234 2446 szeculi,quaa
1262 2376 1501 2432 colorata
1526 2385 1610 2431 est
1636 2376 1692 2430 in
1715 2375 2049 2445 episcopalis
2079 2373 2166 2430 di-

581 2468 787 2540 gnitate
815 2466 1044 2540 fastigii,
1085 2467 1180 2524 sed
1222 2469 1292 2523 ob
1315 2467 1616 2538 jucundam
1660 2467 1814 2538 regni
1837 2467 2165 2538 promissio-

579 2574 708 2615 nem
731 2560 946 2627 aeterni;
974 2559 1382 2616 moestiﬁcatum
1405 2575 1536 2616 vero
1568 2559 1749 2615 virum
1791 2559 1887 2616 Dei
1925 2562 2166 2631 scripse-

579 2653 710 2721 rim,
732 2668 842 2708 non
859 2653 930 2709 ob
945 2653 1267 2710 brevitatem
1289 2668 1558 2709 annorum
1578 2653 1708 2709 huic
1731 2654 1856 2709 vitae
1870 2670 2165 2711 concesso-

582 2759 728 2812 rum,
760 2745 855 2800 sed
877 2745 949 2801 ob
970 2745 1437 2817 prolongationem
1468 2747 1668 2801 terreni
1692 2747 1964 2802 incolatus
1985 2747 2168 2819 lacry-

583 2840 861 2912 mabilem,
903 2841 1058 2912 juxta
1087 2843 1241 2897 illum
1260 2856 1480 2898 versum
1507 2841 1922 2913 Psalmographi
1947 2859 1960 2896 :
1995 2861 2013 2894 ι
2051 2842 2167 2898 Heu

582 2931 746 2990 mihi!
769 2917 904 3004 quia
931 2932 1204 2989 incolatus
1227 2948 1383 2988 meus
1404 2932 1761 3004 prolongatus
1783 2941 1867 2988 est
1884 2931 2059 3005 (157).
2095 2951 2114 2986 ι

1173 3024 1558 3077 Ammonicius.

649 3131 681 3167 -ί
717 3112 850 3181 Quae
878 3113 990 3171 sint
1008 3125 1307 3186 potestates
1343 3115 1525 3181 aeriae,
1554 3123 1608 3170 et
1629 3115 1906 3185 quomodo
1947 3115 2170 3187 spirita-

583 3204 666 3262 les
694 3207 954 3277 nequitize
971 3208 1186 3279 possint
1219 3223 1344 3264 esse
1375 3207 1432 3263 in
1463 3207 1803 3274 coelestibus,
1835 3223 1961 3263 cum
2000 3209 2167 3264 cccle-

585 3296 691 3353 stia
715 3298 864 3355 nulla
908 3315 1155 3371 unquam
1199 3299 1464 3356 inhabitet
1491 3300 1758 3370 nequitia,
1789 3301 1925 3357 solet
1965 3315 1997 3358 ι
2033 3317 2171 3358 non-

585 3388 754 3446 nullis
777 3389 1013 3462 inquiri;
1043 3391 1193 3447 unde
1216 3400 1270 3447 et
1298 3400 1512 3462 oportet
1537 3390 1757 3463 exponi.
1777 3409 1810 3444 τ»

1192 3481 1545 3539 Collectftius.

663 3589 682 3625 ι
717 3567 846 3629 Haec
906 3573 975 3631 de
1025 3574 1229 3646 quibus
1273 3577 1507 3646 quaestio
1553 3589 1666 3630 non
1710 3585 1842 3632 sunt
1891 3590 2032 3641 mea,
2077 3574 2174 3630 sed

589 3663 733 3720 beati
753 3663 909 3721 Pauli
940 3668 1174 3737 apostoli
1198 3669 1384 3723 verba.
1409 3666 1566 3723 Unde
1594 3677 1648 3723 ct
1677 3682 1774 3724 eos
1799 3667 1895 3738 qui
1920 3669 2174 3724 nesciunt

589 3756 738 3813 aeris
769 3758 944 3829 spatia
973 3760 1281 3830 nuncupari
1312 3761 1576 3825 coelestia,
1609 3768 1663 3814 et
1693 3759 1749 3814 in
1792 3761 1874 3815 eis
1922 3760 2176 3831 ignorant

589 3858 866 3918 apostatas
898 3849 1122 3922 angelos
1157 3852 1390 3919 versari,
1421 3860 1476 3907 et
1500 3862 1785 3922 propterea
1811 3851 1879 3906 de
1912 3852 2175 3922 apostoli-

590 3941 673 3996 cis
695 3940 943 3998 dubitare
968 3941 1145 3998 solent
1170 3941 1352 4008 dictis,
1384 3943 1543 3997 mitto
1590 3943 1658 3998 ad
1693 3942 1995 4013 Epistolam
2029 3944 2176 3999 beati

589 4031 735 4088 Petri
766 4034 1083 4102 secundam,
1112 4034 1168 4089 in
1205 4050 1314 4105 qua
1354 4034 1422 4090 de
1465 4035 1660 4105 Spatiis
1703 4035 1869 4102 aeris,
1902 4051 2024 4104 quae
2051 4036 2175 4091 coeli

591 4132 877 4190 vocantur,
900 4124 1106 4179 diluvio
1128 4125 1306 4196 primo
1331 4125 1558 4195 perditis
1583 4133 1636 4180 et
1671 4125 1916 4180 secundo
1945 4127 2177 4195 perden-

591 4213 700 4280 dis,
726 4213 910 4270 fideles
947 4214 1104 4271 docet
1125 4217 1208 4272 sic
1243 4217 1436 4273 dicens
1468 4235 1480 4272 :
1521 4217 1677 4272 Latet
1722 4218 1975 4274 illusores
2030 4218 2177 4290 quod

594 4305 720 4362 celi
747 4315 902 4362 erant
939 4308 1117 4378 prius,
1141 4316 1203 4363 ‘et
1244 4319 1385 4365 terra
1427 4310 1493 4364 de
1535 4325 1678 4380 aqua
1721 4318 1776 4365 et
1815 4325 1914 4380 per
1951 4324 2174 4382 aquam,

593 4396 964 4455 consistentes
989 4398 1086 4455 Dei
1109 4400 1305 4470 verbo;
1337 4416 1434 4471 per
1465 4417 1588 4472 qua:
1621 4402 1712 4457 ille
1752 4411 1886 4458 tunc
1935 4404 2177 4459 mundus

2262 1913 2570 1979 cristatum,
2601 1920 2656 1967 et
2677 1912 2851 1967 instar
2877 1913 3080 1968 montis
3116 1913 3409 1978 elcvatnm,
3434 1926 3538 1966 nec
3578 1927 3691 1966 non
3727 1926 3852 1966 cor-

2261 2021 2388 2076 pus,
2405 2005 2562 2074 juxta
2591 2005 2694 2060 hoc
2713 2007 2861 2076 quod
2889 2005 3158 2061 Dominus
3187 2006 3254 2061 ad
3273 2007 3493 2060 beatum
3519 2002 3626 2059 Job
3655 2004 3724 2059 de
3749 2001 3854 2058 Le«

2259 2100 2484 2156 viathan
2510 2099 2753 2171 loquitur
2775 2099 2945 2170 (1.10),
2972 2100 3277 2170 squammis
3300 2098 3662 2153 iiorribilibus
3702 2111 3855 2151 com-

2261 2199 2504 2262 pactum,
2550 2199 2604 2246 et
2647 2206 2747 2245 ceu
2778 2192 3008 2260 parmis,
3053 2192 3142 2246 vel
3181 2191 3353 2246 scutis
3400 2189 3550 2245 ferro
3597 2189 3854 2255 munitis,

2263 2291 2466 2337 tectum
2487 2323 2502 2348 ,
2531 2280 2587 2336 in
2611 2280 2876 2337 lateribus
2903 2290 2958 2337 et
2994 2282 3049 2336 in
3083 2290 3235 2352 tergo
3273 2281 3521 2350 quaadam
3552 2279 3854 2350 fuliginosa

2264 2368 2504 2425 foedabat
2530 2370 2787 2440 nigredo;
2817 2371 3023 2426 ventris
3046 2387 3267 2442 quoque
3289 2371 3601 2425 inversione
3628 2379 3686 2424 et
3705 2368 3857 2438 pari—

2265 2467 2349 2516 ter
2375 2462 2620 2532 corporis
2645 2462 2702 2516 in
2741 2477 2851 2532 qua
2895 2464 3178 2518 solotenus
3198 2463 3381 2532 jacere
3416 2461 3650 2524 solebat,
3682 2459 3858 2530 pallor

2267 2552 2600 2606 subvenetus
2639 2553 3005 2621 decolorabat,
3035 2555 3102 2609 ad
3125 2553 3535 2609 similitudinem
3566 2549 3856 2622 sulphurei

2266 2642 2421 2698 laris.
2452 2643 2684 2700 Tractus
2704 2660 2856 2713 vero,
2899 2660 2966 2701 ac
3006 2645 3416 2701 incurvationes
3457 2654 3623 2715 atque
3665 2654 3858 2700 exten-

2269 2736 2456 2792 siones
2503 2736 2624 2807 ejus
2678 2738 2967 2806 immanes,
3021 2747 3320 2808 postremo,
3369 2738 3537 2794 totius
3605 2737 3856 2809 corporis

2268 2836 2453 2882 motus
2475 2835 2528 2882 et
2557 2829 2911 2898 particularis
2938 2838 2990 2884 ct
3011 2839 3180 2898 totus,
3212 2841 3375 2901 atque
3421 2841 3481 2887 ut
3520 2831 3762 2886 breviter
3799 2830 3855 2884 in

2269 2920 2322 2975 id
2353 2921 2615 2990 temporis
2639 2921 2984 2977 adversantia
3020 2924 3365 2989 concludam,
3391 2924 3576 2979 omnia
3599 2924 3856 2978 draconis

2269 3013 2553 3067 molimina
2575 3022 2731 3068 erant
2750 3015 3098 3083 mortalibus,
3123 3016 3178 3070 in
3201 3026 3467 3087 quantum
3489 3015 3640 3070 Deus
3666 3016 3862 3086 permio

2273 3105 2363 3168 sit,
2388 3104 2550 3159 noxia
2572 3112 2839 3175 tantoque
2862 3107 3090 3161 noxiora
3114 3117 3320 3177 quanto
3341 3088 3700 3177 proximiora.
3724 3106 3860 3160 Nam

2273 3213 2395 3252 cum
2423 3205 2639 3267 tempus
2662 3207 2819 3253 esset
2853 3201 3113 3267 :estivale,
3144 3209 3329 3272 utpote
3363 3210 3517 3256 sexta
3554 3200 3697 3256 feria
3727 3201 3861 3255 heb-

2271 3289 2515 3344 domada:
2544 3297 2668 3358 post
2708 3288 3067 3346 Pentecostcn
3115 3293 3387 3358 secundae,
3435 3308 3502 3347 ex
3543 3292 3670 3362 gelu
3717 3290 3862 3361 quod

2271 3380 2496 3436 draconi
2516 3397 2627 3451 pra:
2643 3382 2854 3438 caeteris
2881 3383 3256 3439 animantibus
3282 3385 3455 3455 magis
3478 3392 3565 3439 est
3589 3384 3860 3449 naturale,

2179 3526 2187 3534 ,
2273 3471 2409 3527 adeo
2434 3472 2759 3528 immutatus
2785 3483 2868 3529 est
2892 3489 2985 3528 aer
3010 3484 3146 3530 utet
3167 3474 3337 3531 febris
3359 3476 3562 3530 multos
3584 3476 3867 3530 invaderet

2274 3578 2340 3618 ac
2376 3563 2755 3634 jumentorum
2802 3580 2912 3620 non
2956 3567 3239 3622 minimam
3280 3576 3489 3637 partem
3539 3565 3723 3637 frigus
3745 3583 3869 3622 con-

2275 3665 2535 3712 sumeret.
2597 3657 2728 3711 Alas
2799 3666 2854 3712 et
2882 3672 3045 3712 crura
3097 3659 3182 3714 vel
3222 3659 3418 3728 pedes,
3450 3673 3593 3728 quos
3627 3659 3866 3727 pictores

2275 3747 2479 3820 ﬁngere
2501 3747 2708 3815 solent,
2744 3749 2965 3818 penitus
2991 3765 3092 3804 nec
3114 3750 3309 3805 habuit
3341 3765 3441 3805 nec
3484 3751 3693 3805 habere
3717 3751 3867 3804 visus

2275 3850 2389 3909 est,
2445 3841 2646 3910 quippe
2695 3842 2785 3896 cui
2825 3857 3129 3911 squammze
3163 3851 3218 3897 et
3251 3851 3418 3897 costae
3447 3841 3736 3897 sufﬁciunt
3772 3857 3866 3912 pro

2276 3933 2738 3988 deambulatione.
2803 3933 3129 3988 Grossitudo
3179 3935 3418 4003 pectoris
3482 3942 3605 3988 erat
3676 3935 3866 4004 parilis

2278 4025 2632 4096 grossitudini
2665 4024 2878 4094 capitis.
2921 4024 3053 4080 Post
3094 4025 3200 4080 hoc
3232 4026 3493 4095 paulatim
3519 4027 3867 4082 diminueba-

2279 4126 2368 4173 tur
2397 4133 2571 4188 usque
2591 4117 2659 4173 ad
2684 4127 2928 4173 extrema
2965 4119 3170 4184 caudae,
3195 4119 3352 4188 cujus
3381 4120 3705 4174 extremitas
3732 4135 3868 4187 pene

2279 4211 2603 4284 adaequabat
2626 4210 2831 4267 abietes
2852 4211 3100 4281 magnas.
3125 4209 3282 4265 Hunc
3301 4220 3413 4265 tam
3437 4215 3716 4280 ingentem
3741 4214 3869 4266 hos.

2281 4314 2387 4362 tem
2408 4347 2423 4372 ,
2455 4312 2550 4359 aut
2586 4304 2864 4368 diabolum
2886 4312 2980 4357 aut
3009 4303 3210 4358 diaboli
3235 4305 3475 4358 amicum
3493 4343 3509 4368 ,
3542 4305 3740 4358 nolens
3767 4304 3869 4357 Do-

2281 4398 2466 4453 minus
2523 4395 2730 4451 diutius
2778 4406 2981 4450 terrere
3028 4394 3291 4464 populum
3343 4393 3583 4448 ﬁdelium
3609 4436 3626 4459 ,
3688 4396 3870 4450 subito

594 4490 894 4547 inundatus
927 4491 1108 4562 periit.
1138 4491 1273 4548 Coeli
1306 4502 1489 4549 autem
1511 4493 1607 4564 qui
1628 4509 1778 4550 nunc
1803 4503 1950 4562 sunt,
1983 4495 2049 4551 de
2072 4504 2181 4550 ter—
2212 4519 2256 4574 Ι)
2285 4487 2414 4544 fecit
2445 4488 2514 4542 ab
2564 4486 2820 4557 aquilone
2849 4485 3056 4540 moveri
3094 4494 3149 4540 et
3184 4485 3441 4539 densitati
3483 4485 3719 4539 nubium
3746 4501 3868 4540 cum

593 4597 656 4639 ra
679 4583 868 4638 eodem
897 4583 1064 4640 verbo
1086 4585 1309 4656 repositi
1346 4594 1497 4654 sunt,
1530 4585 1644 4658 igni
1689 4585 1891 4641 servati
1935 4587 1990 4641 in
2033 4587 2179 4641 diem

592 4675 786 4746 judicii
814 4684 868 4731 et
892 4677 1214 4747 perditionis
1251 4678 1547 4748 impiorum
1596 4678 1882 4733 hominum
1915 4677 2084 4750 (158).
2115 4677 2183 4732 Et

597 4775 721 4838 post
752 4784 927 4838 pauca
973 4767 1158 4824 ταωιὶ
1203 4770 1456 4825 ardentes
1497 4770 1778 4825 solventur
1807 4778 1863 4825 et
1910 4770 2182 4825 elementa

598 4859 743 4930 ignis
765 4859 959 4916 ardore
981 4860 1279 4916 tabescent.
1302 4859 1484 4917 Novos
1511 4876 1642 4916 vero
1675 4862 1845 4917 coelos
1883 4870 1939 4916 et
1981 4877 2205 4916 novam-

599 4959 804 5006 terram
830 4961 884 5008 et
907 4952 1180 5023 promissa
1215 4950 1433 5006 Domini
1461 4963 1868 5023 exspectamus,
1899 4953 1952 5006 in
1980 4954 2184 5023 quibus

599 5040 811 5110 iustitia
834 5043 1043 5098 habitat
1074 5042 1241 5114 (139).
1279 5042 1354 5097 De
1382 5044 1590 5114 angelis
1632 5060 1851 5113 quoque
1902 5044 2182 5113 projectis,

2285 4579 2477 4654 grandi
2525 4579 2728 4649 impetu
2780 4578 3163 4634 intermisceri.
3202 4575 3377 4642 Quem
3424 4591 3592 4630 cursu
3631 4578 3866 4632 velocis-

2284 4675 2427 4730 simo
2469 4687 2634 4742 super
2673 4686 2798 4736 nos,
2847 4678 2909 4725 ut
2953 4674 3332 4724 transeuntem
3381 4668 3642 4733 vidimus,
3676 4669 3868 4723 sibilo-

2284 4781 2391 4837 que
2425 4765 2546 4835 ejus
2589 4764 2794 4834 pariter
2828 4778 2954 4817 cum
2996 4762 3304 4816 ﬁstularum
3333 4760 3570 4815 stridore
3613 4777 3726 4815 non
3754 4762 3868 4816 sine

2284 4865 2434 4912 metu
2485 4856 2796 4911 audivimus
2822 4895 2838 4921 ,
2885 4869 3013 4908 mox
3043 4853 3218 4907 nubes
3268 4867 3391 4921 qua:
3428 4866 3460 4906 a
3495 4867 3658 4906 mane
3698 4867 3870 4921 usque

2287 4948 2343 5002 in
2371 4948 2519 5002 illam
2560 4948 2753 5001 horam
2799 4944 2960 5015 quasi
3006 4945 3227 4999 stabant
3277 4940 3609 5008 immobiles,
3649 4943 3704 4996 in
3757 4951 3870 4995 tan-

2286 5047 2403 5094 tum
2431 5047 2716 5094 commota:
2767 5046 2823 5091 ct
2850 5036 3134 5090 concitata:
3172 5041 3338 5099 sunt,
3381 5042 3442 5087 ut
3481 5043 3591 5088 tota
3642 5033 3736 5087 illa
3783 5032 3867 5085 die
