4058 6472
222 363 356 425 1041

926 358 1016 422 DE
1053 358 1437 426 MlBACULlS‘
1466 363 1524 423 s.
1564 359 1988 422 EMMERAMMI
2025 356 2207 414 LIBRI
2242 336 2514 427 nt'Io.'f—-
2552 347 2681 406 LlB.
2706 345 2808 431 II.

3349 341 3374 396 1
3383 339 3490 397 042

217 482 422 538 horum
465 484 589 550 qua:
635 479 830 538 beatus
873 479 1112 540 Joannes
1153 483 1213 541 in
1237 481 1566 557 Apocalypsi
1609 496 1711 539 sua
1738 478 1804 535 de
1834 483 1882 540 Α
1908 475 2148 529 animam
2180 486 2338 527 suam
2383 467 2611 523 humani
2645 462 2859 557 generis
2888 451 3492 557 inimicumsuperatu-

219 575 463 633 dracone
495 583 550 631 et
572 575 744 632 bestia
780 575 1009 631 scribit?
1036 595 1054 629 ι

837 663 1192 720 Collectitiua.

265 763 268 768 ’
301 781 322 815 ι
349 759 489 817 Vere
513 761 568 815 in
585 759 906 815 memoriam
927 767 1196 814 venerunt
1216 758 1351 825 haec,
1368 755 1605 812 maxime
1629 761 1812 808 autem

225 855 459 926 urgebat
494 868 582 908 me
620 851 930 907 recordatio
976 849 1272 921 Scripturre
1305 849 1549 920 ejusdem
1597 845 1814 916 Apoca-

227 946 420 1017 lypsis,
467 945 522 998 in
565 958 674 1014 qua
703 943 1057 997 continetur:
1093 939 1183 996 Vae
1224 940 1414 1005 vobis,
1462 939 1589 1008 quia
1639 935 1817 990 Draco

226 1035 477 1090 venitad
507 1047 605 1088 vos
635 1048 761 1088 cum
797 1033 878 1087 ira
902 1048 1122 1103 magna,
1160 1032 1338 1087 sciens
1368 1030 1516 1100 quod
1541 1028 1817 1083 modicum

228 1134 447 1194 tempus
479 1123 676 1178 habeat
703 1123 872 1192 (141).
905 1121 1168 1188 Quamvis
1196 1121 1343 1176 enim
1371 1120 1566 1175 scirem
1603 1133 1701 1188 per
1724 1117 1819 1172 be-

229 1216 397 1270 stiam
424 1223 478 1268 et
504 1215 796 1269 draconem
841 1212 1240 1267 Antichristum
1272 1219 1326 1266 et
1364 1209 1641 1265 diabolum
1672 1205 1819 1262 desi-

231 1306 414 1377 gnari,
447 1313 502 1360 et
543 1306 686 1360 diem
718 1303 1045 1358 universalis
1085 1302 1279 1373 judicii
1323 1300 1548 1355 minime
1577 1303 1709 1353 tunc
1738 1297 1823 1350 in-

235 1405 406 1461 stare,
440 1407 621 1449 tamen
647 1394 717 1448 ob
738 1392 1014 1448 insolitam
1044 1406 1228 1446 rerum
1259 1389 1680 1446 ostentationem
1707 1394 1824 1440 tur-

233 1487 400 1542 batus
421 1486 655 1558 cogitavi
677 1487 870 1552 multa,
891 1494 947 1540 et
972 1483 1244 1554 suspiravi
1269 1482 1493 1537 timidus
1516 1496 1615 1552 pro
1650 1487 1827 1534 morte

233 1590 360 1630 mea
384 1576 497 1631 sive
523 1576 777 1642 aliorum,
831 1575 925 1644 qui
954 1589 1169 1628 mecum
1214 1573 1470 1626 videbant
1514 1571 1618 1626 ista
1663 1567 1825 1625 terri-

236 1667 392 1723 bilia.
426 1666 581 1721 Tunc
621 1682 718 1736 per
758 1665 956 1720 divinae
984 1673 1293 1734 respectum
1335 1662 1636 1718 clementiae
1663 1659 1827 1714 resti-

237 1765 394 1811 tutus
420 1757 475 1811 in
509 1771 664 1825 spem
691 1754 927 1821 vivendi,
950 1753 1130 1823 primo
1162 1753 1366 1824 gratias
1399 1751 1483 1822 egi
1507 1750 1620 1804 Deo
1649 1749 1829 1804 omni-

1912 578 2052 629 ram,
2088 562 2258 632 jussit
2288 560 2343 613 in
2389 573 2562 629 agone
2589 554 2892 610 nevissimo
2945 558 3008 604 ut
3050 564 3084 604 a
3127 546 3380 602 fidelibus
3438 543 3497 597 in

1911 655 2213 712 oratorium
2257 655 2591 721 portaretur,
2630 653 2688 700 et
2732 657 2856 699 ante
2885 642 3055 697 altare
3095 639 3240 694 beati
3288 633 3501 690 Otmari

1914 747 2294 816 deponeretur.
2329 741 2487 808 Quod
2517 754 2642 795 cum
2670 732 2877 809 faetum
2902 741 3067 800 esset,
3099 728 3504 801 aliquantulum

1915 854 1984 894 ex
2015 836 2329 890 infirmitate
2355 832 2761 896 convalesccns,
2789 826 3020 892 resedit;
3050 832 3106 879 et
3132 821 3384 876 Orarium
3415 834 3507 874 ac-

1919 930 2127 1000 cipiens
2163 943 2261 999 per
2294 925 2694 982 confessionem
2721 922 2961 993 primum
2991 932 3050 975 se
3078 914 3339 986 expiavit.
3371 911 3507 967 Dein

1918 1023 2011 1093 qui
2040 1021 2266 1076 aderant
2289 1035 2389 1090 pro
2415 1018 2540 1086 ﬁde,
2569 1031 2664 1087 spe
2689 1023 2744 1070 et
2769 1013 3034 1069 charitate
3066 1010 3200 1065 satis
3223 1007 3432 1063 utiliter
3456 1015 3512 1061 ct

1921 1115 2227 1169 luculenter
2252 1108 2751 1167 commonefaciens
2784 1121 2880 1162 eos
2911 1120 2976 1160 ac
3008 1118 3198 1162 omnes
3235 1101 3341 1158 sibi
3365 1114 3513 1156 com-

1923 1206 2148 1272 missos,
2187 1214 2240 1260 et
2269 1203 2630 1258 nihilominus
2675 1199 2886 1254 obitum
2937 1211 3098 1251 suum
3132 1209 3258 1249 cum
3300 1191 3513 1248 intimis

1926 1297 2186 1368 suspiriis
2223 1295 2335 1351 Deo
2359 1305 2412 1351 et
2443 1293 2650 1350 sanctis
2694 1292 2816 1362 ejus
2857 1286 3293 1353 commendavit,
3323 1284 3516 1353 sicque

1924 1383 2128 1446 viatico
2195 1396 2415 1458 sumpto
2467 1387 2800 1440 humotenus
2855 1397 2913 1437 se
2977 1377 3305 1436 humiliavit.
3362 1374 3518 1429 Tunc

1927 1480 2115 1536 aeditui
2145 1479 2263 1534 sive
2315 1476 2640 1534 cubicularii
2669 1475 2871 1546 ejicere
2900 1471 3185 1529 tentabant
3224 1468 3515 1524 universos

1929 1573 1996 1629 de
2027 1572 2283 1637 ecclesia,
2307 1569 2549 1640 exceptis
2575 1566 2940 1622 familiaribus
2969 1565 3042 1618 ibi
3068 1579 3136 1619 ex
3178 1577 3331 1616 more
3366 1575 3517 1615 com-

1931 1663 2302 1720 manentibus.
2338 1661 2488 1729 Quos
2525 1661 2606 1715 vir
2640 1657 2738 1714 Dei
2764 1657 3044 1730 prohibuit
3078 1655 3267 1710 dicens
3298 1671 3309 1705 :
3346 1651 3519 1708 Rese-

1893 1767 2050 1812 ~rate
2097 1756 2260 1822 ostia,
2307 1756 2470 1811 sinite
2493 1769 2716 1819 omnes,
2762 1751 2860 1823 qui
2913 1751 3003 1805 hic
3050 1756 3272 1804 manere
3314 1747 3520 1812 velint,

238 1846 450 1916 potenti
476 1846 572 1915 qui
592 1860 694 1899 nos
723 1844 970 1898 liberavi:
995 1844 1060 1897 de
1080 1845 1362 1913 potestate'
1377 1841 1610 1908 diaboli;
1636 1839 1831 1896 deinde
1863 1833 1906 1888 Β
1933 1847 2126 1903 adesse
2143 1847 2466 1903 resolutioni
2491 1855 2710 1900 nostra.
2738 1841 2859 1898 Non
2879 1841 3029 1897 enim
3056 1857 3178 1908 nos,
3207 1839 3302 1910 qui
3329 1852 3524 1895 sumus

241 1934 386 2002 coepi
412 1948 627 1988 mecum
658 1933 890 1999 volvere,
919 1948 1014 1988 sca
1039 1941 1218 1986 mente
1249 1941 1481 1986 tractare
1506 1931 1554 1987 si
1587 1943 1833 2000 unquam

243 2026 306 2079 in
355 2026 586 2096 legendo
625 2023 938 2094 Scripturas
968 2023 1264 2078 scrutando
1312 2024 1441 2077 talia
1489 2022 1788 2115 inch‘I‘egim
1814 2063 1828 2088 ,

243 2115 429 2186 qualia
455 2131 542 2169 me
569 2115 664 2169 illo
698 2115 784 2170 die
823 2114 1053 2184 contigit
1095 2114 1314 2169 vidisse.
1356 2112 1427 2167 Et
1449 2114 1589 2167 inter
1627 2101 1837 2168 “caetera

244 2223 370 2278 qua:
412 2206 634 2260 animus
677 2205 1051 2275 percurrebat,
1105 2203 1383 2258 redierunt
1412 2203 1469 2257 in
1514 2203 1838 2257 memoriam

245 2300 394 2354 dicta
421 2307 474 2353 et
509 2299 710 2369 scripta
759 2297 903 2353 beati
937 2297 1128 2352 Isidori
1159 2295 1406 2366 episc0pi
1433 2297 1580 2367 (142)
1603 2338 1616 2363 ,
1665 2294 1761 2364 qui
1785 2295 1840 2349 in

247 2388 392 2443 libro
419 2389 885 2460 Etymologiarum
935 2389 1002 2443 de
1029 2396 1229 2443 natura
1258 2387 1516 2442 draconis
1551 2385 1741 2442 scribit
1785 2385 1841 2438 in

251 2479 402 2532 hunc
430 2479 651 2533 modum
681 2497 692 2532 :
723 2477 896 2532 Draco
911 2478 1088 2547 major
1114 2485 1437 2532 cunctorum
1466 2475 1803 2546 serpentium
1824 2515 1838 2540 ,

250 2569 374 2622 sive
393 2570 638 2623 omnium
662 2569 1022 2622 animantium
1046 2584 1209 2638 super
1233 2577 1439 2623 terram
1463 2568 1642 2634 ;hunc
1668 2565 1844 2620 Grzeci

247 2659 517 2713 draconta
546 2669 762 2713 vocant.
790 2657 944 2712 Unde
971 2667 1026 2712 et
1044 2657 1346 2712 derivatum
1371 2665 1454 2712 est
1478 2657 1536 2710 in
1560 2655 1839 2722 Latinum,

251 2758 318 2803 ut
345 2750 512 2804 draco
539 2750 812 2805 diceretur
841 2749 934 2819 qui
963 2763 1105 2818 saepe
1141 2766 1175 2804 a
1217 2748 1492 2818 speluncis
1537 2749 1846 2804 abstractus

252 2840 434 2896 fertur
459 2841 513 2893 in
539 2856 744 2906 aerem,
775 2840 1194 2909 concitaturque
1215 2848 1437 2909 propter
1457 2855 1582 2893 eum
1607 2855 1720 2894 aer.
1751 2838 1847 2894 Est

254 2939 442 2986 autem
480 2931 758 2996 cristatus,
808 2945 904 2985 ore
957 2946 1128 3001 parvo
1172 2939 1227 2985 et
1270 2931 1438 2986 arctis
1469 2930 1704 2998 fistulis,
1749 2947 1846 3001 per

255 3036 399 3090 quas
434 3021 872 3095 trahitspiritum
924 3029 979 3076 et
1008 3022 1248 3092 linguam
1285 3023 1486 3084 exerit;
1519 3023 1631 3078 vim
1665 3033 1849 3078 autem

257 3130 372 3168 non
409 3114 465 3167 in
510 3114 797 3181 dentibus,
849 3114 945 3169 sed
984 3113 1040 3168 in
1091 3115 1264 3169 cauda
1303 3115 1499 3182 habet,
1540 3123 1595 3170 et
1625 3118 1849 3171 verbere

257 3204 445 3274 potius
469 3220 632 3273 quam
661 3205 773 3259 ictu
799 3203 1022 3276 [legemL
1057 3205 1220 3277 rictu]
1253 3214 1430 3261 nocet.
1469 3205 1735 3262 lnnoxius
1765 3215 1850 3262 est
1877 3183 1918 3241 ρ

263 3305 451 3351 autem
485 3313 519 3352 a
548 3297 792 3352 venenis.
825 3294 934 3352 Sed
963 3297 1087 3352 ideo
1116 3297 1247 3352 huic
1278 3298 1346 3351 ad
1382 3306 1616 3353 mortem
1646 3297 1854 3354 facien-

263 3389 392 3444 dam
422 3404 632 3443 venena
673 3390 935 3452 dicuntur
956 3405 1066 3445 non
1102 3405 1224 3447 esse
1260 3391 1601 3458 necessaria,
1630 3392 1758 3462 quia
1805 3393 1852 3447 si

262 3494 430 3550 quem
453 3480 718 3550 ligaverit,
743 3480 959 3534 occidit.
998 3480 1044 3533 Α
1069 3496 1180 3550 quo
1204 3496 1305 3536 nec
1333 3481 1553 3550 elephas
1587 3490 1739 3536 tutus
1768 3491 1852 3537 est

263 3571 353 3626 sui
382 3571 627 3641 corporis
669 3572 1072 3655 magnitudine;
1121 3588 1248 3626 nam
1277 3573 1420 3627 circa
1465 3574 1689 3628 semitas
1715 3574 1851 3628 deli-

264 3668 484 3718 tescens
564 3678 662 3732 per
717 3678 858 3732 quas
910 3663 1225 3731 elephantes
1275 3663 1436 3718 solito
1496 3663 1852 3734 gradiuntur,

267 3768 439 3807 crura
459 3767 648 3807 eorum
680 3753 840 3808 nodis
871 3753 1043 3823 illigat
1069 3769 1132 3809 ac
1159 3753 1452 3808 sul'focatos
1489 3755 1728 3824 perimit.
1761 3755 1856 3810 Gi-

267 3845 457 3914 gnitur
495 3853 676 3898 autem
721 3844 896 3914 magis
932 3845 987 3898 in
1031 3843 1311 3914 Ethiopia
1357 3853 1416 3900 et
1446 3845 1598 3901 India
1641 3845 1697 3900 in
1734 3846 1858 3917 ipso
1928 3843 1941 3872 "

269 3934 690 4006 incendiojugis
714 3943 902 3992 aestus.
943 3954 964 3990 ι
1038 3931 1050 3940 ’

302 4097 306 4100 ,
869 4027 1254 4099 Ammonicius.
1501 4094 1512 4104 .

349 4137 369 4171 ε
416 4117 593 4173 Credo
629 4118 875 4175 sullicere
898 4120 1105 4174 ista‘vel
1138 4136 1169 4174 a
1223 4128 1274 4174 te
1318 4119 1470 4187 visa,
1508 4121 1594 4175 vel
1635 4121 1704 4177 ab
1739 4120 1861 4180 aliis

267 4208 417 4263 dicta
444 4208 510 4262 de
530 4208 784 4264 draconis
805 4218 1020 4276 natura,
1049 4225 1147 4264 seu
1166 4210 1232 4266 de
1263 4209 1436 4264 bestia
1465 4210 1608 4265 hosti
1633 4212 1861 4282 antiquo

269 4298 472 4352 amica.
518 4296 676 4353 Nunc
713 4314 850 4370 ergo
874 4306 1088 4369 oportet
1144 4307 1204 4354 ut
1243 4300 1539 4356 revertaris
1573 4302 1719 4357 unde
1769 4302 1858 4358 dir-

270 4405 498 4460 gressus
521 4398 624 4447 est.
665 4409 684 4443 a
1268 4447 1270 4450 ,

891 4481 1241 4538 Collectitiua.

355 4591 374 4623 ς
410 4570 550 4636 Quia
574 4579 789 4643 tempus
814 4573 920 4626 hoc
943 4573 1106 4627 simul
1137 4581 1189 4627 et
1218 4573 1360 4626 ratio
1389 4573 1586 4642 poscit,
1621 4575 1864 4629 admoni-

266 4663 478 4716 tionem
526 4671 676 4716 tuam
712 4671 958 4717 secutum
982 4662 1048 4715 iri
1078 4670 1290 4730 meapte
1327 4662 1430 4716 erit
1473 4663 1528 4716 in
1563 4665 1888 4734 voluntate,-

267 4761 322 4805 ει
367 4753 413 4805 δί
455 4752 714 4806 Dominus
760 4770 978 4831 magnus
1021 4752 1273 4819 voluerit,
1335 4769 1437 4806 non
1486 4755 1598 4808 sine
1643 4756 1865 4811 humili-

273 4851 386 4895 tate
436 4843 605 4913 (145).
653 4841 822 4913 Igitur
865 4852 925 4897 ut
963 4843 1126 4913 paulo
1170 4852 1295 4898 ante
1345 4844 1600 4900 dictando
1641 4863 1866 4905 narrare

273 4932 440 5000 C(Bpi,
487 4933 687 5001 praesul
722 4933 1085 5000 venerandus,
1120 4942 1174 4989 et
1216 4935 1451 4988 multum
1499 4951 1529 4990 a
1573 4937 1730 4993 bonis
1779 4942 1866 4996 vel

274 5021 531 5076 ﬁdelibus
553 5024 842 5088 amandus,
868 5038 1078 5076 memor
1106 5023 1497 5080 admonitionis
1537 5041 1702 5095 quam
1732 5028 1864 5083 olim

277 5123 569 5183 acceperat
605 5130 702 5184 per
733 5115 1119 5170 revelationem
1145 5114 1352 5171 Christi
1381 5117 1734 5186 confessoris,
1764 5136 1867 5177 nec

278 5220 394 5258 non
426 5220 524 5274 pro
546 5214 696 5260 certo
727 5206 907 5260 sciens
943 5205 1250 5275 principem
1275 5207 1441 5276 hujus
1483 5211 1671 5264 mun'di
1714 5212 1783 5266 ad
1808 5227 1868 5267 se

275 5303 593 5364 venturum,
619 5306 819 5353 etcum
851 5298 1001 5372 aeris
1035 5299 1394 5368 potestatibus
1442 5309 1627 5355 contra
1675 5318 1734 5358 se
1762 5319 1866 5372 pu-

279 5396 600 5457 gnaturum,
629 5389 723 5443 sed
752 5388 809 5442 in
852 5371 1230 5443 misericordia
1262 5387 1499 5457 Domini,
1533 5390 1588 5445 in
1620 5407 1732 5462 quo
1756 5371 1866 5449 non

279 5477 477 5532 habuit
501 5479 819 5550 quidquam,
852 5494 948 5548 per
991 5478 1249 5552 suffragia
1276 5489 1594 5539 sanctorum
1636 5497 1866 5553 sperans

357 5617 508 5687 (l-ll)
544 5617 708 5687 Apoc.
745 5635 844 5672 XII.
1089 5615 1116 5639 ⁸

291 5759 294 5762 ἢ
358 5687 507 5824 ἔμεν.)
546 5687 714 5771 Ιμκῃ
743 5687 918 5760 0rig.,
953 5689 1154 5770 cap.
1239 5760 1250 5772 ν
1426 5763 1438 5775 .
1520 5697 1529 5705 '
1727 5721 1740 5773 τ

391 5758 509 5824 145)
551 5757 740 5816 Ιῐωριιι
757 5776 859 5817 ms.
880 5770 1035 5816 erant
1058 5761 1163 5816 aha
1179 5761 1579 5822 mmorehttcra
1602 5778 1740 5820 ascrI

391 5758 509 5825 145)
551 5757 740 5816 Haecin
757 5757 859 5817 ms.
880 5757 1035 5816 erant
1058 5759 1163 5816 alia
1179 5760 1391 5822 minore
1403 5761 1579 5820 littera
1602 5763 1857 5835 ascripta.

1936 1941 2217 2007 mortales,
2244 1940 2566 1995 erubescere
2596 1937 2883 2003 debemus,
2915 1934 3026 1990 nisi
3053 1948 3120 1989 ex
3161 1932 3320 1988 malis
3343 1930 3525 2002 Operi-

1937 2030 2062 2099 bus,
2093 2047 2218 2086 cum
2251 2032 2444 2086 mortis
2487 2029 2733 2085 debitum
2765 2026 3081 2084 necessario
3102 2024 3523 2091 exsolverimus,

1937 2124 2382 2196 quandoquidem
2417 2123 2694 2191 Christus,
2743 2121 2839 2195 qui
2887 2120 3025 2176 nihil
3072 2119 3233 2175 morti
3275 2117 3525 2184 debebat,

1940 2218 2110 2274 ferme
2137 2217 2318 2273 nudus
2347 2218 2487 2274 mori
2513 2232 2623 2288 nqn
2659 2214 2879 2270 erubuit
2913 2213 2970 2268 in
2998 2227 3160 2268 cruce
3188 2227 3285 2281 pro
3312 2208 3530 2281 generis

1943 2310 2172 2365 humani
2219 2309 2415 2364 salute.
2463 2307 2710 2379 Aspiciat
2743 2306 2980 2377 quisque
3021 2304 3078 2359 in
3116 2309 3293 2360 morte
3340 2309 3532 2356 nostra

1943 2401 2092 2472 quod
2125 2411 2318 2472 paveat
2349 2409 2402 2456 et
2431 2416 2540 2457 non
2589 2407 2780 2455 caveat
2822 2399 2880 2452 in
2930 2412 3050 2452 sua.
3101 2394 3246 2451 Deus
3281 2391 3534 2450 misereri

1945 2493 2200 2565 dignetur
2223 2503 2276 2548 et
2299 2493 2434 2548 mihi
2462 2492 2665 2548 misero
2693 2489 2967 2562 peccatori
2985 2496 3230 2562 mortem
3261 2501 3410 2541 nunc
3433 2500 3533 2556 pa-

1943 2585 2124 2654 tienti,
2157 2594 2210 2642 et
2230 2586 2430 2656 cuique
2453 2601 2574 2641 eam
2597 2582 2788 2642 timide
2824 2598 2888 2638 ac
2921 2581 3201 2638 humiliter
3224 2577 3530 2659 aspicienti.

1946 2676 2074 2734 limo
2099 2694 2225 2734 cum
2255 2679 2506 2746 dixisset,
2542 2687 2854 2733 reverenter
2887 2674 3174 2746 expiravit.
3209 2669 3331 2733 Mox
3373 2669 3537 2728 adve-

1947 2769 2028 2824 nit
2057 2771 2504 2842 archiepiscopus
2535 2770 2682 2842 (lM)
2707 2770 2864 2824 bona:
2885 2767 3184 2834 memor-ite,
3207 2763 3536 2830 Hartwicus,

1948 2871 2001 2916 et
2034 2860 2183 2917 Arbo
2219 2878 2404 2918 comes
2431 2861 2655 2933 quidam
2687 2877 2761 2920 ex
2795 2874 3026 2914 numero
3058 2857 3303 2912 fidelium
3333 2856 3539 2917 ﬁdelis-

1951 2955 2150 3023 simus,
2181 2956 2409 3028 viroque
2457 2954 2554 3010 Dei
2608 2955 2749 3028 inter
2798 2953 2970 3008 laicos
3007 2950 3390 3008 charissimus.
3429 2946 3540 3008 llos

1950 3062 2170 3118 quoque
2200 3048 2292 3102 illo
2323 3027 2580 3103 venturos
2617 3027 2775 3103 nocte
2807 3043 3082 3115 praeterita
3103 3043 3298 3114 spiritu
3329 3041 3541 3112 praedo,-

1951 3147 2072 3194 ctus
2101 3139 2433 3196 venerabilis
2479 3138 2680 3210 praesul
2727 3134 3086 3208 Wolfgangus
3139 3134 3378 3189 innotuit
3416 3133 3542 3204 qui-

1953 3229 2207 3296 busdam,
2236 3239 2360 3302 post
2400 3233 2563 3300 longa
2616 3229 2867 3296 silentia,
2917 3236 2970 3284 et
3007 3227 3252 3297 corporis
3296 3226 3543 3281 relaxata

1954 3322 2230 3389 molestia,
2265 3332 2509 3383 astantes
2551 3332 2786 3389 terrens,
2821 3336 2885 3375 ac
2909 3320 2988 3375 sic
3023 3319 3205 3374 subito
3235 3317 3491 3389 inquiens
3527 3335 3539 3370 :

1955 3411 2211 3468 Mundatc
2240 3414 2484 3481 domum,
2513 3422 2742 3486 purgate
2774 3404 2935 3478 atria,
2957 3411 3121 3467 hodie
3140 3411 3361 3468 venient
3382 3409 3543 3465 nobis

1955 3506 2089 3559 boni
2117 3491 2381 3576 hospites.
2416 3506 2482 3562 Et
2509 3515 2567 3561 ut
2593 3505 2830 3562 credatis
2853 3505 2988 3562 mihi
3023 3505 3152 3574 quia
3181 3491 3371 3561 verum
3393 3503 3541 3569 dico,
3637 3531 3647 3541 -

1919 3598 1923 3602 ⁴
1956 3597 2062 3652 hoc
2089 3599 2244 3653 vobis
2270 3599 2375 3655 erit
2411 3600 2629 3669 signum
2669 3615 2736 3655 ex
2777 3612 2872 3656 ore
2905 3612 3028 3653 meo
3061 3615 3074 3651 :
3108 3595 3297 3665 Navis,
3341 3597 3397 3652 in
3434 3613 3544 3667 qua

1949 3687 2276 3747 ferebantur
2311 3692 2454 3749 bona
2489 3691 2698 3746 domini
2734 3689 2992 3746 Hartwici
3031 3689 3462 3761 archipontiﬁcis
3491 3698 3546 3745 et

1956 3781 2163 3836 Arboni
2197 3784 2388 3856 Optimi
2428 3784 2668 3852 comitis,
2711 3783 3060 3854 naufragium
3086 3793 3249 3853 atque
3273 3782 3545 3852 jacturam

1958 3871 2016 3927 in
2046 3872 2298 3928 Danubio
2311 3891 2570 3946 perpessa
2596 3883 2706 3942 est;
2738 3873 2833 3930 sed
2855 3890 2949 3945 per
2963 3874 3400 3930 misericordiam
3425 3873 3545 3940 Dei,

1960 3966 2222 4024 homines
2247 3968 2383 4022 salvi
2413 3968 2543 4024 facti
2589 3978 2736 4038 sunt,
2783 3977 2836 4025 et
2867 3969 2974 4039 ipsi
3004 3967 3211 4024 domini
3254 3984 3382 4024 mox
3415 3976 3547 4039 post

1961 4059 2170 4115 obitum
2200 4077 2383 4116 meum
2419 4062 2573 4118 vobis
2613 4071 2773 4118 erunt
2815 4061 3121 4123 adventuri,
3157 4059 3300 4134 Quid
3341 4061 3548 4118 multa?

1963 4154 2248 4223 completis
2292 4155 2399 4221 his,
2430 4171 2551 4224 qum
2584 4154 2730 4210 dicta
2771 4144 2922 4223 sunt,
2952 4170 2984 4212 a
3012 4156 3171 4211 beato
3197 4153 3546 4227 Wolfgango,

1963 4261 2163 4315 corpus
2187 4247 2308 4317 ejus
2333 4249 2650 4303 comitatum
2688 4249 2756 4304 ab
2777 4249 3192 4320 archiepiscopo
3219 4257 3274 4306 et
3295 4265 3324 4304 a
3346 4247 3550 4319 populo

1963 4337 2204 4394 fidelium
2230 4342 2454 4411 copioso
2474 4349 2557 4396 est
2571 4342 2824 4413 religiose
2844 4344 3186 4409 tranSlatum,
3202 4359 3302 4399 nec
3330 4358 3440 4398 non
3463 4340 3553 4396 die

1965 4446 1997 4484 a
2029 4434 2263 4487 transitu
2314 4434 2463 4488 illius
2505 4435 2736 4504 septimo
2771 4435 2829 4489 in
2875 4435 3150 4491 civitatem
3186 4434 3551 4491 Ratisbonam

1827 4576 1838 4596 ε
1869 4523 1940 4583 ιι)
1968 4523 2210 4578 allatum.
2244 4523 2348 4578 Ubi
2379 4542 2503 4580 cum
2526 4527 2726 4594 prazsul
2758 4527 2953 4581 beatus
2978 4525 3120 4596 apud
3155 4525 3415 4581 Sanctum
3448 4524 3551 4578 Pe-

1967 4624 2114 4668 trum
2144 4626 2291 4670 esset
2329 4626 2641 4686 susceptus,
2694 4632 2759 4672 ac
2803 4617 3114 4686 vigiliarum
3144 4613 3552 4685 missarumque

1968 4707 2430 4761 celebrationibus
2480 4706 2613 4773 Deo,
2651 4707 2740 4761 cui
2769 4695 3174 4773 famulabatur,
3209 4705 3349 4762 foret
3393 4721 3548 4762 com-

1968 4798 2280 4864 mendatus,
2309 4799 2363 4852 in
2389 4799 2616 4853 basilica
2639 4799 2784 4854 beati
2819 4798 3081 4869 Stephani
3109 4799 3547 4872 protomartyris,

1970 4897 2028 4942 ut
2055 4889 2240 4943 vivens
2269 4897 2617 4958 prmeeperat,
2656 4889 3062 4972 pontiﬁcalibus
3102 4889 3308 4956 infulis,
3339 4890 3396 4942 in
3425 4888 3551 4962 qui-

1967 4990 2071 5045 bus
2100 5001 2455 5046 consccratus
2502 5000 2638 5058 erat,
2691 4991 3038 5060 induebatur,
3059 4993 3215 5064 juxta
3248 4995 3353 5049 hoc
3400 4993 3549 5063 quod
3600 5023 3606 5028 -

1971 5093 2234 5161 scriptum
2279 5103 2403 5147 est:
2449 5091 2674 5148 induam
2721 5102 2773 5148 te
2803 5096 3114 5150 mulatoriis
3161 5096 3332 5166 (M5).
3381 5094 3552 5150 ibiut
3610 5149 3613 5151 _

1968 5191 2150 5245 audivi
2180 5208 2210 5246 a
2243 5191 2480 5262 quodam
2526 5193 2844 5265 presbytero
2890 5210 3019 5250 sene
3067 5212 3132 5250 ac
3158 5196 3430 5268 religioso,
3453 5196 3549 5266 qui

1969 5306 2107 5368 eum.
2124 5293 2459 5361 paramentis
2484 5295 2794 5362 amiciebat,
2819 5294 2887 5350 ad
2925 5295 3386 5360 manifestandum
3411 5299 3548 5354 tanti

1973 5391 2247 5460 pontificis
2277 5393 2554 5460 meritum,
2582 5409 2694 5448 non
2726 5403 2937 5450 tantum
2960 5395 3096 5452 odor
3126 5397 3301 5453 malus
3337 5399 3544 5471 aberat,

1972 5491 2068 5547 sed
2092 5492 2260 5546 etiam
2286 5491 2464 5547 bonus
2492 5493 2710 5561 aderat;
2746 5495 3048 5550 secundum
3078 5495 3224 5566 quod
3257 5497 3548 5569 Apostolus

2043 5627 2190 5694 (144)
2232 5627 2660 5699 Salshurgensis.
2687 5628 2905 5684 .WMTZ.

1975 5728 1977 5730 -
2042 5699 2191 5767 (145)
2237 5697 2399 5750 Zach.
2435 5697 2514 5753 ill.
