4018 6382
558 290 696 347 1015

1547 296 1849 353 ARNOLDI
1886 293 2485 354 EMMERAMMENSIS
2517 289 2829 350 MONACHI

3687 290 3838 347 im

554 407 633 465 ait
660 425 674 462 :
703 405 892 463 Bonus
918 405 1055 463 odor
1094 405 1207 461 Deo
1240 417 1435 463 sumus
1476 405 1533 463 in
1562 409 1715 465 omni
1737 410 1881 479 loco,
1918 407 2044 468 aliis
2069 410 2140 468 ad
2166 413 2214 471 Α
2237 410 2560 478 Adalvinus,
2587 406 2899 473 Baturicus,
2926 402 3353 473 Erchanfridus;
3377 404 3466 462 his
3501 406 3845 462 succedebat

551 496 743 564 vitam,
780 494 902 552 aliis
924 495 993 550 ad
1026 505 1257 553 mortem
1282 497 1451 570 (146).
1480 498 1635 555 Tunc
1664 514 1789 556 cum
1812 517 2009 574 magna
2045 518 2139 558 re-

551 588 795 643 verentia
833 585 1186 646 sustollentes
1212 602 1412 659 corpus
1457 590 1601 647 beati
1626 591 1765 660 viri,
1798 602 2139 664 transporta—

485 689 495 738 ζ
550 678 685 732 bant
731 676 866 732 illud
894 676 964 731 ad
1002 676 1293 733 ecclesiam
1340 676 1548 734 Christi
1607 682 1863 753 martyris
1923 681 2142 737 Emme-

555 765 773 832 rammi,
804 765 963 835 cujus
993 765 1276 833 honorem,
1304 764 1437 821 dum
1460 766 1692 836 vixerat,
1724 769 1919 825 intimo
1945 769 2141 826 affectu

552 873 881 930 summoque
904 858 1086 914 studio
1109 859 1340 914 colebat.
1377 858 1496 929 Qua
1530 861 1826 916 missarum
1852 861 2141 917 solemniis

552 956 603 1001 et
646 950 1018 1019 exsequiarum
1059 948 1242 1018 o/ﬁciis
1286 948 1433 1021 (M7)
1478 948 1582 1004 rite
1616 950 1854 1019 peractis
1882 992 1897 1017 ,
1947 958 2140 1005 octava

553 1041 677 1096 luce
720 1055 750 1096 a
776 1039 952 1112 pridie
980 1038 1346 1095 Kalendarum
1371 1038 1794 1107 Novembrium,
1842 1041 1899 1095 in
1938 1041 2141 1111 quibus

554 1132 647 1188 ille
688 1132 926 1190 excessit
981 1132 1049 1188 de
1098 1133 1297 1200 medio,
1359 1134 1647 1205 magniﬁce
1696 1142 1750 1189 et
1800 1133 2138 1201 honoriﬁce,

552 1225 803 1295 sepultus
845 1234 929 1281 est
962 1234 1115 1295 parte
1165 1227 1393 1281 australi
1427 1227 1669 1283 basilica:
1703 1226 1890 1283 Sancti
1928 1226 2141 1283 Emme-

550 1317 749 1372 rammi
776 1317 831 1371 in
857 1316 1048 1373 ordine
1093 1318 1411 1387 pontiﬁcum
1436 1319 1767 1374 duodecimo
1789 1361 1803 1387 ,
1832 1319 1967 1375 satis
2008 1333 2142 1374 con-

551 1424 688 1480 grue
722 1424 952 1463 numero
983 1424 1141 1465 sacro
1176 1410 1231 1463 in
1269 1410 1363 1465 tali
1389 1410 1506 1465 viro
1528 1411 1779 1479 definito,
1816 1412 1873 1467 in
1901 1426 2012 1482 quo
2035 1408 2142 1466 Do-

456 1564 461 1569 _
551 1500 735 1555 minus
775 1501 1058 1556 miraculis
1089 1501 1153 1571 iet
1194 1502 1365 1573 signis
1415 1511 1661 1572 potenter
1705 1512 1829 1574 post
1874 1502 2139 1557 manifes-

549 1591 702 1659 tavit,
734 1592 865 1664 quia
893 1592 1042 1650 hunc
1078 1609 1203 1649 cum
1247 1594 1584 1666 principibus
1631 1595 1817 1667 populi
1862 1594 1950 1650 sui
1973 1594 2139 1650 collo-

548 1684 697 1741 cavit
723 1685 893 1756 (148).
1184 1748 1193 1755 ,

1155 1778 1537 1834 Ammonicius.

632 1890 653 1924 ι
681 1868 840 1926 Nunc
858 1886 1011 1942 ergo,
1038 1869 1168 1941 quia
1192 1871 1371 1925 virum
1392 1870 1488 1925 Dei
1517 1872 1573 1925 in
1596 1884 1826 1925 numero
1848 1868 2137 1939 episcopo-

546 1977 674 2020 rum
702 1963 935 2035 posuisti
980 1962 1340 2030 duodenario,
1385 1972 1447 2017 ut
1496 1963 1631 2017 mihi
1662 1962 1900 2029 videtur,
1934 1976 2137 2016 conve-

550 2055 711 2111 niens
734 2063 820 2111 est
844 2064 904 2111 ut
930 2054 1024 2126 qui
1063 2064 1191 2110 ante
1219 2070 1349 2109 eum
1375 2054 1517 2109 hanc
1540 2053 1844 2109 Ecclesiam
1876 2053 2137 2119 rexerint,

550 2147 879 2203 nominatim
906 2146 1204 2212 edisseras,
1235 2155 1289 2201 et
1310 2160 1451 2216 quos
1488 2144 1741 2200 habuerit
1768 2158 2138 2209 successores,

547 2237 682 2293 huic
742 2237 894 2309 operi
954 2253 1022 2294 ex
1076 2236 1403 2308 compendio
1450 2235 1722 2292 i‘nnectas.
1790 2233 2141 2299 Delectantur

544 2326 772 2397 quidem
797 2327 1044 2385 nonnulli
1077 2326 1310 2383 lectione
1338 2325 1675 2397 huiusmodi.
1708 2343 1726 2378 ι

1166 2418 1523 2476 Collectitius.

632 2528 651 2561 ι
672 2507 792 2566 Non
807 2511 1035 2567 habetur
1055 2521 1268 2567 certum
1286 2511 1411 2583 quis
1432 2511 1643 2582 primus
1666 2509 1720 2565 in
1744 2509 1971 2564 illoloco
1982 2507 2140 2580 plan-

549 2609 697 2657 tator
726 2598 894 2657 fuerit
925 2601 1236 2657 divinarum
1270 2602 1671 2673 plantationum
1712 2598 1881 2672 (M9).
1917 2599 2025 2655 Sed
2054 2609 2140 2655 ta-

550 2709 699 2762 men,
726 2703 787 2749 ut
817 2703 1029 2765 potero,
1060 2694 1341 2751 dilectioni
1368 2704 1477 2751 tua:
1517 2695 1937 2765 obtemperabo.
1970 2691 2143 2764 Igitur

549 2784 695 2841 sicut
726 2784 1225 2841 ecclesiasticarum
1242 2794 1514 2841 testantur
1546 2785 1747 2856 scripta
1783 2783 2142 2851 donationupi

548 2883 607 2930 et
646 2873 1028 2942 traditionum,
1062 2877 1180 2931 hate
1220 2875 1379 2931 sedes
1429 2876 1624 2930 habuit
1665 2875 1977 2946 episcopos,
2028 2871 2144 2927 Pri—

553 2980 711 3021 mum
737 2965 911 3038 (l50),
929 2967 1247 3037 temporibus
1262 2966 1408 3038 (151)
1420 2966 1781 3021 Romanorum
1800 2962 2143 3020 uenerabilem

548 3056 744 3125 virum,
773 3074 895 3112 cum
919 3058 1123 3112 caeteris
1153 3074 1257 3113 non
1276 3058 1427 3129 parvi
1448 3059 1651 3113 numeri
1673 3057 1964 3129 episc0pis,
2009 3071 2141 3128 quo-

550 3164 671 3204 rum
696 3157 843 3204 certa
878 3149 1201 3221 prwsutatus
1226 3150 1485 3221 regimina
1508 3149 1752 3222 legimus,
1778 3150 1996 3203 nomina
2022 3164 2141 3202 vero

549 3241 783 3296 invenire
807 3256 911 3295 non
926 3242 1215 3312 potuimus,
1243 3241 1362 3295 dein
1388 3240 1481 3296 sub
1507 3249 1734 3311 tempore
1761 3256 1939 3311 regum
1968 3237 2145 3292 Fran-

551 3348 755 3399 corum,
785 3349 878 3387 rtec
907 3349 1011 3387 non
1044 3332 1239 3386 ducum
1263 3331 1587 3386 Noricorum
1615 3331 1896 3403 quemdam
1931 3329 2146 3399 religio-

549 3438 669 3476 sum
690 3421 945 3477 Ecclesia:
966 3423 1268 3477 ministrum
1280 3423 1486 3476 nomine
1504 3421 1713 3491 Lupum
1722 3429 1774 3476 et
1793 3436 2146 3475 successorem

549 3513 666 3583 ejus
729 3523 1088 3585 nuncupatum
1142 3513 1468 3569 Ratharium
1494 3555 1509 3581 ,
1561 3521 1689 3569 ante
1744 3512 2144 3568 ordinationem

553 3604 725 3672 illam,
752 3604 1008 3661 videlicet
1047 3604 1197 3660 beati
1225 3602 1495 3659 Bonifacii
1542 3602 1835 3675 Moguntina
1879 3601 2148 3672 archiepi-

552 3695 727 3766 scopi,
757 3712 923 3768 quam
946 3697 1036 3752 ille
1056 3697 1112 3752 in
1133 3695 1354 3764 Norico,
1385 3712 1453 3752 ex
1486 3696 1809 3752 auctoritate
1832 3694 2145 3766 apostolica:

552 3787 722 3856 sedis,
749 3788 905 3859 juxta
938 3789 1190 3845 instituta
1235 3804 1510 3846 canonum
1531 3788 1777 3845 exercuit
1811 3789 1929 3844 sive
1955 3787 2150 3858 dispo-'

553 3881 686 3936 suit.
727 3879 925 3937 Postea
952 3897 1084 3937 vero
1132 3880 1469 3957 praefuerunt
1509 3881 1595 3950 hi,
1640 3897 1879 3953 quorum
1917 3880 2143 3947 nomina

546 3968 992 4041 ‘subsequuntur.
1032 3971 1095 4027 In
1122 3972 1317 4043 primis
1349 3970 1569 4043 prmfuit
1602 3970 1862 4027 dominus
1898 3970 2141 4027 Gaubal-

553 4059 680 4127 dus,
713 4060 799 4115 vir
847 4069 1072 4117 sanctus
1114 4069 1168 4117 et
1199 4062 1513 4133 religiosus,
1541 4061 1645 4117 sub
1689 4077 1801 4132 quo
1840 4076 2040 4131 corpus
2076 4058 2138 4114 Β.

555 4151 950 4209 Emmerammi
983 4170 1111 4210 vere
1152 4156 1408 4226 martyris
1452 4164 1505 4210 et
1545 4154 1785 4225 episcopi
1817 4155 2143 4213 translatum

554 4252 644 4299 est
665 4242 735 4299 de
753 4244 875 4300 loco
890 4245 944 4299 in
967 4260 1076 4316 quo
1098 4245 1337 4319 positum
1365 4244 1541 4299 fuerat
1558 4244 1780 4315 quando
1800 4245 1869 4299 ab
1884 4244 2140 4301 Ascheim

555 4336 669 4391 huc
692 4344 1125 4408 transportatum
1166 4347 1301 4393 erat.
1343 4336 1476 4393 Post
1516 4338 1664 4393 hunc
1710 4337 2020 4409 Sintpertus
2056 4354 2145 4395 ca-

2242 500 2559 567 Embricho,
2598 500 2765 554 homo
2792 495 3123 552 venerabilis
3168 504 3328 552 aetate
3366 512 3432 552 ac
3472 498 3674 555 merito
3697 539 3715 565 ,
3752 497 3844 553 uti

2240 591 2607 663 comperimus
2628 589 3016 645 chronicorum
3042 586 3246 657 scripto
3267 587 3526 642 veridico.
3550 586 3695 642 Tum
3718 589 3845 659 cpi.

2241 692 2499 751 scopatus
2534 678 2951 735 Ratisbonensis
2983 676 3216 747 Asperto
3248 676 3521 747 provenit,
3566 675 3660 732 cui
3702 692 3844 731 suc-

2240 771 2406 827 cessit
2426 770 2510 825 vir
2542 784 2756 841 magna:
2783 766 3229 824 mansuetudinis
3257 776 3315 822 et
3354 767 3577 839 pietatis
3607 767 3843 823 nomine

2241 860 2405 929 Tuto,
2429 861 2611 917 clarus
2633 860 2882 932 ingenio;
2905 859 2953 915 is
2975 859 3168 914 habuit
3195 873 3566 926 successores,
3594 857 3845 930 lsangri-

2241 969 2415 1019 mum,
2463 951 2824 1018 Guntharim,
2857 960 2911 1006 et
2957 950 3298 1014 Michaelem.
3349 950 3484 1007 Post
3534 951 3642 1006 hoc
3688 950 3845 1006 rexit

2241 1046 2383 1103 hanc
2403 1046 2702 1102 Ecclesiam
2725 1044 2786 1100 Β.
2810 1042 3190 1116 Wolfgangus,
3208 1060 3373 1116 quem
3396 1044 3677 1101 subsecuti
3700 1051 3846 1099 sunt

2241 1137 2435 1194 ordine
2484 1137 2623 1193 vicis
2668 1152 2815 1203 suae,
2842 1134 3199 1203 Cebhardus,
3231 1145 3287 1192 et
3322 1137 3452 1192 item
3483 1136 3842 1203 Gebhardus,

2241 1229 2444 1300 quibus
2468 1226 2617 1284 Orno
2642 1228 2929 1291 successit,
2959 1226 3154 1287 tertius
3180 1226 3501 1283 Gebhardus
3524 1226 3693 1283 frater
3722 1227 3845 1282 imo

2240 1319 2530 1391 peratoris,
2554 1317 2710 1374 valde
2743 1316 3105 1388 praeminens
3128 1326 3183 1372 et
3222 1317 3503 1373 nobilitate
3529 1318 3755 1389 generis
3784 1325 3848 1373 et

2242 1411 2461 1483 fastigio
2513 1409 2842 1482 pontiﬁcalis
2891 1409 3139 1464 honoris.
3178 1408 3263 1465 Ab
3316 1410 3410 1465 illo
3456 1418 3661 1479 autem,
3710 1411 3844 1483 qui,

2241 1501 2431 1573 Lupus
2446 1501 2734 1566 vocabulo,
2753 1508 2942 1571 pastor
2964 1499 3141 1555 otiicio
3165 1501 3423 1570 pascebat
3448 1516 3580 1557 oves
3600 1499 3851 1557 Christi-

2243 1594 2391 1651 Colas
2419 1595 2523 1651 sub
2535 1593 2673 1649 duce
2715 1593 2811 1663 qui
2838 1591 3020 1648 dictus
3039 1601 3126 1648 est
3149 1590 3325 1660 Dicto,
3347 1609 3522 1664 usque
3543 1593 3612 1649 ad
3633 1593 3845 1661 istum,

2243 1690 2338 1758 qui
2368 1702 2515 1742 nunc
2544 1685 2845 1741 Eeclesiam
2884 1685 3055 1757 regit,
3100 1684 3324 1741 fuerunt
3359 1700 3550 1742 omnes
3584 1686 3847 1757 episcopi

2167 1766 2215 1827 Β
2243 1779 2407 1849 hujus
2455 1778 2600 1835 sedis
2638 1777 2826 1833 decem
2861 1785 2916 1833 et
2957 1785 3186 1848 septem.
3244 1777 3356 1835 llos
3402 1779 3526 1850 pius
3567 1777 3847 1851 Princeps

2239 1881 2522 1944 pastorum
2554 1871 2824 1928 collocare
2851 1869 3105 1940 dignetur
3146 1870 3199 1926 in
3242 1887 3409 1943 regno
3440 1872 3739 1941 calorum,
3778 1882 3842 1929 et

2241 1981 2343 2020 nos
2369 1972 2684 2035 peccatores
2698 1963 2753 2017 in
2769 1961 3123 2017 multitudine
3141 1978 3366 2019 suarum
3388 1964 3842 2032 miserationum,

2241 2072 2351 2111 non
2384 2056 2708 2126 dedignetur
2736 2050 2946 2109 efficere
2966 2052 3262 2129 participes
3286 2064 3616 2112 atteruarum
3645 2055 3842 2113 salva-

2239 2146 2474 2204 tionum.
2496 2165 2520 2200 ι

2830 2240 3215 2297 Ammonicius.

2319 2349 2340 2382 c
2384 2333 2578 2387 Amen.
2618 2330 2777 2389 Nunc
2819 2341 3035 2403 tempus
3068 2341 3152 2387 est
3196 2340 3258 2385 ut
3303 2330 3503 2403 stylum
3540 2338 3841 2387 convertas

2241 2420 2311 2475 ad
2338 2421 2603 2477 miracula
2627 2439 2751 2493 quae
2775 2424 2844 2478 ad
2867 2422 3182 2493 sepulcrum
3208 2422 3352 2477 beati
3376 2420 3697 2494 Wolfgangi
3723 2423 3840 2492 epi—

2243 2512 2397 2581 scopi
2420 2520 2476 2567 et
2509 2511 2845 2569 confessoris
2866 2514 3088 2585 dignata
3118 2520 3204 2568 est
3229 2509 3403 2583 gratia
3427 2509 3842 2581 Omnipotentis

2244 2602 2484 2674 operari,
2514 2601 2610 2674 qui
2654 2604 2714 2658 in
2736 2605 2942 2660 sanctis
2963 2604 3083 2674 ejus
3111 2617 3330 2673 semper
3356 2610 3441 2658 est
3475 2601 3763 2673 gloriosus
3788 2610 3842 2658 et

2244 2692 2534 2747 mirabilis.
2576 2690 2704 2748 Haec
2739 2708 2961 2763 quoque
2994 2692 3234 2749 scribere
3278 2699 3333 2747 te
3362 2699 3603 2762 oportet,
3630 2692 3721 2748 vel
3771 2693 3841 2748 ob

2245 2783 2351 2839 hoc
2380 2784 2619 2839 maxime
2648 2784 2775 2855 quia
2829 2793 2958 2839 sunt
2992 2783 3241 2857 nonnulli
3271 2783 3366 2855 qui
3397 2783 3680 2855 quosdam
3726 2784 3837 2839 cie.-

2245 2885 2364 2931 ctos
2413 2875 2643 2931 minime
2682 2876 2912 2932 credunt
2942 2890 3066 2930 esse
3107 2876 3163 2929 in
3207 2888 3438 2930 numero
3490 2882 3842 2940 sanctorum,

2245 2967 2355 3023 nisi
2405 2967 2475 3023 ad
2523 2982 2719 3024 eorum
2772 2966 3025 3039 sepulcra
3074 2964 3324 3041 prodigia
3337 2965 3607 3024 .viderint
3658 2974 3719 3023 et
3771 2966 3844 3023 si-

2247 3076 2371 3133 gna.
2421 3077 2440 3113 ι

2856 3148 3217 3205 Cotlectitius.

2322 3260 2341 3292 ι
2385 3238 2523 3295 Novi
2556 3247 2611 3295 et
2647 3239 2765 3295 scio
2805 3239 2936 3311 quia
2975 3238 3074 3294 tibi
3126 3237 3482 3309 obsequendo
3535 3238 3842 3293 multorum

2244 3334 2491 3392 moribus
2520 3333 2803 3400 deservio;
2837 3332 2961 3388 ideo
2985 3330 3331 3388 dilectionem
3352 3339 3505 3385 tuam
3526 3332 3845 3401 praaceden-

2243 3433 2354 3481 tem
2385 3440 2482 3495 per
2522 3423 2953 3479 admonitionem
3002 3431 3229 3494 paratus
3277 3435 3403 3477 sum
3451 3421 3725 3493 subsequi
3750 3438 3846 3494 per

2243 3523 2569 3587 praesentem
2604 3512 3049 3583 descriptionem.
3099 3531 3119 3564 ι
3244 3572 3258 3585 α

2313 3608 2546 3677 Quidam
2578 3609 2743 3664 homo
2763 3607 3006 3664 cmcitate
3031 3605 3317 3670 multatus,
3347 3603 3418 3659 ob
3440 3601 3498 3658 id
3525 3603 3697 3659 valde
3722 3618 3846 3660 con-

2243 3701 2516 3766 tristatus,
2544 3708 2606 3754 ut
2629 3698 2696 3754 ad
2721 3697 3035 3768 sepulcrum
3065 3694 3128 3749 Β.
3153 3692 3469 3766 Wolfgangi
3491 3694 3762 3759 accessit,
3793 3704 3844 3748 et

2245 3791 2321 3847 ibi
2365 3805 2493 3846 cum
2526 3788 2785 3860 lacrymis
2816 3801 3011 3857 preces
3035 3784 3199 3851 fudit,
3231 3793 3453 3855 recepto
3484 3783 3638 3850 visu,
3671 3800 3843 3839 exau-

2243 3884 2418 3939 ditum
2449 3897 2508 3937 se
2539 3880 2863 3953 gratulatus,
2889 3886 2946 3933 et
2981 3870 3107 3932 inde
3133 3876 3339 3947 oppido
3381 3874 3704 3931 laetiﬁcatus
3733 3875 3843 3929 Deo

2244 3990 2308 4031 ac
2330 3980 2522 4028 sancto
2545 3970 2786 4045 pontiﬁci
2807 3968 3013 4040 gratias
3039 3966 3181 4039 egit,
3215 3966 3403 4038 sicque
3432 3967 3641 4022 comite
3663 3966 3843 4022 salute

2245 4066 2500 4139 proprios
2523 4065 2667 4120 lares
2702 4062 2912 4118 revisit.
3064 4059 3072 4067 '

2316 4156 2438 4212 Alio
2459 4170 2678 4227 quoque
2701 4163 2945 4224 tempore
2970 4150 3291 4207 muliercula
3325 4149 3578 4220 quaedam
3612 4148 3722 4204 sub
3749 4163 3843 4219 spe

2244 4248 2633 4319 recuperanda:
2675 4247 2869 4302 salutis
2905 4245 3187 4315 deportata
3224 4251 3309 4299 est
3339 4258 3372 4298 a
3405 4244 3521 4299 suis
3560 4243 3619 4297 in
3668 4243 3842 4298 eccle-

2245 4340 2387 4397 siam
2414 4337 2477 4392 B.
2511 4335 2903 4392 Emmerammi
2930 4333 3187 4405 martyris
3212 4348 3279 4389 ac
3306 4332 3607 4403 pontiﬁcis,
3636 4333 3698 4387 in
3734 4347 3839 4402 qua

553 4428 812 4486 thedram
849 4430 1218 4501 pontiﬁcalem
1266 4445 1392 4489 cum
1443 4430 1706 4501 regimine
1767 4430 2141 4487 ecclesiastico
2169 4451 2221 4515 υ
2244 4432 2377 4487 dum
2406 4437 2532 4485 ante
2545 4428 2738 4484 altaria
2758 4427 3001 4497 rependo
3025 4421 3287 4497 petitione
3309 4425 3497 4515 sedula
3515 4422 3841 4479 sanctorum

555 4520 819 4593 suscepit,
843 4522 937 4593 qui
965 4521 1026 4577 Β.
1057 4521 1463 4578 Emmerammo
1480 4523 1764 4578 basilicam
1793 4540 1995 4579 novam
2027 4542 2144 4580 am-

550 4612 825 4685 plioribus
852 4613 1065 4684 spatiis,
1092 4623 1148 4670 et
1174 4616 1526 4685 propensiore
1556 4624 1779 4686 sumptu
1814 4618 2143 4686 construxit,

552 4712 721 4778 atque
773 4715 1009 4763 ornant.
1064 4706 1240 4776 Quem
1287 4722 1384 4778 per
1430 4707 1679 4764 ordinem
1732 4708 2142 4783 sequebantur,

659 4869 759 4925 M6
823 4869 890 4924 II
921 4870 1045 4927 Cor.
1068 4888 1129 4927 ιι.

661 4868 782 5012 in;
818 4940 940 5012 Alia
961 4942 1129 5001 littera

661 4939 779 5015 ειη)
818 4940 1142 5015 glialittera
1170 4942 1239 4997 ad
1270 4943 1596 5015 marginem.

655 5009 779 5068 148)
820 5011 975 5067 Psal.
1010 5029 1141 5068 ειη.

655 5013 757 5064 148
820 5013 975 5067 Psal.
1010 5029 1141 5068 ειη.
1402 5013 1417 5015 ἡ

655 5013 779 5152 M9;
819 5080 955 5154 Quis
1003 5084 1215 5154 primus
1259 5082 1551 5154 episcopus
1599 5083 1763 5141 fuerit
1827 5084 2145 5142 Ratisbonac

557 5160 861 5220 ignoratur.

632 5220 779 5292 (150)
820 5222 946 5298 Περί)
973 5224 1157 5279 omnia
1186 5223 1256 5281 ad
1277 5226 1583 5298 marginem
1604 5226 1807 5282 minori
1832 5227 2017 5282 littera
2042 5241 2145 5282 no-

558 5296 671 5344 tata
697 5301 843 5347 sunt.
883 5292 1041 5353 BASN.
1403 5292 1427 5298 ⁷
2004 5314 2009 5321 ’

633 5359 780 5430 (151)
820 5362 897 5418 De
943 5366 1270 5490 antiquitate
1305 5367 1549 5425 ecclesia
1591 5367 2005 5450 liatisponensis
2034 5382 2143 5490 pu-

633 5439 733 5485 ant
759 5441 1031 5490 auctores.
1113 5438 1145 5490 d
1176 5436 1392 5490 fabulas
1418 5437 1741 5490 confugiunt
1780 5455 1876 5490 ani
1908 5439 2011 5490 sub
2084 5452 2143 5490 0-

562 5439 733 5512 gnant
759 5441 1031 5512 auctores.
1065 5436 1392 5512 Ad_fabulas
1418 5436 1759 5512 confugiunt
1780 5440 1876 5510 qui
1908 5439 2011 5494 sub
2034 5436 2145 5492 Ro-

563 5503 749 5583 manis
783 5503 1048 5571 plurimos
1087 5507 1372 5583 episcopos
1421 5508 1477 5561 in
1507 5525 1572 5562 ea
1592 5503 1816 5583 civitate
1859 5515 2146 5583 recensent

562 5571 783 5649 indictis
798 5587 991 5649 eorum
1022 5571 1368 5649 nominibus;
1400 5594 1501 5633 nec
1526 5580 1699 5649 magis
1730 5588 1876 5635 certa
1907 5579 2145 5649 produnt

603 5641 659 5719 ui
682 5639 970 5719 Paulinum
999 5647 1233 5719 primum
1265 5639 1430 5719 hujus
1452 5639 1689 5719 civitatis
1729 5639 2016 5719 praasulcm
2064 5647 2143 5702 fa-

548 5712 736 5780 ciunt.
768 5712 855 5797 (θίή
889 5712 1184 5791 successit,
1226 5712 1528 5776 secundum
1570 5712 1880 5791 Arnolfum,
1932 5718 2137 5791 Lupus.

892 5153 1050 5209 Bxsn.

2247 4521 2600 4593 etilagitasset
2641 4516 2939 4588 suffragia.
2971 4517 3199 4571 tandem
3227 4530 3297 4569 ex
3335 4514 3523 4569 labore
3555 4528 3655 4568 seu
3687 4514 3843 4585 aegri-

2248 4611 2438 4666 tudine
2471 4608 2718 4681 fatigata,
2762 4621 2925 4661 secus
2960 4606 3203 4661 tumbam
3249 4603 3455 4660 Christi
3499 4602 3842 4659 confessoris

2249 4697 2565 4771 Wolfgangi
2605 4696 2808 4752 resedit
2838 4695 3016 4751 humi.
3056 4692 3309 4765 Cumque
3356 4691 3573 4749 misella
3610 4708 3842 4764 corpore

2249 4875 2357 4950 _Alii
2385 4873 2952 4950 Rudbertummostea
2982 4865 3840 4950 Emmerammum,_Erbard_um,

2249 4946 2392 5001 hanc
2446 4945 2636 5000 volunt
2683 4938 2988 4999 Ecclesiam
3034 4940 3280 5005 rexisse;
3307 4953 3434 4994 cum
3480 4946 3671 4992 tamen
3707 4938 3844 4991 ﬁxas

2247 5016 2389 5086 apud
2416 5030 2537 5071 eam
2560 5012 2716 5069 sedes
2739 5028 2851 5067 non
2879 5010 3189 5086 habuerint,
3220 5007 3315 5086 sed
3338 5007 3843 5086 potiusaliquoties

2248 5077 2323 5140 ibi
2353 5086 2766 5140 diversarentur
2793 5090 2855 5136 ut
2902 5081 3147 5151 populos
3174 5078 3243 5151 ad
3284 5077 3453 5151 ﬁdem
3482 5077 3839 5131 adducerent.

2247 5156 2592 5222 Quamquam
2632 5148 2946 5209 Rudberttis
2975 5148 3067 5205 'ibi
3123 5148 3319 5205 fuisset
3371 5148 3693 5222 episcopus,
3736 5162 3840 5222 non

2246 5217 2580 5305 indenuilum
2609 5222 2955 5305 antiquitatis
2982 5228 3322 5305 momentum
3352 5217 3637 5305 accederet

2247 5297 2343 5352 size
2381 5290 2792 5366 Ratisponcnsi,
2816 5308 2943 5366 cum
2966 5290 3165 5346 saecuio
3191 5298 3385 5366 octavo
3423 5290 3840 5366 vixeritnquem-

2253 5355 2556 5422 admodum
2592 5364 2661 5420 ad
2683 5355 2803 5433 ejus
2837 5362 3019 5433 Vitam
3037 5375 3237 5433 sumus
3257 5357 3566 5428 probaturi.
3592 5355 3838 5433 _Eviden-

2253 5439 2364 5508 tius
2383 5438 2556 5492 multo
2580 5426 2819 5508 primum
2844 5426 3492 5508 fuisse_l}at_ispopensem
3518 5426 3835 5508 episcopum

2252 5498 2630 5573 Gaubalduni,
2686 5504 2781 5577 qui
2829 5519 2862 5558 a
2903 5498 3209 5558 Bonifacio
3234 5498 3556 5577 yoguntino
3599 5498 3835 5577 suscepit

2252 5568 2474 5634 ordines
2500 5596 2511 5632 :
2541 5564 2665 5647 post
2703 5564 2853 5647 hunc
2881 5580 3201 5647 numeratur
3233 5564 3578 5647 Seutpertus,
3605 5566 3704 5637 qui
3733 5564 3833 5647 iis:

2251 5650 2415 5704 varis:
2441 5633 2732 5703 conventui
2756 5643 2900 5716 apud
2923 5641 3319 5715 Dingolﬁngam
3353 5633 3543 5694 habito
3568 5633 3717 5693 anno
3739 5633 3833 5700 773

2229 5719 2592 5793 subscripsit.
2621 5716 2787 5793 Bisi:1
