4018 6402
175 276 320 347 tots

885 286 974 344 DE
1010 287 1387 348 MIRACULIS
1424 290 1482 348 S.
1522 289 1946 349 EMMERAMMI
1983 292 2165 348 LIBRI
2202 292 2360 350 DUO.
2400 324 2469 334 —
2508 293 2636 350 LIB.
2677 294 2739 349 ll.

3300 291 3436 347 “M6

175 420 245 463 ac
278 411 463 461 mente
492 402 730 471 inclinis,
769 406 1068 463 venerandi
1102 406 1377 478 pontiﬁcis
1422 409 1669 480 adjuvari
1701 425 1759 465 se
1788 412 1835 471 Α
1862 410 1981 466 tibi.
2031 409 2272 467 Gloriam
2317 411 2472 483 regni
2512 412 2589 467 tui
2620 411 2835 477 dicent,
2881 417 2935 465 et
2957 409 3251 482 potentiam
3287 416 3438 463 tuam

172 502 394 565 optaret
427 494 680 565 precibus
707 501 763 549 et
814 494 1047 564 meritis,
1098 496 1279 552 subito
1320 498 1509 554 lateris
1537 507 1758 555 contra-

172 586 311 652 ctio,
347 592 404 640 et
432 594 756 642 caaterorum
780 570 989 642 nodosa
1017 589 1389 645 membrorum
1419 590 1659 662 alligatio
1677 598 1762 646 est

173 677 378 743 soluta,
407 686 461 733 et
487 678 848 735 nihilominus
876 688 988 734 tam
1025 681 1377 736 vehementer
1405 683 1653 753 disrupta
1701 691 1762 738 ut

173 766 462 837 sanguinis
493 767 686 823 eﬁ‘usio
708 768 977 824 difﬂueret
1010 770 1065 825 in
1085 772 1417 841 pavimento.
1457 772 1611 829 Tunc
1632 790 1759 829 mu-

176 856 299 925 lier,
327 859 567 929 primum
605 861 887 928 exterrita,
921 877 1033 933 prae
1079 863 1273 919 timore
1302 864 1467 935 etrapit
1502 856 1759 934 clamare,

172 950 307 1006 dein
332 951 591 1008 exsiliens
624 961 803 1023 grates
827 954 1065 1011 reddidit
1097 957 1372 1013 salvatrici
1408 967 1611 1015 sancta:
1636 959 1760 1014 Tri-

174 1041 369 1097 nitatis
419 1042 852 1112 omnipotentize,
904 1052 1069 1116 atque
1129 1056 1446 1104 sanctorum
1510 1050 1762 1106 sanitatis

175 1133 535 1204 impetratrici
574 1135 894 1193 clementiae.
926 1136 1115 1208 Itaque
1143 1138 1246 1195 sibi
1277 1140 1533 1197 restituta
1561 1141 1628 1196 de
1670 1157 1761 1197 sa-

175 1225 414 1284 lutiferis
438 1226 685 1283 ecclesia:
722 1227 1017 1285 domiciliis
1064 1231 1343 1300 repedavit
1379 1231 1448 1287 ad
1476 1248 1595 1289 sua.
1631 1231 1764 1288 Post

174 1319 299 1375 haec
325 1319 396 1374 ad
424 1334 565 1390 quos
585 1319 752 1391 hujus
765 1320 845 1375 rei
870 1336 1003 1377 cura
1029 1322 1357 1392 pertinebat,
1382 1326 1761 1393 scamnellum,

172 1426 291 1481 quo
317 1411 410 1467 illa
447 1412 781 1482 paupercula
824 1413 955 1469 totis
982 1414 1192 1470 viribus
1219 1415 1406 1470 innixa
1436 1431 1621 1486 repere
1666 1433 1765 1488 po-

176 1504 292 1558 tius
311 1519 477 1575 quam
514 1504 869 1561 deambulare
906 1506 1136 1574 solebat,
1176 1506 1244 1563 ad
1265 1507 1499 1585 gloriam
1526 1510 1764 1567 nominis

174 1595 369 1663 divini,
398 1603 453 1650 et
477 1595 546 1650 ob
572 1597 893 1653 memoriam
939 1597 1077 1657 tanti
1109 1598 1271 1672 signi,
1301 1614 1466 1675 super
1492 1598 1639 1657 fores
1675 1617 1763 1657 ec--

174 1685 360 1741 clesia:
382 1686 809 1757 suspendebant.
1094 1748 1095 1751 η

248 1775 498 1843 Quadam
528 1778 615 1833 die
643 1775 769 1851 (aL.
799 1779 1107 1854 Dominieo]
1136 1781 1434 1837 homuncio
1458 1798 1763 1853 paupercu-

175 1866 286 1936 lus,
310 1876 384 1935 et,
408 1876 470 1924 ut
482 1868 722 1927 veridica
749 1871 1013 1927 relatione
1041 1871 1228 1939 didici,
1257 1870 1629 1928 Ravennantis
1646 1873 1762 1943 cpi-

177 1960 333 2031 scopi
362 1960 843 2033 eleemosynarius,
891 1963 1063 2036 gratia
1113 1963 1305 2020 orandi
1331 1964 1483 2019 venit
1509 1964 1565 2019 in
1588 1965 1763 2028 ecclev

176 2052 322 2107 siam
343 2049 403 2105 Β.
428 2050 838 2108 Emmerammi.
866 2052 938 2122 ls,
982 2055 1112 2110 dum
1140 2054 1412 2125 frequenti
1438 2055 1685 2111 oratione
1707 2071 1765 2111 se

176 2142 402 2199 liberari
441 2152 756 2200 sanctorum
786 2146 999 2202 meritis
1034 2147 1336 2217 postularet
1369 2148 1437 2202 ab
1468 2147 1767 2202 inhaerente

177 2236 286 2292 sibi
307 2235 403 2292 diu
431 2237 806 2293 membrorum
827 2238 1124 2311 debilitate,
1158 2240 1380 2295 demum
1417 2241 1675 2297 decubuit
1709 2242 1765 2297 in

176 2326 303 2382 loco
326 2327 423 2398 qui
444 2327 589 2383 beati
611 2327 921 2401 Wolfgangi
945 2331 1165 2387 dotatus
1187 2331 1352 2386 simul
1377 2339 1540 2402 atque
1562 2331 1767 2387 ditatus

174 2427 268 2475 est
294 2435 524 2491 corpore
558 2436 735 2478 sacro.
764 2419 844 2477 Ibi
871 2421 1103 2478 feliciter
1136 2432 1446 2494 soporatos,
1473 2425 1766 2494 quemdam

176 2512 364 2567 virum
414 2521 622 2569 statura
665 2530 990 2585 procerum,
1047 2523 1104 2586 et
1157 2515 1358 2571 canitie
1396 2516 1768 2572 venerandum

179 2611 366 2658 astare
398 2604 555 2672 vidit,
589 2606 684 2679 qui
719 2607 787 2662 ad
835 2623 962 2663 eum
986 2607 1125 2662 dixit
1156 2626 1169 2662 :
1205 2606 1273 2661 Ut
1299 2608 1433 2678 quid
1469 2616 1524 2663 tu
1557 2608 1646 2664 hic
1676 2617 1773 2665 aut

180 2694 348 2764 cujus
376 2696 456 2750 rei
497 2698 673 2767 gratia
721 2699 832 2755 huc
862 2699 1170 2758 advenisti?
1196 2698 1414 2756 Cuiille
1438 2702 1721 2771 respondit
1754 2721 1767 2756 :

181 2786 440 2856 Domine,
474 2797 764 2860 propterea
810 2792 978 2847 miser
1006 2792 1117 2848 huc
1145 2794 1271 2848 veni
1303 2801 1365 2849 ut
1386 2809 1549 2849 saner
1581 2810 1613 2848 a
1646 2794 1770 2849 lan—

182 2879 454 2952 guoribus
516 2882 720 2952 quibus
759 2883 874 2953 jam
919 2900 1017 2955 per
1064 2884 1251 2956 plures
1305 2901 1481 2941 annos
1533 2886 1775 2941 laboravi

182 2972 460 3029 detentus.
483 2974 554 3029 At
578 2975 906 3032 venerabilis
933 2977 1119 3045 heros,
1141 2978 1292 3049 virga
1323 2979 1585 3049 pastorali
1607 2972 1773 3049 quam

185 3080 359 3121 manu
386 3074 598 3137 gestare
616 3067 906 3125 videbatur
933 3080 1161 3140 tangens
1191 3079 1476 3141 aegrotum,
1502 3087 1566 3127 ac
1584 3072 1774 3128 oﬁiciis

185 3158 565 3215 membrorum
624 3159 945 3218 destitutum
998 3161 1402 3232 miserabiliter,
1436 3163 1592 3219 inﬁt:
1635 3163 1776 3221 Ecce

186 3248 476 3305 sanaberis
524 3248 583 3304 in
615 3251 842 3307 nomine
872 3259 1075 3309 sanctae
1109 3252 1412 3310 Trinitatis.
1466 3254 1639 3323 Tunc,
1679 3255 1775 3327 qui

179 3340 408 3412 jacebat
448 3342 608 3412 quasi
644 3352 916 3412 mortuus,
949 3361 1046 3416 per
1094 3347 1291 3404 merita
1342 3348 1589 3417 prmsulis
1617 3365 1774 3405 reve-

190 3430 372 3498 rendi,
418 3447 452 3488 a
479 3448 679 3490 sumno
702 3436 1045 3506 azgritudinis
1065 3436 1354 3505 excitatus,
1388 3449 1607 3509 repente
1631 3440 1777 3496 exsi-

189 3521 315 3577 livit
344 3532 399 3578 et
428 3539 540 3594 pra
566 3532 791 3597 stupore
813 3527 929 3582 sive
952 3528 1188 3598 tripudio
1208 3529 1452 3586 clamans
1470 3573 1485 3600 ,
1514 3531 1568 3585 in
1596 3548 1775 3601 quan-

189 3621 316 3670 tum
343 3618 539 3686 potuit,
561 3616 735 3674 Deum
765 3628 1094 3691 sanctosque
1122 3620 1270 3678 illius
1296 3630 1350 3677 et
1374 3622 1488 3694 ipse
1514 3623 1774 3694 laudavit,

188 3712 249 3761 et
277 3705 418 3762 alios
445 3707 513 3763 ad
542 3707 876 3764 laudandum
914 3712 1244 3779 provocavit.

270 3815 291 3849 ι
339 3794 467 3853 Haec
508 3798 694 3869 itaque
721 3800 826 3855 tria
871 3800 1137 3871 capitula,
1174 3804 1244 3858 ob
1264 3805 1586 3860 memoriam
1613 3821 1778 3862 vene-

190 3888 357 3946 randi
375 3890 617 3961 episcopi
631 3892 689 3946 in
703 3892 926 3948 nomine
950 3904 1154 3952 sanctae
1169 3894 1453 3952 Trinitatis
1474 3897 1771 3969 descripta,

192 3995 298 4052 pro
327 3980 639 4037 testimonio
674 3981 909 4037 duorum
942 3983 1026 4039 vel
1077 3983 1243 4039 trium
1280 3985 1503 4041 testium
1533 3986 1778 4049 sutIicere

193 4070 362 4127 credo
389 4070 478 4127 his
510 4070 607 4141 qui
633 4086 745 4127 non
772 4074 1007 4143 superbo
1025 4074 1189 4131 oculo
1217 4082 1272 4129 et
1296 4076 1592 4132 insatiabili
1615 4077 1779 4134 corde

192 4160 571 4219 contradicere
600 4169 811 4217 tentant
836 4163 1046 4229 nomini
1095 4165 1240 4220 trino
1260 4166 1464 4236 pariter
1484 4175 1537 4221 et
1569 4166 1775 4224 divino.

192 4254 426 4326 insuper
449 4270 611 4326 spero
636 4256 885 4327 ejusdem
907 4259 1081 4315 sancti
1105 4260 1359 4317 meritum
1384 4262 1512 4330 viri,
1544 4279 1780 4334 superna

192 4346 491 4415 revelante,
542 4354 597 4403 et
623 4348 983 4405 nihilominus
1024 4361 1350 4422 cooperante
1385 4355 1579 4424 gratia,
1604 4356 1780 4410 mani-

1860 504 2173 575 loquentur.
2207 504 2444 559 Proinde
2469 511 2524 559 et
2553 512 2611 559 tu
2641 502 2870 560 viriliter
2913 518 3132 559 assume
3161 500 3439 572 dialogum

1861 595 2006 651 inter
2047 598 2186 652 duos
2225 594 2645 663 conferendum,
2687 604 2741 651 et
2801 595 3024 651 scribito
3072 595 3440 650 venerabilem

1862 691 2041 745 virum
2089 689 2475 756 Ramuoldum,
2514 689 2841 761 quandoque
2894 688 3182 759 scripseris
3218 688 3447 743 beatum-

1864 781 2275 854 Wolfgangum,
2304 798 2520 838 summa
2554 783 2843 837 devotione
2886 781 3275 837 commendans
3298 780 3443 835 ﬁdeli

1861 874 2161 941 memoriae,
2191 873 2426 944 qualiter
2446 872 2734 929 laudabilis
2756 872 2989 928 dualitas
3020 871 3155 927 tanti
3181 870 3442 925 antistitis

1861 971 1917 1019 et
1945 963 2177 1030 abbatis,
2194 963 2484 1019 dilectione
2514 963 2609 1018 Dei
2635 972 2689 1018 et
2717 963 2950 1033 proximi
2979 962 3293 1026 comitante,
3316 975 3442 1015 cum

1865 1057 1970 1112 ﬁde
1997 1064 2053 1111 et
2080 1056 2367 1123 charitate,
2385 1056 2514 1111 illuc
2532 1055 2859 1126 pervenerit,
2879 1054 2971 1109 ubi
2993 1062 3181 1110 sancta
3203 1051 3443 1107 Trinitas

1863 1147 2251 1218 perpetualiter
2291 1148 2526 1217 imperat
2558 1163 2659 1202 nec
2686 1162 2797 1202 non
2852 1144 3085 1201 indivisa
3141 1142 3445 1200 divinitatis

1864 1240 2051 1296 unitas
2074 1256 2200 1296 cum
2228 1240 2434 1298 sanctis
2456 1248 2509 1295 et
2541 1239 2730 1296 electis
2749 1237 3079 1305 (eternaliter
3106 1243 3315 1308 regnat.
3364 1255 3384 1286 ι

2467 1328 2821 1385 Collectitius.
3252 1376 3255 1377 ν

1942 1441 1961 1474 ι
2003 1422 2177 1477 Amen
2198 1463 2215 1488 ,
2266 1421 2361 1476 ﬁat
2419 1421 2674 1476 voluntas
2693 1419 2909 1475 Domini
2938 1419 2995 1474 in
3022 1418 3197 1475 salute
3233 1418 3445 1488 generis

1867 1515 2125 1583 humani,
2155 1523 2210 1569 et
2239 1515 2295 1569 in
2327 1514 2654 1585 paupercula
2701 1513 3067 1584 descriptione
3113 1511 3280 1583 hujus
3306 1526 3446 1582 opu-

1866 1606 2043 1674 sculi,
2075 1606 2263 1677 sicque
2311 1621 2473 1662 suum
2523 1606 2697 1678 stylus
2722 1613 2847 1677 agat
2874 1604 3139 1672 oliicium,
3179 1611 3240 1659 ut
3264 1618 3360 1673 per
3395 1602 3449 1656 id

1868 1698 2210 1763 obedientize,
2249 1695 2360 1751 Deo
2387 1704 2611 1768 paretur
2645 1696 2977 1766 acceptabile
3022 1694 3373 1751 sacriﬁcium.

1945 1808 1963 1843 ε
1986 1788 2118 1844 Post
2146 1788 2355 1845 obitum
2382 1788 2532 1858 atqui
2556 1785 3021 1858 beatiWolfgangi
3036 1782 3329 1856 pontiﬁcis,
3342 1781 3451 1837 sci-

1865 1881 2011 1946 licet,
2043 1880 2186 1935 servi
2228 1878 2324 1934 Dei
2368 1878 2828 1950 cunctipotentis,
2854 1877 3197 1932 Ramuoldus
3221 1872 3452 1947 egregiae
3547 1924 3550 1929 .

1865 1969 2144 2024 memoriae
2171 1967 2362 2033 abbas,
2403 1966 2460 2020 in
2485 1967 2748 2037 regimine
2777 1964 3094 2021 monasterii
3130 1979 3225 2020 seu
3252 1975 3452 2034 procu-

1862 2060 2074 2115 ratione
2112 2057 2368 2127 emnobii,
2405 2071 2504 2128 per
2533 2056 2862 2112 tentationes
2889 2056 3071 2111 varias
3094 2053 3451 2110 adversitates

1863 2165 2156 2220 perpessus
2174 2156 2259 2204 est
2276 2148 2499 2203 multas.
2522 2147 2654 2215 Quae
2678 2147 2735 2202 in
2759 2155 2970 2203 tantum
2993 2152 3350 2203 excreverunt
3368 2154 3450 2211 ut,

1867 2242 1970 2298 sub
1996 2242 2168 2311 primo
2217 2240 2365 2313 (152)
2420 2240 2743 2295 Gebehardo
2792 2239 2938 2295 sedis
2979 2239 3144 2310 hujus
3196 2238 3454 2308 episcopo

1867 2335 2111 2391 famulus
2151 2333 2251 2388 Dei
2295 2334 2440 2405 apud
2490 2333 2714 2388 tertium
2742 2330 2999 2388 Ottonem
3044 2332 3452 2400 imperatorem,

1868 2426 2235 2501 quorumdam
2263 2424 2693 2481 detractionibus
2721 2423 2888 2479 simul
2916 2430 2970 2477 et
3008 2418 3456 2477 accusationibus

1870 2518 2254 2577 infamaretur.
2304 2514 2461 2572 Unde
2509 2515 2578 2572 ad
2621 2516 2678 2573 id
2721 2522 2946 2571 ventum
2995 2523 3080 2570 est
3125 2528 3237 2583 quo
3262 2510 3455 2568 iisdem

1869 2611 2125 2681 princeps
2147 2608 2421 2665 credendo
2439 2607 2585 2678 quod
2613 2622 2725 2662 non
2750 2606 2971 2662 credere
2994 2604 3199 2671 debuit,
3235 2602 3305 2659 de
3328 2600 3456 2658 reli-

1873 2702 2033 2774 gione
2066 2700 2168 2756 viri
2196 2698 2292 2761 Dei
2315 2698 2516 2754 dubius
2544 2696 2723 2753 factus
2751 2704 2809 2752 et
2831 2710 3053 2765 anceps,
3074 2693 3204 2748 dum
3232 2692 3302 2748 ad
3328 2706 3457 2749 san-

1873 2803 2022 2851 ctum
2052 2792 2539 2857 Emmerammum,
2578 2803 2732 2844 more
2783 2787 3195 2858 imperatorum,
3221 2784 3455 2851 veniret,

1873 2894 1929 2943 et
1964 2882 2304 2941 exacerbatis
2332 2881 2553 2948 animis,
2596 2894 2699 2936 nec
2741 2878 2944 2950 alloqui
2969 2893 3119 2945 eum,
3139 2891 3241 2933 nec
3268 2876 3458 2933 oculos

1876 2981 1934 3041 in
1960 2979 2115 3034 illum
2160 2984 2479 3034 convertere
2507 2974 2686 3033 vellet.
2723 2972 2972 3043 Cumque
3031 2971 3102 3027 ab
3130 2985 3198 3027 eo
3240 2978 3457 3026 oratum

1801 3101 1843 3159 α
1876 3077 2026 3126 esset
2069 3069 2125 3124 in
2171 3064 2469 3124 secretario
2498 3065 2708 3134 altaris,
2747 3078 2931 3120 coram
2962 3078 3028 3118 co
3052 3062 3149 3133 qui
3182 3060 3314 3118 fecit
3336 3076 3457 3115 ma-

1876 3163 2097 3218 chinam
2141 3160 2301 3227 coeli,
2360 3166 2519 3214 terrae
2585 3172 2651 3213 ac
2685 3156 2877 3224 maris,
2929 3154 3163 3211 accessit
3208 3152 3276 3207 ad
3332 3166 3459 3207 eum

1874 3251 2141 3322 despoton
2163 3249 2386 3321 quidam
2409 3254 2709 3321 symmysta
2729 3245 2851 3318 ejus
2871 3244 3093 3301 nomine
3117 3242 3456 3305 Heribertus,

1873 3351 2008 3400 tunc
2046 3342 2187 3399 forte
2212 3341 2545 3411 capellanus,
2576 3347 2767 3410 postea
2806 3351 2937 3393 vero
2965 3334 3308 3393 Coloniensis
3341 3333 3460 3404 epi-

1876 3448 2096 3504 scOpus.
2133 3431 2186 3486 Is
2214 3447 2280 3487 ex
2312 3430 2566 3488 consulto
2602 3429 2671 3485 ad
2708 3444 2834 3485 cum
2860 3427 3030 3483 dixit:
3066 3425 3325 3493 Domine,
3351 3439 3459 3478 non

1876 3531 2092 3595 oportet
2116 3538 2214 3578 vos
2238 3520 2512 3594 indignari
2541 3528 2730 3577 contra
2762 3519 2941 3574 virum
2972 3516 3088 3572 Dei.
3114 3516 3195 3571 Ad
3216 3517 3331 3571 haec
3357 3515 3461 3569 im-

1874 3623 2095 3687 perator
2120 3614 2275 3668 inﬁt:
2300 3611 2441 3668 Cum
2471 3612 2736 3683 scriptum
2770 3611 2844 3666 sit
2883 3629 2895 3664 :
2933 3608 3243 3679 Principem
3273 3605 3459 3678 populi

1876 3708 1957 3766 tui
1984 3723 2052 3763 ne
2077 3705 2423 3763 maledixeris
2440 3704 2611 3779 (155),
2648 3703 2763 3761 scio
2785 3703 2914 3774 quia
2936 3717 3048 3757 non
3076 3699 3328 3756 convenit
3356 3699 3459 3753 ho-

1876 3800 2079 3854 minem
2119 3798 2217 3854 Dei
2247 3798 2384 3854 mihi
2431 3796 2720 3853 detrahere
2768 3796 2884 3852 sive
2923 3793 3285 3860 maledicere;
3320 3806 3461 3862 prac—

1876 3892 2066 3947 sertim
2099 3906 2226 3947 cum
2253 3900 2308 3946 et
2333 3906 2435 3963 ego
2478 3890 2557 3945 illi
2601 3889 2741 3946 nihil
2776 3903 3019 3958 unquam
3062 3885 3287 3943 fecerim
3315 3883 3463 3956 quod

1878 3983 1951 4041 sit
1982 3983 2208 4056 dignum
2238 3982 2638 4039 maledictione.
2668 3980 2823 4036 Tunc
2854 3980 3111 4037 dominus
3137 3975 3459 4034 Heribertus

1877 4075 2058 4131 bonus
2110 4084 2165 4132 et
2197 4075 2373 4131 ﬁdelis
2403 4073 2776 4142 consiliarius,
2808 4070 3127 4142 respondit:
3167 4068 3225 4125 Si
3250 4067 3461 4140 princi-

1878 4175 2040 4237 patus
2087 4165 2301 4237 imperii
2352 4164 2546 4238 gestit,
2602 4164 2745 4221 sicut
2772 4171 2827 4219 et
2870 4162 3031 4219 debet
3067 4162 3124 4217 in
3170 4159 3461 4232 praesentia

1879 4259 2069 4327 vestri,
2098 4258 2469 4314 venerandum
2503 4256 2777 4324 abbatem,
2816 4270 3001 4312 coram
3024 4261 3214 4310 sancta
3242 4266 3466 4323 conng

1882 4352 2121 4424 gatione,
2150 4366 2316 4421 super
2345 4350 2449 4407 hac
2475 4365 2534 4405 re
2556 4349 2903 4421 interrogate,
2927 4356 2982 4403 et
3006 4348 3102 4415 ita,
3127 4353 3315 4403 utrum
3335 4360 3464 4400 vera

191 4436 392 4494 festius
441 4438 622 4496 adhuc
663 4449 719 4496 et
751 4441 1120 4499 abundantius
1164 4443 1501 4500 declaratum
1559 4446 1646 4513 iri,
1680 4463 1779 4501 nec
1811 4455 1855 4515 υ
1884 4461 1953 4498 an
1989 4443 2128 4500 falsa
2144 4442 2265 4515 sint
2292 4457 2416 4514 qua!
2447 4442 2527 4497 illi
2554 4441 2909 4513 objiciuntur,
2938 4439 3177 4510 probari.
3201 4436 3379 4494 Credo
3410 4436 3463 4490 ia

191 4545 311 4586 non
337 4531 394 4586 in
420 4530 653 4591 Domino
679 4536 898 4607 plenius
920 4553 954 4592 a
992 4537 1152 4594 nobis
1195 4538 1309 4593 sive
1348 4539 1417 4593 ab
1446 4539 1569 4595 aliis
1597 4540 1781 4595 lauda-

190 4624 437 4682 tumiri.
484 4644 505 4678 ι

804 4720 1187 4776 Ammonicius.

278 4829 297 4863 ι
342 4810 621 4889 Omnium~
646 4812 891 4869 ﬁdelium
921 4829 1045 4884 spes
1094 4829 1203 4869 non
1242 4814 1419 4870 solum
1467 4829 1648 4884 aequo,
1684 4816 1781 4871 sed

192 4900 365 4956 etiam
403 4901 717 4957 necessario
744 4903 966 4972 ponitur
1001 4911 1056 4958 et
1089 4902 1273 4975 ﬁgitur
1310 4904 1365 4958 in
1410 4904 1782 4974 omnipotente

195 4991 435 5046 Domino
471 4993 568 5063 qui
618 4994 675 5048 in
709 5002 922 5049 tantum
949 4994 1340 5051 misericordia:
1367 5012 1480 5051 suae
1506 5006 1781 5067 unguenta

194 5081 455 5137 diﬁ'undit
481 5092 538 5138 ut
566 5101 668 5140 nec
699 5085 769 5141 ab
788 5086 1017 5157 ingratis
1036 5086 1301 5142 beneﬁcia
1332 5102 1432 5141 sua
1458 5087 1782 5144 subtrahere

196 5173 351 5230 velit.
397 5172 571 5245 Cujus
612 5176 740 5232 laus
769 5178 824 5231 in
847 5186 1163 5232 sanctorum
1212 5177 1497 5244 memoria,
1522 5194 1696 5248 usque
1727 5179 1779 5232 in

198 5264 368 5322 ﬁnem
415 5268 604 5324 muli
651 5267 1055 5324 confertissima
1102 5269 1263 5325 debet
1311 5270 1554 5339 recipere
1602 5271 1780 5325 incre-

201 5369 415 5423 menta,
441 5357 741 5413 secundum
766 5359 871 5413 hoc
894 5359 1039 5429 quod
1060 5357 1351 5414 Psalmista
1386 5359 1440 5413 in
1484 5362 1785 5414 centesimo

200 5448 625 5519 quadragesimo
639 5460 834 5521 quarto
847 5452 1058 5522 psalmo
1073 5452 1207 5508 dicit
1233 5471 1245 5508 :
1268 5452 1645 5508 Conﬁteantur
1665 5452 1783 5519 tibi,

204 5537 458 5609 Domine,
490 5543 675 5598 omnia
701 5558 871 5613 opera
899 5554 1012 5614 tua,
1058 5554 1114 5601 et
1144 5547 1320 5601 sancti
1351 5545 1430 5601 tui
1462 5545 1788 5602 bcnedieant

279 5718 430 5793 (152)
458 5719 578 5777 Alia
603 5721 782 5777 littera
808 5723 876 5778 ad
904 5723 1226 5797 marginem.
1268 5698 1277 5701 -

1882 4535 2077 4603 Deum,
2103 4544 2158 4590 et
2178 4549 2340 4604 spero
2365 4533 2512 4604 quod
2545 4541 2656 4588 tam
2684 4532 3050 4587 venerabilem
3086 4544 3271 4587 senem
3295 4538 3347 4583 et
3374 4543 3462 4582 sc—

1884 4626 2121 4682 nectutis
2166 4624 2489 4692 maturitas,
2526 4640 2591 4680 ac
2617 4623 2881 4679 divinitus
2905 4636 3165 4679 concessa
3198 4619 3464 4691 sapientia

1881 4728 1937 4774 et
1962 4719 2245 4775 humilitas
2270 4731 2552 4789 nunquam
2588 4715 2936 4787 permiserint
2955 4714 3159 4768 dixisse
3188 4709 3370 4782 qualia
3397 4711 3467 4764 ab

1884 4811 2121 4867 inimicis
2156 4811 2303 4867 dicta
2339 4817 2469 4866 sunt
2488 4808 2556 4863 de
2584 4823 2671 4874 eo,
2702 4808 2786 4862 vel
2817 4807 2963 4863 ﬁcta.
2996 4804 3135 4860 Tum
3171 4805 3468 4874 imperator

1885 4903 2168 4957 remittens
2196 4902 2463 4967 animum,
2487 4899 2556 4955 ad
2581 4898 2781 4954 divina:
2801 4896 3227 4968 dispensationis
3248 4904 3463 4960 nutum,

1883 5011 2071 5051 secum
2100 4993 2401 5064 assumptis
2425 4991 2779 5050 dilectoribus
2807 4988 2997 5061 paucis
3023 4985 3221 5063 [pacis]
3244 4986 3469 5040 intravit

1883 5089 2191 5143 claustrum
2220 5086 2446 5142 humilis
2486 5094 2541 5139 et
2568 5084 2735 5139 mitis.
2764 5082 2842 5137 lbi
2874 5082 3063 5137 videns
3098 5078 3467 5135 venerabilem

1886 5179 2101 5235 Patrem
2148 5194 2274 5234 cum
2314 5177 2574 5234 fratribus
2609 5178 2940 5232 humotenus
2987 5180 3341 5243 prostratum,
3368 5184 3470 5226 cx~

1885 5276 2036 5347 pavit
2063 5282 2119 5330 et
2148 5274 2289 5329 dixit
2320 5291 2334 5328 :
2388 5272 2605 5328 Grande
2652 5271 2859 5325 malum
2912 5268 3043 5324 fecit
3079 5266 3234 5332 mihi,
3269 5265 3363 5336 qui
3400 5280 3469 5324 ex

1887 5365 2160 5436 legatione
2197 5362 2503 5419 Gebchardi
2540 5362 2782 5432 episcopi
2837 5376 2901 5416 ea
2950 5358 3236 5415 referendo
3272 5357 3469 5412 indidit

1888 5454 2113 5509 auribus
2138 5453 2296 5519 meis,
2333 5452 2535 5522 quibus
2578 5468 2666 5506 me
2709 5452 3072 5522 improvidum
3101 5455 3469 5506 commoveret

1889 5546 2153 5602 adversus
2172 5544 2425 5601 abbatem
2460 5544 2626 5599 istum
2648 5553 2702 5598 et
2731 5542 2834 5599 sibi
2862 5542 3220 5600 commissum
3251 5546 3469 5596 sancto-

1964 5721 2114 5794 (155)
2148 5719 2324 5777 Exod.
2367 5735 2512 5790 xxii;
2553 5722 2674 5779 Act.
2702 5734 2860 5779 xxm.
