4018 6380
570 261 708 322 1041

1514 266 1860 333 .ARNOLDI
1897 266 2499 345 causamunam
2535 265 2842 326 nomen:

3697 266 3842 327 ιοιε

564 390 689 433 rum
728 374 1037 449 collegium.
1058 375 1188 436 Seio
1228 391 1450 450 quidem
1488 381 1637 452 quod
1664 382 1789 438 vita:
1818 397 1954 440 meae
1977 398 2146 455 parva
2174 385 2223 443 Α
2246 382 2401 439 nium
2427 391 2776 454 peccatorum
2808 379 3291 437 mordacissimum
3318 379 3662 450 tenaculum,
3694 396 3846 454 pro-

560 483 672 524 non
706 476 791 538 est
834 470 1042 541 agenda
1084 471 1402 542 paenitentia
1457 489 1559 546 pro
1585 474 1693 531 ista
1735 474 1988 533 falsitatis
2022 491 2143 533 cre-

552 559 790 621 ,dulitate
820 561 1061 619 incauta.
1094 563 1250 620 Nunc
1282 580 1433 636 ergo,
1465 566 1591 636 quia
1624 575 1850 637 peccata
1881 584 2005 623 mea
2048 584 2146 623 nu-

560 650 830 709 daverunt
854 656 1085 727 vestigia
1110 666 1313 724 vestra,
1340 658 1588 725 obsecro,
1614 662 1920 717 recalceate
1946 676 2065 727 vos,
2090 669 2146 717 et

561 745 642 800 sic
669 746 840 802 redite
865 746 931 802 ad
961 764 1081 804 nos.
1110 748 1230 815 Quo
1252 750 1501 807 celeriter
1523 749 1689 818 facto,
1722 768 1848 819 cum
1881 751 2144 808 fratribus

561 837 890 909 venerabilis
921 838 1083 895 heros
1111 838 1449 895 Ramuoldus
1495 855 1772 913 egressus,
1821 842 2143 913 fiducialiter

558 928 778 983 locutus
821 938 906 985 est
932 931 1001 985 ad
1038 931 1339 1001 principem
1385 932 1573 988 dicens
1612 930 1916 995 :Novimus
1943 935 2144 1005 quippe

561 1022 691 1095 quia
720 1023 866 1092 quod
887 1024 1097 1081 habetis
1116 1024 1405 1094 imperium
1427 1026 1661 1095 desuper
1677 1026 1956 1080 cstdatum
1980 1037 2142 1096 atque

556 1114 943 1181 constitutum,
974 1124 1027 1169 et
1057 1116 1207 1185 quia,
1257 1117 1347 1172 cui
1390 1115 1536 1172 Deus
1582 1117 1938 1186 benedixerit,
1970 1118 2139 1197 bene—

558 1206 739 1278 dictus
784 1208 873 1262 sit.
924 1205 1104 1278 Hujus
1141 1224 1359 1279 quoque
1384 1210 1495 1278 rei,
1523 1211 1653 1280 quia
1683 1226 1779 1281 per
1812 1218 1987 1266 totum
2028 1226 2139 1273 non

556 1300 764 1356 fuimus
794 1284 1044 1371 insipidi,
1072 1287 1184 1356 imo
1220 1302 1399 1358 adhuc
1438 1318 1632 1358 sumus
1661 1318 1728 1357 ex
1758 1310 1913 1373 parte
1947 1303 2136 1368 scioli,

554 1394 703 1459 unde
756 1394 1011 1462 parvitati
1061 1410 1197 1449 mea:
1237 1402 1387 1450 tanta
1437 1396 1753 1461 temeritas,
1793 1404 1855 1450 ut
1874 1410 1974 1467 ego
2013 1395 2138 1451 vilis

554 1486 835 1551 homulus,
860 1502 1173 1543 mensuram
1207 1503 1383 1543 meam
1402 1488 1619 1557 penitus
1633 1488 1854 1553 oblitus,
1870 1488 2137 1557 auderem

547 1576 867 1646 ,celsitudini
901 1586 1093 1632 vestra:
1129 1577 1475 1645 maledicere,
1512 1594 1678 1648 quam
1706 1577 1819 1657 Res
1850 1593 2041 1649 regum
2083 1585 2139 1633 et

554 1668 823 1726 Dominus
863 1671 1211 1727 dominorum
1242 1672 1358 1742 jam
1402 1672 1621 1744 dignam
1675 1672 1804 1727 fecit
1832 1688 1933 1727 sua
1965 1673 2135 1726 bene-

547 1762 821 1817 dictione!
855 1761 1195 1834 Quocunque
1228 1779 1360 1833 ergo
1398 1763 1608 1833 judicio
1638 1762 1914 1832 maiestati
1939 1770 2134 1818 vestrae

552 1853 840 1923 placuerit,
871 1863 1095 1924 paratus
1125 1871 1248 1909 sum
1279 1869 1367 1909 me
1391 1869 1459 1909 ex
1488 1854 1703 1923 objecto
1752 1868 2010 1924 purgare,
2034 1867 2136 1907 nec

554 1961 666 2000 non
692 1947 908 2001 cunctis
926 1946 1316 2016 astipulatione
1357 1945 1605 2000 veritatis
1632 1959 1733 2014 pro
1755 1944 1858 1999 hac
1886 1960 1945 1999 re
1974 1943 2135 1999 satis-

553 2035 754 2092 facere.
784 2036 1086 2107 Imperator
1114 2046 1294 2092 autem
1325 2052 1649 2107 responsum
1668 2035 1997 2101 deliberans,
2025 2034 2135 2088 hu-

548 2129 793 2198 iusmodi
821 2131 982 2186 verba
1005 2131 1259 2200 proponit
1283 2148 1297 2185 :
1333 2128 1488 2188 Sicut
1508 2127 1736 2183 veritate
1775 2127 2131 2192 delectamur,

556 2220 634 2276 ita
664 2238 694 2277 e
725 2223 1004 2280 contrario
1026 2222 1356 2293 falsiloquiis
1378 2221 1791 2285 exacerbamur,
1827 2219 1969 2275 unde
1986 2217 2135 2288 indi-.-

554 2314 701 2370 cium
732 2314 828 2369 Dei
870 2331 1158 2372 censemus
1194 2313 1707 2384 superexaitandum
1741 2310 1948 2381 judicio
1981 2325 2133 2369 morr

548 2406 767 2473 talium,
794 2407 889 2476 qui
920 2405 1079 2461 facile
1116 2406 1313 2460 fallunt
1337 2414 1392 2460 et
1422 2404 1706 2460 falluntur.
1740 2400 1881 2463 Malo
1912 2400 2133 2471 quidem

546 2497 774 2556 credere
796 2496 937 2553 bona
964 2498 1031 2552 de
1052 2497 1211 2552 bonis
1238 2512 1401 2566 quam
1434 2496 1577 2550 mala
1611 2495 1679 2549 de
1704 2494 1997 2564 perversis.
2024 2490 2136 2549 Nec

549 2588 698 2643 enim
728 2604 1061 2659 quemquam
1091 2588 1247 2644 decet
1294 2597 1499 2643 temere
1526 2586 1827 2658 quidquam
1855 2585 2077 2642 credere
2101 2601 2134 2642 a

550 2696 851 2751 quoquam.
885 2678 1042 2735 Unde
1085 2688 1139 2736 et
1173 2681 1504 2736 verbotenus
1545 2687 1728 2750 tuapte
1764 2678 1976 2748 prolata
2032 2679 2133 2734 ob-

545 2771 678 2841 jecti
712 2771 996 2826 excusatio
1019 2779 1104 2826 est
1147 2772 1283 2825 mihi
1308 2787 1339 2825 a
1385 2779 1538 2825 tanto
1569 2770 1687 2825 viro
1714 2785 2010 2841 permagna
2039 2786 2133 2829 sa.-

551 2861 816 2928 tisfactio,
835 2878 943 2932 qua
965 2863 1127 2917 modo
1152 2877 1308 2932 atque
1334 2872 1395 2918 ut
1416 2863 1640 2917 alterius
1661 2862 1881 2933 generis
1895 2863 2133 2917 evidenti

552 2952 802 3022 placatus
839 2951 1068 3021 judicio,
1103 2952 1286 3008 senior
1310 2967 1343 3009 ο
1364 2952 1559 3008 dilecte
1586 2951 1719 3018 Deo,
1746 2952 1976 3022 spiritali
1998 2952 2133 3007 allo-

2247 474 2371 530 vide
2391 476 2606 531 cavebit
2640 476 2755 532 sive
2776 475 3058 547 superabit
3084 475 3400 546 quicunque
3448 476 3675 548 implere
3714 484 3848 533 suo

2246 561 2428 619 duerit
2457 565 2605 635 quod
2627 565 2925 637 Apostolus
2956 566 3094 621 dicit
3128 585 3141 620 :
3179 563 3559 621 Humiliamini
3611 567 3718 623 sub
3739 581 3847 638 po—

2246 661 2394 710 tente
2429 671 2597 715 manu
2649 654 2767 728 Dei,
2810 665 2873 713 ut
2913 672 3014 713 vos
3037 656 3242 712 exaltet
3289 655 3347 712 in
3374 662 3620 729 tempore
3646 657 3846 713 visita-

2246 746 2416 802 tionis
2439 746 2609 817 (158).
2653 766 2675 802 ι
3482 746 3489 749 ‘

2864 842 3217 901 Collectrtiur.

2321 948 2341 983 ‹
2378 928 2518 987 Huic
2542 932 2853 990 testimonio
2898 952 3069 993 sacrae
3094 936 3348 994 lectionis
3387 935 3595 1008 optime
3615 953 3846 1010 corripe.-

2246 1020 2309 1075 tit
2334 1021 2482 1091 quod
2514 1020 2730 1079 Veritas
2753 1024 2809 1078 in
2835 1024 3130 1099 Evangelia
3147 1028 3283 1083 dicit
3307 1046 3320 1083 :
3349 1026 3455 1095 Qui
3483 1044 3541 1084 se
3557 1030 3841 1086 exaltant

2242 1111 2641 1181 bumiliabitur,
2665 1122 2719 1169 et
2762 1116 2856 1186 qui
2903 1132 2964 1172 se
2995 1118 3270 1185 humiliat,
3302 1119 3636 1174 exaltabitur
3656 1119 3843 1191 (159),

2242 1200 2375 1269 Quae
2396 1204 2543 1259 dicta
2585 1206 2845 1272 veridica.
2873 1217 3062 1278 utpote
3111 1210 3331 1280 quidem
3358 1219 3544 1267 sancta
3569 1221 3623 1267 et
3644 1211 3846 1266 Evan-

2240 1294 2414 1366 gelica
2468 1295 2772 1364 insinuant,
2804 1298 2928 1354 aliis
2953 1315 3054 1370 pro
3108 1301 3438 1357 exaltatione
3462 1303 3845 1370 tremendum,

2236 1387 2364 1443 aliis
2398 1403 2499 1458 pro
2529 1389 2837 1445 humilitate
2862 1392 3229 1462 gaudendum.
3270 1392 3376 1448 Sed
3402 1409 3526 1450 cum
3561 1394 3616 1449 in
3639 1394 3847 1448 multis

2230 1476 2579 1539 ,oﬂ‘endamus
2604 1493 2797 1534 omnes
2829 1478 3000 1550 (160),
3037 1480 3254 1550 superbi
3282 1489 3411 1536 sunt
3456 1481 3760 1547 tolerandi,
3789 1491 3851 1537 et

2237 1582 2336 1638 per
2358 1567 2628 1625 fraternas
2649 1570 3052 1627 admonitiones
3076 1572 3295 1627 assidue
3315 1572 3589 1637 visitandi,
3606 1581 3669 1626 ut
3686 1571 3849 1642 quod

2240 1655 2472 1725 superbe
2513 1656 2837 1726 delinquunt
2882 1674 2979 1729 per
3027 1658 3353 1714 humilitatis
3392 1660 3848 1714 immutationem

2166 1730 2210 1785 Β
2234 1743 2412 1811 possit
2455 1751 2765 1810 correctum
2822 1744 2910 1799 iri.
2957 1743 3055 1801 Est
3076 1745 3221 1799 enim
3254 1746 3624 1817 periculosum
3668 1746 3847 1813 valde

2237 1834 2546 1905 superbiam
2570 1837 2721 1893 cordi
2743 1838 3164 1910 hominiscquasi
3213 1842 3435 1912 proprio
3470 1842 3600 1897 nido
3623 1841 3847 1897 inside-

2236 1938 2315 1978 re.
2340 1923 2579 1981 Proinde
2622 1926 2909 1983 humiliter
2931 1930 3225 1998 petendum
3265 1938 3350 1986 est
3386 1945 3418 1985 a
3468 1930 3750 1996 ﬁdelibus,
3777 1938 3847 1986 ut

2236 2020 2350 2068 tam
2400 2014 2718 2085 pestiferam
2762 2018 3050 2074 dominam
3106 2035 3138 2075 a
3171 2020 3330 2075 nobis
3357 2029 3412 2076 et
3461 2021 3530 2076 ab
3571 2021 3843 2078 omnibus

2234 2103 2568 2161 Christianis
2597 2116 2844 2179 avertere
2891 2109 3143 2183 dignetur
3175 2110 3551 2167 misericordia
3595 2110 3700 2168 Dei
3719 2126 3846 2175 om.-

2234 2195 2555 2275 pipotentis.
2586 2214 2610 2255 ι

2837 2313 3222 2371 Ammoniciur.

2310 2418 2332 2453 ι
2386 2399 2530 2468 Fiat,
2575 2400 2690 2469 fiat,
2752 2404 3057 2460 secundum
3106 2406 3333 2461 verbum
3384 2414 3581 2473 tuum,
3617 2415 3685 2461 ut
3743 2421 3847 2479 per

2234 2498 2413 2550 totum
2443 2492 2712 2549 mundum
2739 2494 2900 2550 radat
2933 2496 3039 2551 hoc
3062 2495 3386 2567 pestiferum
3414 2497 3639 2553 vitium.
3679 2517 3703 2551 ι

2850 2604 3204 2661 Collectitius.

2314 2713 2333 2747 ‹
2362 2693 2517 2751 Nunc
2544 2709 2675 2767 ergo
2699 2710 2814 2763 eos,
2838 2712 2978 2768 quos
3007 2698 3339 2753 mordacitcr
3359 2698 3844 2765 admonitiuncula

2236 2791 2328 2840 tua
2352 2786 2565 2841 notavit
2608 2786 3062 2859 negligentiarum
3109 2797 3162 2843 et
3196 2788 3312 2843 vitii
3358 2788 3649 2856 vitiorum,
3682 2790 3846 2846 liceat

2235 2879 2323 2934 his
2366 2896 2490 2951 qua:
2547 2880 2961 2951 subsequuntur
3019 2882 3258 2952 placare.
3305 2881 3614 2953 Imperator
3674 2884 3846 2956 igitur

2236 2976 2508 3046 gloriosus
2535 2976 2970 3046 praenominatus
3002 2985 3058 3032 et
3087 2990 3230 3047 saepe
3283 2976 3693 3044 nominandus,
3718 2975 3846 3037 Otto

552 3045 772 3101 cutione
793 3044 997 3120 pariter
1022 3053 1077 3099 et
1099 3044 1471 3101 admonitione
1492 3046 1585 3103 tui
1624 3046 1679 3099 in
1708 3045 1893 3115 aliquo
1935 3054 2131 3100 secreto

2245 3044 2321 3131 lll,
2356 3067 2411 3121 in
2439 3044 2629 3123 multis
2656 3068 2973 3139 religiosus,
3020 3083 3145 3123 cum
3165 3044 3380 3122 abbate
3403 3068 3734 3124 venerando
3758 3069 3844 3124 in-

550 3135 704 3207 (154)
739 3136 891 3204 loco,
942 3136 1104 3206 cupio
1130 3137 1410 3203 conveniri
1444 3153 1533 3190 seu
1576 3134 1722 3207 (155)
1749 3136 2043 3204 consolari,
2080 3144 2135 3192 et

551 3244 693 3283 onus
722 3228 898 3299 regni,
930 3229 1077 3298 quod
1093 3229 1349 3299 indignus
1380 3228 1584 3297 accepi,
1611 3228 1861 3284 desidero
1890 3245 1984 3299 per
2005 3244 2132 3283 eum

550 3317 781 3373 relevari
827 3320 921 3389 qui
951 3319 1082 3375 dicit
1110 3318 1166 3376 in
1198 3319 1336 3376 Isaia
1384 3319 1647 3391 propheta
1678 3338 1690 3375 :
1731 3321 2134 3391 Computrescit

546 3408 743 3481 iugum
772 3424 804 3465 a
836 3408 973 3467 facie
1006 3411 1113 3467 olei
1140 3410 1309 3483 (156).
1356 3429 1378 3467 ›

1140 3502 1523 3558 Αηιηιοηίείιιε.

630 3614 650 3648 ι
682 3594 800 3652 Hoc
834 3604 937 3663 est,
968 3596 1121 3667 quod
1140 3612 1238 3667 per
1281 3597 1607 3667 prophetam
1646 3595 1847 3651 dicitur
1882 3613 1895 3650 :
1926 3593 2135 3663 Erubee

552 3703 664 3754 see,
684 3687 875 3756 Sidon,
892 3688 1029 3744 dixit
1052 3705 1204 3744 mare
1231 3687 1555 3760 (157).fEcce
1581 3703 1703 3754 nos,
1728 3688 1822 3759 qui
1842 3688 1966 3758 jure
1990 3703 2133 3757 prae-

550 3780 744 3850 positis
764 3796 861 3851 per
881 3780 1066 3836 omnia
1090 3781 1351 3837 debemus
1374 3780 1671 3847 humiliari,
1703 3795 1846 3849 stupe
1873 3780 1945 3834 ob
1969 3779 2135 3835 verba

548 3870 807 3927 fraterna:
854 3872 1266 3939 admonitionis,
1316 3873 1584 3942 superbiae.
1627 3871 1883 3937 stimulis,
1928 3871 1997 3926 ad
2027 3871 2137 3927 ira-

550 3962 806 4018 cundiam
839 3963 1141 4032 provocati,
1165 3969 1355 4017 contra
1382 3970 1565 4031 patres
1589 3969 1644 4016 et
1666 3959 1861 4016 fratres
1882 3960 2137 4023 indecen-y

547 4061 632 4109 ter
659 4062 715 4110 et
742 4070 906 4125 supra
948 4055 1171 4110 modum
1202 4054 1441 4111 solemus
1487 4053 1847 4118 commoveri;
1875 4059 1931 4107 et
1972 4066 2138 4111 econr

548 4145 724 4202 trario
750 4146 1031 4202 saecularis
1094 4161 1348 4216 persona,
1395 4160 1508 4201 non
1556 4144 1736 4200 solum
1801 4142 2040 4199 ofﬁciose
2078 4143 2137 4215 in

548 4236 795 4294 fascibus
817 4238 1134 4304 constituta,
1161 4238 1256 4293 sed
1276 4238 1443 4293 etiam
1473 4236 1848 4307 principaliter
1868 4235 2137 4306 imperiali

2235 3160 2397 3214 travit
2422 3159 2710 3215 ecclesiam
2739 3158 2926 3237 Sancti
2953 3159 3230 3215 Benedicti
3255 3159 3324 3214 ad
3349 3158 3630 3213 famulitia
3655 3160 3844 3217 divina

2233 3251 2609 3320 multipliciter
2642 3250 2866 3306 addicti.
2893 3251 3013 3317 Qua
3044 3250 3246 3321 Oppido
3274 3251 3631 3315 humiliatus,
3671 3259 3729 3306 et

2232 3342 2613 3398 Confessionis
2644 3342 2973 3397 medicinam
3011 3338 3417 3407 consternatus,
3434 3341 3586 3395 inter
3610 3340 3730 3395 duo
3759 3342 3841 3395 al-

2233 3436 2371 3491 taria
2398 3435 2503 3491 sub
2523 3434 2705 3505 specie
2732 3436 2962 3506 geminae
2991 3434 3304 3490 dilectionis
3336 3432 3671 3499 constituta,
3697 3448 3761 3488 ac
3785 3433 3841 3487 in

2232 3528 2444 3583 honore
2487 3527 2733 3597 ejusdem
2777 3526 3177 3582 venerabillimi
3205 3524 3409 3591 Patris,
3465 3533 3523 3579 et
3584 3525 3837 3595 praeclari

2233 3621 2470 3692 maryris
2496 3618 2705 3675 Christi
2732 3617 2934 3673 Kiliani
2957 3626 3302 3683 consecrata,
3351 3616 3551 3685 jussus
3606 3631 3639 3670 a
3680 3616 3842 3687 spiri-

2235 3714 2332 3768 tali
2357 3722 2530 3784 patre,
2561 3712 2975 3767 velutservulus
3000 3710 3304 3765 vilissimus
3348 3708 3404 3762 in
3431 3707 3637 3761 humili
3666 3708 3841 3778 tripe-

2230 3804 2359 3859 ‘dica
2387 3788 2571 3858 coram
2599 3819 2665 3858 eo
2715 3802 2875 3868 sedit,
2928 3801 3236 3857 humilitate
3278 3799 3582 3855 comitatus
3628 3796 3841 3869 optima

2236 3906 2430 3951 matre.
2470 3894 2547 3950 lbi
2576 3895 2783 3949 audivit
2807 3895 2973 3949 multa
3007 3910 3130 3964 quae
3156 3892 3333 3948 solent
3356 3905 3523 3959 opera
3549 3889 3842 3944 destruere

2237 3989 2424 4053 stuita,
2462 4002 2562 4041 nec
2591 4002 2703 4041 non
2747 3986 2851 4040 alia
2899 3987 3077 4056 plura,
3130 4000 3253 4055 qua:
3283 3983 3449 4038 corda
3497 3981 3842 4035 stolidorum

2238 4080 2482 4148 accipere
2517 4079 2763 4133 abnuunt
2792 4078 3001 4132 cervice
3024 4076 3291 4149 praedura.
3318 4074 3550 4127 Demum
3578 4087 3682 4142 per
3710 4087 3842 4127 con-

2236 4168 2604 4225 verSationem
2654 4169 2790 4223 alter
2822 4167 3018 4233 factus,
3052 4174 3107 4221 et
3139 4180 3237 4236 per
3277 4162 3716 4219 admonitionem
3742 4160 3843 4215 ho-

2232 4260 2405 4315 minis
2457 4258 2557 4313 Dei
2599 4259 2793 4313 intime
2836 4266 3039 4324 tactus,
3083 4256 3314 4327 gratiam
3340 4253 3435 4308 Dei
3481 4252 3592 4308 sibi
3642 4252 3841 4306 adesse

550 4328 772 4400 fastigio
822 4329 1135 4395 sublimata,
1182 4336 1465 4399 assumpto
1486 4328 1762 4384 schemate
1790 4327 2134 4404 humilitatis,

2245 4352 2431 4418 sensit,
2464 4367 2587 4422 quae
2615 4351 3089 4422 compunctionem
3117 4346 3479 4419 largissimam
3507 4343 3588 4398 illi
3641 4352 3841 4399 contu-

551 4419 845 4476 confundit
867 4418 1179 4492 superbiam
1200 4420 1548 4492 dejectricem
1588 4421 1899 4492 archangeli
1928 4429 1983 4476 et
2026 4436 2136 4477 ma-

2245 4443 2323 4511 lit,
2352 4413 2462 4514 qua
2482 4413 2719 4498 exterior
2735 4413 2912 4497 homo
2966 4413 3227 4495 interiori
3270 4436 3479 4493 homini
3527 4451 3635 4488 non
3664 4431 3837 4488 solum

548 4522 690 4570 trem
720 4513 939 4571 diaboli.
994 4514 1136 4582 Quid
1176 4515 1279 4571 hac
1333 4514 1639 4571 humilitate
1692 4516 1834 4571 bona
1882 4515 2137 4569 voluntas

547 4615 830 4678 Operatur,
853 4608 962 4665 nisi
986 4615 1046 4662 ut
1068 4606 1323 4677 superbia
1364 4616 1553 4663 nostra
1596 4615 1876 4679 arguatur,
1894 4613 1949 4662 et
1971 4603 2137 4676 justi-

545 4698 626 4754 tia
651 4700 1057 4770 quodammodo
1097 4715 1200 4756 nos
1243 4701 1551 4766 conveniat,
1588 4709 1643 4754 et
1662 4700 1729 4755 ad
1759 4714 1855 4755 cor
1883 4707 2135 4755 nostrum

548 4792 716 4847 verba
742 4792 1058 4863 huiusmodi
1078 4792 1459 4850 intromittat?
1488 4790 1785 4859 Erubesce,
1823 4791 2014 4857 Sidon,
2046 4791 2133 4846 di-

548 4883 631 4941 xit
652 4899 823 4953 me,
872 4884 926 4939 id
984 4893 1089 4950 est,
1144 4883 1480 4940 confundere
1512 4883 1797 4955 negligens
1845 4883 2133 4950 monache,

546 4974 666 5032 sive
688 4976 1143 5043 sanctimonialis,
1177 4976 1308 5032 dicit
1335 4975 1510 5031 ﬁdelis
1545 4976 1648 5031 etsi
1672 4975 1969 5040 saecularis,
2007 4974 2138 5044 quia

548 5070 954 5124 monachorum
978 5084 1251 5125 summam
1276 5069 1555 5134 virtutem,
1578 5068 1686 5123 hoc
1722 5075 1826 5134 est,
1851 5067 2136 5122 humilita-

549 5168 661 5215 tem
691 5161 958 5231 abjecisti,
981 5169 1036 5217 et
1063 5161 1365 5216 maximum
1388 5160 1603 5224 vitium,
1619 5158 1674 5213 id
1699 5168 1801 5224 est,
1824 5159 2136 5229 superbiam

551 5253 651 5309 tibi
682 5255 1033 5324 pertinaciter
1062 5252 1362 5323 usurpasti.
1400 5250 1559 5318 Quod
1588 5251 1891 5321 pessimum
1932 5258 1988 5307 et
2012 5265 2135 5305 om-

624 5365 777 5500 ἓ154)
809 5366 929 5419 Alia
958 5365 1139 5420 littera
1164 5365 1219 5420 in
1243 5380 1347 5419 ms.

652 5435 774 5498 155)
800 5435 923 5490 Alia
952 5452 1117 5491 manu
1140 5436 1196 5490 in
1219 5451 1322 5492 ms.

652 5435 774 5498 155)
800 5435 923 5490 Alia
952 5452 1117 5491 manu
1140 5436 1196 5490 in
1219 5451 1322 5492 ms.

591 5524 601 5551 ἠ
626 5504 774 5560 (156)
805 5504 918 5559 Ira.
951 5521 1108 5560 nni.

618 5574 775 5631 ’(157)
810 5574 923 5631 lsa.
959 5592 1114 5630 χχιιι.

656 5644 776 5701 158)
805 5644 835 5699 I
858 5646 1007 5701 Petr.
1023 5664 1076 5700 v.

656 5645 754 5699 158
805 5644 835 5699 I
858 5646 1076 5701 Petr.v.

622 5644 776 5791 £1593
810 5716 1003 5774 Matth.
1030 5732 1184 5773 mn.

2240 4536 2390 4608 (161)
2433 4535 2788 4592 subtilissime
2824 4532 3175 4589 concordavit
3206 4530 3298 4584 sed
3345 4529 3508 4582 etiam
3540 4526 3836 4580 utilissime

2241 4625 2410 4698 (162).
2443 4612 2691 4696 Cumque
2713 4626 2817 4679 hac
2840 4622 3121 4693 fragilitati
3155 4621 3410 4674 humana:
3432 4617 3485 4670 in
3525 4616 3583 4670 id
3614 4624 3834 4685 tempo-

2239 4719 2319 4774 ris
2350 4717 2713 4784 satisfaceret,
2746 4700 2895 4771 foras
2914 4702 3187 4785 egressus,
3218 4710 3285 4765 ad
3334 4723 3466 4791 suos
3491 4708 3671 4763 dixit.
3700 4704 3834 4760 Vere

2243 4806 2479 4878 Spiritus
2501 4794 2724 4863 sanctus
2743 4806 2966 4860 locutus
2987 4810 3071 4858 est
3100 4816 3197 4871 per
3222 4815 3285 4855 os
3318 4798 3424 4852 viri
3444 4797 3627 4852 istius.
3665 4794 3835 4851 Hodie

2242 4899 2299 4954 in
2324 4913 2578 4955 sermone
2628 4896 2775 4950 illius
2827 4883 3053 4965 probavi
3108 4905 3300 4945 verum
3332 4902 3455 4943 esse
3504 4885 3644 4940 illud
3681 4883 3835 4938 Salo-

2242 4989 2425 5045 monis
2482 5006 2495 5041 :
2553 4986 2727 5041 Verba
2781 4984 3089 5055 sapientum
3142 4979 3302 5051 quasi
3346 4976 3487 5033 clavi
3542 4977 3601 5031 in
3665 4976 3831 5030 altum

2241 5078 2586 5151 deﬁxi(l63).

2320 5188 2340 5221 ‹
2370 5168 2686 5223 Mandatum
2728 5164 2930 5235 quippe
2972 5162 3221 5217 divinum
3265 5158 3574 5217 certissime
3596 5157 3715 5211 suis
3740 5156 3833 5208 ob-

2241 5258 2596 5316 servatoribus
2639 5256 2787 5328 (161)
2812 5254 2990 5310 reddit
3016 5253 3249 5309 liberum
3283 5251 3555 5307 animum.
3583 5246 3833 5317 Cumque

2337 5371 2459 5426 160)
2481 5369 2601 5423 Jac.
2629 5384 2709 5421 ιιι.

2339 5436 2461 5495 161)
2493 5438 2551 5493 1η
2588 5453 2693 5492 ms.
2729 5437 2835 5491 alia
2866 5436 3067 5491 littera.

2340 5507 2462 5565 l62l
2493 5508 2551 5562 ln
2574 5523 2677 5563 ms.
2712 5507 2819 5562 alia
2847 5507 3046 5563 littera.

2344 5577 2466 5650 165⁷)
2497 5577 2673 5650 Eccle.
2700 5594 2797 5632 xu.

2318 5649 2466 5723 (164)
2493 5649 2610 5705 Alia
2635 5649 2834 5704 littera.
