4018 6418
220 352 363 413 1019

912 350 1002 411 ne
1040 352 1416 414 MIRACULIS
1458 355 1518 414 s.
1557 352 1982 412 EMMERAMMI
2019 349 2202 409 LIBRI
2238 347 2400 407 nuo.
2442 302 2511 392 ;-
2545 347 2675 405 me.
2714 345 2782 403 ιι.

3341 316 3487 401 1030

212 470 497 529 Caesarem
526 467 813 541 diligenter
838 467 1184 527 intuerentur
1207 472 1326 542 ejus
1359 471 1676 538 familiares,
1701 472 1799 529 ad-
1828 476 1876 532 Α
1904 468 2167 540 scriptum
2193 476 2314 523 est:
2340 465 2514 522 Ponet
2553 463 2818 519 Dominus
2847 468 3111 517 terminos
3148 455 3486 541 ejuspacem

210 563 404 618 mirati
429 570 559 618 sunt
584 577 747 632 super
775 562 1153 619 immutatione
1173 564 1353 620 vultus
1382 564 1501 635 ejus
1527 564 1796 620 dicentes:

219 651 473 720 Domine,
504 653 637 723 quid
659 654 756 707 tibi
798 654 1044 725 contigit,
1091 655 1239 724 quod
1290 656 1427 710 adeo
1473 654 1728 725 perfusus
1747 661 1803 709 et

219 744 480 815 lacrymis
516 754 569 799 et
584 746 834 819 sudore?
882 744 1094 813 Quibus
1128 748 1216 817 ille
1249 746 1528 817 respondit
1568 765 1581 800 :
1625 744 1803 802 Nolite

218 837 411 892 mirari
456 836 602 907 quod
637 837 742 892 sim
765 827 907 892 udus
931 853 998 891 ex
1033 839 1251 899 sudore,
1281 839 1373 893 sed
1395 838 1525 908 quia
1546 837 1669 891 vivo
1691 851 1803 907 prae

217 928 434 984 timore.
465 927 755 998 Nunquam
790 944 878 984 me
920 928 1196 999 contingat
1236 930 1402 1002 talem
1444 929 1800 1001 quaestionem

216 1021 478 1086 incidere,
506 1021 611 1076 nisi
636 1036 736 1090 pro
762 1021 957 1075 animae
987 1035 1121 1075 meae
1143 1020 1340 1074 salute.
1374 1019 1433 1074 In
1480 1019 1586 1075 isto
1602 1025 1801 1074 sancto

204 1112 436 1183 seniore
478 1112 720 1181 comperi
783 1110 1071 1170 manifeste
1121 1119 1360 1182 quantus
1411 1112 1588 1166 honor
1609 1111 1803 1166 debeat

216 1201 467 1257 exhiberi
491 1205 666 1259 servis
715 1204 903 1260 electis
945 1203 1060 1259 Dei.
1090 1202 1221 1258 Post
1253 1204 1368 1259 haec
1397 1204 1563 1273 jussit
1591 1203 1802 1273 episco-

215 1296 351 1364 pum
389 1294 843 1351 Ratisbonensem
864 1295 936 1349 ad
966 1310 1025 1350 se
1052 1294 1328 1350 accersiri.
1372 1293 1441 1348 Et
1489 1302 1640 1349 stans
1675 1300 1801 1348 ante

114 1388 133 1411 ν
215 1383 389 1438 altare
425 1382 607 1440 Sancti
657 1383 1064 1450 Emmerammi,
1104 1384 1207 1440 sub
1228 1384 1676 1438 interminatione
1731 1382 1800 1437 ad

213 1490 345 1530 eum
389 1475 569 1530 dixit:
602 1474 747 1531 Cave
776 1491 845 1531 ne
896 1476 1059 1543 ultra,
1096 1492 1184 1530 me
1224 1477 1459 1543 vivente,
1497 1476 1799 1546 quidquam

214 1564 349 1619 mali
400 1562 569 1620 facias
613 1565 795 1620 abbati
840 1565 1006 1635 hujus
1033 1566 1268 1622 coenobii
1293 1574 1349 1621 et
1378 1564 1659 1633 fratribus,
1686 1565 1799 1621 Deo

214 1665 516 1726 sanctoque
543 1656 947 1711 Emmerammo
981 1658 1071 1713 hic
1109 1656 1524 1716 famulantibus.
1559 1656 1681 1713 Sint
1699 1658 1798 1713 tibi

212 1753 312 1801 tua
335 1747 403 1801 ad
452 1747 823 1821 episcopatum
851 1748 976 1818 jure
1011 1749 1376 1819 pertinentia;
1400 1750 1797 1813 monachorum

207 1834 363 1917 bona
389 1847 647 1911 maneant
670 1839 776 1909 illis
827 1840 1025 1917 vallata
1082 1841 1187 1895 sub
1236 1841 1483 1895 omnium
1530 1842 1798 1895 bonorum

213 1929 403 1983 tutela.
429 1928 766 2007 Quacunque
800 1945 931 2001 ergo
957 1930 1044 1985 die
1077 1931 1473 2001 praevaricatus
1515 1930 1687 1985 fueris
1742 1930 1801 1984 in

210 2015 305 2092 his
329 2032 452 2086 quae
479 2032 721 2086 praesens
753 2018 989 2074 hausisti
1035 2019 1261 2075 auribus
1302 2020 1439 2086 tuis,
1464 2019 1664 2089 procul
1699 2019 1801 2074 du-

211 2106 309 2162 bio
350 2107 506 2175 scito,
570 2109 684 2165 sive
729 2109 990 2166 divinitus
1018 2111 1134 2166 sive
1164 2111 1503 2177 humanitus,
1527 2127 1627 2181 pro
1655 2112 1801 2166 malo

202 2198 355 2259 tanti
380 2199 581 2269 piaculi
629 2208 810 2256 tecum
851 2202 1061 2257 duriter
1093 2218 1158 2258 ac
1215 2203 1482 2258 acerbiter
1518 2202 1800 2258 actitatum

201 2289 305 2371 iri.
331 2290 463 2346 Dein
485 2306 782 2369 conversus
815 2292 1112 2369 imperator
1139 2294 1206 2349 ad
1232 2295 1481 2350 abbatem
1505 2302 1560 2350 et
1581 2293 1797 2363 fratres,

212 2381 418 2452 pietate
447 2382 606 2438 solita
650 2384 959 2440 valedicens
983 2384 1110 2452 illis,
1156 2385 1271 2439 ait:
1300 2384 1619 2443 lnterius'et
1645 2395 1799 2441 exte-

212 2471 332 2527 rius
355 2488 454 2528 vos
485 2473 561 2528 ita
582 2489 910 2531 conservare
936 2476 1191 2546 dignetur
1234 2477 1523 2533 miserator
1551 2486 1606 2533 et
1633 2478 1801 2534 mise—

198 2552 392 2633 ,ric0rs
421 2561 705 2637 Dominus,
728 2574 789 2620 ut
821 2565 878 2620 in
900 2554 1458 2643 orationibusvestris
1483 2584 1592 2625 non
1620 2570 1799 2625 solum

202 2654 445 2724 possitis
472 2670 744 2730 memores
766 2672 888 2725 esse
946 2658 1142 2725 nostri,
1170 2660 1264 2714 sed
1286 2667 1341 2714 et
1377 2660 1547 2715 totius
1613 2660 1799 2730 populi

196 2743 532 2803 .Christiani.
560 2744 682 2813 Quo
702 2747 869 2813 dicto,
926 2749 1154 2818 psalmis
1193 2758 1248 2804 et
1303 2751 1531 2806 canticis
1566 2750 1800 2807 Domino

200 2836 629 2895 commendatus
673 2838 954 2908 piissimus
981 2840 1282 2911 Augustus,
1305 2857 1371 2901 ex
1413 2859 1565 2898 more
1591 2859 1798 2914 praece-

209 2926 376 2983 dente
410 2938 600 2984 sancta
624 2939 679 2985 et
699 2931 967 2986 crucifera
1008 2933 1276 3002 imperiali
1309 2935 1519 3002 lancea,
1546 2936 1711 2990 exivit
1731 2936 1799 2992 de

197 3019 436 3101 ,civitate
448 3022 581 3089 ista,
608 3022 1129 3092 petiturus‘ltal‘am,
1168 3040 1398 3081 necnon
1429 3028 1679 3083 aditurus
1702 3043 1800 3098 po-

1825 1802 1874 1861 Β

1903 537 2073 632 (167),
2106 558 2233 613 ﬁliis
2258 572 2478 628 quoque
2510 554 2796 610 hominum
2823 552 2965 608 dans
2981 558 3304 623 potestatem
3343 537 3487 606 ﬁlios

1901 647 1997 703 Dei
2020 644 2166 716 ﬁeri,
2193 649 2288 719 qui
2315 663 2426 702 non
2447 662 2515 703 ex
2540 644 3092 718 sanguinibusneque
3116 658 3184 697 ex
3206 642 3490 705 voluntate

1899 740 2101 807 carnis,
2135 741 2229 795 sed
2250 755 2317 794 ex
2352 738 2464 794 Deo
2486 737 2601 793 nati
2639 744 2769 794 sunt
2799 734 2968 808 (168).
2999 734 3105 790 Sed
3128 734 3258 805 quia
3301 732 3487 789 cbari-
3562 761 3564 764 ν

1899 839 2066 886 tatem
2096 840 2246 887 tuam
2272 830 2326 886 id
2371 830 2528 885 avide
2551 827 2708 884 video
2735 835 3007 898 expetere,
3029 834 3093 887 ut
3119 826 3178 881 in
3213 827 3322 882 hoc
3346 839 3486 895 Opu-

1905 922 2059 978 sculo
2080 938 2175 993 per
2200 922 2525 993 parvitatem
2556 934 2735 975 meam
2770 919 2975 990 aliquid
3005 918 3131 973 inde
3163 918 3487 985 disseratur,

1900 1010 2097 1067 faciam
2125 1020 2179 1069 et
2201 1028 2303 1085 ego
2340 1027 2439 1083 pro
2482 1011 2704 1067 modulo
2731 1026 2874 1078 meo,
2924 1016 2980 1065 et
3002 1009 3049 1065 si
3075 1024 3187 1064 non
3233 1016 3297 1064 ut
3337 1009 3486 1073 volo,

1900 1110 2082 1158 tamen
2114 1105 2257 1161 sicut
2296 1114 2505 1175 potero.
2561 1102 2729 1173 Igitur
2757 1118 2785 1157 a
2839 1101 3227 1157 constitutione
3272 1099 3487 1166 mundi,

1894 1194 2091 1266 Vcivitas
2116 1196 2211 1251 Dei
2262 1196 2689 1253 controversiam
2728 1194 2919 1249 habuit
2945 1210 3070 1249 cum
3119 1193 3337 1249 civitate
3365 1193 3486 1248 dia-

1894 1285 2029 1357 boli,
2054 1287 2213 1358 cujus
2235 1300 2366 1358 pars
2394 1302 2506 1341 non
2538 1286 2767 1342 minima
2816 1284 2920 1341 fuit
2967 1285 3210 1358 Babylon
3240 1286 3327 1339 illa
3365 1299 3489 1355 quae

1900 1376 2185 1453 dieebatur
2209 1380 2449 1450 gentium
2477 1379 2678 1451 inclyta
2707 1377 2878 1450 (169),
2915 1378 2972 1431 in
3000 1394 3169 1449 quam
3195 1378 3325 1433 olim
3355 1391 3489 1432 con-

1900 1465 2085 1523 fusum
2116 1480 2201 1527 est
2221 1470 2429 1527 lahium
2473 1471 2744 1525 universae
2769 1478 2931 1525 terra:
2965 1467 3135 1541 (170),
3180 1470 3251 1525 ob
3291 1484 3487 1541 super-

1894 1565 2044 1639 biam
2079 1562 2306 1630 scilicet,
2346 1562 2639 1634 plusquam
2689 1559 2974 1615 altitudine
3019 1569 3239 1616 centum
3294 1560 3489 1633 viginti

1899 1654 2209 1712 cubitorum
2251 1661 2509 1708 erectam.
2544 1651 2697 1724 Hanc
2727 1640 2982 1707 Christus
3012 1652 3068 1706 in
3108 1652 3324 1707 civitate
3355 1668 3486 1717 sua,

1900 1747 1954 1802 id
1983 1754 2088 1813 est,
2112 1746 2167 1801 in
2197 1743 2558 1811 Hierusalem,
2584 1744 2742 1815 cujus
2771 1743 3122 1813 .participatio
3150 1742 3270 1813 ejus
3301 1742 3355 1797 in
3404 1741 3489 1797 id-

1902 1838 2086 1908 ipsum
2120 1836 2291 1910 (171),
2343 1837 2431 1893 die
2475 1835 2825 1892 Pentecostes
2853 1837 3260 1891 evidentissime
3296 1834 3490 1892 stravit

1901 1938 2065 1999 atque
2136 1944 2365 1985 suorum
2420 1928 2781 1983 humilitatem
2818 1927 3192 1999 potentissime
3241 1928 3490 1982 exaltans

1899 2020 2215 2076 declaravit.
2239 2019 2333 2075 llia
2359 2020 2506 2075 enim
2549 2021 2616 2076 de
2648 2019 2885 2090 Spiritus
2934 2028 3156 2076 sanctus
3203 2019 3491 2091 repentino

1901 2113 2081 2171 sonitu
2110 2128 2276 2183 super
2304 2112 2604 2183 discipulos
2629 2112 2876 2182 veniens,
2913 2119 2967 2170 et
2994 2112 3051 2166 in
3078 2111 3283 2182 linguis
3311 2111 3491 2182 igneis

1899 2205 2193 2270 .V'isihiiiter
2268 2203 2379 2259 illis
2422 2219 2712 2275 apparens,
2752 2203 2982 2277 collegio
3030 2211 3249 2264 centum
3297 2202 3490 2272 viginti

1900 2298 2135 2357 fratrum
2183 2299 2241 2353 in
2282 2314 2397 2355 uno
2418 2298 2702 2355 caenaculo
2749 2299 2853 2355 sub
2878 2312 3065 2359 amore
3110 2295 3331 2372 benigni
3358 2291 3492 2350 Jesu’

1900 2399 2376 2462 congregatorum,
2414 2406 2540 2444 cum
2593 2389 2750 2461 copia
2799 2389 3040 2445 caelestis
3094 2386 3490 2445 benedictionis

1902 2482 2130 2538 contulit
2178 2483 2563 2537 adunationem
2597 2481 2911 2554 linguarum
2957 2478 3129 2553 (172),
3161 2479 3362 2554 quibus
3389 2478 3489 2549 pe'r

1900 2574 2214 2641 universum
2232 2575 2420 2630 orbem
2432 2574 2786 2645 prazdicarent
2801 2580 2856 2628 et
2867 2572 3290 2629 testiﬁcarentur
3303 2570 3490 2629 Domi-

1902 2665 2088 2735 nicum
2112 2666 2473 2736 triumphum,
2487 2681 2596 2743 quo
2605 2666 2854 2721 diabolus
2868 2665 3042 2720 victus
3056 2706 3071 2732 ,
3084 2672 3137 2719 et
3150 2663 3354 2718 catenis
3366 2677 3487 2741 ma-

1896 2757 2027 2831 litia:
2043 2774 2157 2814 suae
2171 2759 2518 2824 constrictus,
2531 2773 2628 2828 per
2640 2767 2811 2813 totum
2829 2758 3091 2812 mundum
3117 2756 3282 2827 gemit
3293 2765 3347 2809 et
3364 2755 3488 2809 ulu-

1899 2848 1975 2904 lat
1986 2857 2287 2918 apostatam
2300 2849 2874 2919 civitatem,quondam
2890 2863 2987 2919 per
3005 2847 3311 2917 superbiam
3330 2859 3488 2904 suam

1899 2939 2186 3006 elevatam,
2232 2939 2393 2994 modo
2427 2954 2524 3010 per
2552 2938 2915 2993 humilitatem
2944 2936 3148 2993 Christi
3189 2933 3489 3010 discipule.

1900 3045 2021 3084 rum
2045 3030 2334 3101 dejectam,
2353 3029 2466 3086 imo
2489 3038 2655 3089 totam
2678 3038 2893 3100 gentem
2909 3027 3274 3086 Christianam
3298 3027 3486 3099 clypeo

202 3112 582 3189 .tentissimam
630 3114 823 3169 urbem
872 3114 1196 3185 Romanam,
1234 3130 1400 3187 quam
1441 3119 1661 3188 quidam
1699 3135 1797 3173 vo-
1824 3138 1869 3201 ς
1896 3121 2096 3197 divina:
2132 3123 2451 3179 munitionis
2482 3122 2819 3193 disqueritur
2851 3129 3170 3191 protectam.
3200 3118 3337 3173 Hinc
3363 3133 3485 3173 cer-

198 3206 386 3273 ,citare
428 3207 607 3263 solent
647 3207 839 3291 mundi
904 3208 1182 3264 dominam
1251 3210 1338 3265 vel
1381 3226 1568 3269 rerum
1616 3211 1796 3265 maxi-
1896 3215 2445 3289 tissimeprobabitur
2461 3214 2605 3285 quod
2628 3214 2819 3268 civitas
2835 3213 2930 3282 Dei
2954 3227 3167 3282 semper
3188 3210 3403 3276 crescit,
3430 3216 3487 3264 et

200 3311 384 3379 gnam.
412 3316 442 3361 η»

807 3392 1189 3448 Ammom‘cius.

289 3498 311 3536 ι
350 3479 507 3538 Unde
549 3483 655 3540 hoc
701 3492 763 3540 ut
787 3485 904 3540 haec
934 3494 1149 3540 terrena
1192 3485 1384 3540 civitas
1409 3499 1595 3540 rerum
1618 3484 1798 3540 nomi-

211 3582 376 3629 netur
409 3575 669 3644 maxima,
702 3592 827 3631 cum
854 3577 1188 3647 amplissima
1237 3577 1429 3633 civitas
1478 3576 1597 3645 Dei,
1628 3592 1795 3648 quam

200 3666 333 3744 ipse
362 3659 460 3737 per
481 3656 649 3748 vivos
687 3676 743 3723 et
785 3671 988 3726 electos
1021 3671 1227 3741 lapides
1256 3670 1404 3744 (165)
1451 3671 1616 3741 carpit
1672 3686 1799 3727 con-

212 3748 430 3813 Struere
462 3759 530 3815 ab
571 3759 726 3815 initio
756 3762 967 3828 mundi,
1010 3762 1135 3832 jure
1164 3762 1379 3818 dicatur
1404 3756 1553 3819 orbis
1574 3762 1795 3818 domina

202 3848 300 3903 vel
329 3863 514 3903 rerum
535 3851 811 3907 maxima?
838 3852 944 3908 Pro
994 3853 1075 3909 rei
1098 3854 1295 3908 etenim
1341 3855 1506 3926 hujus
1546 3855 1792 3921 veritate,

210 3955 326 4011 quo
359 3957 469 3996 non
502 3943 713 3998 dubitet
734 3944 899 4012 homo
932 3946 987 3999 in
1010 3962 1110 4001 sua
1148 3945 1441 4018 fragilitate
1459 3963 1527 4002 ex
1559 3955 1795 4015 secreta-

208 4022 300 4088 rio
326 4049 429 4089 suo
449 4050 546 4104 per
558 4034 916 4092 'Salomonem
941 4034 1235 4111 Sapientia
1256 4038 1562 4102 clamitans,
1593 4048 1646 4092 et
1672 4053 1793 4111 om-

208 4124 569 4194 nipotentiam
591 4142 748 4181 suam
774 4128 1085 4198 propalans,
1123 4129 1256 4184 dicit
1283 4148 1296 4183 :
1330 4129 1389 4183 In
1424 4118 1572 4183 omni
1596 4128 1794 4200 populo

205 4213 507 4284 primatum
557 4214 728 4281 tenui,
791 4217 1147 4287 superborum
1191 4226 1245 4272 et
1288 4218 1603 4273 sublimium
1658 4219 1791 4273 colla

200 4302 431 4376 propria
458 4307 659 4363 virtute
699 4307 906 4381 calcavi
947 4307 1115 4381 (166).
1146 4306 1370 4379 Oportet
1397 4322 1547 4378 ergo,
1579 4315 1639 4362 ut
1660 4308 1793 4363 mihi

204 4397 445 4464 videtur,
498 4413 607 4468 quo
642 4414 884 4469 praesens
933 4398 1203 4469 dialogus,
1241 4399 1479 4454 evidenti
1544 4399 1788 4466 ratione,

1899 3304 2093 3361 civitas
2114 3304 2317 3358 diaboli
2336 3305 2391 3358 in
2415 3313 2678 3374 mternum
2702 3303 2986 3357 decrescit.
3011 3300 3185 3370 Hujus
3206 3301 3386 3370 itaque
3407 3297 3486 3354 ci-

1896 3378 2101 3463 vitatis,
2132 3412 2255 3465 quae
2295 3395 2364 3450 ad
2406 3395 2683 3449 diabolum
2721 3393 2975 3463 pertinet,
2996 3390 3482 3463 ‘antiquis‘tempo—

1896 3486 2049 3563 ribus
2074 3487 2220 3542 haud
2247 3502 2416 3558 parva
2445 3486 2622 3556 portio
2643 3495 2760 3540 erat
2783 3484 2976 3551 Roma,
3003 3500 3100 3555 per
3122 3481 3482 3537 idololatriam

1897 3595 1929 3634 a
1961 3579 2179 3635 diabolo
2222 3594 2499 3650 possessa.
2538 3576 2671 3644 Quae
2707 3577 3027 3647 priusquam
3071 3574 3349 3629 Christum
3400 3583 3485 3629 est

1897 3670 2169 3737 confessa,
2203 3681 2257 3727 et
2298 3671 2400 3726 sub
2433 3670 2654 3724 nomine
2683 3669 2805 3740 ejus
2843 3666 3102 3740 martyria
3140 3666 3313 3721 multa
3356 3680 3485 3735 per-

1896 3778 2056 3835 pessa
2082 3763 2253 3835 (dictu
2280 3761 2548 3835 mirabile,
2576 3761 2669 3818 sed
2689 3776 2884 3833 revera
2903 3756 3205 3835 probabile)
3233 3773 3328 3828 per
3353 3772 3482 3812 eum

1897 3862 2259 3910 transmutata
2317 3854 2413 3924 qui
2455 3853 2522 3908 de
2562 3852 2833 3922 lapidibus
2865 3861 3060 3922 potens
3098 3858 3182 3904 est
3214 3848 3482 3903 suscitare

1895 3945 2036 4003 ﬁlios
2073 3947 2309 4002 Abrahae
2332 3944 2501 4017 (175),
2548 3943 2753 4017 sociata
2779 3951 2864 3997 est
2891 3941 3097 4000 caalesti
3127 3940 3478 4012 hierarchiae;

1890 4046 1950 4108 et
1970 4054 2093 4108 quae
2122 4046 2283 4093 antea
2316 4036 2550 4092 nimium
2580 4035 2760 4105 dedita
2790 4034 2895 4095 fuit
2922 4035 3191 4101 idolorum
3228 4031 3479 4097 culturae,

1895 4143 2042 4187 nunc
2067 4127 2327 4198 tripudiat
2356 4143 2416 4185 se
2439 4128 2681 4187 dotatam
2715 4141 2837 4193 esse
2867 4124 3071 4195 Christi
3099 4125 3222 4201 ﬁde,
3243 4139 3314 4194 ac
3337 4122 3481 4177 mul—

1892 4220 2064 4297 tiplici
2108 4218 2457 4284 veneratione
2494 4227 2832 4274 sanctorum.
2874 4215 3014 4271 Vere
3055 4216 3238 4271 ﬁdeles
3274 4215 3332 4269 in
3374 4214 3481 4268 hac

1896 4312 2111 4367 civitate
2139 4311 2488 4367 considerant
2515 4311 2796 4381 impletum
2819 4324 2942 4364 esse
2989 4308 3136 4379 quod
3181 4306 3479 4377 Apostolus

1894 4400 2061 4471 dicit:
2089 4398 2229 4466 Quia
2254 4399 2348 4469 ubi
2372 4398 2665 4454 abundavit
2693 4397 2975 4468 iniquitas,
3013 4393 3481 4466 superabundabit

205 4484 546 4564 simplicitati
603 4484 856 4567 fraterna;
912 4486 1214 4544 satisfaciat
1271 4502 1436 4558 super
1490 4488 1596 4543 hac
1636 4502 1788 4575 quaa-
1819 4475 1865 4535 Ι.)
1893 4470 2065 4562 gratia
2096 4491 2266 4561 (174).
2313 4489 2452 4545 Ecce
2490 4491 2580 4543 illa
2604 4470 2843 4560 Babilon
2889 4489 3133 4557 antiqua,
3166 4503 3308 4557 quae,
3346 4501 3478 4540 sua-

204 4572 409 4629 stione.
439 4592 464 4627 ι

825 4665 1182 4744 Collectitius.

283 4771 304 4805 ι
333 4754 601 4813 Putabam
630 4758 968 4814 satisfactum
997 4774 1121 4815 esse
1175 4759 1451 4827 omnibus,
1510 4775 1611 4830 per
1657 4758 1791 4815 illud

196 4846 637 4904 famosissimum
660 4849 720 4904 Β.
744 4850 1036 4921 Augustini
1070 4866 1230 4921 opus,
1267 4866 1379 4921 quo
1436 4851 1792 4906 abundantis-
1826 4880 1829 4881 ν

197 4937 345 4993 sime
372 4938 613 5009 disputat
636 4939 712 4995 De
741 4940 959 4995 civitate
982 4939 1095 5013 Dei,
1135 4942 1227 4997 cui
1275 4942 1551 4996 contraria
1596 4950 1680 4997 est
1704 4942 1786 4997 ci.-

195 5028 347 5083 vitas
376 5028 600 5097 diaboli,
644 5046 811 5100 quam
865 5046 962 5101 per
1019 5032 1329 5101 superbiam
1376 5042 1614 5087 erectam
1670 5032 1787 5102 ipse

197 5117 321 5174 Rex
343 5135 530 5190 regum
561 5116 802 5189 quotidie
835 5120 1019 5192 dejicit
1041 5130 1096 5176 et
1138 5122 1369 5189 minuit;
1393 5131 1449 5178 et
1476 5124 1787 5179 econtrario

195 5222 301 5278 per
326 5208 652 5265 humilitatis
699 5210 953 5281 spiritum
977 5211 1182 5265 exaltat
1210 5226 1387 5278 suam,
1446 5226 1477 5265 a
1512 5212 1673 5267 bonis
1703 5212 1789 5266 in-

195 5298 479 5369 choatam,
529 5303 672 5357 etin
700 5304 862 5360 bonis
910 5302 1228 5372 ﬁniendam,
1285 5304 1587 5360 secundum
1639 5305 1786 5377 quod

302 5413 426 5481 165)
453 5412 485 5467 1
512 5413 659 5471 Petr.
691 5432 750 5470 ιι.

302 5482 426 5554 166)
464 5483 634 5554 Eccli.
659 5502 806 5540 χειν.

301 5553 608 5611 167)Ῥεαι.
639 5571 839 5611 cnvn.

300 5623 424 5680 168)
452 5623 613 5680 Joan.
648 5643 684 5680 ι.

304 5679 426 5835 169;
451 5692 565 5750 Ira.
593 5679 730 5761 Xlll;
760 5694 954 5751 Jerem.
988 5714 1059 5753 Li.

304 5762 404 5833 170
460 5762 642 5821 Cenes.
676 5782 751 5821 ιι.

270 5762 426 5837 ’(170)
460 5762 642 5821 Cenes.
676 5782 751 5821 ιι.

1887 4582 2047 4637 dente
2105 4580 2379 4650 superbia,
2418 4581 2694 4649 quondam
2761 4579 3127 4634 arbitrabatur
3181 4593 3241 4632 se
3306 4575 3476 4630 totius

1888 4672 2080 4746 mundi
2122 4664 2505 4741 principatum
2538 4685 2701 4747 posse
2743 4669 3008 4735 obtinere,
3045 4668 3192 4737 jacet
3226 4667 3474 4732 deserta,

1887 4763 2215 4819 draconibus
2240 4771 2293 4817 et
2334 4761 2491 4816 malis
2521 4761 2712 4817 bestiis
2752 4758 2974 4814 referta.
3008 4756 3135 4813 Haec
3177 4766 3382 4823 autem,
3417 4756 3471 4811 id

1888 4864 1973 4911 est
1999 4854 2193 4921 Roma,
2223 4868 2290 4909 eo
2331 4853 2477 4925 quod
2499 4861 2553 4907 et
2582 4852 2702 4922 ipsa
2732 4852 2863 4906 olim
2895 4858 3216 4921 sequeretur
3243 4848 3477 4904 diaboli-

1894 4961 2020 5002 cum
2051 4963 2292 5003 errorem
2315 4955 2370 5001 et
2403 4945 2647 5001 omnium
2690 4943 2957 4999 malorum
2985 4941 3382 5007 confusionem,
3414 4947 3478 4995 ut

1892 5024 2086 5101 beatus
2096 5038 2291 5094 Petrus
2308 5045 2558 5103 testatur,
2576 5035 2765 5091 sortita
2781 5034 3073 5106 Babylonis
3086 5049 3284 5088 nomen
3302 5030 3472 5103 (175),

1892 5139 1947 5186 et
1972 5131 2041 5185 ob
2070 5130 2368 5200 potentiam
2395 5127 2608 5198 imperii
2632 5136 2760 5181 tunc
2783 5138 2977 5181 vocata
3005 5124 3227 5180 domina
3252 5124 3472 5193 mundi;

1891 5218 1988 5283 sed
2010 5227 2200 5289 postea
2227 5233 2323 5287 per
2350 5218 2600 5272 eumdem
2629 5215 2949 5287 Apostolum
2979 5223 3032 5270 et
3060 5230 3158 5285 per
3191 5229 3475 5269 successo-

1887 5302 1983 5366 res
2009 5310 2156 5365 illius
2179 5308 2486 5377 humiliata,
2508 5308 2613 5364 sub
2634 5307 2876 5379 potentia
2903 5305 3129 5377 Christi,
3157 5320 3225 5363 ex
3256 5304 3475 5364 civitate
3534 5328 3539 5337 ·

1994 5423 2119 5491 171)
2144 5421 2298 5477 Psal.
2330 5436 2480 5477 cxxt.

1985 5493 2109 5548 172)
2135 5492 2255 5546 Act.
2277 5507 2338 5546 ιι.

1984 5562 2106 5617 175)
2151 5562 2345 5616 Matth.
2381 5577 2460 5617 ιιι.

1983 5633 2105 5691 174)
2146 5631 2299 5691 Rom.
2329 5648 2380 5687 ν.

1984 5634 2082 5687 174
2146 5634 2299 5691 Rom.
2329 5648 2380 5687 V.

1984 5634 2107 5775 175i
2144 5700 2176 5759 I
2201 5702 2353 5758 Petr.
2382 5718 2434 5757 v.
