4104 5260
665 186 799 246 1051
1645 198 1948 257 ARNOLDI
1982 199 2174 256 EMME

2266 197 2579 256 .MMENSIS
2615 199 2918 256 MONACHI
3772 201 3893 261 1059.

659 300 863 358 diaboli
894 301 1034 359 facta
1077 315 1159 363 cst
1187 307 1380 366 civitas
1409 309 1534 380 Dei;
1562 328 1685 383 quae
1722 315 1777 370 in
1811 324 2024 370 tantum
2048 329 2234 370 excrc-
2261 313 2309 370 Α

654 393 732 448 vit
755 393 811 448 in
832 393 1015 451 divino
1036 400 1185 456 cultu
1207 411 1286 468 ut,
1305 418 1404 472 pro
1423 404 1597 460 ruinis
1618 421 1899 461 murorum
1914 414 1970 463 et
1985 415 2226 462 veterum

651 482 926 556 fanorum,
955 502 1182 562 surgant
1217 495 1458 564 quotidie
1489 497 1770 554 innumera
1799 499 2024 554 aediﬁcia
2049 499 2225 554 eccle-

648 574 857 632 siarum
902 579 1016 635 sive
1048 585 1525 641 monasteriorum.
1568 587 1611 640 E
1645 604 1877 658 quorum
1920 589 2223 644 incredibili

646 680 900 736 numero,
936 679 997 726 ut
1024 673 1206 728 audivi
1232 691 1263 731 a
1288 678 1523 746 quodam
1553 694 1703 747 sene,
1731 681 1825 751 qui
1854 697 1913 736 se
1933 681 2081 735 idixit
2117 698 2222 736 nu-

643 756 834 815 tritum
866 761 1039 819 fuisse
1071 765 1129 820 in
1169 769 1356 822 eadem
1382 769 1617 838 civitate,
1649 772 1839 844 viginti
1870 773 2220 843 possidentur

638 868 670 906 a
696 855 1220 927 sanctimonialibns,
1269 863 1628 934 quadraginta
1657 881 1687 919 a
1724 867 2028 933 monachis,
2059 882 2216 921 sexa-

635 944 784 1014 ginta
814 962 845 1001 a
880 950 1176 1016 canonicis,
1209 953 1448 1022 exceptis
1481 955 1566 1011 his
1599 972 1720 1026 quae
1747 965 1900 1013 extra
1937 958 2212 1013 civitatem

633 1044 782 1103 sunt,
799 1046 852 1093 et
871 1040 994 1095 aliis
1013 1041 1256 1098 ecclesiis
1280 1043 1393 1100 sive
1414 1047 1636 1115 capellis
1657 1064 1780 1118 qua:
1799 1049 1855 1103 in
1876 1047 2022 1104 Urbe
2044 1050 2213 1105 abun-

636 1125 789 1182 dant.
817 1129 930 1200 Age
971 1131 1106 1202 jam,
1151 1133 1339 1202 frater,
1369 1137 1464 1207 qui
1496 1140 1857 1208 stomacharis
1889 1149 2077 1197 contra
2115 1157 2210 1198 eos

629 1218 722 1287 qui
745 1219 934 1277 dicunt
956 1221 1184 1279 Romam
1211 1242 1395 1283 rerum
1420 1230 1736 1286 maximam.
1765 1232 2012 1300 Attende,
2039 1234 2084 1289 si
2105 1250 2207 1305 po-

625 1318 727 1377 tes,
767 1327 890 1382 quae
916 1313 1153 1386 dignitas
1196 1317 1275 1372 illi
1309 1321 1589 1390 acciderit,
1632 1340 1698 1379 ex
1734 1325 1821 1380 die
1847 1342 1955 1396 qua
1989 1325 2203 1396 Petrus,

622 1412 776 1458 extra
802 1417 1012 1476 portam
1044 1409 1280 1468 civitatis
1307 1412 1588 1484 Romanae,
1619 1417 1755 1473 vidit
1794 1418 1897 1473 sibi
1922 1418 2204 1477 Christum

619 1507 927 1565 occurrere,
974 1499 1066 1554 ubi
1113 1511 1166 1557 ct
1208 1502 1458 1561 adoravit
1489 1523 1638 1575 eum,
1675 1509 1900 1566 dicens:
1950 1510 2199 1570 Domine,

616 1599 727 1654 quo
749 1587 935 1644 vadis?
957 1588 1023 1645 Et
1043 1591 1178 1648 dixit
1198 1592 1462 1652 Dominus
1491 1615 1504 1652 :
1539 1596 1710 1654 Venio
1738 1598 1967 1655 Romam
1997 1602 2192 1658 iterum
2225 1647 2267 1702 Β

616 1676 854 1702 θυι-ιηζηηξ
904 1677 927 1702 ι
954 1682 1187 1702 Α----ειι-
1234 1701 1254 1702 η
1303 1682 1351 1702 9n
1533 1688 1547 1702 ιι
1574 1689 1584 1700 ο
1746 1689 1794 1702 on
2039 1692 2092 1702 η.
2148 1694 2160 1702 .

613 1676 877 1748 cruciﬁgi.
904 1677 1083 1736 Locus
1104 1682 1194 1738 ille
1224 1682 1464 1754 quidem,
1495 1688 1589 1742 ubi
1613 1689 1905 1747 cruciﬁxus
1930 1704 2012 1747 est
2033 1692 2193 1748 Chri-

610 1775 732 1822 stus
762 1767 818 1822 in
852 1767 1033 1840 Petro,
1065 1773 1178 1830 sive
1213 1774 1408 1834 Petrus
1433 1795 1533 1849 pro
1571 1779 1809 1850 Christo,
1836 1800 1936 1839 nec
1959 1801 2068 1840 non
2098 1786 2191 1841 ubi

608 1854 814 1916 Paulus
839 1861 1138 1923 decollatus
1159 1877 1242 1924 est
1262 1885 1361 1940 pro
1389 1870 1578 1942 Capite
1613 1890 1847 1944 summo,
1885 1878 2082 1949 dignus
2104 1889 2188 1936 est

607 1951 896 2023 omnigena
923 1960 1294 2029 veneratione,
1325 1964 1428 2021 sub
1451 1965 1598 2022 illius
1627 1967 1875 2025 videlicet
1897 1970 2186 2029 dilectione

603 2043 698 2111 qui
734 2045 800 2100 ad
838 2047 1067 2106 salutem
1103 2052 1340 2112 ﬁdelium
1387 2067 1534 2114 tanta
1573 2061 1752 2116 sanxit
1792 2061 2051 2120 ineffabili
2083 2081 2182 2125 sua

603 2134 972 2195 miseratione.
1001 2140 1141 2208 Quid
1170 2146 1370 2201 mirum
1399 2148 1564 2220 igitur
1586 2151 1632 2206 si
1662 2153 1754 2208 illa
1780 2155 1972 2211 civitas
1994 2173 2179 2214 rerum

599 2228 836 2285 maxima
867 2231 1096 2302 dicatur,
1125 2253 1290 2307 quam
1328 2240 1443 2310 ipse
1481 2259 1665 2299 rerum
1689 2243 1953 2302 Conditor
1976 2249 2053 2305 ita
2089 2251 2176 2306 di-

596 2327 792 2386 gnatus
815 2332 896 2378 cst
918 2324 1136 2383 visitare
1158 2337 1218 2384 ut
1240 2333 1486 2388 membra
1519 2350 1619 2390 sua
1647 2339 1920 2410 praecipua
1950 2335 2041 2396 ibi
2063 2343 2175 2400 cla-

594 2407 808 2468 riﬁcare
830 2416 989 2473 vellet
1011 2419 1404 2490 gloriosissima
1427 2407 1710 2494 passione!

2947 311 2988 368 C
2992 310 3163 365 allecti
3170 310 3293 365 tius.

2403 423 2422 456 ι
2451 403 2569 462 Mos
2591 412 2677 461 est
2701 420 2871 462 sacrm
2901 405 3196 476 Scriptura:
3221 414 3280 460 ut
3302 421 3396 476 per
3427 407 3709 464 schemata
3734 420 3785 465 et
3805 427 3887 482 per

2325 495 2533 564 species
2569 496 2752 551 varias
2795 496 3008 551 ordinet
3032 495 3347 551 sententias.
3380 493 3584 551 Harum
3620 514 3732 554 una
3765 501 3886 556 dici-

2322 591 2412 637 tur
2454 585 2794 654 metaphora,
2845 584 2899 638 id
2951 593 3054 651 est,
3109 583 3543 652 trausformatio,
3589 601 3690 656 per
3734 604 3884 658 quam

2321 688 2506 730 sermo
2527 675 2748 731 divinus
2771 677 2902 731 dicit
2940 675 3239 731 Draconem
3268 676 3535 732 edendum
3562 679 3630 733 ab
3655 681 3883 734 homini-

2318 760 2442 830 bus,
2477 763 2574 818 sed
2605 765 2722 820 hac
2742 764 3003 820 comestio
3033 764 3172 819 nihil
3205 765 3351 819 aliud
3382 766 3703 837 intelligitur
3730 785 3881 839 quam

2316 855 2718 910 consummatio
2762 863 2816 910 ct
2867 856 3185 910 annullatio.
3243 854 3395 911 Sicut
3440 857 3586 911 enim
3634 851 3792 914 cibus
3836 868 3882 913 et

2311 957 2441 998 esca
2477 941 2730 999 dentibus
2770 945 2991 1000 molitur
3024 952 3081 1001 et
3119 945 3330 1015 teritur,
3361 955 3415 1002 et
3457 948 3532 1002 ita
3570 948 3625 1002 in
3657 950 3880 1005 nihilum

2310 1033 2595 1106 redigitur,
2623 1036 2703 1091 sic
2730 1053 2945 1108 quoque
2978 1037 3172 1106 Draco,
3210 1039 3262 1093 id
3291 1049 3375 1094 est
3407 1039 3738 1108 diabolicus,
3773 1046 3878 1098 vir-

2308 1131 2423 1178 tute
2463 1123 2666 1180 Christi
2720 1127 3005 1195 contritus,
3059 1128 3130 1183 ab
3171 1127 3427 1186 Ecclesiis
3473 1131 3591 1200 ejus
3637 1141 3879 1202 potenter

2307 1216 2566 1285 calcatur,
2602 1219 2717 1275 sive
2754 1221 3085 1290 annullatur,
3111 1230 3174 1280 ut
3198 1223 3312 1294 ipse
3344 1222 3591 1282 Salvator
3616 1227 3688 1281 ad
3717 1229 3877 1284 disci-

2304 1307 2463 1376 pulos
2495 1325 2625 1365 suos
2665 1311 2722 1366 in
2757 1311 3050 1384 Evangelia
3084 1328 3186 1369 suo
3226 1315 3302 1369 ait
3334 1334 3346 1370 :
3394 1314 3532 1371 Ecce
3559 1317 3688 1371 dedi
3730 1319 3874 1375 vobis

2303 1406 2626 1466 potestatem
2660 1402 2905 1457 calcandi
2944 1419 3109 1474 super
3139 1414 3417 1474 serpentes
3453 1415 3506 1461 et
3537 1409 3874 1479 scorpiones,

2302 1494 2358 1541 et
2378 1502 2542 1559 super
2563 1503 2780 1546 omnem
2800 1491 3054 1547 virtutem
3080 1493 3286 1548 inimici
3315 1494 3481 1567 (181).
3517 1513 3537 1548 ι

2892 1578 3272 1639 Ammonicius.

2370 1683 2392 1720 ε
2419 1664 2613 1724 Grates
2639 1667 2771 1737 Deo,
2795 1670 2922 1740 quia
2963 1671 3323 1742 morigeratus
3344 1688 3403 1729 es
3431 1675 3694 1730 inﬁrmati
3723 1693 3867 1744 meae,

2291 1755 2408 1810 sive
2429 1758 2744 1814 necessitati
2772 1759 3042 1828 fraternae,
3072 1763 3237 1817 etiam
3270 1763 3325 1817 in
3348 1764 3578 1834 hujusce
3607 1770 3866 1836 quaestio.

2287 1845 2373 1902 nis
2395 1848 2755 1906 absolutione.
2781 1851 3071 1908 Enimvero
3087 1853 3203 1923 jam
3226 1861 3439 1925 tempus
3459 1866 3513 1911 et
3539 1859 3683 1912 ratio
3707 1861 3867 1930 exigit

2286 1945 2366 2003 ut,
2391 1939 2477 1994 his
2501 1941 2559 1995 in
2581 1957 2822 2013 congruo
2844 1945 2964 2000 loco
2979 1944 3242 2012 dimissis,
3270 1947 3462 2004 redeas
3483 1949 3550 2003 ad
3577 1951 3864 2009 historiam

2283 2025 2594 2100 Raznuoldi,
2640 2034 2937 2090 venerandi
2987 2035 3200 2092 abbatis
3240 2053 3304 2092 ac
3343 2039 3720 2096 amantissimi
3759 2040 3866 2097 Pa-

2280 2119 2400 2174 tris.
2425 2137 2443 2172 ι

2892 2214 3245 2276 Collectitius.

2351 2318 2369 2351 ι
2397 2297 2528 2356 Post
2549 2302 2986 2375 quinquennium
3012 2324 3233 2379 quoque
3260 2310 3558 2381 imperialis
3578 2315 3766 2372 exitus
3791 2317 3858 2373 de

2272 2389 2489 2447 civitate
2541 2392 3000 2466 lliatospolitana',
3049 2399 3209 2469 cujus
3250 2415 3352 2457 nos
3396 2401 3587 2458 incolae
3628 2420 3853 2474 sumus,

670 2519 690 2552 ‹
719 2501 860 2560 Ecce
906 2523 1028 2577 nos,
1073 2513 1169 2582 qui
1213 2531 1384 2571 unum
1439 2528 1731 2590 martyrem
1786 2521 2168 2583 beatissimum

588 2591 796 2651 scilicet
823 2594 1305 2674 Emmerammum,
1335 2606 1446 2664 Deo
1467 2608 1724 2680 donante,
1747 2622 2034 2682 patronum
2065 2618 2166 2673 ha-

588 2681 802 2755 bemus,
827 2703 928 2758 pro
949 2696 1213 2753 memoria
1233 2708 1549 2755 sanctorum
1570 2703 1934 2772 jocundamus
1957 2719 2010 2764 et
2029 2727 2164 2782 gau-

587 2771 799 2844 demus,
829 2791 1034 2847 quanto
1061 2785 1234 2856 magis
1275 2787 1351 2843 illi
1386 2805 1526 2860 quos
1565 2771 1730 2860 Deus,
1767 2797 1860 2865 qui
1895 2771 2056 2855 dives
2078 2810 2163 2856 est

585 2861 642 2916 in
669 2879 860 2924 omnes
885 2870 1052 2943 (176),
1075 2875 1266 2932 ditavit
1293 2883 1614 2951 corporibus
1640 2894 1718 2942 tot
1739 2861 2059 2962 martyrum,
2082 2902 2156 2960 et,

580 2962 642 3009 ut
667 2955 742 3011 ita
765 2957 966 3030 dicam,
991 2966 1403 3034 pretiosissimis
1423 2980 1477 3027 et
1499 2974 1819 3033 clarissimis
1840 2981 2158 3052 pignoribus
2185 2984 2239 3058 α’

551 3063 554 3066 η
580 3043 880 3102 ccelorum?
905 3048 1043 3116 Quid
1074 3055 1278 3112 multa?
1302 3058 1412 3116 Deo
1436 3064 1658 3134 gratias,
1685 3069 1813 3137 quia
1838 3043 2032 3144 cecidit
2055 3074 2156 3131 Ba-

575 3132 739 3204 bylon
769 3137 913 3212 (177)
940 3142 995 3199 in
1031 3143 1222 3204 Roma.
1255 3148 1314 3206 In
1335 3132 1456 3223 qua
1469 3157 1572 3212 sub
1601 3132 1944 3220 confessione
1971 3168 2152 3224 nomi-

575 3225 662 3281 nis
693 3226 894 3287 Christi
939 3244 1096 3304 gente
1138 3252 1391 3312 surgente
1428 3250 1659 3317 novella,
1693 3268 1857 3323 super
1888 3256 2150 3317 immuta-

571 3316 723 3376 tione
745 3322 831 3377 sui
867 3327 1063 3396 oppido
1093 3329 1310 3402 mirata,
1343 3337 1476 3394 dicit
1508 3357 1630 3397 cum
1666 3316 1957 3404 Psalmista
1983 3370 1994 3404 :
2024 3353 2150 3410 Haec

569 3418 653 3511 cst
675 3416 904 3470 mutatio
920 3419 1152 3479 dexterae
1175 3425 1384 3486 Excelsi
1405 3431 1573 3502 (178).
1598 3435 1750 3493 Hanc
1768 3441 2036 3511 siquidem
2060 3461 2149 3500 ur-

571 3497 693 3555 bem
729 3507 886 3574 quasi
910 3508 1184 3571 intuentes
1210 3497 1450 3591 undique
1476 3497 1713 3585 collecta:
1737 3497 1986 3600 plurima:
2011 3554 2144 3608 gen-

567 3595 670 3685 tes,
716 3607 1006 3654 assumunt
1047 3604 1210 3659 verba
1255 3619 1424 3666 sacra:
1479 3595 1774 3685 Scriptura:
1817 3632 1870 3676 et
1911 3595 2138 3683 dicunt:

564 3677 924 3782 omnipotens
966 3690 1160 3762 Roma,
1198 3699 1430 3768 gloriosa
1465 3677 1618 3761 dicta.
1645 3720 1770 3766 sunt
1804 3711 1872 3768 de
1907 3724 1978 3781 te,
2011 3720 2139 3788 quia

565 3770 760 3831 civitas
799 3777 894 3834 Dei
925 3782 1071 3855 (179)
1096 3803 1156 3842 es
1180 3787 1341 3845 iacta.
1370 3791 1472 3849 Per
1497 3796 1676 3868 Caput
1699 3805 1944 3859 omnium

566 3876 711 3931 rum,
755 3869 900 3937 quod
943 3883 1026 3928 est
1055 3874 1325 3948 Christus,
1354 3884 1448 3952 qui
1479 3898 1669 3957 regnat
1707 3891 1761 3945 in
1803 3910 1999 3964 aevum,
2035 3901 2136 3955 sub

555 3957 924 4049 apostolorum
948 3965 1332 4033 praedicatione
1353 3989 1417 4028 ac
1436 3987 1737 4049 martyrum
1758 3987 2135 4046 testiﬁcatione

555 4037 612 4092 in
651 4049 705 4097 te
733 4047 1011 4106 confracta
1058 4065 1188 4110 sunt
1231 4061 1407 4128 capita
1440 4062 1723 4127 Draconis.
1756 4081 1808 4125 et
1851 4084 1934 4130 est
1971 4078 2133 4134 datus

552 4140 937 4238 c‘sca.populis
1000 4147 1213 4215 multis,
1266 4151 1422 4220 juxta
1474 4157 1620 4225 quod
1672 4158 2130 4238 Psalmographus

551 4219 842 4282 Dominum
889 4229 1117 4291 laudans
1152 4237 1209 4293 in
1259 4242 1490 4298 consilio
1536 4256 1849 4308 sanctorum
1893 4219 2010 4313 ait:
2045 4258 2126 4316 Tu

547 4311 863 4423 cor'n‘reg‘isti
893 4325 1073 4393 capita
1104 4327 1388 4404 Draconis;
1431 4337 1628 4396 dedisti
1652 4358 1779 4400 eum
1809 4361 1990 4405 escam
2020 4367 2123 4423 po-
2149 4342 2201 4402 D

542 4398 688 4469 pulis
717 4403 1035 4480 fEthiopum
1060 4415 1226 4490 (l80).
1253 4440 1274 4472 ›

1135 4507 1515 4574 Ammonicius.

2269 2482 2528 2554 languore
2575 2487 2834 2543 diuturno
2885 2487 2946 2544 Β.
3003 2490 3172 2547 abbas
3231 2490 3590 2561 Ramuoldus,
3642 2498 3851 2553 viribus

2267 2573 2512 2642 corporis
2540 2576 2705 2644 ccepit
2738 2577 2980 2645 destitui,
3013 2578 3328 2647 spiritaliter
3350 2580 3594 2651 gaudens
3620 2583 3847 2640 interio—

2265 2677 2380 2716 rem
2405 2662 2678 2720 hominem
2700 2682 2797 2736 per
2820 2667 2961 2722 hanc
2990 2669 3358 2724 inﬁrmitatem
3381 2671 3619 2737 institui,
3653 2690 3847 2730 secun-

2265 2751 2394 2808 dum
2425 2754 2748 2824 Apostolnm
2793 2760 3043 2816 videlicet
3078 2761 3386 2818 dicentem:
3424 2763 3656 2830 Quando
3690 2768 3842 2823 inﬁr-

2262 2859 2400 2911 mor,
2435 2854 2565 2903 tunc
2587 2847 2779 2905 fortior
2811 2867 2933 2906 sum
2967 2863 3021 2908 et
3051 2863 3244 2923 potens
3269 2854 3437 2927 (l82).
3468 2855 3583 2913 Hac
3619 2859 3840 2929 quidem

2261 2935 2441 2992 carnis
2461 2937 2775 2996 inﬁrmitate
2797 2943 3092 3012 perductus
3115 2955 3199 3002 est
3223 2949 3290 3003 ad
3320 2951 3680 3008 novissimam
3703 2971 3842 3024 pra:-

2258 3027 2430 3083 sentis
2458 3029 2583 3084 vitae
2605 3031 2801 3088 lucem.
2825 3033 2942 3101 Qua
2963 3036 3050 3092 die
3070 3040 3394 3096 venerabilis
3412 3042 3597 3110 heros,
3620 3046 3835 3116 erigens

2254 3131 2314 3172 se
2334 3117 2400 3172 de
2422 3119 2616 3176 lectulo
2641 3138 2802 3193 quem
2827 3127 2940 3196 jam
2969 3144 3064 3198 per
3088 3131 3375 3187 continuos
3415 3138 3832 3204 quatuordecim

2253 3206 2368 3262 dies
2400 3225 2512 3278 pra:
2550 3214 2856 3270 valetudine
2904 3233 3013 3273 non
3059 3229 3271 3289 poterat
3315 3222 3594 3294 deserere,
3645 3230 3830 3286 tunica

2251 3301 2427 3354 sancti
2459 3304 2722 3372 propositi
2759 3307 3011 3376 amictus,
3043 3319 3096 3365 et
3135 3326 3232 3381 per
3257 3313 3552 3382 spiritalem
3597 3320 3828 3375 medici-

2248 3401 2397 3454 nam,
2442 3389 2833 3464 aliquantisper
2869 3395 2935 3451 de
2975 3396 3124 3454 febre
3170 3402 3460 3470 relevatus,
3505 3408 3694 3463 orario
3733 3426 3824 3464 ac—

2247 3486 2401 3547 cepto
2422 3489 2476 3534 et
2503 3483 2718 3552 agmine
2751 3484 2982 3542 fratrum
3019 3489 3262 3558 collecto,
3295 3494 3496 3549 resedit
3527 3496 3584 3550 in
3619 3501 3823 3568 medio,

2245 3583 2320 3623 ac'
2341 3573 2544 3639 potenti
2573 3589 2823 3631 sermone
2848 3595 2983 3635 usus
3011 3589 3096 3635 est
3119 3582 3175 3635 in
3207 3583 3352 3638 hunc
3374 3586 3600 3642 modum
3630 3609 3643 3644 :
3677 3590 3822 3648 Deus

2242 3658 2402 3715 Pater
2427 3678 2623 3734 magna
2659 3665 2946 3724 dilectione
2989 3680 3152 3742 atque
3181 3689 3377 3744 magno
3404 3679 3640 3734 consilio
3671 3684 3821 3739 misit

2243 3748 2591 3822 Unigenitum
2635 3772 2798 3812 suum
2839 3761 2905 3814 ad
2948 3762 3357 3820 salvtﬁcandum
3401 3784 3573 3837 genus
3623 3773 3819 3829 huma-

2239 3857 2390 3897 num.
2429 3843 2580 3900 Unde
2613 3856 2667 3901 et
2710 3865 2806 3918 per
2849 3849 3172 3921 Prophetam
3232 3860 3413 3927 magni
3452 3865 3671 3918 consilii
3711 3868 3818 3920 An-

2236 3933 2388 4001 gelus
2412 3935 2556 4005 (185)
2579 3947 2662 3993 est
2687 3943 3130 4008 praenominatus.
3157 3945 3280 4014 Qui,
3307 3966 3429 4004 cum
3453 3967 3549 4020 per
3569 3954 3812 4011 divinam

2233 4025 2532 4091 potentiam
2562 4044 2662 4084 nos
2702 4042 2888 4100 posset
2919 4035 3129 4104 eripere
3171 4037 3236 4091 de
3270 4048 3537 4108 potestate
3583 4044 3807 4112 diaboli,

2233 4117 2406 4172 noluit
2436 4134 2498 4173 ea
2539 4136 2635 4190 per
2664 4124 2872 4178 nudum
2905 4126 2987 4180 uti
3027 4127 3094 4181 ad
3127 4127 3550 4200 redemptionem
3591 4139 3809 4204 generis

2231 4206 2486 4276 humani,
2548 4213 2619 4266 ob
2672 4213 2978 4286 justitiam,
3039 4219 3246 4274 scilicet
3299 4232 3499 4278 sancta:
3551 4225 3804 4283 Trinitati

2227 4307 2465 4361 maxime
2507 4311 2810 4381 propriam;
2846 4315 2940 4369 sed
2985 4316 3243 4372 ineﬁ‘abili
3281 4335 3379 4374 sua
3427 4323 3802 4382 misericordia

2227 4396 2524 4466 hominem,
2555 4416 2717 4470 quem
2747 4420 2871 4459 cum
2911 4407 3090 4466 anima
3120 4411 3355 4480 suscepit
3385 4412 3706 4472 incarnatus
3734 4417 3802 4472 de

2227 4484 2466 4557 Virgine,
2503 4491 2698 4547 obtulit
2725 4493 2890 4563 Patri,
2933 4513 3230 4567 suspensus
3264 4501 3318 4554 in
3351 4518 3530 4571 cruce,
3565 4505 3677 4562 Deo
3713 4526 3802 4564 re-

619 4600 636 4634 ι
667 4581 808 4650 Quia
837 4591 973 4648 mihi
1008 4597 1112 4653 sub
1152 4615 1385 4670 persona
1431 4611 1834 4676 concionatoris
1858 4624 2116 4691 qumstio-
2221 4580 2814 4691 summidum
2838 4678 2849 4689 .
2877 4603 2973 4691 pe.”
3030 4603 3439 4691 sachSanfium.
3471 4599 3795 4666 sangumem

535 4685 661 4726 nem
702 4683 970 4751 moventi,
1014 4686 1287 4749 luculente
1331 4699 1543 4757 ratione
1585 4707 1928 4780 satisfecisti,
1966 4731 2111 4772 nunc

532 4773 704 4876 restat
725 4779 790 4871 ut
831 4777 1133 4834 secundum
1160 4799 1359 4843 nomen
1399 4798 1576 4860 tuum,
1609 4811 1643 4851 ο
1672 4773 1961 4871 Collectiti,
1990 4822 2112 4876 qua:

527 4864 655 4959 post
684 4858 815 4916 hinc
848 4866 1148 4938 colligenda
1183 4874 1310 4944 sint,
1337 4858 1623 4951 diligenter
1670 4858 2106 4959 subscriba’ntur:

525 5039 566 5054 ἣ

2220 4683 2402 4736 suum,
2449 4672 2594 4729 hunc
2625 4677 2788 4732 etiam
2836 4678 2892 4733 in
2933 4680 3106 4735 forma
3152 4683 3474 4740 humilitatis
3511 4703 3797 4758 opponens

2216 4759 2362 4814 hosti
2392 4763 2634 4832 antiquo,
2665 4783 2825 4835 quem
2875 4770 2963 4825 ille
2995 4787 3052 4826 se
3072 4772 3313 4841 jactabat
3347 4791 3660 4846 superasse,
3692 4799 3793 4837 ne-~

2213 4852 2482 4919 quissimo
2524 4858 2791 4925 superbire
2836 4860 3146 4917 homicidio.
3195 4864 3448 4921 Christus
3494 4872 3696 4924 ctenim
3735 4873 3793 4926 in

527 4941 749 5009 minus
792 4958 938 5014 enim
979 4941 1304 5035 legentium'
1437 4941 1465 4986 ἵ
1719 4941 2106 5012 .⁷““,““ἶ“⁷“““”
2210 4941 2359 5011 ligno
2390 4946 2592 5012 crucis,
2626 4963 2800 5016 usque
2834 4950 2901 5003 ad
2943 4962 3171 5008 mortem
3204 4953 3381 5010 factus
3411 4967 3497 5012 est
3526 4960 3791 5040 obedicns

532 5039 538 5040 γ
1318 4983 1495 5040 ροεοιῑ
1535 4994 1732 5040 θιβοηι
1775 4988 2105 5040 versrculum
2280 5035 2290 5040 -
2458 5035 2468 5040 -
2507 5035 2539 5040 _
2640 5037 2649 5040 _

1318 4983 1495 5040 poscit
1535 4983 1732 5048 exponi
1775 4984 2105 5042 versiculum
2210 4983 2358 5011 ”⁰’“’
2390 4983 2592 5012 “”““’⁰’
2627 4983 2800 5016 "ww
2834 4983 2901 5003 au
2943 4983 3171 5008 "Imm"
3205 4983 3330 5010 me"

2507 5035 2547 5054 η
2587 5037 2650 5054 ,.
2829 5041 2840 5051 .
2993 5043 3006 5054 .
3311 5046 3330 5054 -

2376 5035 2468 5054 ι,.⁶
2507 5035 2547 5054 τὶ
