4018 6418
172 336 318 401 1055

848 335 938 399 DE
971 334 1349 393 MIRACULIS
1386 335 1446 392 S.
1485 332 1910 392 EMMERAMMI
1942 333 2126 392 LIBRI
2163 330 2323 393 DUO.
2361 364 2435 377 —
2471 335 2601 393 LIB.
2640 336 2705 393 ll.

3300 338 3444 398 1051

169 448 572 538 redemptionis
597 448 898 520 elegantem
932 452 1324 509 continentiam
1353 468 1569 509 summa
1596 452 1757 509 devo—
1779 456 1833 518 Α
1859 468 2012 524 spem
2052 467 2209 509 suam
2236 466 2448 523 ponens
2473 452 2812 521 ﬁrmissime,
2834 450 3099 538 praecepit
3143 451 3217 510 ibi
3243 452 3443 512 missas

171 543 325 599 tione
363 541 594 614 diligite,
633 543 941 612 sectamini,
983 553 1181 601 amate.
1218 543 1477 600 Sanctam
1517 543 1757 600 Trinita-

168 642 308 702 tem,
333 649 459 706 quae
477 648 580 690 nos
600 633 844 690 condidit
859 636 929 691 ad
950 637 1243 709 imaginem
1266 645 1322 693 et
1342 636 1757 693 similitudinem

172 743 356 794 suam,
390 728 687 799 intellectu,
719 731 983 787 memeria
1022 740 1078 787 et
1116 731 1416 799 voluntate,
1453 731 1758 803 diligentis-

166 820 315 875 sima
348 820 561 881 timoris
589 829 644 876 et
668 822 875 879 amoris
906 824 1258 880 veneratione
1290 824 1526 880 laudate.
1563 824 1759 880 {Emu-

168 909 366 971 lamini
401 909 568 981 igitur
612 920 795 969 mente
830 913 1046 983 devota,
1081 915 1383 971 secundum
1416 914 1755 985 Apostolum,

170 1001 384 1071 majora
442 998 775 1060 charismata
830 1004 1012 1077 (184),
1042 1014 1113 1071 et
1161 1007 1295 1062 illud
1348 1004 1756 1064 Salomonicum

168 1094 502 1151 cordetenus
536 1096 847 1160 ruminate;
882 1095 1054 1157 Deum
1074 1097 1227 1165 time,
1255 1104 1310 1152 et
1335 1097 1594 1157 mandata
1638 1098 1758 1170 ejus

170 1185 445 1253 observa;
478 1186 583 1250 hoc
619 1195 705 1247 est
741 1188 920 1244 omnis
952 1189 1118 1243 homo
1157 1188 1329 1260 (185).
1361 1188 1443 1244 En
1471 1204 1573 1262 ego
1599 1197 1758 1245 aetate

169 1274 502 1346 decrepitus,
538 1276 594 1330 in
621 1276 727 1331 ﬁde
762 1293 981 1357 quoque
1009 1278 1332 1355 catholicus,
1368 1287 1424 1333 et
1465 1288 1526 1335 ut
1564 1261 1756 1335 verum

169 1363 367 1432 fatear,
398 1364 456 1419 in
489 1366 690 1423 virtute
719 1384 843 1439 qua:
881 1369 1013 1424 huic
1048 1369 1175 1424 ﬁdei
1211 1370 1560 1440 suppeditare
1599 1371 1759 1427 debet

170 1459 541 1530 permodicus,
569 1462 658 1517 die
677 1462 982 1518 vocationis
1020 1461 1277 1531 instante,
1302 1465 1448 1519 viam
1481 1464 1758 1535 ingredior

171 1550 445 1608 universae
472 1553 675 1622 carnis,
723 1565 954 1625 sperans
989 1569 1078 1609 me
1112 1562 1405 1615 venturum
1450 1554 1520 1609 ad
1561 1554 1757 1624 gaudia

162 1645 365 1719 patriai
390 1645 628 1702 etelestis
656 1661 751 1717 per
774 1661 902 1707 eum
936 1647 1033 1717 qui
1052 1657 1136 1703 est
1164 1646 1453 1703 Liberator
1487 1646 1757 1704 mirabilis

169 1735 229 1790 in
251 1737 695 1794 miserationibus
721 1738 838 1794 suis
859 1739 1065 1796 multis.
1096 1738 1205 1795 Vos
1227 1747 1413 1795 autem
1447 1739 1505 1795 in
1533 1739 1757 1798 Christo

168 1829 382 1886 viscera
402 1847 522 1887 mea
558 1831 706 1887 hunc
732 1831 953 1890 Patrem
997 1832 1223 1905 diligite,
1266 1833 1424 1904 cujus
1458 1835 1757 1905 paternitas

164 1920 227 1983 in
269 1937 498 1987 numero
538 1924 780 1983 ﬁliorum
814 1923 911 1981 Dei
953 1941 1081 1982 cum
1122 1926 1443 1996 corporibus
1486 1928 1759 1987 collocare

167 2019 352 2082 potest
390 2012 606 2070 animas
628 2022 862 2071 vestras.
896 2013 965 2079 Et
1000 2015 1106 2071 hoc
1142 2015 1301 2072 vobis
1338 2014 1651 2077 futurorum
1678 2018 1758 2075 si-

162 2115 339 2179 gnum
380 2116 548 2171 quam
584 2102 857 2173 prolatum
888 2117 984 2174 per
1023 2118 1113 2158 me
1150 2102 1475 2177 indignum:
1526 2104 1657 2175 quia
1698 2105 1758 2160 in

156 2188 290 2253 loco
314 2189 422 2245 isto
448 2190 621 2246 multa
641 2191 862 2262 passuri
884 2179 1018 2248 estis
1046 2192 1273 2250 adversa
1303 2201 1429 2264 post
1448 2192 1757 2253 discessum

162 2295 376 2348 meum,
410 2280 613 2351 quibus
654 2281 711 2337 in
740 2290 956 2341 tantum
994 2283 1453 2341 exacerbabimini
1491 2292 1553 2339 ut
1591 2284 1757 2340 etiam

158 2372 292 2429 loco
321 2372 513 2433 cedere
536 2375 960 2445 compellamini.
987 2374 1192 2432 Verum
1228 2384 1395 2431 tantae
1418 2377 1756 2447 tempestatis

161 2464 468 2525 commotio
511 2465 621 2523 cito
650 2467 931 2523 sedabitur
959 2468 1144 2525 divino
1186 2467 1402 2523 solatio.
1435 2466 1591 2523 Unde
1619 2483 1755 2524 con-

162 2556 354 2612 silium
390 2556 461 2616 do
494 2565 561 2619 Aut
589 2560 970 2637 unusquisque
1004 2569 1247 2627 vestrum
1279 2559 1501 2616 festinet
1529 2561 1640 2616 huc
1666 2575 1755 2616 re-

158 2649 306 2704 verti
349 2648 408 2704 in
439 2648 799 2721 professionis
841 2653 1046 2721 locum,
1078 2653 1171 2708 ubi
1198 2653 1420 2710 dcsidtto
1463 2652 1652 2707 audiat
1677 2651 1756 2714 vel

161 2740 318 2814 (186)
348 2751 599 2820 exerceat
634 2744 979 2801 harmoniam
1015 2745 1386 2821 spiritualium
1428 2758 1646 2800 vocum.
1678 2742 1757 2799 De

160 2840 366 2889 caetero
388 2847 522 2888 vero
551 2831 610 2888 in
639 2836 746 2891 hoc
773 2850 921 2890 nunc
943 2835 1353 2890 conclusionem
1377 2832 1633 2889 fraterna:
1658 2834 1755 2897 ad-

154 2925 489 2985 monitionis
534 2926 702 2983 finem
750 2926 914 2997 facio,
960 2943 1070 2999 quo
1113 2927 1190 2982 ita
1235 2926 1589 2982 calliditatem
1633 2940 1754 2982 ser-

152 3019 366 3095 pentis,
401 3034 526 3091 quae
550 3020 733 3074 minor
755 3028 840 3076 est
866 3020 1009 3075 inter
1028 3020 1280 3086 virtutes,
1312 3018 1513 3073 habere
1537 3018 1754 3073 studea-

154 3110 239 3167 tis
253 3150 270 3178 ,
293 3124 364 3164 ne
381 3124 604 3164 auream
627 3109 991 3167 humilitatem
1013 3110 1341 3165 columbinte
1364 3107 1750 3178 simplicitatis,

156 3218 289 3275 qua
315 3201 494 3274 major
518 3211 623 3269 est,
653 3218 752 3273 per
790 3203 1122 3258 incautclam
1161 3201 1445 3257 amittatis.
1486 3200 1596 3256 Sed
1632 3217 1753 3258 om—
1779 3181 1824 3244 (ἶ

158 3292 406 3349 nimodis
442 3293 549 3349 hoc
574 3293 873 3349 assumatis
905 3294 1053 3364 quod
1086 3292 1340 3349 Christus
1373 3293 1432 3347 in
1460 3292 1755 3363 Evangelia

158 3399 269 3441 suo
303 3384 586 3456 discipulis
628 3387 906 3458 praecepit,
952 3389 1182 3443 dicens:
1224 3386 1413 3442 Estote
1460 3387 1755 3458 prudentes

158 3477 311 3532 sicut
354 3485 637 3548 serpentes
673 3485 729 3532 et
768 3478 1044 3548 simplices
1092 3479 1237 3534 sicut
1269 3478 1537 3533 columbae
1580 3471 1750 3549 (187).

160 3566 307 3622 Tum
354 3583 569 3624 summa
610 3568 919 3627 humilitate
961 3569 1104 3624 inter
1146 3569 1399 3627 abbatem
1442 3577 1499 3625 et
1532 3568 1752 3637 fratres,

157 3659 375 3714 alterna
404 3658 549 3717 facta
575 3659 926 3717 confessione
943 3677 1047 3717 nec
1082 3676 1194 3716 non
1223 3677 1254 3717 e
1276 3663 1430 3739 caelis
1457 3662 1626 3734 petita
1656 3680 1755 3720 seu

157 3749 465 3820 imprecata
512 3754 925 3823 pernecessaria
975 3763 1328 3829 peccatorum
1380 3756 1750 3827 indulgentia,

158 3841 376 3899 intimis
415 3843 576 3914 quasi
609 3845 812 3902 ctelum
844 3857 1076 3920 tangens
1110 3847 1385 3919 suspiriis,
1427 3838 1754 3909 venerabilis

157 3931 352 4001 heros,
389 3934 625 4005 primum
669 3952 888 3996 summo
911 3937 1127 3993 Pastori
1162 3942 1509 3997 commendat
1535 3958 1753 4013 gregem

159 4020 272 4076 sibi
300 4023 677 4093 commissum,
723 4025 848 4082 dein
883 4026 1167 4096 fratribus,
1194 4030 1307 4101 jam
1340 4048 1451 4101 prae
1491 4032 1752 4105 lacrymis

152 4126 232 4175 ac
276 4112 604 4184 singultibus
637 4115 730 4171 vix
772 4116 876 4172 fari
916 4119 1253 4189 valentibus,
1283 4123 1615 4193 valedicens,
1635 4127 1749 4181 ait:

157 4202 344 4269 Abite,
376 4201 575 4262 fratres
601 4206 933 4276 charissimi,
963 4218 1018 4265 et
1051 4222 1353 4282 praeparate
1374 4229 1473 4271 vos
1508 4216 1572 4271 ad
1605 4201 1751 4273 cele-

158 4291 437 4350 brandum
463 4296 709 4352 divinum
730 4298 991 4368 oﬂicium,
1014 4310 1177 4373 atque
1200 4319 1415 4360 summa
1436 4304 1753 4367 festinantia

148 4387 479 4443 concurrite
523 4389 594 4444 ad
642 4391 1025 4460 complendum
1079 4409 1147 4448 ex
1180 4411 1332 4451 more
1365 4398 1612 4454 ordinem
1660 4416 1752 4455 sa-

1857 542 2142 611 celebrari,
2176 550 2230 597 et
2269 540 2567 597 Dominica:
2602 533 2877 612 passionis
2910 545 3231 597 memoriam
3259 541 3442 598 inten-

1859 634 2069 689 tissime
2090 634 2197 705 agi.
2226 632 2347 700 Qua
2372 641 2593 704 peracta
2618 649 2745 688 cum
2773 642 2998 689 ventum
3024 642 3170 690 esset
3203 634 3272 690 ad
3293 649 3446 690 com-

1858 726 2196 794 munionem,
2228 726 2346 796 ipse
2370 726 2457 782 vir
2486 725 2583 782 Dei
2610 734 2672 782 ut
2712 725 2922 796 accepit
2949 725 3200 796 corporis
3232 734 3288 780 et
3323 741 3448 782 san~

1858 818 2042 890 guinis
2066 817 2338 877 Dominici
2372 817 2785 885 eucharistiam,
2817 832 2947 872 mox
2971 816 3038 871 ad
3061 825 3320 871 mternam
3348 831 3446 886 pa-

1858 907 2021 963 triam
2064 923 2133 964 ex
2180 908 2457 978 ergastulo
2504 907 2690 965 carnis
2736 907 2920 963 emisit
2966 907 3227 973 animam,
3265 906 3342 960 ita
3389 905 3446 960 in

1858 1012 2034 1069 agone
2056 997 2358 1053 novissimo
2383 1013 2580 1054 manus
2605 1006 2855 1054 extentas
2880 998 3038 1070 juxta
3064 1004 3229 1068 caput
3257 1003 3448 1053 tenens

1858 1097 1920 1145 ut
1956 1097 2081 1145 ante
2121 1090 2180 1143 in
2224 1089 2475 1145 oratione
2518 1088 2698 1144 facere
2732 1090 2961 1145 solebat.
3011 1088 3168 1144 Tunc
3203 1086 3447 1159 religiosi

1859 1180 2124 1249 seniores,
2159 1179 2531 1248 Gotahardus,
2560 1180 2768 1235 scilicet
2808 1181 2979 1236 abbas
3007 1176 3450 1234 monasterii’Al—

1859 1273 2123 1339 tabensis,
2157 1280 2323 1342 atque
2350 1272 2676 1342 Adalpertus
2702 1271 2863 1327 Pater
2883 1271 3122 1327 ctenobii
3149 1269 3446 1338 Sewensis,

1859 1378 1985 1419 cum
2023 1361 2286 1419 fratribus
2315 1362 2528 1419 caeteris
2559 1370 2930 1431 accurrentes,
2962 1361 3184 1433 Deoque
3214 1360 3449 1432 hymnos

1859 1470 1925 1511 ac
1958 1456 2149 1512 laudes
2177 1457 2371 1511 devota
2401 1466 2582 1512 mente
2618 1457 2908 1524 solventes,
2940 1455 3194 1529 spiritum
3223 1454 3298 1525 pii
3338 1453 3448 1509 Pa-

1858 1547 1959 1607 tris
1981 1564 2107 1604 cum
2132 1549 2473 1604 orationibus
2497 1549 2882 1605 commendare
2907 1547 3225 1619 satagebant
3257 1544 3450 1601 Omni-

1858 1641 2096 1711 potentis
2129 1642 2319 1712 gratiae
2351 1641 2820 1696 miserationibus.
2854 1639 3066 1709 Quibus
3097 1639 3200 1693 rite
3239 1637 3446 1692 ollieio—

1859 1748 2028 1807 seque
2063 1732 2255 1799 finitis,
2282 1732 2339 1786 hi
2361 1747 2596 1803 quorum
2634 1732 2799 1787 corda
2827 1746 2941 1803 pra:
2969 1729 3180 1785 caeteris
3221 1727 3449 1784 visitare

1789 1812 1831 1872 Β
1856 1822 2078 1894 dignata
2104 1832 2191 1879 est
2223 1823 2512 1894 inspiratio
2538 1823 2722 1879 divina
2761 1837 2954 1878 vocem
2997 1836 3123 1879 cum
3152 1819 3256 1877 fide
3286 1818 3449 1874 attol-

1854 1916 2028 1993 lentes
2062 1916 2360 1972 dixerunt:
2392 1916 2645 1985 Domine,
2691 1915 2772 1970 uti
2823 1929 3132 1987 speramus,
3173 1913 3278 1969 iste
3317 1919 3448 1967 tuus

1813 2004 1817 2007 “
1855 2009 2022 2065 homo
2044 2008 2193 2064 haud
2220 2008 2592 2080 nequidquam
2607 2009 2659 2064 in
2679 2007 2935 2079 praesenti
2963 2006 3165 2063 saeculo
3184 2018 3448 2063 consum-

1855 2101 2026 2156 mavit
2062 2110 2143 2157 tot
2193 2116 2371 2158 annos
2399 2101 2526 2155 vita:
2568 2116 2682 2156 suae
2722 2113 3037 2167 concessos,
3079 2112 3242 2171 quem
3288 2095 3451 2151 hodie

1850 2194 2231 2259 centenarium
2274 2209 2372 2267 per
2401 2193 2748 2249 vocationem
2785 2201 2937 2249 tuam
2970 2191 3148 2263 magis
3179 2191 3451 2246 miramur

1855 2303 2021 2361 quam
2056 2288 2307 2343 dolemus
2332 2286 2400 2343 de
2426 2287 2607 2344 medio
2634 2299 2969 2359 exemptum.

1868 2364 1873 2367 ’
1933 2398 1952 2432 ι
1997 2378 2158 2437 Certe
2191 2380 2279 2435 lex
2314 2394 2674 2435 numerorum
2698 2377 3070 2435 calculatoriae
3094 2376 3232 2434 artis
3257 2387 3452 2434 monet

1853 2471 2115 2541 peritum,
2140 2486 2255 2542 quo
2283 2485 2382 2545 per
2408 2471 2768 2527 tricenarium
2805 2485 3098 2526 numerum
3140 2469 3197 2524 in
3226 2469 3451 2526 sinistra

1855 2579 2023 2618 manu
2049 2573 2320 2634 proponat
2342 2562 2600 2634 legitimae
2620 2563 2829 2618 licitum
2848 2561 3154 2634 jugalitatis
3175 2561 3447 2617 osculum.

1856 2653 1996 2717 Dein
2021 2656 2269 2728 suggerit
2294 2663 2355 2711 ut
2401 2656 2589 2711 eadem
2622 2656 2677 2709 in
2715 2655 2847 2709 lana
2897 2671 2995 2726 per
3032 2653 3451 2725 sexagenarium

1856 2758 2103 2804 assumat
2130 2749 2337 2803 claram
2365 2746 2647 2802 viduitatis
2674 2761 3009 2816 pressuram.
3045 2743 3230 2800 Tertio
3278 2743 3449 2814 exigit

1855 2848 2128 2915 quatenus
2153 2840 2454 2895 centenarii
2483 2838 2895 2895 conclusionem
2919 2837 3034 2893 sive
3056 2834 3452 2907 perfectionem

1855 2947 2130 3004 quaerens,
2160 2940 2409 2988 transeat
2443 2933 2498 2985 in
2534 2932 2835 2997 dexteram,
2859 2939 2913 2985 et
2940 2929 3015 2984 ibi
3056 2929 3246 3000 pingat
3289 2942 3452 2982 coro-

1833 3040 2006 3092 nam,
2032 3040 2157 3095 quae
2185 3024 2459 3097 significat
2486 3023 2926 3079 inaestimabilem
2974 3019 3306 3092 virginitatis
3333 3019 3453 3090 glo-

1854 3117 1996 3172 riam
2051 3132 2118 3172 ac
2166 3117 2411 3171 lauream
2461 3115 2617 3187 regni
2664 3113 2907 3170 cmlcstis
2956 3101 3238 3168 aeternam.
3274 3109 3453 3182 Ilujus

1856 3224 2078 3281 quoque
2100 3209 2317 3264 numeri
2354 3222 2706 3280 nequaquam
2733 3207 2931 3277 dignus
2971 3213 3057 3260 est
3093 3203 3452 3271 sublimitate,

1857 3301 1953 3372 qui
2005 3300 2319 3356 confoditur
2367 3299 2734 3354 Salomonica:
2795 3296 3124 3352 invectionis
3162 3294 3455 3367 diligenter

1855 3392 2220 3449 examinanda
2265 3391 2587 3459 subtilitate,
2633 3405 2758 3462 qua:
2802 3390 3033 3446 stultum
3078 3388 3158 3444 sic
3205 3389 3451 3458 denotat,

1857 3485 2088 3540 dicens:
2131 3483 2454 3539 Maledictus
2506 3498 2644 3554 puer
2698 3492 2921 3537 centum
2971 3493 3245 3537 annorum
3277 3479 3448 3551 (189).

1856 3574 2015 3643 Quod
2054 3575 2385 3635 omnimodis
2433 3589 2637 3632 cavens
2678 3574 2769 3629 hic
2808 3582 2938 3628 tuus
2985 3574 3239 3641 dilectus,
3291 3572 3453 3643 cujus

1855 3669 2244 3739 corpusculum
2269 3668 2387 3739 jam
2413 3666 2737 3723 defunctum
2764 3666 3191 3723 circumstantes
3219 3664 3450 3721 funeriis

1855 3760 2140 3830 obsequiis
2188 3775 2577 3830 procuramus,
2623 3760 2882 3815 omnibus
2934 3758 3132 3814 diebus
3181 3757 3307 3813 vitae
3336 3772 3452 3813 suae

1854 3851 1912 3908 in
1938 3853 2155 3906 illorum
2180 3867 2413 3907 numero
2433 3851 2703 3922 gestiebat
2732 3851 2966 3907 inveniri
2996 3866 3137 3922 quos
3160 3850 3453 3920 consignat

1854 3940 1947 3997 ille
1993 3942 2221 4011 insignis
2272 3941 2421 4012 (190)
2454 3941 2537 3996 tui
2583 3957 2781 3997 versus
2825 3939 3239 4012 l’salmograpbi
3265 3957 3278 3991 :
3309 3939 3450 3992 Cum

1855 4044 2048 4090 sancto
2078 4042 2303 4089 sanctus
2324 4033 2455 4100 eris,
2483 4041 2684 4088 etcum
2707 4033 2882 4088 electo
2902 4032 3109 4087 electus
3143 4029 3254 4085 eris
3273 4029 3446 4102 (191).

1853 4123 2013 4181 Unde
2057 4123 2222 4180 sicuti
2268 4123 2503 4180 credunt
2538 4124 2614 4178 tui
2643 4123 2855 4190 fideles,
2885 4138 2917 4178 a
2950 4133 3021 4189 te,
3051 4120 3147 4192 qui
3182 4120 3336 4175 dives
3386 4133 3449 4174 es

1854 4219 1912 4273 in
1938 4233 2153 4286 omnes,
2205 4234 2306 4289 pro
2337 4217 2653 4272 centenaria
2699 4216 3033 4287 perfectione
3060 4215 3175 4286 jam
3208 4213 3448 4268 donatus

1852 4320 1938 4367 est
1960 4310 2106 4382 apud
2135 4321 2187 4367 te
2218 4311 2432 4366 cmlcsti
2462 4309 2861 4366 benedictione.
2890 4307 3050 4363 Libet
3074 4322 3206 4378 ergo
3233 4313 3452 4360 nosmet

1854 4404 2103 4461 servulos
2138 4413 2284 4472 tuos,
2337 4403 2670 4475 oppetitione
2720 4401 2930 4458 recenti
2959 4401 3126 4472 hujus
3156 4397 3329 4455 nostri
3360 4412 3448 4452 se-

159 4492 354 4546 crum;
390 4487 446 4534 et
469 4479 577 4535 hoc
607 4480 859 4536 ultimum
897 4483 1047 4539 senis
1088 4487 1406 4543 memoriale
1449 4504 1549 4557 pro
1586 4490 1753 4546 bene—
1782 4520 1828 4580 ι)
1855 4496 2029 4551 nioris
2074 4496 2257 4552 dilecti
2299 4497 2550 4551 luctuose
2599 4503 3002 4559 consternatos,
3047 4493 3102 4547 in
3155 4491 3231 4546 tui
3269 4488 3448 4545 sancti

157 4569 402 4627 dictione
426 4572 680 4629 habetote
706 4593 719 4629 :
744 4574 803 4631 In
825 4577 1046 4633 nomine
1069 4577 1308 4647 Domini,
1332 4581 1481 4637 salus
1502 4584 1749 4640 omnium

156 4662 360 4718 nostri.
385 4661 633 4734 Cumque
655 4680 847 4722 omnes
873 4669 1242 4723 communiter
1262 4671 1525 4738 dicerent,
1555 4672 1747 4742 Amen,

156 4762 330 4825 atque
358 4756 571 4812 exirent
595 4759 800 4827 mmsti,
829 4774 860 4814 a
887 4768 1076 4814 sancto
1096 4757 1310 4832 Spiritu
1346 4779 1461 4816 vere
1484 4763 1631 4836 (188)
1654 4781 1751 4835 pa-

154 4846 370 4903 racleto
391 4849 674 4919 quaesituri
697 4852 962 4920 solamen,
991 4851 1074 4907 vir
1094 4852 1189 4908 Dei
1211 4869 1311 4924 per
1334 4854 1586 4925 spiritum
1610 4873 1751 4927 prte-

154 4939 404 4999 sentiens
428 4941 667 4997 animam
696 4943 763 4998 de
788 4958 1016 5015 corpore
1041 4946 1290 5002 celeriter
1312 4947 1557 5016 dissolvi,
1580 4949 1748 5021 jussit

154 5043 221 5085 se
244 5029 317 5083 ab
340 5030 425 5086 his
451 5032 546 5115 qui
574 5032 803 5090 aderant
824 5035 879 5088 in
908 5037 1211 5093 oratorium
1246 5039 1395 5095 cellae
1424 5055 1538 5096 suae
1558 5043 1745 5112 proxi-

153 5134 316 5173 mum
345 5122 577 5190 portari,
600 5130 656 5179 et
676 5124 818 5180 inter
834 5125 943 5180 duo
967 5127 1161 5182 altaria
1181 5129 1407 5199 deponi;
1441 5116 1742 5191 conversus

153 5207 383 5278 quidem
404 5220 569 5280 caput
591 5212 660 5268 ad
680 5228 832 5269 aram
855 5216 1030 5271 sancti
1053 5215 1231 5274 Patris
1255 5218 1550 5291 Benedicti,
1575 5225 1742 5294 pedes

153 5315 293 5356 vero
333 5302 402 5357 ad
443 5304 615 5359 altare
656 5307 833 5361 sancti
877 5305 1075 5363 Kiliani
1116 5312 1375 5382 martyris
1416 5312 1642 5370 Christi.
1678 5314 1739 5372 In
1816 5376 1819 5379 ,

150 5389 323 5460 cujus
362 5393 602 5462 nomine,
652 5404 839 5467 utpote
885 5398 940 5453 in
997 5401 1245 5458 omnium
1293 5403 1486 5461 salutis
1533 5406 1739 5476 omine,

228 5553 378 5623 (184)
419 5554 450 5609 1
481 5554 604 5613 Cor.
638 5575 735 5616 xu.

424 5625 602 5711 ιῐιξιειεἱ
627 5646 724 5685 xu.

326 5700 380 5759 b)
418 5696 538 5752 Aha
570 5701 724 5756 Inter:

262 5694 380 5765 186)
418 5696 538 5752 Alia
570 5701 765 5758 littera.

224 5764 381 5837 (187)
420 5767 614 5826 Matth.
649 5788 701 5826 ιι.

1855 4587 2099 4643 nominis
2145 4586 2498 4642 confessione
2534 4587 2739 4657 pariter
2778 4594 2833 4640 ct
2862 4584 3237 4639 consolatione
3262 4581 3332 4635 ob
3358 4580 3446 4633 in-

1852 4679 2191 4745 ﬁrmitatem,
2204 4678 2457 4734 videlicet
2472 4679 2728 4732 humana:
2742 4675 3052 4747 fragilitatis
3072 4670 3444 4739 relevandam,

1853 4777 2258 4850 aliquantulum
2291 4775 2657 4845 requiescere,
2681 4768 3121 4827 et'nihilominus
3149 4767 3204 4820 in
3232 4763 3447 4819 fervore

1850 4870 2033 4926 laudis
2088 4870 2247 4923 almae
2293 4865 2580 4921 Trinitatis
2619 4862 2895 4918 hominem
2938 4857 3266 4916 exteriorem
3315 4870 3444 4910 cum

1854 4962 2117 5018 interiore
2173 4957 2493 5031 hujusmodi
2544 4956 2729 5013 verbis
2781 4953 3211 5010 exercitamento
3267 4947 3447 5020 plactt

1853 5056 2256 5111 concalescere.
2317 5051 2501 5107 Gloria
2562 5049 2685 5117 tibi,
2721 5047 2992 5115 Trinitas,
3053 5043 3284 5116 aequalis
3334 5056 3443 5095 una

1850 5142 2059 5211 Deitas,
2111 5153 2166 5201 et
2211 5152 2339 5199 ante
2368 5140 2556 5198 omnia
2597 5139 2827 5208 saecula,
2864 5146 2919 5193 et
2957 5152 3106 5192 nunc
3144 5141 3199 5189 et
3241 5144 3440 5202 perpe-

1852 5241 2032 5290 tuum.
2081 5253 2101 5287 ι

2447 5321 2837 5378 Ammonicius.

1926 5437 1946 5472 ι
1991 5417 2186 5472 Amen.
2211 5415 2353 5471 Ecce
2373 5425 2589 5471 constat
2605 5412 2897 5471 manifeste
2928 5391 3105 5467 virum
3137 5406 3234 5465 Dei
3261 5418 3442 5462 exem-

1952 5577 2070 5647 I88)
2105 5576 2227 5647 Alia
2256 5576 2456 5631 littera.

1950 5648 2070 5718 189)
2112 5646 2228 5718 Isa.
2267 5663 2393 5718 ιλιι.

1922 5717 2072 5789 (190)
2108 5717 2247 5789 ᾼΙίειᾲ
2264 5717 2461 5772 littera.

1924 5786 2072 5859 (191)
2113 5786 2267 5843 Psal.
2314 5803 2443 5845 xvn.
