4104 5260
609 286 753 349 1055
1599 277 1907 340 ARNOLDI
1944 276 2213 341 EMMEIU

2316 277 2547 337 tIENSlS
2583 273 2893 338 MONACHI
2969 307 2978 319 ι
3733 270 3900 331 1056

605 408 699 480 pio
749 404 1022 476 majorum
1079 401 1250 459 vitam
1303 397 1602 456 virtutibus
1653 397 1914 454 refertam
1970 395 2030 454 in
2088 397 2196 453 hoo
2220 397 2270 458 Α
2295 409 2464 465 gnore
2507 393 2838 451 charissimo
2862 388 3046 462 elegit,
3076 397 3132 446 et
3174 387 3534 445 nihilominus
3575 395 3772 459 postea
3833 388 3902 446 in

609 479 812 556 saeculo
840 497 1089 562 duxisse,
1119 511 1285 566 quem
1314 504 1426 550 tam
1453 502 1777 549 veneranter
1806 491 2034 562 contigit
2055 490 2198 546 inter
2297 484 2540 541 fascibus
2585 483 2918 541 constitutus
2935 481 3110 554 regni,
3153 479 3404 537 eamdem
3433 494 3647 549 semper
3685 491 3905 535 secum

610 591 872 648 mortales
897 588 1111 646 coicu'm
1143 583 1375 659 [χοῖκὸν]
1407 584 1645 639 exuisse.
1673 581 1814 638 Hinc
1863 582 2029 637 etiam
2065 595 2197 637 con-
2296 574 2447 631 velut
2468 573 2684 647 insigne
2711 571 2977 644 triumphi
3006 570 3308 627 reservavit
3329 569 3445 625 sive
3470 569 3718 626 retinuit.
3767 587 3796 624 ι

605 682 913 755 jiciendum
945 680 1162 735 aestimo
1205 677 1335 748 quia
1385 677 1453 742 is,
1483 674 1632 745 quod
1673 673 1960 744 gloriolam
2011 671 2198 727 saeculi

610 765 704 831 hic
744 774 1003 841 vivendo,
1041 773 1097 827 in
1126 780 1393 842 quantum
1431 769 1628 839 potuit,
1660 767 1936 822 declinare
1965 765 2194 832 curavit,

612 866 920 933 moriendo,
949 882 1047 921 seu
1069 864 1350 919 hominem
1387 859 1640 916 exuendo
1671 859 1849 930 (192),
1882 858 2014 915 illud
2055 873 2201 912 sem-

613 974 710 1028 per
750 957 1026 1012 manentis
1063 953 1247 1024 gloriae
1303 950 1547 1004 introivit
1599 948 1858 1019 gaudium
1895 947 2198 1012 inetl‘abile,

613 1047 761 1118 quod
789 1045 1090 1102 secundum
1117 1043 1437 1114 Apostolum
1464 1061 1476 1094 :
1507 1040 1616 1095 Nec
1662 1040 1814 1094 auris
1841 1039 2070 1104 audivit,
2100 1053 2201 1093 nec

618 1140 673 1194 in
699 1156 791 1193 cor
827 1137 1067 1192 hominis
1095 1135 1364 1199 ascendit,
1398 1149 1521 1202 qua:
1563 1131 1886 1202 praaparavit
1933 1129 2200 1184 Dominus

617 1230 705 1284 his
731 1229 826 1298 qui
863 1227 1098 1298 diligunt
1129 1225 1280 1278 illum
1324 1224 1493 1293 (195).
1539 1223 1640 1276 Cui
1670 1223 1922 1275 maxima:
1951 1220 2203 1276 consola-

617 1321 784 1374 tionis
835 1317 1071 1372 evidcnti
1123 1315 1439 1371 testimonio
1491 1313 1784 1369 concordat
1817 1311 1986 1366 David
2028 1311 2203 1366 ﬁdelis

617 1411 808 1466 dicens
840 1409 1074 1464 Domino
1101 1428 1114 1463 :
1147 1408 1322 1474 Quam
1347 1423 1542 1477 magna
1566 1403 1859 1459 multitudo
1898 1402 2203 1458 dulcedinis

616 1511 748 1568 tum,
777 1501 1027 1567 Domine,
1055 1517 1221 1571 quam
1245 1497 1582 1554 abscondisti
1608 1496 1931 1552 timentibus
1953 1505 2004 1548 te
2033 1493 2200 1563 (HM).

619 1594 690 1650 Et
717 1603 842 1664 post
867 1609 1075 1664 pauca:
1104 1590 1422 1646 Abscondes
1462 1605 1558 1644 eos
1587 1589 1641 1642 in
1683 1585 2006 1641 abscondito
2047 1584 2206 1639 faciei

619 1695 730 1742 tua:
751 1702 784 1742 a
819 1685 1238 1741 conturbatione
1261 1683 1545 1737 hominum
1574 1679 1742 1747 (195).
1795 1677 1947 1732 Unde
1973 1686 2025 1732 et
2055 1686 2133 1742 tu,
2172 1691 2206 1730 o

621 1775 920 1844 Collectiti,
948 1786 1228 1847 protectus
1269 1791 1300 1828 a
1345 1772 1777 1828 contradictione
1812 1770 2124 1840 linguarum
2153 1768 2209 1822 in

622 1869 981 1926 tabernaculo
1004 1867 1240 1932 Domini,
1262 1881 1428 1937 perge
1456 1864 1601 1920 viam
1631 1863 1860 1934 regiam,
1891 1870 1952 1916 ut
1973 1860 2207 1930 cmpisti,

624 1959 1032 2030 perscripturus
1061 1956 1428 2012 clarissimam
1456 1953 1626 2008 vitam
1647 1951 1887 2007 hominis
1918 1950 2036 2006 Dei.
2085 1969 2106 2002 ι

1247 2047 1602 2103 Collectitius.

707 2162 727 2196 ι
767 2139 975 2209 Placet,
1026 2139 1238 2207 fateor,
1294 2156 1327 2196 ο
1387 2138 1717 2205 Ammouici,
1766 2137 1896 2208 quia
1951 2153 2040 2192 me
2092 2143 2214 2206 post

628 2246 859 2291 mortem
913 2234 1154 2290 hominis
1195 2233 1291 2288 Dei
1333 2232 1502 2288 vitam
1528 2231 1677 2286 illius
1719 2229 2070 2300 praescribere
2115 2228 2213 2282 ad-

629 2326 892 2382 hortaris.
923 2325 1036 2381 Hoc
1083 2327 1231 2381 enim
1277 2325 1507 2380 ﬁrmiter
1550 2333 1698 2379 tenet
1727 2323 1872 2388 Lex,
1916 2323 2120 2392 pariter
2160 2330 2216 2376 et

627 2435 756 2490 spes
800 2420 925 2475 ﬁdei
971 2418 1318 2487 Christianae,
1349 2417 1496 2488 quod
1544 2416 1753 2482 sancti,
1779 2415 1986 2471 scilicet
2034 2413 2210 2481 electi,

627 2527 754 2566 cum
784 2511 1075 2566 carnaliter
1111 2509 1310 2565 mortui
1358 2509 1564 2564 fuerint
1595 2507 1821 2574 mundo,
1845 2521 1974 2562 vere
2011 2521 2076 2560 ac
2102 2505 2216 2574 spi-

627 2603 900 2665 ritualiter
926 2603 1192 2671 incipiant
1224 2603 1408 2657 vivere
1450 2601 1581 2656 Deo.
1622 2599 1778 2654 Unde
1819 2608 1874 2654 et
1924 2598 1993 2652 ad
2023 2612 2214 2652 eorum

633 2701 848 2750 mortua
879 2707 1006 2746 ossa
1047 2692 1400 2746 crebrescunt
1423 2690 1709 2757 miracula,
1740 2704 1841 2744 nec
1891 2703 2000 2742 non
2052 2689 2216 2742 innu-

631 2800 785 2845 mera
840 2783 1164 2838 mortalibus
1200 2799 1296 2854 per
1339 2785 1584 2854 ipsorum
1634 2782 1754 2852 pias
1791 2780 2216 2836 intercessiones

634 2882 964 2950 praestantur
1020 2874 1306 2929 beneﬁcia.
1354 2873 1560 2928 Horum
1618 2888 1836 2942 quoque
1889 2871 2214 2940 commoda,

638 2981 806 3036 quam
829 2966 1132 3025 Inculcater
1179 2966 1247 3020 ad
1293 2966 1538 3020 tumbam
1566 2965 1729 3020 istius
1759 2962 2116 3030 confessoris,
2149 2963 2217 3018 de

2899 675 3284 729 Ammonicius.

2375 787 2394 821 ι
2440 765 2596 824 Haud
2653 767 2860 838 absque
2929 767 3294 823 admiratione
3361 765 3630 822 sciscitari
3689 776 3907 838 potero

2301 872 2484 918 utrum
2515 862 2632 916 haec
2655 876 2722 916 ex
2747 871 3016 931 praecepto
3043 869 3096 915 et
3133 860 3414 914 voluntate
3459 860 3564 914 viri
3593 859 3692 916 Dei
3741 860 3904 916 facta

2301 955 2448 1020 sint,
2497 969 2566 1008 an
2616 969 2751 1008 casu
2788 954 2863 1008 ita
2886 953 3248 1024 contigerunt.
3300 951 3434 1007 Nam
3493 969 3621 1008 raro
3677 953 3902 1011 factum

2302 1045 2486 1100 audivi
2511 1053 2568 1098 ut
2587 1045 2713 1114 quis
2736 1045 3029 1114 sepulturae
3049 1043 3288 1098 traditus
3306 1044 3361 1098 in
3385 1060 3512 1100 arca
3537 1044 3905 1100 clauderetur

2304 1137 2443 1192 seris
2480 1135 2712 1190 munita.
2761 1153 2781 1188 ι

2911 1225 3266 1283 Collectitius.

2381 1337 2400 1369 ι
2442 1316 2562 1373 Νοη
2591 1327 2675 1374 est
2703 1319 2904 1375 mirum
2927 1319 2978 1373 si
3001 1321 3163 1374 homo
3189 1320 3417 1389 simplex
3447 1335 3612 1390 super
3635 1319 3904 1390 hujusce-

2305 1409 2453 1464 modi
2479 1410 2680 1465 reculis
2707 1410 2959 1477 miretur,
3002 1427 3127 1466 cum
3160 1411 3330 1466 David
3372 1427 3468 1466 rex
3517 1421 3570 1466 et
3599 1413 3902 1482 pr0pheta,

2306 1502 2395 1556 cui
2424 1502 2708 1571 sapientiae
2757 1503 2972 1558 occulta
3021 1514 3150 1558 sunt
3204 1503 3469 1559 divinitus
3513 1504 3898 1572 manifestata,

2309 1609 2472 1662 super
2513 1594 2712 1649 virtute
2742 1605 3212 1650 sacramentorum
3251 1595 3559 1650 cmlestium
3598 1595 3903 1653 miraretur

2309 1685 2502 1741 dicens
2528 1703 2542 1742 :
2575 1685 2842 1742 Mirabilis
2875 1686 3019 1742 Deus
3050 1689 3104 1741 in
3129 1687 3336 1742 sanctis
3362 1687 3502 1753 suis,
3530 1685 3679 1742 Deus
3702 1687 3901 1755 Israel,

2311 1779 2428 1848 ipse
2456 1777 2610 1832 dabit
2651 1779 2910 1834 virtutem
2937 1778 3108 1850 (197).
3147 1779 3320 1848 Cujus
3346 1778 3638 1849 pcrvalidaa
3678 1794 3903 1834 summo

2311 1870 2549 1925 donante
2591 1871 2866 1941 particeps
2903 1869 3084 1925 factus
3113 1870 3316 1924 beatus
3344 1869 3504 1924 Pater
3550 1869 3902 1925 Ramuoldus

2311 1964 2369 2018 in
2444 1962 2781 2017 ﬁrmitudine
2847 1962 2974 2018 ﬁdei
3045 1963 3330 2018 catholica:
3355 2004 3370 2028 ,
3431 1962 3614 2017 sciens
3677 1962 3904 2017 Petram

2312 2053 2626 2120 Christum,
2664 2054 2931 2109 mundum
2986 2055 3230 2109 salvasse
3283 2070 3383 2124 per
3428 2053 3660 2124 lignum,
3713 2069 3908 2109 sarco-

2311 2147 2490 2218 phago
2525 2145 2741 2216 lapideo
2765 2147 2931 2216 jussit
2981 2146 3238 2201 arcellare
3284 2145 3364 2199 vel
3404 2146 3700 2215 sepulcrale
3751 2144 3903 2215 (I98)

2315 2239 2581 2294 scrinium
2632 2239 2855 2294 immitti
2910 2239 3184 2311 ligneum,
3214 2239 3284 2294 ob
3329 2238 3650 2293 memoriam
3699 2238 3907 2308 quippe

2313 2330 2590 2400 passionis
2613 2328 2912 2384 Dominicaa
2931 2331 3081 2384 corio
3103 2329 3412 2384 rubicundo
3433 2329 3725 2394 vestitum;
3754 2326 3908 2397 quod

2314 2431 2438 2492 post
2466 2421 2712 2476 defuncti
2744 2421 3091 2476 condendum
3136 2422 3438 2491 susciperet
3483 2420 3916 2490 corpusculum,

2314 2531 2379 2571 ea
2403 2515 2653 2570 videlicet
2679 2531 2774 2586 spe
2801 2524 2862 2570 ut
2890 2532 3054 2586 quem
3088 2516 3224 2585 ipse,
3241 2513 3371 2568 dum
3394 2515 3448 2566 in
3471 2515 3722 2582 prazsenti
3754 2512 3904 2582 (I99)

2315 2607 2546 2671 vixerat,
2575 2604 2643 2660 de
2667 2605 2862 2660 eodem
2888 2606 3093 2660 scrinio
3116 2605 3170 2658 in
3211 2619 3514 2674 pauperum
3552 2619 3715 2674 grege
3761 2618 3902 2672 quo-

2315 2697 2449 2752 tidie
2469 2697 2678 2752 solebat
2697 2713 2921 2766 pascere
2951 2706 3112 2766 atque
3134 2697 3354 2762 vestire,
3381 2712 3488 2750 non
3511 2694 3905 2765 dedignaretur

2317 2805 2377 2845 se
2426 2790 2483 2844 in
2525 2805 2755 2844 numero
2800 2790 3098 2845 electorum
3147 2789 3507 2859 omnipotenti
3548 2805 3650 2842 sua
3679 2789 3906 2843 miseri-

2317 2880 2504 2936 cordia
2543 2880 2876 2936 resuscitare
2901 2890 2954 2936 et
3005 2881 3062 2935 in
3103 2881 3228 2936 sinu
3281 2890 3502 2935 aeternae
3537 2879 3904 2933 beatitudinis

2317 2973 2604 3028 collocare.
2640 2971 2738 3028 His
2763 2989 2894 3044 ergo
2922 2973 3176 3043 pauculis
3198 2972 3402 3038 verbis,
3434 2988 3466 3026 o
3496 2971 3831 3036 Ammonici,
3859 2969 3906 3025 si

633 3072 747 3127 QUO
768 3057 929 3120 nobis
959 3066 1054 3118 est
1079 3073 1282 3124 sermO,
1322 3073 1352 3113 e
1381 3057 1536 3112 callis
1575 3057 1888 3111 ministrata
1933 3055 2062 3122 Sint.
2094 3064 2218 3125 post
2244 3079 2286 3136 α
2318 3065 2543 3120 minime
2593 3065 2936 3121 satisfactum
2989 3082 3113 3119 esse
3157 3064 3444 3119 arbitraris
3498 3071 3604 3118 tum
3655 3063 3903 3118 admira-

632 3163 806 3224 pauca
828 3149 1067 3206 breviter
1104 3149 1340 3216 edicam,
1383 3164 1494 3218 quo
1523 3148 1705 3204 minus
1733 3147 1992 3218 protelem
2025 3146 2210 3202 chari-

631 3248 803 3300 tatem
845 3239 1173 3310 fraternam,
1204 3239 1273 3294 ad
1298 3239 1415 3294 ha:c
1465 3239 1534 3295 ad
1571 3239 1678 3293 alia
1708 3238 2059 3308 percipienda
2102 3251 2212 3292 non

633 3332 851 3393 modice
885 3331 1127 3394 avidam.
1173 3331 1468 3388 Enimvero
1500 3329 1645 3385 fama
1694 3330 1987 3385 evolitante
2034 3330 2215 3384 virum

633 3423 732 3483 Dei
762 3423 1078 3500 oppetiisse,
1109 3439 1176 3482 ex
1198 3422 1469 3481 industria
1497 3422 1810 3478 credentem
1852 3421 1997 3492 apud
2044 3421 2216 3476 Deum

632 3517 785 3575 illum
813 3515 1057 3580 vixisse,
1113 3515 1170 3568 in
1218 3513 1272 3568 id
1323 3523 1445 3572 rata
1483 3514 1814 3570 ministratio
1860 3529 2046 3568 rerum
2092 3528 2220 3582 pro-

631 3607 799 3668 cessit
828 3615 888 3661 ut
915 3606 1017 3661 sub
1047 3603 1418 3674 festinatione,
1448 3605 1517 3660 ad
1541 3605 1836 3678 exsequias
1881 3604 2018 3658 tanti
2038 3602 2220 3660 Patris

633 3707 1053 3756 concurreretur
1104 3713 1135 3752 a
1191 3698 1418 3764 multis,
1473 3714 1600 3755 cum
1658 3711 1875 3752 summa
1932 3695 2222 3750 devotione

633 3789 838 3846 cordis.
868 3788 1014 3844 Inter
1035 3804 1174 3864 quos
1203 3797 1320 3845 erat
1353 3786 1625 3844 Henricus
1654 3789 1886 3860 hypatos
1927 3796 2059 3843 tunc
2085 3787 2222 3843 forte

632 3880 1004 3956 principatum
1033 3891 1224 3936 tenens
1250 3896 1418 3952 super
1441 3881 1673 3952 p0pulos
1701 3878 1931 3936 Noricos
1956 3887 2010 3933 et
2025 3877 2223 3934 Karin—

635 3972 785 4028 thios
815 3973 986 4044 (I96),
1012 3981 1135 4042 post
1159 3987 1363 4046 paucos
1389 3987 1519 4027 vero
1540 3986 1717 4027 annos
1745 3987 1841 4025 rex
1869 3969 2088 4026 futurus
2112 3983 2222 4023 non

637 4065 818 4122 solum
845 4064 1151 4120 Germaniae
1196 4064 1312 4119 sive
1354 4062 1561 4129 Galliae,
1604 4061 1700 4118 sed
1729 4063 1897 4118 etiam
1927 4061 2223 4134 imperator

638 4155 809 4210 totius
833 4154 1021 4221 Italiae,
1059 4165 1224 4229 atque
1274 4156 1556 4225 Augustus
1602 4153 1788 4210 Caesar
1816 4154 2056 4208 civitatis
2107 4151 2220 4207 Ro-

637 4260 838 4309 mamn.
861 4244 933 4311 Is,
958 4256 1240 4316 assumpto
1263 4261 1451 4302 secum
1473 4244 1800 4301 Cobebardo
1824 4245 2102 4314 episcopo,
2125 4243 2220 4314 qui

642 4344 802 4392 antea
830 4346 1020 4392 sancto
1043 4338 1160 4392 viro
1189 4355 1254 4393 ex
1280 4345 1434 4413 parte
1455 4337 1768 4392 contrarius
1795 4336 1920 4402 fuit,
1959 4336 2054 4391 sed
2105 4345 2220 4391 tum

2313 3155 2451 3209 tioni
2507 3155 2676 3209 simul
2703 3163 2757 3210 et
2791 3155 3172 3221 sciscitationi,
3203 3169 3445 3220 recurre,
3489 3169 3700 3224 quaeso,
3749 3153 3818 3207 ad
3851 3152 3905 3206 id

2315 3245 2462 3316 quod
2520 3245 2804 3315 Scriptura
2875 3246 3054 3302 dicit:
3115 3245 3259 3300 Nihil
3321 3246 3376 3299 in
3435 3244 3598 3299 terris
3661 3245 3725 3299 ﬁt
3787 3245 3908 3300 sine

2317 3351 2486 3390 causa
2519 3335 2691 3406 (200).
2717 3334 2875 3401 Quod
2904 3337 2960 3390 in
2984 3344 3299 3391 sanctorum
3345 3334 3512 3404 gestis
3554 3332 3908 3402 potissimum

2319 3426 2480 3483 debet
2504 3428 2705 3493 notari,
2736 3435 2790 3482 et
2814 3426 3102 3482 verissime
3122 3433 3303 3496 potest
3332 3424 3569 3495 probari.
3589 3421 3730 3477 Nam
3761 3418 3910 3490 quod

2320 3519 2680 3576 beatissimus
2701 3520 2872 3574 abbas
2895 3518 3232 3573 Ramuoldus
3257 3517 3324 3572 ad
3353 3526 3569 3586 tempus
3589 3515 3909 3585 compulsus

2319 3622 2400 3670 est
2433 3609 2834 3666 Ratisbonensc
2853 3611 3165 3666 coenobium
3194 3610 3464 3672 deserere,
3493 3624 3559 3662 ac
3580 3606 3909 3661 Trevirense

2319 3712 2598 3774 repetere,
2641 3718 2811 3758 causa
2855 3702 3066 3758 exstitit
3109 3702 3269 3756 civile
3322 3700 3560 3766 bellum,
3610 3698 3764 3770 quod
3795 3705 3911 3753 erat

2322 3795 2466 3850 inter
2515 3792 2811 3848 llenricum
2856 3791 3053 3847 ducem
3097 3801 3151 3846 et
3193 3789 3561 3846 Perchtolfum
3599 3790 3910 3844 marchico-

2321 3882 2548 3949 mitem,
2607 3892 2772 3952 atque
2819 3882 2961 3936 inter
3010 3890 3238 3935 caeteros
3301 3880 3588 3949 optimates
3643 3878 3910 3948 principis

2325 3973 2533 4039 Ottonis
2558 3982 2668 4026 tum
2692 3975 2958 4027 civitatem
2975 3972 3407 4026 Ratisbonensem
3429 3971 3722 4024 obsidentis
3738 3970 3907 4040 (20f).

2322 4065 2442 4132 Quo
2477 4065 2668 4120 sedato
2702 4073 2757 4120 et
2777 4064 2939 4135 quasi
2970 4063 3233 4118 innuente
3259 4063 3420 4117 beato
3457 4061 3870 4115 Emmerammo
3890 4101 3907 4127 ,

2321 4174 2414 4228 per
2442 4156 2546 4211 loci
2591 4159 2675 4210 sui
2707 4157 3029 4227 prouisorem
3061 4154 3368 4224 repedatum
3422 4154 3492 4207 iri
3525 4152 3698 4222 (202),
3727 4154 3913 4208 senior

2321 4245 2670 4302 venerandus
2727 4262 2758 4300 a
2802 4244 3093 4300 Treverica
3140 4243 3362 4297 civitate
3415 4241 3782 4312 Hiatospolim
3829 4250 3913 4297 est

2322 4352 2608 4402 reversus;
2643 4335 2769 4390 inde
2815 4350 3002 4390 secum
3055 4332 3395 4388 transferens
3442 4333 3646 4387 multas
3693 4342 3914 4386 sancto-

642 4434 782 4483 teste
807 4427 1173 4499 lacrymarum
1197 4429 1367 4496 fonte,
1403 4429 1727 4486 immutatus
1759 4436 1940 4484 mente
1983 4427 2221 4493 advenit,
2257 4439 2450 4493 Drum
2504 4429 2790 4498 reliquias.
2855 4426 3063 4482 Harum
3126 4440 3347 4496 quoque
3407 4425 3669 4481 salutaris
3726 4424 3912 4478 allatio

639 4534 802 4574 servo
849 4518 945 4574 Dei
992 4521 1047 4574 in
1090 4522 1371 4591 sepultura
1421 4521 1701 4577 humiliter
1761 4521 2117 4592 obsequendo
2165 4535 2224 4575 se

638 4628 860 4668 servum
889 4615 1120 4684 prtebuit
1141 4630 1360 4670 summo
1377 4613 1572 4669 humili
1593 4615 1939 4669 dominorum
1968 4613 2220 4668 Domino.

641 4701 813 4769 ham,
857 4705 911 4759 in
937 4722 1109 4760 unum
1132 4707 1476 4778 congregatis
1513 4715 1567 4762 et
1611 4706 1679 4762 ad
1708 4706 1874 4761 funus
1904 4706 1979 4776 pii
2011 4706 2225 4761 abbatis

638 4795 879 4852 ofﬁciose
939 4799 1357 4854 concinentibus
1407 4814 1546 4868 pene
1605 4799 1860 4853 omnibus
1911 4797 2225 4853 Ratisbona:

640 4886 752 4943 Deo
802 4889 1192 4957 servientibus,
1241 4891 1356 4960 ipse
1409 4891 1664 4960 princeps
1702 4889 1937 4958 propriis
1983 4889 2227 4944 humeris

638 4996 749 5036 non
779 4982 1000 5036 erubuit
1041 4981 1302 5038 feretrum
1342 4992 1590 5040 portare.
1621 4997 1722 5036 nec
1759 4997 1868 5035 non
1917 4981 2228 5037 accuratius

2327 4521 2536 4578 exstitit
2563 4535 2733 4575 causa
2755 4527 2955 4590 crypta:
2989 4517 3132 4587 apud
3156 4515 3418 4571 Sanctum
3441 4515 3912 4570 Emmerammum

2327 4615 2625 4670 aediﬁcatae.
2677 4610 2850 4680 Cujus
2900 4609 3209 4672 aediﬁcatio,
3261 4624 3358 4676 per
3407 4608 3583 4660 virum
3629 4605 3727 4660 Dei
3781 4607 3912 4660 satis

2328 4707 2623 4763 artiﬁciose
2651 4703 2928 4767 ordinata,
2963 4700 3233 4757 trifariam
3255 4715 3356 4754 nec
3375 4713 3483 4752 non
3513 4697 3912 4766 quadrifariam

2329 4799 2569 4868 speciem
2600 4793 2942 4849 intuentibus
2962 4791 3201 4848 exhibet.
3246 4789 3312 4844 Et
3349 4789 3479 4858 quia
3523 4788 3689 4857 hujus
3731 4788 3913 4856 operis

2331 4896 2522 4944 auctor
2553 4891 2802 4939 sanctam
2823 4881 3074 4936 dilexerit
3108 4878 3458 4942 Trinitatem,
3481 4887 3645 4946 atque
3678 4885 3914 4944 quatuor

2331 4976 2752 5036 Evanueliorum
2805 4972 3036 5027 ﬁrmiter
3067 4970 3305 5026 tenuerit
3346 4967 3529 5029 ﬁdem,
3575 4966 3740 5030 quasi
3769 4979 3913 5028 quo-
