4018 6418
136 377 289 438 ΙΟὸἸ

819 375 910 433 DE
945 369 1324 435 MIRACULIS
1362 366 1421 432 Β.
1462 370 1889 431 EMMERAMMI
1923 368 2107 431 LIBRI
2142 364 2304 430 DUO.
2342 403 2416 418 --
2449 367 2582 430 LIB.
2619 368 2688 430 II.

3279 362 3422 422 £058

142 496 407 571 proximi,
435 490 801 565 pulcherrime
830 488 1207 564 compingunt.
1237 489 1495 561 Quinque
1541 498 1725 546 autem
1754 495 1805 553 Α
1830 497 1885 545 et
1921 504 2021 560 per
2060 497 2115 546 te
2154 489 2243 545 Sui
2280 488 2425 560 juris
2451 487 2698 543 'multum
2732 479 2988 555 perdidit.
3018 479 3100 543 0b
3123 480 3231 539 hoc
3253 480 3424 537 etiam

144 589 347 645 altaria
366 628 381 655 ,
429 587 487 642 in
518 586 720 657 quibus
758 583 988 640 totidem
1020 583 1249 655 pyxides
1287 582 1565 638 collocatae
1605 593 1730 636 cum

144 670 404 748 reliquiis
454 691 594 746 quas
641 674 1071 744 praenominatus
1097 673 1259 728 heros
1284 671 1354 727 de
1374 670 1733 742 Lotharingia

146 766 475 832 transtulit,
517 765 762 836 quinque
806 764 1071 818 librorum
1126 760 1329 834 Moysis
1376 762 1733 833 principalem

144 857 559 914 observantiam
635 855 691 910 in
739 855 1006 910 memoria
1052 862 1277 909 monent
1320 853 1529 919 teneri,
1574 861 1628 907 et
1676 850 1734 906 in

144 952 398 1022 quinque
418 948 674 1005 sensibus
697 947 941 1017 corporis
967 947 1254 1001 hortantur
1267 945 1581 1016 quinariam
1611 959 1739 1014 pru-

147 1043 397 1098 dentiam
452 1055 670 1110 semper
719 1038 928 1093 haberi.
980 1034 1208 1093 Sextum
1258 1037 1481 1107 quidem
1531 1036 1734 1101 altare,

147 1134 303 1205 quod
330 1134 531 1189 dicitur
576 1131 642 1187 ad
695 1130 881 1202 pedes,
917 1129 1121 1186 senarii
1151 1128 1486 1200 perfectione
1522 1128 1738 1184 denun-

90 1283 99 1292 ,
148 1227 256 1281 tiat
310 1225 495 1280 omnia
551 1216 824 1280 concludi.
871 1222 932 1276 In
995 1223 1100 1277 hac
1153 1237 1285 1294 ergo
1336 1231 1448 1276 tam
1504 1219 1737 1292 typifera

147 1317 418 1383 basilica,
449 1332 481 1371 a
513 1315 674 1371 beato
708 1314 1035 1386 Wolfgango
1085 1314 1141 1369 in
1186 1315 1392 1368 honore
1434 1323 1637 1368 sanctae
1684 1320 1740 1367 et

151 1408 456 1464 individua:
484 1406 769 1472 Trinitatis
789 1416 842 1462 et
863 1407 1108 1461 omnium
1132 1414 1445 1462 sanctorum
1466 1403 1737 1472 dedicata,

153 1501 605 1557 venerabillimus
631 1497 791 1553 Pater
818 1497 1181 1566 Bamuoldus,
1219 1499 1275 1569 in
1301 1497 1551 1566 sepulcro
1594 1495 1741 1565 quod

151 1596 267 1652 sibi
303 1605 430 1651 ante
463 1593 776 1666 quindecim
827 1608 1003 1648 annos
1038 1594 1152 1663 jam
1184 1601 1495 1663 paraverat,
1541 1592 1598 1646 in
1641 1608 1742 1646 au-

154 1687 318 1744 strali
344 1687 511 1743 latere
533 1685 781 1756 ejusdem
825 1695 1054 1757 cryptm,
1092 1701 1251 1741 secus
1293 1686 1463 1741 altare
1504 1683 1566 1739 B.
1602 1683 1740 1740 Gre-

157 1778 305 1851 gorii
327 1794 481 1849 papa:
505 1786 590 1834 est
622 1777 928 1848 depositus,
955 1789 1119 1848 atque
1159 1778 1449 1849 magnifice
1470 1777 1740 1847 sepultus,

1835 580 1926 638 die
1948 589 2223 652 noctuque
2264 580 2529 637 laborasti
2575 586 2637 634 ut
2681 578 2761 632 illi
2803 576 3065 646 injuriam
3102 573 3333 640 faceres,
3369 580 3429 629 et

1835 673 1948 729 Deo
1995 684 2094 728 tuo
2149 679 2509 744 quoscunque
2560 677 2756 741 posses
2803 667 3109 739 colligeres.
3150 668 3231 723 Ac
3260 678 3429 735 super
3510 665 3521 673 ’

1835 764 1953 841 haec
1975 766 2160 820 omnia
2185 765 2350 820 modo
2379 780 2467 819 me
2496 762 2744 818 incendis
2769 802 2784 828 ,
2813 769 2867 816 et
2896 773 3154 830 magnam
3183 758 3297 813 vim
3335 757 3429 811 in-

1836 856 2001 929 geris.
2049 855 2298 928 Cumque
2324 857 2427 912 sub
2451 853 2836 926 hujuscemodi
2880 852 3179 923 angoribus
3213 849 3430 907 daemon

1837 960 2000 1020 caput
2022 949 2211 1004 miseri
2231 947 2476 1003 hominis
2502 947 2817 1018 pavimento
2860 954 2976 999 tam
3014 944 3194 999 valide
3239 941 3433 1012 impri-

1838 1048 2010 1096 meret
2038 1050 2099 1095 ut
2138 1056 2267 1096 eum
2302 1056 2440 1110 pene
2469 1048 2701 1094 mortem
2732 1038 2886 1093 obire
2915 1036 3268 1107 compelleret
3290 1075 3307 1103 ,
3334 1049 3422 1089 ac-

1839 1142 2120 1189 currentcs
2149 1133 2244 1203 qui
2273 1132 2500 1188 aderant
2532 1132 2853 1187 levaverunt
2885 1145 3033 1196 eum,
3063 1137 3118 1183 et
3146 1133 3436 1183 traxerunt

1841 1226 1909 1282 ad
1939 1226 2184 1281 tumbam
2222 1224 2559 1282 confessoris
2585 1222 2792 1279 Christi
2846 1221 2926 1277 lbi
2956 1236 3176 1292 quoque
3199 1262 3214 1286 ,
3259 1228 3320 1274 ut
3364 1220 3434 1274 il—

1839 1317 1954 1371 lum
1982 1360 1998 1384 ,
2049 1318 2262 1374 viribus
2308 1317 2514 1372 diaboli
2563 1315 2875 1386 periculose
2928 1314 3254 1369 renitentem
3279 1354 3293 1378 ,
3344 1312 3436 1366 vix

1841 1410 2223 1478 compulerunt
2267 1416 2432 1477 caput
2484 1407 2759 1462 inclinare
2800 1420 2867 1460 ac
2912 1419 3076 1473 super
3121 1403 3437 1473 sepulcrum

1842 1514 2065 1570 ponere,
2097 1501 2271 1572 gratia
2296 1500 2391 1555 Dei
2414 1498 2682 1555 liberatus
2701 1506 2805 1554 est.
2831 1496 2953 1564 Quo
2976 1497 3135 1568 signo
3156 1495 3436 1560 laetiticati,

1843 1593 1936 1663 qui
1962 1608 2058 1663 per
2088 1592 2528 1662 compassionem
2555 1591 2712 1662 prius
2745 1598 2901 1648 erant
2931 1588 3285 1655 mmstillcati,
3310 1603 3440 1659 gra-

1843 1685 1952 1741 tias
1987 1684 2338 1755 Redemptori
2368 1684 2674 1740 retulerunt
2702 1681 3046 1753 magniﬁcas,
3078 1696 3189 1737 non
3222 1688 3440 1737 tantum

1843 1792 1940 1848 per
1966 1777 2090 1844 hoc,
2122 1777 2251 1848 quia
2278 1777 2445 1832 homo
2471 1792 2503 1832 a
2533 1783 2801 1847 potestate
2826 1774 3033 1829 diaboli
3063 1783 3148 1829 est
3179 1768 3404 1844 ereptus
3423 1815 3439 1840 ,

155 1880 380 1929 astante
421 1871 626 1942 pariter
656 1880 711 1927 et
751 1871 1017 1942 psallente
1072 1871 1394 1926 clericorum
1440 1870 1655 1938 ordine,
1693 1880 1747 1926 et
1782 1865 1822 1891 ”
1850 1879 2117 1940 quantum
2160 1885 2259 1941 pro
2283 1884 2350 1925 eo
2375 1869 2647 1939 quodper
2674 1882 2914 1938 prmsens
2939 1865 3191 1937 magnale
3233 1866 3445 1922 revela—

156 1958 527 2022 nihilominus
571 1964 892 2020 concinente
947 1964 1341 2019 monachorum
1399 1979 1590 2036 grege,
1646 1978 1749 2019 nec

158 2073 277 2114 non
311 2057 586 2130 virginum
610 2058 724 2112 sive
759 2056 1261 2112 sanctimonialium
1286 2056 1430 2112 trina
1457 2056 1746 2124 concione,

161 2150 409 2205 animam
450 2150 590 2206 tanti
639 2148 820 2204 Patris
857 2164 1072 2204 summo
1112 2148 1261 2205 Patri
1309 2149 1746 2205 commendante.

165 2240 299 2298 Post
322 2243 461 2309 hate,
504 2258 538 2298 ο
578 2241 909 2308 Ammonici,
943 2241 1012 2297 ad
1056 2241 1475 2312 temperandum
1506 2243 1749 2296 miracu-

160 2331 283 2388 lum
348 2334 574 2389 claustri
637 2333 722 2389 vel
781 2334 1060 2389 claviculae
1112 2342 1265 2389 tanto
1317 2350 1348 2389 a
1392 2332 1751 2405 principe’ob

158 2425 535 2482 humilitatem
583 2435 841 2497 arreptae,
887 2442 984 2482 seu
1033 2427 1102 2481 ob
1145 2427 1462 2497 religionem
1494 2427 1749 2497 abreptae,

161 2516 656 2575 satisfactionalem
684 2535 858 2574 unum
884 2534 1055 2574 sacra:
1081 2517 1377 2589 Scriptum
1396 2520 1750 2588 versiculum,

158 2610 427 2665 cbaritati
471 2619 596 2678 tuae,
629 2621 844 2682 meapte
890 2612 1068 2681 placet
1116 2612 1458 2668 subnectere.
1485 2610 1576 2667 Sic
1605 2613 1767 2668 enim'

160 2698 301 2756 dicit
337 2699 625 2770 Dominus,
659 2701 728 2756 ad
756 2701 1051 2772 quemdam
1075 2702 1309 2756 electum
1340 2718 1502 2757 suum
1531 2723 1544 2757 :
1576 2702 1637 2758 In
1660 2704 1753 2759 illo

161 2791 260 2848 die
320 2794 618 2863 suscipiam
683 2802 735 2849 te
796 2808 1019 2849 servum
1080 2810 1295 2861 meum,
1342 2804 1396 2849 et
1452 2810 1651 2865 ponam
1702 2804 1757 2852 te

163 2878 316 2938 sicut
381 2883 725 2955 signaculum
783 2883 840 2938 in
901 2892 1198 2954 conspectu
1258 2899 1420 2952 meo,
1488 2886 1754 2956 quoniam

161 2974 312 3047 elegi
349 2984 405 3031 te
444 2976 616 3048 (205).
650 2995 670 3029 r
728 2992 749 3011 ν

768 3068 1151 3123 Ammonicius.

1848 1972 1967 2019 tum
1993 1971 2079 2019 est
2103 1963 2263 2034 cujus
2285 1962 2469 2018 meriti
2494 1962 2567 2018 sit
2589 1959 2751 2016 Pater
2777 1958 2873 2030 qui
2896 1958 3032 2013 inibi
3058 1973 3232 2029 nuper
3256 1959 3446 2029 sepul-

1851 2065 1940 2113 tus
1966 2057 2150 2114 fuerit.

1929 2170 1949 2202 ‹
1978 2150 2130 2207 More
2161 2151 2325 2207 solito
2349 2151 2657 2224 peregrinis
2678 2159 2733 2206 et
2771 2150 2985 2206 civibus
3010 2149 3077 2205 ad
3095 2147 3447 2205 festivitatem

1853 2242 2029 2298 sancti
2077 2241 2470 2297 Emmerammi
2518 2240 2764 2311 undique
2812 2238 3257 2305 conﬂuentibus,
3308 2237 3471 2291 intcr'

1853 2344 2078 2391 caeteros
2127 2335 2221 2405 qui
2263 2342 2618 2390 accurrerant
2658 2332 2984 2389 muliercula
3013 2330 3288 2402 quaedam,
3315 2344 3453 2384 ocu-

1852 2427 2028 2481 lorum
2075 2433 2287 2496 privata
2329 2426 2538 2480 lumine
2562 2467 2578 2493 ,
2610 2424 2872 2491 advenit,
2905 2439 3029 2494 qua
3065 2432 3310 2493 tempore
3347 2435 3450 2475 no-

1855 2527 2051 2574 cturno
2084 2518 2303 2573 felicem
2350 2526 2596 2590 cryptam
2646 2517 2911 2584 intravit,
2944 2525 2998 2571 et
3030 2514 3101 2571 ad
3137 2514 3452 2584 sepulcrum

1855 2610 2191 2666 confessoris
2232 2610 2439 2666 Christi
2481 2609 2773 2664 Ramuoldi
2818 2608 3104 2676 adoravit,
3154 2623 3220 2663 ac
3261 2619 3454 2677 preces

1857 2718 1981 2759 cum
2011 2704 2269 2774 lacrymis
2295 2701 2453 2758 fudit.
2490 2701 2646 2757 Tunc
2668 2701 3018 2771 omnipotens
3044 2700 3333 2767 Dominus,
3355 2712 3458 2753 vo—

1856 2796 1977 2852 lens
2022 2795 2289 2850 famulum
2337 2810 2500 2850 suum
2542 2794 2849 2849 clariﬁcare
2881 2793 3025 2848 inter
3070 2792 3333 2847 mortales
3359 2805 3457 2861 per

1859 2887 2134 2944 inellabile
2162 2904 2368 2943 numen
2394 2929 2409 2953 ,
2444 2886 2523 2941 illi
2551 2901 2675 2956 quae
2714 2901 2860 2941 caeca
2904 2884 3085 2940 fuerat
3107 2883 3347 2939 reddidit
3372 2883 3461 2937 lu-

1857 2997 2005 3037 men.
2044 2981 2238 3036 Mulier
2264 2990 2448 3035 autem
2479 2993 2714 3050 surgens
2744 2976 2965 3033 vocavit
2996 2977 3259 3031 maritum
3293 2990 3457 3031 suum

1861 3074 1919 3128 in
1949 3090 2139 3130 aurem
2181 3074 2259 3128 illi
2301 3072 2493 3128 dicens
2522 3091 2536 3126 :
2581 3070 2814 3126 Domine
2836 3111 2852 3136 ,
2882 3068 2997 3125 Deo
3035 3070 3241 3140 gratias
3264 3111 3278 3135 ,
3326 3067 3460 3139 quia

247 3158 570 3233 «Ρίειηειηει
591 3178 715 3218 cum
738 3170 1009 3230 ῑετιιηιυν,
1039 3165 1094 3217 in
1122 3163 1399 3218 meliorem
1420 3163 1600 3220 Visum
1623 3180 1758 3220 con-
1788 3183 1833 3245 ς
1862 3172 2044 3227 visum
2070 3172 2273 3242 recepi.
2318 3170 2439 3238 Quo
2480 3185 2591 3227 non
2612 3172 2613 3175 “
2635 3166 2892 3224 credente
2917 3209 2931 3234 ,
2978 3175 3033 3221 ct
3076 3166 3165 3220 illa
3203 3173 3460 3220 econtra-

165 3262 481 3323 Vertuntur,
514 3256 589 3310 ita
613 3265 667 3312 et
693 3265 750 3311 tu
774 3271 900 3311 cum
926 3272 1022 3326 per
1042 3256 1403 3326 quaestionem
1433 3266 1760 3328 provocatus

168 3343 370 3414 fueris,
396 3347 449 3401 in
482 3347 738 3403 dictando
760 3357 814 3403 et
845 3348 900 3402 in
936 3348 1225 3404 scribendo
1246 3390 1260 3414 ,
1286 3349 1381 3404 tibi
1423 3358 1478 3404 et
1513 3351 1763 3420 proximo

170 3439 363 3494 utilior
389 3439 520 3494 eris.
558 3438 699 3495 Ecce
725 3439 857 3495 dum
879 3456 1105 3511 parvam
1131 3450 1363 3496 conatus
1392 3457 1455 3497 es
1483 3442 1765 3498 absolvere

171 3531 635 3601 quaestiunculam
661 3574 677 3599 ,
728 3549 837 3587 non
891 3533 1072 3588 solum
1123 3532 1387 3604 grandem
1444 3532 1765 3603 promovisti

172 3623 505 3680 sententiam
526 3665 540 3691 ,
574 3625 669 3680 sed
695 3624 861 3680 etiam
892 3624 1133 3696 agilitate
1167 3624 1431 3681 divinitus
1460 3641 1722 3682 concessa
1747 3667 1763 3694 ,

172 3715 318 3772 adeo
361 3730 485 3771 eam
525 3715 704 3772 fecisti
730 3716 980 3772 festivam
1017 3727 1079 3773 ut
1108 3718 1317 3788 lapides
1362 3717 1767 3789 quodammodo

170 3806 405 3880 cogeres
437 3824 561 3865 esse
588 3810 867 3881 loquaces.
906 3807 1143 3865 Proinde
1188 3810 1337 3881 quod
1375 3826 1525 3866 nunc
1555 3820 1729 3868 restat
1750 3852 1767 3880 ,

177 3901 288 3955 erit
313 3909 536 3956 strenue
560 3901 853 3973 agendum,
880 3902 1222 3972 pedibusque
1242 3903 1529 3958 charitatis
1550 3903 1646 3957 hoc
1666 3904 1771 3957 iter
1800 3932 1805 3939 ~

179 3992 335 4065 (204)
381 4003 565 4064 tuapte
609 3993 992 4063 incedendum,
1041 3995 1097 4061 id
1142 4004 1246 4064 est,
1295 4004 1356 4050 ut
1398 3996 1769 4065 miraculum,

179 4084 332 4155 quod
376 4086 678 4156 perduxisti
723 4087 793 4143 ad
827 4089 1206 4159 propheticum
1245 4089 1628 4160 signaculum,
1679 4105 1770 4145 se-

179 4187 423 4248 quantur
448 4180 710 4235 miracula
735 4190 788 4236 et
810 4181 986 4252 signa,
1011 4182 1212 4252 quibus
1233 4190 1349 4253 post
1376 4190 1596 4237 mortem
1622 4180 1772 4254 (205)

178 4270 445 4344 probetur
473 4272 714 4329 hominis
739 4272 839 4329 Dei
866 4274 995 4328 vita.
1029 4292 1048 4325 ›

806 4364 1158 4422 Collectitius.

1861 3265 1947 3319 rio
1981 3273 2130 3321 certa
2165 3264 2324 3336 signa
2369 3271 2712 3319 monstrante
2737 3302 2752 3326 ,
2795 3261 2942 3314 inlit:
2987 3257 3218 3313 Silentio
3252 3254 3461 3311 factum

1864 3357 2172 3429 opprimere
2200 3356 2388 3424 debes,
2414 3356 2546 3426 quia
2575 3353 2888 3410 clanculum
2925 3350 3025 3406 tibi
3066 3359 3121 3406 et
3160 3347 3460 3420 agendum,

1864 3460 1926 3506 ut
1982 3459 2109 3506 ante
2154 3451 2333 3505 lucem
2376 3448 2725 3521 egrediamur
2774 3445 2844 3501 de
2897 3444 3167 3509 civitate;
3224 3439 3463 3496 clericus

1866 3544 2015 3600 enim
2053 3559 2176 3599 sum
2203 3585 2220 3610 ,
2260 3552 2315 3598 et
2355 3542 2479 3597 ideo
2516 3540 2786 3596 erubesco
2824 3538 2880 3592 in
2917 3544 3067 3592 tanta
3108 3532 3464 3590 multitudine

1869 3645 2049 3693 tecum
2108 3636 2431 3692 consistere.
2499 3633 2751 3704 Cumque
2810 3630 3159 3687 tenebrarum
3229 3626 3464 3682 consilio

1869 3729 2221 3786 consentiens
2247 3727 2451 3784 femina
2478 3734 2724 3782 recenter
2750 3724 3079 3787 illuminata,
3103 3735 3226 3777 cum
3259 3719 3465 3774 clerico

1871 3823 1993 3879 sine
2030 3823 2242 3878 cautela
2290 3820 2576 3893 repedaret
2619 3818 2689 3874 ad
2729 3817 2947 3889 propria
2972 3856 2988 3883 ,
3037 3813 3311 3882 extemplo
3367 3825 3468 3882 per

1870 3915 2283 3971 incommodum
2333 3913 2439 3970 sibi
2473 3910 2632 3968 valde
2681 3911 2862 3967 aliena
2910 3917 2997 3965 est
3050 3907 3293 3964 excitate
3337 3919 3465 3975 per-

1873 4023 2038 4066 011558
2082 4025 2103 4060 ι

2409 4158 2417 4164 ,
2468 4095 2858 4151 Ammanicius.

1951 4212 1972 4247 ι
1999 4192 2127 4249 Haec
2153 4207 2245 4249 res
2272 4191 2328 4246 in
2365 4189 2689 4245 memoriam
2725 4186 2976 4259 perduelt
3003 4183 3150 4256 quod
3175 4183 3362 4239 decem
3384 4183 3471 4238 le-

1873 4287 2055 4359 prosis
2082 4303 2114 4342 a
2136 4284 2371 4341 Domino
2396 4282 2697 4348 mundatis,
2735 4296 2837 4336 nec
2866 4296 2976 4335 non
3005 4278 3221 4334 decimo
3249 4278 3315 4333 ad
3346 4294 3472 4349 gra-

1875 4370 2203 4437 tilicandum‘
2222 4394 2464 4445 reverso,
2496 4379 2615 4449 ipse
2638 4376 2695 4431 in
2729 4374 3028 4446 Evangelio
3059 4373 3193 4428 dicit
3226 4391 3238 4427 :
3280 4369 3473 4425 Nonne

264 4473 286 4507 ‘
313 4451 545 4513 paratus
590 4473 738 4525 sum.
788 4455 1020 4514 Domino
1061 4458 1421 4527 concedente,
1470 4459 1775 4516 εθοιιηάιιηι
1804 4527 1846 4537 _
1877 4473 2065 4530 decem
2095 4472 2345 4528 mundati
2391 4480 2540 4537 sunt,
2587 4478 2642 4525 et
2667 4484 2862 4524 novem
2902 4466 2996 4522 ubi
3032 4466 3203 4521 sunt?
3228 4462 3347 4519 Non
3388 4470 3475 4518 est

182 4546 507 4620 petitionem
551 4558 702 4605 tuam
750 4549 929 4605 facere
952 4592 967 4618 ,
1010 4549 1455 4622 quandoquidem
1503 4561 1558 4607 et
1594 4553 1758 4623 ipsum

1878 4566 2135 4621 inventus
2177 4564 2273 4634 qui
2310 4563 2547 4627 rediret,
2590 4570 2645 4616 ct
2707 4559 2863 4614 daret
2898 4557 3127 4628 gloriam
3169 4555 3321 4622 Deo,
3362 4553 3472 4608 nisi

185 4654 280 4696 me
306 4640 422 4697 scio
443 4640 542 4696 tibi
564 4651 723 4698 antea
746 4642 1127 4713 spopondisse.

266 4751 290 4786 ο
325 4730 560 4800 Quidam
588 4735 754 4790 homo
772 4736 921 4792 venit
942 4734 1009 4789 ad
1032 4744 1283 4792 sanctum
1306 4734 1779 4791 Emmerammum

183 4824 466 4897 petiturus
500 4826 759 4899 suffragia
794 4837 1130 4884 sanctorum.
1162 4827 1236 4895 Is,
1266 4828 1397 4899 quia
1426 4838 1545 4883 erat
1576 4828 1782 4883 daemo-

186 4935 264 4975 ne
294 4933 608 4988 possessus,
638 4936 824 4975 coram
852 4921 1109 4977 omnibus
1135 4921 1367 4976 nimium
1389 4929 1473 4977 est
1497 4920 1777 4993 fatigatus.

186 5010 353 5068 Tunc
375 5012 591 5080 fratres,
622 5015 837 5084 qualem
867 5014 1085 5071 Patrem
1114 5016 1327 5071 noviter
1349 5015 1672 5087 sepelissent
1695 5030 1783 5071 re-

190 5103 485 5161 cordantes
510 5148 525 5173 ,
566 5105 813 5162 fecerunt
848 5108 1126 5163 hominem
1168 5109 1333 5175 duci,
1382 5108 1497 5164 imo
1539 5108 1685 5164 trahi
1726 5108 1784 5162 in

190 5204 471 5268 cryptam,
498 5198 603 5253 viri
629 5198 726 5254 Dei
748 5214 976 5270 corpore
998 5199 1261 5255 dotatam.
1295 5197 1399 5254 Ubi
1435 5199 1531 5254 diu
1574 5200 1785 5255 voluta-

191 5297 292 5345 tus
319 5296 373 5344 et
392 5306 428 5345 a
461 5282 784 5361 pessessore
812 5291 1092 5364 plusquam
1121 5291 1260 5346 male
1288 5292 1583 5363 discerptus
1621 5292 1787 5364 caepit

193 5382 425 5437 stridere
448 5392 498 5438 et
523 5400 644 5438 cum
672 5372 899 5455 freniitu‘
916 5383 1063 5455 (206)
1092 5385 1329 5440 clamare
1351 5427 1367 5450 ,
1391 5400 1495 5440 nec
1517 5400 1627 5439 non
1657 5400 1785 5440 cum

194 5475 467 5532 conviciis
509 5475 867 5531 maledicentia
895 5477 1043 5549 (207)
1066 5486 1404 5553 perstrepere
1425 5476 1616 5533 dicens
1645 5495 1658 5533 :
1694 5476 1788 5534 Vae

194 5566 326 5656 tibi,
353 5567 593 5637 Rantolt,
623 5570 756 5641 quia
784 5569 1019 5631 Domino
1050 5585 1174 5628 meo
1202 5570 1374 5628 multa
1405 5569 1549 5626 mala
1583 5568 1766 5631 fecisti

273 5707 407 5776 (205

300 5779 406 5834 204

275 5778 407 5924 {eos

300 5848 407 5906 205

467 5708 611 5779 Agge
649 5724 710 5763 ιι.

466 5780 587 5835 Alia
614 5780 813 5836 littera.

468 5852 585 5907 Alia
610 5852 808 5910 littera.

409 5707 429 5923 ἒ

1879 4658 1973 4713 hic
1999 4655 2341 4727 alienigena?
2375 4653 2478 4709 Cui
2514 4668 2641 4707 mox
2672 4651 3021 4721 Evangelista
3052 4646 3336 4718 subjungit
3364 4664 3377 4699 :
3406 4643 3475 4701 Et

1880 4750 1929 4805 is
1955 4757 2073 4804 erat
2095 4748 2479 4803 Samaritanus
2509 4743 2681 4816 (208).
2734 4741 2865 4797 Inde
2889 4738 3100 4812 liquido
3138 4732 3287 4810 patet
3334 4752 3475 4808 quo-

1880 4843 2032 4897 niam
2071 4841 2165 4911 qui
2196 4840 2440 4895 animam
2485 4852 2645 4893 suam
2695 4834 2976 4901 custodit,
3013 4847 3079 4889 ac
3124 4826 3474 4902 iniquitatem

1882 4933 1999 4988 odit
2036 4914 2425 4987 Samaritanici
2447 4927 2722 4995 vocabuli,
2756 4941 2867 4981 non
2892 4924 2998 4980 erit
3027 4916 3222 4994 expers
3261 4930 3316 4978 et
3353 4919 3474 4976 olli-

1881 5025 1974 5081 cii.
2008 5022 2153 5096 Ergo
2189 5033 2271 5089 tu,
2302 5038 2336 5079 o
2361 5020 2669 5087 Collectici,
2697 5020 2828 5091 quia
2854 5004 3287 5089 post'tristitiam
3314 5013 3477 5069 indu-

1880 5118 2012 5174 xisti
2037 5118 2306 5182 laetitiam,
2330 5125 2385 5172 et
2411 5115 2542 5171 huic
2559 5114 2742 5171 denuo
2767 5109 3104 5183 subjunxisti
3128 5107 3476 5173 maestitiam,

1883 5219 2201 5282 competens
2244 5217 2331 5265 est
2376 5223 2489 5279 quo
2539 5206 2589 5262 si
2642 5204 2913 5261 Dominus
2957 5210 3071 5258 tam
3116 5199 3268 5272 gravi
3307 5196 3481 5253 infor»

1883 5301 2042 5359 tunio
2083 5298 2309 5371 aliquod
2366 5296 2674 5355 remedium
2716 5296 2774 5351 in
2821 5293 2878 5349 id
2917 5291 3184 5363 temporis
3230 5286 3480 5344 contule-

1885 5393 1997 5463 rit,
2042 5380 2288 5450 charitas
2331 5399 2445 5460 tua,
2474 5390 2600 5463 jure
2644 5373 2847 5459 dialogi
2871 5428 2888 5456 ,
2931 5385 3091 5443 ocius
3132 5381 3406 5453 explanet.
3452 5397 3473 5432 ι

2510 5480 2866 5538 Collectitius.

1878 5562 1884 5569 ’
1964 5595 1985 5630 ι
2031 5573 2414 5646 Redemptoris
2456 5572 2632 5629 nostri
2677 5570 2853 5645 gratia
2892 5565 3264 5627 remediorum
3303 5558 3484 5620 nescit

1987 5706 2116 5777 206)
2158 5706 2276 5761 Alia
2305 5706 2503 5763 littera.

1989 5777 2119 5834 207)
2154 5777 2272 5833 Alia
2298 5778 2499 5834 littera.

1987 5708 2116 5777 206)
2158 5708 2276 5761 Alia
2305 5708 2450 5763 litter

1989 5777 2095 5832 207
2154 5777 2272 5833 Alia
2298 5778 2450 5834 litter:

1963 5708 2119 5922 $208;
2159 5847 2286 5903 Luc.
2318 5864 2450 5905 xvn.
