4018 6430
626 357 650 413 1
662 355 767 415 059

1621 350 1927 413 ARNOLDI
1961 349 2568 412 EMMERAMMENSIS
2603 348 2913 407 MONACHI

3706 360 3809 421 1060

623 485 812 526 carere
844 468 1032 540 copia.
1076 467 1137 524 In
1180 466 1340 540 cujus
1374 466 1715 539 plenitudine
1735 468 1967 538 conlisa,
2015 469 2214 525 mulier
2240 473 2292 534 Α
2317 464 2718 523 ostendendum
2758 464 2817 521 in
2854 463 3139 532 coronula,
3168 478 3291 536 quae
3323 480 3480 537 super
3519 467 3643 527 idem
3672 477 3810 546 εεμιι.

624 560 904 632 praedicta,
934 562 1039 617 sub
1062 576 1160 631 spe
1187 560 1417 616 luminis
1444 561 1783 630 percipiendi
1809 561 2009 617 iterum
2031 560 2218 617 Ratis-

622 649 823 705 bonam
869 649 1130 716 devenit;
1175 658 1230 705 et
1275 648 1543 704 accedens
1590 649 1659 704 ad
1710 650 1894 705 locum
1938 650 2213 719 sepulcri,

621 739 718 794 ubi
748 747 909 795 antea
938 754 1137 810 magna
1166 738 1342 794 sensit
1367 738 1655 805 beneficia,
1679 753 1778 809 per
1809 736 2217 794 confessionem

623 832 865 902 primum
894 848 955 887 se
979 846 1167 888 coram
1197 830 1575 888 sacerdotibus
1603 829 1864 901 expiavit,
1904 839 1958 886 et
1980 820 2113 901 quid
2137 830 2218 887 illi

623 922 886 979 acciderit
915 923 1207 979 manifeste
1254 923 1471 990 retulit;
1499 922 1629 979 dein
1662 923 1946 979 solotenus
1974 931 2219 992 prostra-

622 1024 703 1083 ta,
745 1024 801 1071 et
843 1016 1209 1071 nihilominus
1239 1024 1421 1070 mente
1455 1015 1744 1070 humiliata
1768 1056 1784 1082 ,
1816 1031 1919 1070 nec
1946 1031 2059 1070 non
2094 1031 2220 1086 pre-

626 1107 785 1163 cibus
834 1107 948 1163 Deo
988 1107 1173 1163 dilecti
1220 1105 1557 1163 confessoris
1600 1108 1847 1163 celeriter
1885 1106 2092 1178 adjuta,
2122 1124 2220 1179 per

625 1197 830 1255 fontem
859 1199 1107 1255 omnium
1134 1199 1409 1255 bonorum
1434 1200 1675 1270 recipere
1700 1199 1901 1255 meruit
1928 1201 2069 1255 male
2096 1216 2221 1272 per-

626 1290 800 1346 ditum
856 1292 1041 1349 lumen
1095 1292 1404 1348 oculorum.
1480 1292 1636 1348 Tunc
1704 1293 1910 1365 gratias
1970 1293 2221 1363 ingentes

627 1382 740 1438 Deo
773 1385 1095 1452 retulerunt,
1143 1393 1255 1440 tam
1301 1385 1422 1455 ipsa
1465 1401 1633 1455 quam
1673 1394 1727 1441 et
1773 1384 1954 1440 caeteri
1983 1386 2078 1455 qui
2105 1385 2222 1441 haec

625 1475 913 1532 audierant
940 1484 995 1532 et
1028 1475 1315 1544 viderant;
1360 1477 1551 1547 sicque
1571 1477 1823 1547 proprios
1864 1477 2009 1530 lares
2046 1492 2220 1533 unus-

625 1567 862 1639 quisque
919 1584 1046 1624 cum
1102 1569 1304 1640 gaudio
1339 1569 1572 1636 revisit,
1615 1579 1840 1639 portans
1880 1583 2068 1623 secum
2114 1568 2217 1623 tria

624 1661 751 1729 plex
776 1661 1127 1728 miraculum,
1152 1676 1265 1733 quo
1291 1670 1484 1717 sancta
1505 1660 1746 1717 Trinitas
1772 1662 1994 1733 dignata
2017 1669 2102 1716 est
2124 1660 2221 1715 de-

624 1754 837 1809 clarare
874 1755 1025 1825 pium
1066 1754 1322 1810 abbatem
1349 1753 1715 1811 Ramuoldum
1750 1770 1911 1810 suum
1946 1752 2119 1809 fuisse
2153 1753 2219 1807 fi—

2318 575 2474 615 crum
2500 557 2812 629 pendebat,
2836 566 3113 629 argentea.
3139 555 3258 611 Hoc
3280 557 3490 629 signum
3528 561 3624 633 ipsi
3650 580 3731 622 nos
3753 568 3813 623 ri-

2317 652 2522 718 dimus,
2562 659 2616 705 et
2641 649 2899 705 manibus
2940 649 3149 705 nostris
3187 649 3539 720 palpavimus,
3579 664 3626 710 et
3659 657 3813 716 scimus

2317 741 2451 811 quia
2509 754 2701 797 verum
2747 747 2833 796 est
2873 747 3126 795 nostrum
3185 739 3291 794 hac
3339 739 3396 795 in
3441 751 3581 811 parte
3626 746 3812 803 testim.

2316 831 2472 885 nium
2496 871 2512 898 ,
2566 845 2634 886 ac
2689 844 2802 885 non
2852 830 3171 901 ignoramus
3217 830 3345 900 quia
3403 846 3494 901 per
3529 832 3623 890 hoc
3669 851 3813 895 recens

2317 921 2666 989 miraculum,
2704 920 2848 977 sicut
2879 930 2933 977 et
2967 937 3064 993 per
3087 930 3281 978 caetera
3304 925 3629 981 sanationum
3650 927 3815 995 [beneﬁ-

2317 1012 2424 1080 cia,
2448 1013 2828 1084 cunctipotens
2849 1012 3118 1070 Dominus
3143 1014 3432 1071 miriﬁcare
3453 1018 3609 1074 voluit
3626 1033 3813 1078 sanctum

2319 1118 2504 1160 suum.
2548 1123 2569 1157 ι

2919 1196 3306 1254 Ammonicius.

2394 1302 2415 1337 ε
2459 1284 2661 1354 Placet,
2708 1283 2904 1355 fateor,
2947 1288 3233 1345 charitatis
3276 1298 3385 1345 tuae
3422 1290 3525 1348 tela
3563 1308 3700 1364 quam
3726 1312 3815 1354 eum

2318 1378 2716 1433 sententiarum
2740 1378 2976 1435 stamine
3000 1388 3053 1435 et
3082 1380 3439 1439 nihilominus
3467 1385 3710 1455 signorum
3726 1390 3816 1443 sub—

2316 1469 2522 1525 temine
2546 1470 2615 1525 de
2638 1480 2955 1527 sanctorum
2981 1473 3095 1528 vita
3114 1488 3229 1529 non
3256 1475 3434 1530 solum
3451 1491 3585 1544 vere,
3603 1462 3681 1534 sed
3699 1480 3814 1536 etiam

2317 1557 2495 1632 lepide
2518 1564 2871 1619 contexuisti.
2906 1563 3046 1621 Huic
3072 1566 3191 1635 jam
3231 1568 3483 1623 convenit
3519 1585 3616 1640 quo
3634 1586 3711 1639 per
3730 1572 3815 1629 licia

2317 1653 2688 1723 grammatica:
2718 1654 2968 1710 innectes
2992 1670 3082 1710 res
3111 1656 3317 1723 varias,
3345 1656 3574 1728 undique
3593 1662 3816 1718 rationabi-

2316 1746 2442 1802 liter
2466 1747 2743 1814 collectas,
2776 1747 2847 1803 ad
2869 1748 3161 1804 utilitatem
3182 1746 3394 1807 scilicet
3415 1751 3676 1824 legentium
3692 1766 3815 1825 aptas.

625 1845 980 1903 delissimum
1004 1846 1294 1916 famulum,
1326 1855 1515 1918 utpote
1538 1846 1637 1917 qui
1664 1861 1725 1903 se
1752 1860 1942 1902 verum
1968 1843 2220 1900 dilexerit
2248 1828 2297 1892 Β
2324 1836 2416 1894 Sic
2441 1838 2587 1893 enim
2616 1839 2834 1910 agilitas
2873 1839 3078 1909 ingenii
3121 1846 3177 1895 et
3216 1841 3531 1896 exercitium
3561 1842 3715 1909 studii,
3741 1843 3818 1897 imo

628 1937 950 1995 Dominum.

702 2052 723 2085 ι
750 2033 875 2087 Alio
899 2047 1119 2104 quoque
1147 2040 1414 2103 tempore,
1441 2030 1589 2087 fama
1613 2030 2009 2088 miraculorum
2046 2027 2224 2086 citatie

624 2134 896 2182 venerunt
918 2125 1042 2181 dum
1068 2124 1286 2181 feminae
1314 2124 1382 2180 ad
1421 2134 1673 2181 sanctum
1717 2124 2183 2180 Emmerammum
2204 2166 2221 2192 ,

626 2218 805 2272 ambae
825 2216 1098 2273 diabolica
1119 2218 1410 2274 vexatione
1425 2218 1761 2289 permiserae,
1783 2232 2018 2288 quarum
2035 2231 2228 2271 emuns

624 2306 907 2365 dationem
936 2325 1035 2367 seu
1074 2310 1457 2367 liberationem
1487 2310 1675 2367 divina
1700 2311 1902 2381 pietate
1936 2326 1970 2364 a
2006 2318 2225 2365 sancto—

624 2415 751 2455 rum
778 2401 1044 2461 charitate
1067 2402 1380 2459 venerando
1401 2401 1550 2458 Patri
1578 2401 1883 2457 Ramuoldo
1902 2412 2223 2457 concessam

626 2490 804 2549 fuisse
856 2493 915 2548 in
966 2494 1072 2551 hoc
1119 2495 1318 2551 claruit
1369 2494 1782 2552 evidentissime
1831 2495 1978 2566 quod
2019 2493 2224 2550 eaedem

627 2584 968 2642 mulierculae
991 2627 1007 2654 ,
1050 2588 1201 2657 prius
1229 2588 1300 2642 ad
1328 2588 1610 2642 memorias
1645 2587 1877 2642 aliorum
1916 2595 2225 2642 sanctorum

631 2674 901 2743 adductaz,
938 2692 1031 2731 nec
1060 2676 1510 2749 redempturam:
1535 2693 1652 2731 vero
1684 2693 1787 2734 non
1819 2693 1921 2730 uno
1947 2675 2224 2745 eodemque

626 2762 717 2816 sed
749 2762 899 2834 (209)
930 2763 1151 2819 diverso
1178 2774 1421 2835 tempore
1441 2764 1711 2820 famosam
1734 2774 1982 2836 cryptam
2012 2765 2225 2835 ingres-

626 2869 723 2921 sa},
745 2863 800 2910 et
821 2855 890 2910 ad
908 2856 1221 2926 sepulcrum
1257 2857 1403 2911 beati
1441 2858 1545 2912 viri
1574 2857 1897 2912 exorcizaue
1931 2872 2028 2927 per
2050 2872 2224 2911 unum

626 2943 994 3015 eamdemque
1019 2945 1303 3000 dominum
1336 2961 1368 3001 a
1395 2946 1641 3016 pessimo
1670 2946 1926 3002 invasere
1961 2955 2090 3001 sunt
2119 2945 2224 2999 mi-

626 3035 981 3093 serieorditer
1018 3037 1278 3093 liberatae.
1318 3036 1494 3108 Hujus
1523 3037 1602 3093 rei
1628 3038 2004 3093 testimonium
2041 3037 2225 3108 perhi-

626 3126 756 3182 bere
801 3127 980 3181 solent
1006 3125 1204 3182 fratres
1255 3128 1699 3198 eongregationis
1746 3136 1947 3181 nostra:
1992 3127 2219 3193 fideles,

2324 1944 2542 1986 summa
2567 1930 2849 1986 varietatis
2873 1930 3105 2001 hujusce
3128 1939 3361 1987 texturae
3383 1972 3399 2000 ,
3426 1941 3486 1988 ut
3508 1933 3627 1988 mihi
3648 1933 3816 1999 videtur,

2322 2021 2565 2078 relevare
2605 2020 2723 2076 sive
2757 2020 3007 2076 minuere
3032 2020 3177 2076 valet
3199 2021 3527 2092 multiplices
3553 2038 3717 2079 causas
3745 2033 3817 2077 tua

2324 2126 2489 2168 curre.
2517 2111 2601 2167 Ad
2627 2112 2745 2168 haec
2775 2127 2994 2183 quoque
3022 2109 3428 2167 fraternitatem
3468 2120 3604 2167 tuam
3622 2111 3818 2167 admoneo

2324 2210 2386 2258 ut
2435 2203 2493 2257 in
2535 2202 2786 2273 augendo
2827 2217 3070 2272 praesens
3111 2201 3443 2272 opusculum
3465 2243 3482 2271 ,
3511 2203 3737 2258 edisseras
3755 2218 3817 2257 or-

2324 2292 2510 2347 dinem
2564 2266 2847 2359 aﬁbaiuin,
2876 2290 3010 2346 illud
3061 2266 3319 2348 videlicet
3367 2266 3638 2349 enucleans
3680 2291 3820 2363 qui-et

2323 2392 2459 2456 quot
2481 2383 2671 2440 Patres
2694 2382 3011 2454 praefuerint
3038 2383 3171 2439 huic
3197 2384 3523 2438 sanctissimi
3559 2384 3729 2454 patroni
3752 2398 3819 2435 no-

2322 2475 2424 2529 stri
2454 2474 2602 2547 (212)
2639 2474 2912 2544 coenobio,
2950 2475 3008 2531 in
3043 2490 3157 2546 quo
3190 2490 3417 2533 summo
3452 2475 3734 2532 famulameu
3752 2473 3818 2530 de-

2323 2567 2484 2623 betur
2512 2565 2766 2623 Domino.
2804 2585 2825 2622 ι

2940 2648 3293 2712 Collectitius.

2401 2767 2420 2803 ‹
2454 2749 2700 2805 Primum
2746 2758 2800 2806 te
2847 2749 3161 2816 scire'volo,
3192 2764 3227 2804 ο
3272 2748 3590 2816 Ammonici,
3630 2747 3729 2819 quia
3761 2761 3820 2800 sa-

2324 2841 2512 2899 nitatis
2563 2843 2857 2909 beneficia,
2900 2844 3026 2914 qua:
3073 2843 3240 2912 paulo
3287 2852 3419 2899 ante
3463 2839 3744 2913 praenotavi,
3772 2836 3819 2891 ad

2325 2935 2639 3006 sepulcrum
2698 2934 2845 2989 beati
2913 2932 3205 2988 Ramuoldi
3290 2932 3494 2989 Christi
3571 2928 3822 2988 confessoris

2323 3037 2584 3099 expertus
2649 3043 2773 3083 sum
2829 3027 2915 3100 in.
2945 3026 3339 3097 absumptione
3402 3025 3615 3098 propriae
3656 3020 3821 3078 inﬁrmic

2325 3123 2474 3177 tatis.
2517 3120 2653 3176 Nam
2700 3137 2826 3177 cum
2864 3136 3002 3191 puer
3046 3135 3228 3176 essem
3268 3130 3329 3177 et
3367 3120 3424 3175 in
3461 3121 3571 3176 loco
3604 3116 3821 3188 requietio-

625 3218 723 3290 qui
767 3215 901 3274 tunc
942 3217 1082 3274 forte
1113 3189 1620 3290 aderant,vetquod
1650 3228 1735 3274 est
1769 3216 2018 3273 mirabile
2046 3189 2217 3286 dictu,
2250 3189 2293 3251 (ἶ
2325 3213 2412 3266 uis
2436 3213 2581 3268 beati
2608 3213 2711 3269 viri
2737 3189 3024 3284 perplures
3063 3213 3291 3269 sanitati
3333 3212 3566 3269 redditos
3598 3210 3819 3272 audissem.

624 3308 877 3365 viderant
903 3300 1159 3381 spiritum
1186 3311 1532 3367 immundum
1558 3312 1626 3368 de
1655 3328 1766 3366 una
1792 3310 1995 3367 femina
2037 3312 2220 3368 exisse

625 3417 725 3472 per
765 3403 1091 3458 nebulosam
1118 3401 1418 3459 foeditatem
1447 3403 1515 3459 de
1544 3405 1651 3460 alia
1673 3420 1803 3461 vero
1832 3421 1930 3475 per
1957 3403 2220 3460 scarabmi

628 3500 823 3547 tetram
856 3491 1280 3548 deformitatem.
1313 3492 1454 3561 Quid
1482 3496 1672 3566 plura?
1702 3505 1983 3565 nostrapte
2020 3495 2221 3566 quippe

626 3600 715 3638 ore
745 3582 1059 3653 dicendum,
1089 3586 1196 3639 imo
1221 3586 1377 3640 corde
1407 3586 1713 3656 ﬁrmissime
1744 3586 2022 3640 tenendum
2046 3584 2217 3657 (210),

627 3675 740 3731 Deo
774 3677 998 3747 gratias.
1038 3677 1181 3745 Quia
1207 3678 1296 3733 his
1331 3687 1386 3734 et
1420 3679 1624 3735 talibus
1660 3678 1903 3747 indiciis,
1942 3694 2039 3748 per
2072 3677 2219 3733 clara

626 3765 925 3821 electorum
962 3768 1192 3836 merita,
1229 3784 1261 3824 a
1297 3769 1417 3824 suis
1446 3768 1789 3825 benedicitur
1822 3766 2089 3823 Dominus
2115 3811 2131 3835 ,
2167 3776 2222 3823 et

626 3856 708 3911 uti
739 3856 966 3928 dignum
996 3867 1081 3916 est
1106 3873 1139 3913 a
1166 3876 1278 3916 non
1314 3860 1433 3916 suis
1465 3860 1821 3916 confunditur
1850 3876 1915 3916 ac
1939 3860 2221 3931 repellitur

625 3947 899 4017 diabolus,
930 3960 1223 4007 attestante
1260 3950 1545 4023 Scriptura
1568 3962 1622 4008 et
1641 3952 1853 4008 dicente
1883 3969 1898 4008 :
1927 3950 2086 4008 Novit
2112 3950 2221 4007 Do-

628 4039 834 4109 minus,
868 4043 964 4112 qui
1001 4051 1132 4098 sunt
1167 4044 1316 4099 illius
1345 4044 1514 4115 (211).

706 4149 726 4183 ι
738 4129 1007 4203 Tempore
1027 4134 1327 4204 quoddam,
1342 4150 1468 4190 cum
1482 4133 1868 4190 aChristicolis
1877 4134 2215 4202 hominibus,

628 4235 741 4276 non
774 4223 952 4279 solum
982 4225 1049 4280 de
1077 4226 1194 4296 ipsa
1223 4225 1711 4282 Ratishoncnsium
1738 4228 1957 4283 civitate
1978 4267 1994 4295 ,
2026 4227 2120 4283 sed
2151 4242 2219 4283 ex.

627 4313 874 4383 ejusdem
914 4317 1275 4373 surburbanis
1321 4318 1461 4373 locis
1492 4329 1906 4374 concurreretur
1936 4318 2002 4374 ad
2041 4318 2219 4374 eccle-

629 4405 771 4459 siam
798 4404 984 4461 Sancti
1022 4405 1413 4463 Emmerammi
1450 4409 1707 4481 martyris
1736 4452 1751 4478 ,
1783 4410 1841 4464 in
1871 4410 2080 4466 caeteris
2122 4410 2219 4481 qui

628 4509 1023 4568 convenerant,
1056 4500 1254 4555 mulier
1283 4500 1535 4572 quaedam
1567 4503 1802 4559 accessit
1837 4520 1963 4559 cum
1991 4489 2230 4575 pignore.
2251 4535 2296 4590 Β
2321 4500 2616 4558 salutifera:
2640 4518 2858 4558 manus.
2898 4522 2917 4555 ι

628 4588 878 4644 miraculi
904 4590 1160 4646 recentis.
1195 4590 1439 4646 Adhaesit
1465 4592 1610 4646 enim
1640 4594 1788 4650 illius
1814 4594 2004 4648 manui
2033 4594 2214 4662 fusus,

628 4680 846 4736 ﬁlorum
875 4682 1112 4737 tortione
1139 4680 1439 4738 confertus.
1469 4681 1642 4750 Quem
1670 4700 1794 4739 cum
1833 4685 2145 4740 nullatenus
2186 4698 2219 4740 e

626 4773 750 4827 vola
776 4772 1032 4829 divellere
1056 4816 1071 4842 ,
1099 4790 1201 4830 nec
1225 4775 1337 4829 ullo
1377 4775 1538 4831 modo
1578 4784 1692 4831 tam
1722 4776 1925 4848 grande
1951 4777 2157 4831 malum
2186 4791 2221 4831 a

628 4876 689 4916 se
732 4863 914 4932 quiret
952 4863 1236 4934 repellere,
1276 4865 1441 4919 anxia
1478 4865 1700 4920 demum
1741 4867 1890 4922 venit
1929 4866 1998 4922 ad
2038 4867 2222 4939 sepul-

627 4971 784 5011 crum
809 4958 1208 5012 venerabillimi
1249 4956 1428 5013 Patris
1470 4957 1780 5014 Ramuoldi.
1815 4958 1914 5015 Ubi
1938 4976 2063 5015 cum
2090 4961 2223 5017 ado-

628 5054 774 5100 raret
818 5055 982 5117 atque
1025 5063 1149 5103 curn
1201 5047 1460 5119 lacrymis
1519 5064 1705 5119 preces
1762 5047 2052 5119 funderet,
2119 5051 2223 5106 sub

628 5156 728 5213 spe
773 5142 971 5199 salutis
996 5158 1223 5198 manum
1250 5144 1539 5199 tremulam
1564 5153 1623 5199 ut
1648 5145 1888 5214 primum
1912 5145 2096 5215 posuit
2124 5161 2221 5201 su-

526 5241 530 5245 “
627 5246 727 5303 per
752 5233 899 5288 beati
922 5233 1025 5289 viri
1051 5234 1318 5301 tumbam,
1347 5250 1475 5288 mox
1506 5250 1601 5304 per
1630 5236 1931 5305 potentiam
1969 5235 2220 5291 Domini-

629 5338 709 5380 (ξω
734 5340 933 5381 manus
958 5326 1126 5381 homo
1153 5342 1309 5382 suam
1339 5326 1463 5382 inde
1490 5327 1687 5383 levavit
1715 5344 1905 5385 sanus.
1937 5329 2091 5385 Tunc
2124 5328 2222 5401 qui

630 5413 856 5472 fortuito
900 5416 1029 5473 huic
1075 5416 1220 5474 facto
1266 5419 1600 5487 intererant,
1634 5435 1736 5477 nec
1761 5437 1872 5477 non
1901 5421 2086 5478 ιιιὐίῑυί
2123 5421 2218 5493 qui

629 5517 1014 5576 accurrerant,
1061 5511 1265 5581 gratias
1319 5520 1543 5582 agentes
1587 5510 1701 5569 Deo
1752 5523 1808 5570 et
1851 5515 2011 5570 beato
2054 5514 2215 5582 viro,

630 5600 1039 5670 suSpenderunt
1076 5602 1330 5658 eumdem
1372 5601 1557 5659 fusum
1588 5608 1825 5678 posteris
1864 5608 1931 5665 ad
1966 5607 2218 5680 magnale

726 5714 854 5858 2093
892 5715 1011 5771 Alia
1041 5717 1239 5772 littera.

726 5786 830 5841 210
890 5787 1010 5845 Alia
1035 5789 1216 5845 littera

725 5786 852 5847 210)
890 5787 1010 5845 Alia
1035 5789 1216 5845 littera
1242 5788 1299 5847 in
1322 5804 1427 5845 ms.

2321 3302 2472 3359 febre
2515 3304 2751 3359 nimium
2799 3304 3028 3361 allectus
3058 3313 3111 3360 et
3141 3305 3212 3359 ob
3238 3305 3409 3377 hujus
3436 3303 3755 3360 relevationem
3782 3300 3820 3353 in

2321 3394 2634 3465 pavimento
2664 3395 2961 3466 projectus,
3003 3411 3311 3468 persuasus
3361 3396 3579 3453 consilio
3605 3391 3818 3464 cujusdam

2322 3486 2625 3543 sacerdotis
2690 3487 2785 3558 qui
2831 3487 3082 3558 ejusdem
3124 3489 3201 3560 pii
3234 3488 3458 3557 Patris,
3508 3488 3625 3543 dum
3649 3487 3818 3547 vixerat.

2320 3577 2531 3633 exstitit
2612 3576 2903 3634 familiaris
2929 3618 2946 3649 ,
3020 3579 3229 3634 tentari
3293 3594 3386 3636 me
3449 3578 3629 3634 ibidem
3683 3585 3819 3630 somno

2320 3665 2473 3723 dare.

2398 3781 2418 3815 ι
2463 3761 2712 3834 Cumque
2749 3763 3148 3836 aliquantisper
3176 3773 3470 3835 soporatus
3498 3757 3727 3823 fuissem}
3756 3770 3820 3826 νοτ

2321 3871 2577 3915 somnum
2601 3858 2712 3914 vidi
2738 3858 2955 3915 Patrem
2981 3858 3370 3926 reverendum,
3394 3858 3572 3914 habitu
3594 3848 3820 3909 monastiw

2321 3950 2595 4018 indutum,
2641 3950 2802 4020 quasi
2829 3949 3020 4007 sedere
3046 3967 3077 4006 a
3102 3950 3316 4007 dextris
3346 3949 3488 4007 beati
3518 3937 3819 4002 Emmerammi

2320 4043 2597 4115 martyris.
2629 4042 2801 4113 Cujus
2826 4042 3195 4099 venerandam
3222 4042 3484 4098 canitiem
3514 4037 3727 4100 intuitus,
3748 4028 3820 4087 ini-

2320 4135 2486 4190 rabar
2508 4149 2672 4206 super
2697 4134 3105 4204 pulchritudine
3130 4135 3317 4191 vultus
3342 4134 3462 4205 ejus
3488 4174 3502 4200 ,
3538 4146 3628 4186 nec
3647 4142 3732 4183 non
3754 4137 3821 4177 su-

2319 4243 2416 4299 per
2438 4227 2677 4284 candore
2702 4238 3024 4284 caeterorum
3054 4227 3431 4283 membrorum
3457 4225 3609 4280 illius.
3646 4218 3737 4287 Qua
3761 4212 3820 4266 vi-

2320 4318 2478 4373 sione
2504 4318 2664 4374 valde
2696 4318 3027 4385 laetiiicatus,
3056 4318 3152 4388 qui
3180 4326 3344 4373 antea
3372 4316 3448 4371 fui
3474 4314 3715 4385 fatigatus,
3735 4317 3821 4360 sur-

2317 4411 2436 4466 rexi
2462 4426 2653 4479 sanus,
2681 4410 2794 4466 Deo
2818 4411 3023 4483 gratias
3045 4409 3315 4480 referens,
3343 4410 3471 4481 quia
3491 4404 3624 4463 sensi
3643 4403 3819 4457 levamen

2916 4593 3303 4647 Ammonicius.

2396 4704 2414 4738 ι
2444 4684 2636 4741 Merito
2653 4684 2883 4757 pueritia
2909 4693 3021 4751 tua,
3036 4700 3069 4739 o
3092 4667 3821 4750 Collectiti,divinitusconsolt-

2319 4784 2395 4845 ta,
2425 4777 2483 4832 in
2513 4778 2777 4832 memoria
2808 4776 3134 4831 beneficium
3159 4776 3409 4831 tenacius
3437 4767 3697 4828 reservavit
3712 4773 3818 4829 rcP°‘

2323 4870 2511 4936 situm,
2549 4870 2620 4924 ob
2647 4869 2702 4924 id
2736 4884 2977 4939 quoque,
3004 4876 3065 4922 ut
3086 4867 3307 4939 juvenis
3339 4866 3579 4929 haberes,
3604 4859 3719 4915 unde
3733 4862 3816 4908 tan-

2322 4970 2380 5017 to
2402 4962 2545 5033 patri
2570 4970 2749 5033 grates
2774 4961 3123 5031 rependeres,
3146 4960 3266 5031 ejus
3285 4959 3436 5029 atqui
3463 4965 3599 5028 gesta
3624 4962 3738 5006 nunc
3755 4944 3802 4996 dc

2321 5061 2447 5108 vote
2473 5054 2852 5124 scriptitando,
2889 5053 2984 5123 qui
3011 5061 3063 5108 te
3088 5068 3237 5107 nunc
3265 5051 3488 5122 adjuvit,
3516 5057 3566 5103 et
3591 5044 3734 5101 adhuc
3757 5048 3817 5088 $9-

2321 5146 2452 5202 dulo
2477 5147 2698 5217 adjuvat
2725 5147 2954 5202 orando.
2987 5145 3064 5202 De
3093 5155 3288 5202 caetero
3324 5159 3505 5200 rerum
3530 5138 3673 5209 exigit
3707 5129 3813 5184 ordo.

2321 5253 2431 5308 qua
2491 5237 2714 5293 Patrum
2764 5239 3097 5309 postulatam
3145 5235 3565 5299 successionem,
3606 5233 3707 5300 post
3727 5219 3815 5275 hinc

2320 5329 2631 5385 describere
2671 5331 2810 5386 velis
2858 5346 2956 5401 per
3004 5339 3202 5399 ratam,
3238 5339 3298 5386 ut
3350 5335 3568 5400 oportet,
3595 5320 3812 5377 verborum

2317 5421 2747 5478 successionem.
2794 5443 2813 5474 ι

2936 5514 3288 5571 Collectitius.

2396 5624 2415 5658 ι
2454 5604 2560 5661 Per
2582 5605 2905 5662 charitatem
2931 5617 3156 5678 paratus
3172 5624 3289 5665 sum
3312 5604 3537 5679 proximi
3555 5599 3810 5657 voluntatem

2413 5719 2540 5774 2H)
2580 5717 2626 5773 Il
2652 5719 2791 5774 Tim.
2821 5737 2881 5774 ιι.

2413 5719 2510 5774 211
2580 5719 2626 5773 Il
2652 5719 2791 5774 Tim.
2821 5737 2881 5774 ιι.

2389 5719 2543 5861 E212;
2578 5790 2699 5846 Alia
2721 5791 2918 5847 littera.
