4018 6386
226 386 365 445 1061

895 380 985 437 DE
1023 374 1398 440 MIRACULIS
1440 384 1497 440 S.
1538 382 1965 442 EMMERAMMI
2002 385 2185 442 LIBRI
2222 386 2387 444 DUO.
2425 418 2497 431 —-
2534 388 2666 447 LIB.
2708 391 2775 450 ll.

3370 401 3513 487 mea
3544 376 3551 386 ’

223 515 330 558 seu
349 499 696 558 dilectionem
723 496 904 568 sequi,
930 511 1055 566 quae.
1080 497 1457 552 omnihomini
1478 497 1819 571 Christiano,
1850 508 1897 566 Α
1923 502 2109 574 itaque
2138 503 2194 559 in
2216 520 2444 561 carruca
2478 522 2627 576 eum,
2650 509 2904 580 quamvis
2940 509 3218 570 laboriose
3264 515 3514 574 advecta~

225 593 279 650 si
314 599 466 648 recto
488 589 707 645 tramite
725 587 948 657 incedit,
972 596 1234 644 aeternam
1266 586 1580 644 felicitatem
1604 591 1814 660 paritu-

221 702 291 742 ra
337 684 443 742 erit
484 682 653 755 (215).
704 681 861 748 Quod
911 680 1207 752 Apostolus
1253 681 1540 738 conﬁrmat
1565 677 1808 741 dicens:

224 777 458 835 Dilectio
504 775 739 848 proximi
778 775 985 830 malum
1042 791 1154 831 non
1208 785 1486 845 operatur,
1530 777 1812 848 plenitudo

220 886 357 942 ergo
376 870 514 943 legis
532 876 619 925 est
645 868 867 924 dilectio
893 867 1063 939 (2M).
1100 866 1271 937 Igitur
1307 877 1432 939 post
1454 870 1810 926 reverendum

220 960 445 1018 Patrem
468 959 856 1027 Ramuoldum,
908 973 1120 1029 magnae
1176 957 1385 1014 scilicet
1425 961 1705 1016 memoriae
1725 961 1810 1016 vi-

220 1068 373 1121 rum,
425 1046 672 1124 regimen
732 1049 899 1120 hujus
955 1048 1280 1104 monasterii
1340 1050 1582 1119 suscepit
1639 1052 1810 1108 abbas

220 1145 642 1215 Wolframmus,
670 1153 724 1200 et
772 1143 889 1214 ipse
915 1142 972 1197 in
1026 1142 1446 1197 mansuetudine
1491 1143 1812 1214 cacterisque

220 1240 522 1295 virtutibus
573 1236 670 1293 Dei
711 1251 925 1292 servus.
953 1233 1053 1291 Hie
1088 1234 1279 1290 habuit
1318 1246 1695 1291 successorem
1741 1251 1809 1291 ex

219 1331 453 1403 collegio
488 1329 719 1386 fratrum
739 1328 992 1383 abbatem
1035 1327 1291 1394 electum,
1324 1326 1546 1383 nomine
1588 1326 1811 1383 Rihbol-

215 1425 373 1481 dum.
414 1421 557 1479 Huic
605 1420 874 1478 successit
924 1419 1181 1475 dominus
1249 1417 1557 1475 Hartwicus
1598 1436 1809 1491 magna:

213 1515 440 1572 virtutis
475 1512 707 1587 amicus,
748 1513 866 1584 qui,
903 1520 1097 1582 sponte
1149 1512 1409 1570 deserens
1451 1513 1808 1584 praesulatum

215 1606 479 1674 coenobii,
503 1606 725 1677 reliquit
744 1605 879 1661 abba
887 1604 1019 1660 tiam
1038 1604 1261 1660 domino
1282 1603 1597 1659 Burcbardo
1614 1620 1807 1679 regen-

213 1700 365 1755 dam.
399 1697 519 1765 Quo
541 1696 820 1764 defuncto,
844 1696 1051 1764 divina,
1078 1696 1158 1752 uti
1181 1711 1489 1766 speramus,
1513 1698 1807 1767 providen-

213 1791 293 1845 tia
323 1790 743 1847 necessitatibus
760 1788 966 1844 nostris
987 1788 1281 1845 destinavit
1299 1789 1480 1845 virum
1518 1790 1804 1845 venerabi-

1915 594 2069 662 bant,
2095 604 2282 667 utpote
2334 597 2403 654 de
2447 599 2570 655 loco
2600 600 2921 673 longinquo.
2947 602 2996 659 ls
3032 604 3087 659 in
3143 607 3321 678 prima
3372 610 3509 668 hora

1914 694 2105 744 octava
2149 689 2280 757 dici,
2334 691 2558 748 nutibus
2588 700 2643 748 et
2666 694 2840 765 signis
2866 697 3069 766 quibus
3116 702 3316 770 potuit,
3347 718 3409 759 se
3436 703 3507 759 ab

1912 779 2108 836 amicis
2132 782 2248 838 suis
2272 782 2329 838 in
2364 784 2655 841 ecclesiam
2688 786 2744 841 S.
2770 787 3161 846 Emmerammi
3192 793 3387 850 deduci
3415 811 3510 852 ro-

1912 870 2078 939 gavit.
2113 869 2368 938 Quicum
2390 891 2617 930 suorum
2649 879 2906 935 manibus
2931 890 2984 935 et
3018 882 3260 939 brachiis
3291 895 3509 943 susten-

1912 967 2058 1016 tatus
2095 961 2153 1016 in
2174 964 2499 1020 occidentali
2542 976 2696 1037 parte
2720 970 3051 1027 consisteret
3092 972 3273 1031 felicis
3308 976 3504 1033 basili»

1910 1070 2007 1123 cae,
2038 1071 2197 1112 secus
2217 1059 2530 1115 columnam
2560 1061 2768 1118 scilicet
2782 1080 2904 1136 qua:
2929 1078 3308 1126 consecratam
3330 1072 3387 1126 in
3405 1088 3506 1144 pe-

1910 1155 1995 1202 tra
2024 1148 2160 1203 solet
2221 1148 2422 1206 habere
2480 1168 2679 1223 aquam
2739 1170 3041 1214 conversus
3087 1162 3156 1216 ad
3215 1162 3506 1232 orientem,

1908 1240 2192 1310 paululum
2231 1243 2492 1298 inclinato
2524 1247 2700 1315 capite
2729 1246 2848 1303 sine
2881 1251 3063 1307 verbis
3117 1253 3313 1320 oravit,
3349 1258 3504 1326 quia

1907 1329 2060 1400 loqui
2105 1346 2215 1386 non
2250 1333 2445 1403 potuit.
2500 1333 2640 1391 Ecce
2706 1338 2897 1394 vidite
2928 1341 3150 1413 regione
3202 1344 3509 1401 beatissimi

1908 1421 2168 1494 martyris
2209 1438 2359 1478 aram
2401 1426 2562 1495 quasi
2611 1428 2826 1499 igneam
2862 1439 2917 1487 et
2937 1448 3137 1504 magno
3160 1434 3366 1491 lumine
3399 1437 3511 1492 cir-

1907 1513 2242 1582 cumdatam,
2268 1524 2323 1571 et
2351 1516 2417 1575 de
2456 1533 2519 1572 ea
2539 1519 2707 1573 veluti
2730 1521 2862 1578 solis
2894 1523 3079 1580 radios
3102 1526 3245 1580 mitti
3275 1542 3508 1598 conspe—

1905 1602 1987 1657 xit
2009 1603 2065 1658 in
2086 1603 2282 1660 faciem
2304 1620 2482 1662 suam.
2515 1607 2670 1665 Tunc
2696 1611 2766 1665 ob
2792 1612 3071 1669 insolitam
3089 1616 3356 1672 visionem
3377 1633 3507 1688 per-

1905 1694 2129 1751 territus
2153 1705 2317 1767 atque
2357 1698 2728 1769 tremefactus,
2768 1703 3050 1776 nimioque
3073 1709 3274 1764 sudore
3311 1710 3508 1764 hume-

1906 1782 2108 1854 factus,
2181 1789 2403 1845 demum
2465 1793 2877 1864 convalescens,
2926 1798 3092 1869 carpit
3148 1799 3254 1855 fari
3293 1801 3374 1857 sic
3422 1801 3507 1856 di-

211 1882 325 1938 lem
345 1882 549 1953 pariter
572 1889 627 1938 et
654 1881 946 1937 amabilem
1001 1880 1307 1949 dominum,
1331 1880 1583 1937 videlicet
1634 1870 1880 1971 Udal-‘B
1903 1892 2070 1971 cens:
2105 1878 2218 1936 Deo
2240 1882 2463 1954 gratias.
2498 1883 2673 1952 Quam
2702 1878 2964 1960 magnam
2990 1906 3106 1947 rem
3134 1892 3324 1948 video!
3368 1891 3506 1948 Vere

208 1974 415 2041 ricam,
447 1973 605 2045 prius
626 1973 684 2027 in
703 1972 971 2028 canonica
990 1971 1102 2028 vita
1124 1972 1700 2044 plurigena’probitate
1713 1975 1803 2031 de-

207 2075 483 2133 coratum,
512 2080 662 2122 nunc
685 2073 870 2121 autem
899 2065 1226 2138 regulariter
1254 2073 1310 2121 et
1329 2067 1649 2123 monasticae
1672 2068 1802 2124 huic

204 2158 620 2232 congregationi
660 2158 965 2230 pnelatum.
1004 2158 1207 2215 Beatus
1252 2174 1382 2231 ergo
1436 2159 1797 2229 Ramuoldus,

201 2251 306 2321 qui
344 2250 680 2307 desiderium
720 2266 903 2318 suum,
952 2251 1100 2322 quod
1138 2251 1331 2307 habuit
1374 2253 1433 2308 in
1479 2252 1797 2320 Dominum,

202 2347 418 2418 optime
448 2346 688 2417 prodidit
724 2346 996 2402 vocabulo
1041 2346 1232 2403 arietis
1256 2345 1380 2420 [al.,
1409 2347 1663 2421 arietem]
1709 2363 1804 2403 vo-

200 2438 394 2506 lentis,
432 2438 488 2494 id
521 2445 628 2505 est,
651 2436 935 2493 Christum
964 2438 1361 2505 desiderantis;
1384 2438 1597 2508 primus
1622 2438 1802 2509 provi-

202 2514 304 2584 sor
324 2528 489 2599 hujus
512 2528 620 2583 loci
662 2527 969 2583 secundum
1023 2527 1271 2600 regulam
1322 2527 1589 2583 existens.
1641 2526 1800 2584 Hunc

201 2620 307 2691 qui
327 2619 489 2676 modo
511 2618 800 2675 nobiscum
824 2619 1069 2691 regimen
1105 2618 1342 2675 ceenobii
1372 2619 1651 2675 ministrat
1685 2634 1715 2674 a
1741 2635 1801 2675 se

201 2725 439 2767 numero
467 2717 704 2778 sextum,
736 2712 931 2767 merito
955 2711 1293 2766 demonstrat
1324 2710 1647 2767 secundum.
1683 2708 1798 2768 Sub

201 2816 321 2873 quo
356 2801 518 2857 nobis
546 2810 802 2871 optamus
842 2811 904 2858 ut
932 2801 1099 2856 liceat
1139 2800 1423 2856 senarium
1475 2815 1795 2856 sacramen-

199 2900 325 2947 tum
346 2891 441 2946 diu
464 2892 760 2961 celebrare,
786 2907 889 2949 nec
910 2907 1020 2947 non
1048 2891 1234 2947 divina
1285 2890 1651 2961 confessione,
1693 2908 1799 2950 ca:-

200 2992 325 3041 tera
344 2982 525 3040 studia
544 2982 765 3055 pietatis
787 2999 949 3054 opere
974 2992 1028 3039 et
1046 2983 1214 3039 verbo
1240 2998 1513 3041 exercere.
1558 3003 1579 3038 ›

803 3076 845 3130 Α
856 3076 1190 3131 mmonicius.

280 3186 303 3220 ι
346 3164 619 3222 Dictatum
646 3175 801 3223 tuum
824 3183 990 3238 quem
1010 3166 1191 3224 fecisti
1216 3168 1479 3238 paulatim
1503 3168 1794 3226 scribendo

197 3274 383 3330 usque
401 3259 511 3314 huc
531 3274 719 3328 repere
739 3300 754 3328 ,
800 3266 926 3330 post
958 3259 1090 3314 hinc
1127 3275 1352 3315 necesse
1383 3269 1468 3315 est
1519 3269 1581 3316 ut
1620 3260 1793 3318 facias
1819 3229 1865 3290 δ

196 3365 445 3417 currere,
472 3365 538 3407 ea
559 3351 810 3407 videlicet
836 3351 1052 3407 ratione
1081 3366 1193 3422 quo
1219 3352 1429 3422 aliquid
1468 3354 1792 3423 tempestive

201 3442 426 3513 :olligas
449 3443 534 3498 vel
558 3443 895 3510 conscribas,
944 3443 1092 3514 quod
1130 3443 1185 3497 in
1215 3442 1511 3500 festivitate
1553 3446 1609 3499 S.
1663 3444 1794 3500 Em-

195 3534 510 3602 merammi,
536 3549 659 3604 quae
680 3535 795 3605 jam
840 3534 1039 3590 faciem
1085 3551 1401 3606 praeparans
1429 3538 1795 3607 quodammo-

196 3625 271 3678 do
288 3625 407 3682 suis
435 3626 639 3682 arridet
683 3642 884 3682 novum
932 3627 1150 3696 oﬂ‘eras,
1200 3638 1389 3700 utpote
1429 3638 1525 3685 tuo
1566 3633 1792 3702 speciali

193 3724 452 3786 patrono,
489 3716 603 3771 imo
633 3719 914 3774 communi
942 3719 1193 3776 omnium
1212 3722 1577 3794 quaerentium
1602 3721 1791 3779 Domi-

194 3821 335 3862 num
360 3805 450 3864 fau
458 3807 583 3864 tori.
631 3826 650 3862 ι

813 3901 1171 3959 Collectitius.

274 4004 300 4043 ι
332 3986 471 4046 Novi
491 4004 580 4046 me
595 3986 667 4048 ad
691 3987 751 4048 id
781 3993 943 4050 valde
974 3994 1265 4067 indignum
1302 4004 1365 4053 ut
1407 3997 1545 4054 mihi
1597 4014 1790 4070 pecca-

189 4082 305 4140 tOri
329 4083 600 4141 vindicem
624 4082 765 4141 tanti
810 4086 1030 4156 patroni
1082 4089 1498 4159 specialitatem.
1550 4090 1787 4151 Proinde

191 4173 517 4232 humiliatus
544 4186 672 4247 opto
698 4185 759 4234 ut
777 4180 1035 4249 parvitati
1058 4197 1194 4237 meae
1218 4183 1410 4239 saltem
1455 4187 1787 4242 concedatur

190 4278 291 4332 per
316 4254 504 4334 preces
551 4268 720 4336 illius,
752 4278 1028 4339 quatenus
1080 4288 1206 4327 cum
1258 4276 1471 4331 caeteris
1529 4277 1783 4337 fidelibus

190 4354 444 4424 amplecti
463 4356 674 4414 valeam
693 4359 1139 4416 communionem
1179 4362 1417 4419 beatam.
1474 4364 1590 4421 Sub
1615 4367 1781 4437 hujus

189 4460 324 4516 ergo
347 4447 425 4501 rei
447 4447 734 4506 all'ecticne
768 4451 1056 4523 aggrediar
1087 4469 1213 4523 quae
1251 4464 1560 4525 sequuntur
1609 4459 1778 4513 cude-

188 4549 271 4589 re.
301 4534 403 4590 Per
426 4539 717 4595 annualem
761 4541 913 4611 atqui
943 4556 1189 4608 cursum,
1219 4544 1500 4612 redeunte,
1531 4546 1777 4615 ejusdem

186 4626 406 4695 patroni
434 4629 605 4684 nostri
644 4646 786 4702 saepe
808 4633 1075 4688 nominati
1110 4635 1421 4706 saepiusque
1460 4640 1779 4696 nominandi

185 4718 441 4773 natalitio
470 4720 579 4788 die,
611 4721 684 4777 ob
732 4723 894 4778 solita
937 4723 1227 4793 beneficia,
1278 4737 1610 4785 convenerat
1651 4731 1783 4789 illud

182 4809 348 4867 turba
379 4824 489 4865 non
536 4813 771 4869 modica.
813 4814 1061 4886 Cumque
1103 4817 1179 4872 ibi
1235 4833 1334 4889 per
1362 4819 1549 4875 divina
1602 4822 1780 4879 cilicia

185 4897 301 4955 Deo
340 4909 396 4957 et
441 4904 643 4961 sanctis
664 4906 847 4961 oblata
875 4918 1062 4964 essent
1104 4908 1330 4966 laudum
1367 4912 1673 5000 sacriﬁcia,
1713 4932 1779 4974 ac

184 5006 298 5046 non
322 4992 529 5064 absque
578 4996 752 5068 signis
810 5006 863 5054 et
902 4999 1183 5058 miraculis
1222 5003 1325 5058 rite
1346 5014 1564 5074 peracta
1598 4992 1777 5063 forent

184 5082 477 5152 solemnia,
526 5088 911 5159 unusquisque
956 5106 1084 5146 cum
1132 5094 1333 5165 gaudio
1383 5099 1648 5153 remeavit
1706 5100 1773 5155 ad

182 5177 425 5246 propria.
472 5175 613 5234 Tum
671 5181 899 5254 contigit
955 5186 1246 5255 quemdam
1289 5202 1583 5258 pauperem
1609 5233 1624 5257 ,
1678 5191 1771 5262 qui

180 5281 312 5322 eum
337 5268 460 5326 aliis
486 5270 554 5326 ad
576 5280 727 5328 tanta
748 5274 947 5345 gaudia
972 5276 1054 5332 ire
1077 5277 1339 5346 decrevit,
1364 5296 1466 5336 nec
1484 5283 1771 5352 pervenire

178 5361 379 5430 potuit,
411 5362 501 5417 vix
547 5365 770 5420 tandem
827 5366 886 5422 in
928 5368 1017 5426 die
1060 5371 1290 5440 septima
1322 5371 1390 5426 ad
1421 5374 1665 5443 cupitum
1696 5375 1773 5431 lo-

180 5467 311 5507 cum
338 5468 369 5508 a
396 5455 515 5509 suis
534 5456 758 5524 perduci
796 5472 997 5529 posse;
1037 5470 1152 5518 erat
1207 5464 1355 5519 enim
1411 5467 1765 5539 paralyticus,

177 5552 256 5610 et,
278 5553 338 5599 ut
359 5546 437 5599 ita
464 5546 664 5615 dicam,
700 5550 821 5621 plus
855 5569 1015 5622 quam
1068 5553 1292 5613 claudus
1319 5555 1493 5629 (215),
1544 5560 1617 5614 ob
1662 5562 1767 5618 hoc

253 5680 404 5754 (ἓζῖρ)
446 5680 479 5754 ζ
523 5681 646 5738 Cor.
678 5700 798 5740 xm.

274 5751 403 5819 2H)
445 5751 594 5807 Ront.
625 5770 742 5807 xui.

273 5823 405 5893 215)
462 5823 582 5879 Alia
619 5824 815 5879 littera.

1902 1967 2170 2028 Dominus
2193 1980 2279 2029 est
2314 1974 2371 2029 in
2410 1976 2533 2031 loco
2564 1977 2692 2047 isto,
2719 1980 2812 2051 qui
2844 1996 2943 2051 per
2978 1998 3167 2053 preces
3214 1985 3300 2041 sui
3320 1985 3501 2041 dilecti

1902 2063 2059 2118 testis
2091 2065 2297 2135 optima
2322 2066 2412 2123 hic
2432 2068 2646 2125 confert
2667 2072 3031 2129 medicamina
3077 2076 3194 2132 sive
3231 2076 3504 2133 solamina

1900 2156 2125 2225 aegrotis
2177 2166 2231 2213 et
2253 2161 2485 2220 mmstis.
2519 2159 2615 2219 His
2644 2163 2781 2220 visis
2818 2175 2872 2222 et
2902 2169 3124 2238 auditis,
3175 2172 3243 2226 de
3272 2180 3386 2227 tota
3417 2188 3503 2228 cc-

1900 2242 2067 2301 clesia
2095 2250 2462 2320 concurritur,
2491 2262 2587 2308 eta
2611 2256 2813 2325 populo
2836 2257 3155 2313 miraculum
3187 2261 3327 2315 idem
3350 2262 3500 2335 (216)

1900 2348 2198 2411 spectante,
2230 2358 2295 2398 ac
2319 2345 2484 2400 simul
2513 2347 2836 2417 admirante,
2874 2350 3041 2423 Kyrie
3060 2352 3257 2409 eleison
3303 2364 3499 2411 canta-

1898 2436 2009 2484 tur.
2050 2430 2223 2501 Cujus
2262 2432 2470 2491 clamor
2490 2451 2616 2492 cum
2651 2438 2737 2492 vix
2761 2440 2987 2496 auribus
3041 2452 3230 2513 posset
3258 2445 3497 2515 sutl‘erri,

1898 2521 2241 2593 primamque
2277 2540 2380 2583 nos
2426 2526 2647 2584 interim
2684 2540 2968 2589 cantantes
3016 2534 3215 2606 oppido
3253 2537 3497 2593 deterre-

1897 2620 2000 2680 ret,
2025 2613 2170 2669 idem
2194 2616 2360 2672 homo
2376 2621 2717 2689 catervatim,
2746 2622 2816 2677 ab
2852 2623 2940 2680 his
2963 2625 3058 2696 qui
3087 2633 3218 2682 tunc
3264 2627 3406 2685 forte
3428 2629 3499 2684 ob

1895 2704 2194 2760 novitatem
2216 2708 2294 2763 rei
2311 2709 2684 2768 confluxerant
2714 2715 2965 2785 Stipatus,
3017 2719 3248 2775 chorum
3299 2728 3385 2776 est
3409 2721 3500 2775 in-

1895 2796 2200 2854 troductus.
2235 2798 2483 2872 Cumque
2503 2804 2573 2860 ab
2596 2820 2662 2860 eo
2687 2815 2813 2863 ante
2835 2808 3006 2865 altare
3037 2809 3094 2865 S.
3136 2810 3487 2870 Emmeram-

1895 2889 1972 2943 mi
1991 2890 2310 2960 aliquandiu
2332 2903 2546 2950 oratum
2567 2907 2734 2967 esset,
2766 2899 3000 2972 indeque
3046 2906 3316 2975 completa
3369 2921 3497 2963 ora—
3576 2937 3579 2940 ν

1896 2981 2065 3051 tione,
2097 2984 2262 3039 canui
2283 2983 2519 3043 fratrum
2548 2990 2911 3046 accedentium
2967 2994 3115 3067 (217)
3168 3000 3499 3056 assurrexis-

1895 3082 1998 3141 set,
2019 3075 2210 3145 jussus
2229 3086 2315 3132 est
2333 3094 2365 3134 a
2388 3081 2573 3151 priore
2595 3081 2653 3137 in
2693 3085 2953 3155 gradibus
3000 3089 3209 3151 sedere.
3231 3106 3493 3147 causam-

1895 3181 2002 3237 que
2061 3183 2219 3224 suam
2249 3185 2433 3227 coram
2478 3175 2729 3232 recitare.
2772 3176 2896 3245 Qui,
2964 3196 3092 3236 mox
3154 3182 3413 3238 obcdiens
3440 3192 3497 3240 et

1895 3259 2027 3328 quid
2059 3275 2261 3331 passus
2309 3265 2380 3320 sit
2417 3266 2475 3321 in
2511 3266 2745 3325 infantia
2774 3271 3011 3327 breviter
3046 3275 3362 3344 expediens,
3405 3276 3492 3331 in-

1893 3350 2098 3406 dicavit
2132 3368 2194 3409 se
2217 3355 2288 3410 al)
2317 3365 2443 3412 octo
2479 3360 2640 3415 annis
2678 3377 2855 3432 usque
2897 3364 2953 3419 in
2976 3365 3130 3420 illum
3165 3367 3308 3422 diem
3331 3384 3495 3439 para-

1893 3444 1996 3515 lysi
2030 3459 2152 3501 esse
2197 3448 2460 3517 solutum,
2499 3450 2791 3524 oﬂicioque
2822 3471 3088 3512 manuum
3142 3460 3489 3530 destitutum,

1892 3548 1995 3590 nec
2027 3550 2137 3590 non
2175 3537 2375 3607 pedum
2421 3555 2481 3595 se
2500 3551 2728 3612 questus
2763 3555 2846 3602 est
2874 3548 3092 3617 penitus
3121 3551 3368 3608 caruisse
3399 3553 3489 3609 in-

1868 3642 2071 3683 ‘eessu.
2112 3627 2266 3686 Tunc
2298 3632 2468 3701 petito
2509 3635 2712 3704 pariter
2737 3645 2792 3692 et
2826 3640 3071 3709 praestito
3093 3643 3311 3711 baculo,
3358 3645 3489 3715 quia

1888 3727 2114 3790 propter
2142 3728 2425 3777 nutantem
2448 3740 2697 3795 gressum
2725 3742 2864 3798 Opus
2902 3740 3020 3787 erat
3048 3732 3227 3789 alieno
3264 3743 3453 3790 susten
3476 3769 3489 3779 ο

1887 3814 2090 3881 taculo,
2149 3816 2402 3871 crucifixi
2450 3820 2521 3874 ob
2559 3836 2803 3878 amorem
2844 3835 2899 3880 et
2952 3842 3103 3896 spem
3154 3828 3486 3900 Redempto-

1889 3905 1988 3975 ris,
2029 3922 2131 3977 pro
2164 3923 2277 3978 quo
2313 3909 2521 3967 effusus
2553 3921 2638 3969 est
2674 3924 2979 3988 martyrum
3037 3921 3283 3993 sanguis,
3324 3938 3486 3977 accc-

1886 3998 1967 4069 pit
1993 4015 2233 4068 crucem,
2260 4002 2359 4071 per
2379 4019 2545 4073 quam
2573 4007 2848 4064 credimus
2895 4017 2949 4065 et
2991 4012 3199 4068 scimus
3239 4014 3486 4071 humano

1887 4091 2072 4162 generi
2094 4092 2277 4147 datam
2304 4092 2429 4149 fidei
2480 4096 2679 4165 lucem,
2726 4100 2916 4172 sicque
2962 4105 3199 4173 praevius
3231 4107 3481 4163 multiiu-

1876 4182 2031 4238 diuis
2050 4189 2160 4238 dux
2186 4187 2427 4255 perrexit
2449 4188 2517 4242 ad
2546 4186 2809 4246 Sanctum
2853 4192 3101 4264 Petrum,
3132 4212 3190 4252 se
3238 4212 3363 4253 cum
3387 4217 3486 4255 no-

1884 4273 2022 4327 vella
2052 4274 2287 4329 sanitate
2309 4286 2649 4344 praesentans
2693 4280 2990 4352 episcopali
3024 4285 3165 4352 sedi,
3192 4294 3254 4341 ut
3279 4296 3333 4342 et
3355 4288 3484 4357 plu-

1883 4376 1971 4416 res
1992 4363 2333 4434 contingeret
2390 4365 2657 4423 interesse
2689 4371 2891 4439 gaudio
2923 4376 3224 4444 communi,
3277 4388 3331 4433 et
3357 4378 3477 4449 ipse

1882 4452 2108 4522 implere
2157 4454 2433 4510 videretur
2472 4458 2620 4527 quod
2663 4458 2931 4518 Dominus
2971 4463 3029 4519 in
3069 4465 3365 4538 Evangelia
3402 4470 3484 4526 di-

1882 4543 1988 4598 cit:
2028 4540 2127 4609 lte,
2151 4544 2420 4600 ostendite
2454 4562 2553 4602 vos
2584 4551 2961 4608 sacerdotibus
3005 4554 3174 4626 (218).
3199 4555 3276 4611 lbi
3297 4574 3330 4612 a
3359 4558 3479 4615 Ma-

1882 4634 2234 4690 tricularibus
2262 4636 2495 4692 consilio
2524 4649 2747 4710 accepto
2777 4658 2846 4697 ne
2874 4659 3000 4699 cum
3039 4662 3234 4701 novem
3292 4648 3479 4722 ingra-

1880 4732 1971 4782 tus
2005 4726 2280 4792 existeret,
2306 4728 2400 4782 sed
2462 4743 2744 4801 regressus
2788 4734 2916 4790 illuc
2968 4736 3060 4789 ubi
3092 4739 3286 4796 salutis
3329 4741 3476 4798 dona

1884 4818 2143 4887 suscepit,
2177 4836 2300 4874 cum
2332 4821 2565 4889 decimo,
2618 4824 2671 4879 id
2721 4835 2805 4881 est
2837 4825 3204 4899 Samaritana,
3242 4849 3477 4907 magnas

1884 4911 2089 4982 gratias
2122 4920 2324 4982 ageret,
2363 4921 2478 4970 tota
2526 4931 2662 4986 pene
2698 4919 2916 4978 civitate
2957 4925 3252 4984 comitatus
3297 4930 3364 4985 ad
3407 4932 3471 4986 S.

1882 5000 2347 5058 Emmerammum
2374 5014 2459 5061 est
2484 5023 2758 5065 reversus.
2804 5010 2899 5070 Illa
2930 5015 3192 5075 nimirum
3240 5019 3330 5078 die
3370 5038 3476 5096 per

1878 5094 2104 5164 plateas,
2141 5095 2255 5151 imo
2287 5113 2385 5167 per
2412 5101 2595 5155 omnia
2633 5102 3115 5174 Ratisponensium
3139 5115 3290 5171 urbis
3319 5094 3470 5188 loca,

1876 5184 2044 5257 Kyrie
2078 5187 2273 5243 eleison
2290 5191 2539 5247 sonabat.
2563 5191 2772 5250 Christe
2793 5197 2988 5254 eleison
3008 5205 3324 5264 resultabat.
3351 5184 3472 5267 Deo

1875 5281 2103 5350 gratias,
2142 5290 2295 5353 grata
2335 5284 2733 5356 vicissitudine,
2756 5290 3029 5350 interdum
3054 5298 3123 5353 ab
3144 5299 3253 5369 bis,
3289 5301 3468 5360 inter-

1874 5370 2002 5427 dum
2033 5373 2103 5428 ab
2142 5374 2250 5431 illis
2282 5375 2587 5445 dicebatur,
2633 5390 2796 5453 atque
2825 5386 2881 5439 in
2913 5384 3061 5444 hune
3087 5392 3308 5448 modum
3357 5395 3469 5454 iter

1873 5463 1997 5520 ﬁdei
2025 5465 2095 5522 ab
2116 5467 2372 5523 omnibus
2418 5471 2711 5527 terebatur.
2763 5472 2820 5530 In
2865 5479 3098 5537 ecclesia
3139 5500 3270 5541 vero
3307 5496 3466 5547 tanta

1872 5557 2164 5613 exsultatio
2190 5558 2292 5614 fuit
2322 5558 2491 5616 Deum
2519 5563 2856 5624 laudantium
2897 5578 2947 5625 et
2970 5583 3097 5631 octo
3131 5591 3307 5637 annos
3331 5596 3465 5640 cum

1946 5694 2094 5760 (216)
2137 5695 2255 5749 Alia
2285 5696 2484 5753 littera.

1946 5694 2071 5760 (916
2137 5695 2255 5749 Alia
2285 5696 2484 5753 littera.

1944 5694 2094 5905 (“217$
2138 5765 2256 5820 Alia
2281 5768 2479 5833 littera,
2556 5806 2601 5845 ο

1945 5834 2070 5903 (218
2138 5843 2271 5891 Luc.
2302 5855 2433 5895 xvu.

1945 5834 2092 5903 (2l8)
2138 5843 2271 5891 Luc.
2302 5855 2433 5895 xvu.
