4104 5260
541 310 685 382 {063

1524 304 1829 365 ARNOLDI
1865 298 2468 364 EMMERAMMENSIS
2504 296 2812 359 MONACHI

3674 288 3814 347 106$

533 436 760 494 totidem
778 426 1211 490 beatitudinibus
1247 433 1457 483 octavae
1503 422 1611 479 diei
1667 419 2129 493 comparantium,
2158 435 2213 495 Α
2233 418 2547 474 laborarent
2580 412 2870 473 oculorum
2916 409 3126 480 dolore,
3169 408 3240 469 ab
3286 407 3548 468 omnibus
3591 406 3813 465 demum

534 538 600 585 ut
620 543 718 599 per
745 521 1111 583 confessionis
1135 528 1189 576 et
1215 515 1657 589 compunctionis
1676 514 1834 570 valde
1867 527 2125 568 necessa-

535 621 681 675 rium
705 616 951 689 ﬁdelibus
978 615 1207 680 bonum,
1233 626 1299 667 ea
1333 610 1421 665 die
1455 605 1708 665 diabolus
1758 604 2130 675 multipliciter

537 710 790 780 confusus
820 707 1177 779 ingemiscere
1210 704 1315 759 sibi
1345 700 1481 755 male
1529 698 1755 763 factum,
1794 700 1884 751 nfec
1916 700 2020 750 non
2064 695 2128 749 ob

541 790 798 869 martyris
855 806 1162 852 conventum
1188 794 1335 867 (219)
1383 790 1545 862 queri
1590 789 1795 861 grande
1848 794 2134 859 c0geretur

542 892 957 947 detrimentum.
1014 887 1155 955 Quid
1188 884 1384 955 plura?
1422 882 1530 936 Pro
1568 880 1848 935 beneficiis
1874 877 2141 934 solemnis

540 982 892 1047 visitationis,
915 998 947 1036 a
971 982 1138 1045 clero,
1158 976 1623 1032 monachorumve
1648 973 1840 1039 choro,
1861 980 1915 1025 et
1931 969 2135 1025 nihilo-

545 1074 730 1129 minus
752 1074 820 1128 ab
882 1088 1046 1128 sexus
1083 1070 1368 1139 utriusque
1403 1066 1604 1137 populo
1632 1104 1648 1131 ,
1690 1063 1922 1118 trifariis
1969 1062 2134 1128 votis,

547 1167 706 1221 alma:
734 1164 987 1219 Trinitati
1016 1162 1335 1235 persolutis,
1363 1159 1585 1215 tandem
1606 1160 1733 1211 cum
1755 1154 2136 1211 benedictione

547 1256 763 1312 licentia
793 1257 918 1311 data
940 1264 1022 1311 est
1041 1252 1254 1311 cunctis
1279 1250 1535 1315 abeundi,
1561 1264 1662 1303 nec
1687 1263 1799 1302 non
1821 1263 1946 1302 cum
1965 1246 2138 1316 tripu-

549 1348 641 1403 dio
661 1344 892 1419 triplicis
921 1345 1175 1401 miraculi
1197 1336 1423 1399 domum
1458 1338 1741 1396 redeundi.
1790 1355 1811 1390 ι

1157 1432 1542 1490 Ammonicius.

631 1530 650 1564 ι
692 1509 809 1567 Hoc
836 1508 1078 1565 trifidum
1118 1507 1266 1578 quod
1298 1507 1352 1559 in
1383 1518 1492 1559 uno
1545 1501 1777 1557 homine
1800 1498 2145 1555 declaratum

552 1602 821 1674 scripsisti
849 1600 1203 1664 miraculum,
1237 1597 1292 1651 in
1330 1594 1553 1650 nomine
1584 1602 1788 1650 sanctae
1832 1591 2138 1658 Trinitatis,

552 1702 739 1765 tuapte
767 1692 925 1763 quasi
946 1690 1195 1762 quaedam
1217 1686 1473 1743 salutatio
1502 1692 1588 1740 est
1616 1682 1953 1738 imminentis
1987 1680 2141 1735 festi—

2233 507 2390 579 plaga
2431 506 2650 561 tandem
2678 511 2949 571 cessante,
2992 503 3130 558 adeo
3156 514 3245 556 me
3274 500 3457 556 subito
3484 499 3694 555 invasit
3732 506 3816 566 ut,

2235 598 2520 655 sinistrum
2561 598 2782 653 oculum
2834 590 3180 651 mediocriter
3219 593 3431 661 dolens,
3455 608 3556 663 per
3582 591 3817 647 nimium

2233 696 2503 743 tumorem
2528 672 2705 743 dextri
2734 686 2909 743 ollicio
2930 687 3147 757 penitus
3175 700 3439 740 carerem.
3469 682 3653 738 Pestis
3676 683 3825 737 enim

2236 780 2557 852 gravissima
2586 795 2712 835 eum
2742 779 2815 833 ita
2837 778 3145 848 occupavit,
3169 792 3280 847 quo
3306 775 3464 846 quasi
3494 790 3717 846 pugnus
3745 775 3820 829 illi

2236 870 2511 924 videretur
2545 885 2669 925 esse
2693 868 2995 939 oppositus.
3013 866 3186 937 Cujus
3209 866 3288 921 rei
3314 866 3488 937 gratia
3509 881 3639 921 cum
3664 874 3824 921 nocte

2238 959 2307 1013 ad
2337 960 2627 1014 ecclesiam
2667 960 2931 1025 venirem,
2956 966 3010 1014 et
3033 958 3191 1028 juxta
3238 956 3646 1013 confessionem
3678 958 3833 1012 beati‘

2237 1050 2626 1105 Emmerammi
2675 1051 2944 1105 secretius
2996 1065 3232 1117 orarem,
3282 1049 3526 1104 breviata
3572 1049 3826 1103 oratione

2238 1143 2477 1209 surrexi,
2514 1152 2568 1196 et
2601 1143 2730 1212 quia
2758 1150 2950 1211 captus
2990 1141 3178 1195 dolore
3218 1140 3415 1211 Oppido
3443 1140 3518 1194 fui
3545 1149 3826 1209 gravatus,

2240 1234 2496 1289 sedebam
2530 1235 2663 1288 inibi
2692 1234 2748 1288 in
2785 1233 2986 1304 angulo
3027 1241 3279 1288 moestus.
3308 1231 3463 1288 Tunc
3491 1233 3635 1302 coepi
3683 1232 3837 1285 intra'

2239 1345 2329 1385 me
2363 1345 2528 1399 super
2558 1329 2663 1384 hoc
2714 1328 2860 1398 quod
2882 1327 3016 1381 mihi
3038 1325 3235 1381 accidit
3255 1325 3620 1397 cogitationes
3646 1324 3833 1379 varias

2240 1422 2480 1489 volvere,
2512 1421 2658 1476 unde
2693 1428 2748 1474 et
2778 1419 3060 1473 humiliato
3099 1418 3252 1473 corde
3292 1417 3439 1489 (223)
3463 1416 3834 1487 compellebar

2240 1516 2425 1571 dieere
2450 1531 2466 1568 :
2493 1512 2751 1579 Domine,
2767 1511 2815 1566 si
2835 1511 2939 1577 vis,
2962 1517 3115 1581 potes
3130 1506 3218 1564 me
3234 1508 3446 1564 salvare
3467 1508 3647 1579 (Ὧι),
3665 1517 3723 1562 et
3735 1522 3833 1578 per

2241 1605 2662 1679 preces‘patroni
2685 1605 2813 1671 mei,
2828 1603 2909 1659 tui
2931 1601 3701 1677 scilicetdiiectimartyris,et
3726 1601 3833 1655 hoc

2246 1701 2453 1756 malum
2478 1696 2682 1769 grande
2711 1695 2871 1752 facile
2918 1695 3043 1766 quis
3072 1690 3402 1766 'pr0pellere.
3443 1692 3549 1748 Sed
3579 1694 3713 1748 novi
3746 1707 3835 1747 me

551 1786 760 1853 vitatis,
807 1800 935 1839 nam
972 1783 1090 1853 ipsa
1118 1779 1437 1843 solemnitas
1465 1775 1768 1831 beatissimi
1796 1773 2138 1864 patronino-
2177 1804 2224 1864 Β
2250 1790 2435 1844 minus
2478 1788 2736 1843 idoneum
2780 1787 2837 1841 in
2871 1802 2982 1857 quo
3020 1786 3277 1842 ostendas
3329 1784 3644 1840 miserabile
3694 1800 3835 1855 opus

555 1874 1066 1934 striEmmerammi
1109 1871 1375 1943 martyris
1413 1868 1664 1923 videlicet
1698 1864 1907 1921 Christi
1933 1862 2143 1921 trifaria

554 1976 658 2026 eSt.
690 1968 957 2023 Praecedit
976 1966 1124 2021 enim
1176 1978 1300 2019 eam
1351 1961 1493 2016 beati
1548 1958 1783 2013 Matthaai
1818 1956 2051 2027 apostoli
2092 1956 2148 2010 et

555 2060 904 2133 eVangelistae
927 2056 1306 2130 passionarius
1329 2054 1444 2109 dies
1494 2052 1691 2107 natalis
1720 2059 1773 2107 et
1803 2066 1919 2104 cum
1956 2048 2149 2102 claris-

556 2155 709 2208 sima:
737 2153 957 2223 virginis
981 2150 1248 2204 memoriae
1286 2146 1455 2201 Tecla:
1484 2144 1631 2222 (220)
1681 2144 2042 2200 subsecutura
2066 2148 2151 2196 est

558 2243 889 2317 percelebris
914 2242 1187 2298 dedicatio
1219 2239 1391 2309 hujus
1411 2237 1657 2292 ecclesia:
1689 2233 1981 2306 purpureis
2007 2232 2151 2287 ossi-

559 2339 666 2394 b'us
694 2338 937 2410 ejusdem
964 2335 1120 2391 testis
1142 2332 1372 2389 feliciter
1411 2331 1629 2394 dotatae,
1689 2328 1779 2382 illa
1826 2324 2153 2381 mediastina

562 2430 856 2487 festivitate
913 2426 1252 2483 nostratibus
1299 2438 1518 2494 quoque
1546 2419 1838 2491 praecipua,
1891 2416 2154 2471 medieta-

564 2530 675 2578 tem
705 2537 864 2578 suam
891 2521 1030 2574 inter
1064 2516 1445 2590 prwcedcntem
1470 2522 1518 2568 et
1542 2511 1937 2582 subsequentem
1979 2506 2163 2577 (221);

565 2613 723 2687 Quasi
751 2613 1046 2685 quamdam
1072 2610 1409 2684 regalitatem
1438 2613 1687 2677 potenter
1731 2612 1964 2659 tenente.
2004 2599 2157 2656 Unde

567 2712 679 2765 non
707 2717 791 2765 est
818 2709 1019 2763 mirum
1067 2708 1214 2777 quod
1240 2715 1298 2760 tu
1328 2703 1651 2774 opusculum
1685 2710 1863 2767 tuum,
1905 2706 2167 2770 quocun-’

569 2817 675 2872 que
699 2816 797 2871 per
824 2799 1142 2855 varietatem
1184 2796 1580 2853 sententiarum
1621 2801 1875 2864 vagatum
1907 2790 2072 2845 fuerit
2090 2788 2160 2844 ad

2248 1882 2666 1936 miserationum
2697 1887 2942 1944 tuarum,
2978 1876 3061 1944 tu,
3097 1876 3302 1931 summi
3336 1875 3516 1930 Patris
3552 1872 3837 1945 Sapientia

2246 1973 2444 2039 uestri,
2497 1971 2626 2043 quia
2670 1970 2785 2041 jam
2837 1986 2935 2040 per
2977 1970 3163 2040 plures
3191 1972 3366 2023 annos
3404 1967 3606 2022 insidet
3650 1967 3840 2021 animo

2248 2080 2372 2119 meo
2396 2064 2727 2136 quandoque
2773 2063 3047 2118 mirabilia
3070 2070 3166 2116 tua
3195 2060 3455 2127 scribere,
3488 2075 3555 2115 ac
3577 2060 3839 2130 omnipo-

2249 2156 2475 2211 tentiam
2514 2164 2663 2210 tuam
2692 2156 2747 2209 in
2778 2154 2867 2209 his
2895 2155 3136 2221 laudare,
3159 2161 3215 2209 et
3236 2152 3597 2208 nihilominus
3630 2152 3839 2206 electo-

2250 2265 2374 2304 rum
2398 2248 2542 2303 dicta
2564 2256 2618 2302 et
2643 2247 2785 2303 facta
2807 2263 2905 2318 per
2925 2247 3133 2302 litteras
3155 2245 3434 2301 memoria:
3459 2244 3700 2315 posteris
3725 2252 3841 2297 tra-

2252 2342 2400 2397 dere.
2425 2340 2484 2395 Si
2509 2341 2829 2412 benignitati
2856 2348 2963 2395 tua:
2984 2340 3040 2394 in
3061 2340 3166 2395 bac
3189 2354 3249 2393 re
3274 2336 3449 2409 placet
3486 2336 3636 2407 quod
3667 2335 3840 2402 volui,

2253 2442 2309 2491 et
2368 2434 2547 2489 adhuc
2605 2434 2749 2502 volo,
2802 2434 3006 2506 gratias
3053 2447 3192 2503 ago;
3251 2431 3339 2486 sin
3380 2445 3468 2484 me
3510 2429 3689 2484 mavis
3734 2443 3845 2482 cae-

2255 2524 2419 2582 citate
2463 2525 2750 2599 castigare,
2811 2540 2934 2581 sum
2977 2532 3224 2594 paratus,
3269 2530 3458 2592 utpote
3503 2521 3602 2576 tibi
3627 2519 3848 2574 debitor

2256 2633 2353 2688 per
2378 2617 2582 2683 omnia,
2629 2616 2775 2687 quod
2820 2615 3096 2686 judicium
3135 2621 3293 2668 tuum
3342 2612 3539 2683 ingerit
3575 2612 3849 2681 patienter

2259 2708 2552 2764 sustinere.
2578 2706 2673 2763 liis
2700 2708 2755 2762 in
2789 2707 3005 2763 occulto
3047 2706 3128 2761 sic
3157 2704 3406 2776 cogitatis
3450 2712 3617 2774 atque
3658 2702 3856 2768 dictis,-

2260 2798 2507 2854 facturus
2532 2799 2678 2869 quod
2703 2798 2994 2852 humilitati
3029 2811 3163 2852 mea:
3192 2796 3323 2851 fides
3352 2793 3554 2849 Christi
3579 2807 3680 2863 per
3713 2791 3848 2847 inti-

570 2892 787 2947 laudem
833 2898 1037 2947 sanctae
1080 2888 1363 2944 Trinitatis
1403 2886 1681 2942 reflectere
1720 2882 1957 2939 conaris.
2005 2880 2163 2936 Nunc
2262 2895 2409 2945 mam
2452 2890 2864 2960 inspiratione“.
2899 2889 3168 2960 agendum
3202 2885 3520 2953 insinuavit,
3547 2883 3859 2938 summm;

573 3000 725 3056 ergo,
769 2984 899 3054 quia
946 2997 1058 3037 uno
1110 2982 1412 3050 eodemque
1447 2978 1595 3034 trino
1630 2976 1787 3047 signo
1834 2974 2171 3030 miraculum
2263 2991 2370 3038 ιεηι
2400 2983 2631 3053 pollicis,
2659 2996 2953 3052 parumper
2992 2981 3305 3035 humectavi
3348 2979 3539 3044 saliva,
3583 2992 3690 3032 nec
3736 2992 3857 3032 m

574 3077 911 3148 proposuisti
975 3075 1042 3131 de
1090 3072 1147 3128 S.
1198 3071 1624 3136 Emmerammo,
1680 3082 2024 3137 consequens
2080 3076 2154 3122 esl

2264 3075 2359 3130 ubi
2395 3075 2714 3144 ampliorem
2763 3073 2909 3128 sensi
2956 3072 3222 3138 dolorem,
3268 3080 3351 3125 ter
3389 3071 3609 3142 signum
3655 3069 3848 3125 salutis

576 3176 640 3224 ut
660 3168 864 3240 aliquid
902 3182 1153 3225 assumas
1204 3164 1353 3236 quod
1382 3162 1766 3217 numeralitate
1806 3158 2157 3214 fecundatum
2189 3178 2231 3235 ο
2264 3167 2552 3237 impressi;
2613 3164 2831 3220 ξηιειιίηι
2873 3164 3036 3220 θοι-ἀρ
3076 3163 3365 3217 ruminans
3393 3176 3459 3216 ac
3485 3160 3849 3215 nihilominus

578 3262 759 3333 exigat
786 3261 1044 3333 quiddam
1093 3257 1421 3315 tertiandum
1445 3269 1561 3328 quo
1578 3268 1729 3308 more
1751 3261 1845 3307 tuo
1900 3251 2154 3323 perducas

2264 3275 2361 3315 ore
2387 3258 2749 3330 pronuntians
2790 3256 2923 3312 illud
2958 3255 3343 3326 Evangelicum
3364 3271 3379 3308 :
3400 3252 3604 3307 Lutum
3632 3252 3765 3307 fecit
3784 3266 3860 3306 er

580 3352 993 3411 coaclusionem
1022 3352 1091 3408 ad
1125 3358 1329 3408 sanctae
1357 3347 1643 3403 Trinitatis
1669 3347 1954 3402 honorem.
1998 3363 2023 3398 ι

836 3452 843 3459 ’
1197 3442 1559 3500 ϐοιιεσιὶιὶαεί

663 3557 684 3593 ι
727 3536 1183 3609 Quandoquidem
1227 3536 1393 3591 homo
1439 3534 1604 3588 habet
1647 3527 1968 3586 Trinitatem
2004 3527 2060 3583 in
2083 3537 2179 3582 se-'

584 3632 841 3704 metipso,
886 3643 1111 3686 necesse
1134 3637 1217 3685 est
1240 3636 1303 3683 ut
1334 3635 1585 3683 creatura
1613 3624 1830 3680 subdita
1849 3623 1921 3677 sit
1946 3621 2172 3676 Creato-
2201 3621 2208 3628 '

588 3726 658 3793 ri,
689 3725 848 3796 cujus
873 3724 1009 3779 nihil
1043 3721 1468 3794 praeponendum
1492 3728 1576 3774 est
1610 3718 1806 3773 amori.
1862 3714 2035 3785 Cujus
2089 3721 2174 3767 ta-

590 3817 865 3872 xationem
895 3830 1019 3870 cum
1043 3828 1236 3869 omnes
1276 3812 1528 3866 homines
1562 3809 1724 3864 simul
1758 3808 1813 3861 in
1845 3816 2013 3860 "unum
2046 3812 2181 3858 vota-

591 3905 931 3963 Confereutes
960 3902 1201 3957 Amatori
1232 3900 1505 3971 praecipuo
1528 3896 1957 3952 haudsuliiciant
1979 3910 2174 3964 repen-

2265 3360 2427 3424 sputo
2472 3350 2760 3417 Dominus,
2812 3356 2869 3404 et
2918 3348 3097 3419 linivit
3142 3347 3333 3402 oculos
3363 3352 3639 3400 meos:et
3661 3343 3775 3399 abii
3800 3351 3867 3397 et

2265 3446 2395 3512 lavi,
2424 3452 2480 3499 et
2503 3442 2615 3498 vidi
2648 3441 2822 3515 (225),
2846 3449 2905 3497 et
2920 3440 3125 3496 credidi
3162 3439 3296 3493 Deo.
3335 3436 3553 3491 Eodem
3571 3436 3864 3491 momento

2267 3539 2323 3593 in
2353 3553 2440 3592 me
2468 3544 2579 3591 tam
2611 3536 2895 3591 subitanea
2933 3532 3079 3588 facta
3112 3541 3196 3587 est
3235 3529 3463 3586 mutatio
3491 3528 3704 3584 dextrae
3745 3526 3863 3581 Ex-'

2269 3630 2400 3686 celsi
2427 3646 2537 3701 quo
2562 3629 2665 3685 sub
2693 3625 2998 3683 incredibili
3025 3626 3300 3682 celeritate
3325 3621 3528 3694 fugatis
3573 3621 3857 3678 doloribus

2270 3723 2336 3779 de
2358 3724 2552 3794 capite,
2579 3722 2702 3777 imo
2716 3722 2781 3777 de
2808 3730 2923 3776 toto
2944 3728 3173 3791 corpore
3191 3718 3369 3773 ablata
3390 3714 3658 3787 pernoxia
3679 3723 3865 3786 peste,

2271 3814 2388 3885 ipse
2415 3830 2627 3869 mecum
2656 3829 2820 3882 super
2847 3811 2953 3867 hoc
2980 3811 3125 3867 facto
3148 3808 3562 3881 diligentissime
3588 3815 3867 3872 tractans,

2273 3907 2408 3964 satis
2436 3906 2625 3961 mirari
2659 3904 2883 3960 minime
2928 3919 3148 3975 possem
3190 3902 3317 3973 quis
3354 3900 3577 3966 fuerim,
3615 3900 3746 3970 quis
3771 3913 3858 3953 es-

591 3998 740 4064 dere,
766 4004 970 4068 quanto
992 3994 1175 4048 minus
1204 4007 1306 4064 ego
1334 3991 1578 4045 misellus
1620 3989 1715 4058 qui
1762 3987 1871 4042 huc
1899 4000 2076 4056 usque
2096 3984 2153 4039 ni

2274 4006 2409 4057 Sem.
2459 3996 2598 4053 Tum
2648 3997 2807 4068 quasi
2847 3997 3084 4066 quadam
3135 3994 3451 4050 curiositate
3497 3987 3857 4059 mihimetipsi

591 4087 816 4159 dignum
868 4084 1074 4155 egerim
1127 4082 1320 4137 ordine
1373 4096 1515 4134 meo.
1566 4076 1935 4145 Quamobrem
1985 4076 2154 4130 intimi

2274 4104 2441 4163 Super
2463 4090 2749 4162 repentino
2783 4089 3049 4144 miraculo
3076 4088 3303 4158 cupiens
3332 4083 3671 4150 satisfacere,
3708 4090 3865 4139 utra-‘

590 4183 759 4240 corde
792 4187 1018 4238 tenusve
1048 4194 1263 4234 mecum
1290 4175 1629 4247 perpendens
1652 4180 1920 4243 quantum
1946 4167 2154 4241 pericul

2276 4200 2382 4256 que
2403 4198 2577 4239 manu
2591 4182 2805 4253 palpavi
2830 4183 3011 4237 locum
3032 4178 3291 4251 periculi;
3321 4179 3378 4232 in
3402 4191 3513 4247 quo
3533 4191 3637 4231 nec
3665 4176 3869 4230 saltem'

599 4275 780 4347 gignat
808 4280 862 4329 et
884 4272 1024 4327 ferat
1047 4270 1370 4341 negligentia
1389 4267 1509 4338 ejus
1532 4281 1654 4337 qua:
1675 4265 1731 4319 in
1762 4280 1851 4319 me
1905 4270 1989 4318 est
2016 4261 2154 4316 trini‘

2276 4276 2563 4348 vestigium
2595 4274 2800 4330 doloris
2828 4274 2943 4330 sive
2981 4273 3212 4329 tumoris
3230 4270 3497 4341 reperisse
3524 4284 3614 4324 me
3637 4269 3859 4340 gavisus

604 4366 806 4432 uitatis,
837 4365 888 4420 id
918 4373 1001 4420 est
1026 4362 1351 4427 intellectus,
1407 4358 1704 4424 memoriae,
1747 4373 1811 4411 ac
1859 4354 2177 4421 voluntatis,
2278 4385 2421 4426 sum,
2463 4366 2700 4423 Proinde
2741 4376 2992 4436 surgens,
3028 4362 3385 4434 properabam
3415 4360 3545 4415 illuc
3578 4360 3673 4415 ubi
3702 4367 3858 4413 antea

599 4457 693 4511 "ix
717 4458 933 4515 tandem
971 4457 1143 4529 3mm
1169 4453 1430 4510 πησίονωη
1478 4451 1624 4524 (229)
1674 4449 1901 4505 remedii
1950 4447 2181 4522 Pigri‘ia‘l
2279 4460 2525 4527 Orabam,
2555 4461 2736 4530 ibique
2754 4458 2956 4530 gratias
2982 4457 3068 4529 egi
3092 4455 3203 4510 Deo
3230 4463 3283 4510 et
3306 4461 3496 4509 sancto
3520 4452 3858 4507 Emmeram«

599 4567 734 4607 mea:
756 4550 1036 4621 imperavi,
1058 4557 1120 4604 ut
1143 4548 1288 4619 quod
1323 4547 1451 4602 olim
1505 4544 1748 4615 puerulis
1801 4541 2093 4598 curiositas
2112 4542 2154 4597 (ιε

2253 4545 2257 4576 ⁵
2283 4568 2393 4608 mo.
2427 4551 2566 4608 Cum
2595 4551 2858 4607 accedens
2889 4551 2956 4605 ad
2984 4548 3264 4605 candelam
3298 4547 3475 4616 legere
3506 4553 3775 4599 tentarem
3806 4543 3859 4597 in

599 4643 825 4699 utilibus
850 4642 1013 4698 rebus
1059 4641 1366 4712 collegerat,
1392 4654 1541 4694 nunc
1594 4635 1851 4708 juvenilis
1877 4635 2181 4691 verbositas
2282 4644 2423 4699 libro
2450 4659 2548 4716 pro
2573 4651 2841 4700 vetustate
2866 4658 3002 4713 pene
3029 4641 3291 4705 obsoleto,
3312 4636 3534 4708 probavi
3563 4651 3651 4692 me
3677 4636 3865 4707 ραι-ἰοί

600 4734 919 4806 simpliciter
962 4741 1195 4804 promat.
1244 4731 1442 4801 Sicque
1487 4729 1581 4799 qui
1603 4728 1860 4799 operibus
1922 4737 2177 4797 nequeo,

599 4829 789 4883 saltem
823 4834 879 4882 et
910 4825 1070 4881 dictis
1095 4823 1281 4879 videar
1306 4823 1579 4879 deservire
1613 4820 1808 4876 honori
1833 4819 2181 4889 omnipoten-

599 4920 670 4975 tis
706 4935 769 4974 ac
792 4918 966 4973 unica:
991 4914 1295 4970 Trinitatis.
1325 4913 1438 4970 Hac
1458 4928 1679 4984 quoque
1704 4913 2006 4967 intentione
2033 4909 2182 4981 quod

600 5012 905 5081 scripturus
942 5025 1064 5065 sum
1103 5022 1403 5075 assumam,
1426 5006 1726 5063 secundum
1755 5005 2178 5060 admonitionem

600 5108 769 5155 tuam.

680 5208 699 5228 ι
740 5190 876 5228 (".nm
922 5190 1065 5230 inim-
1119 5199 1310 5230 ρωποι-ιι
1362 5189 1571 5230 “neralia
1610 5188 1813 5230 nnihnc
1863 5190 2032 5230 armis:

2085 5185 2178 5232 Ι)ρί

2285 4754 2401 4794 rem
2442 4739 2618 4793 visum
2651 4736 2919 4806 recepisse
2946 4746 3117 4805 quam‘
3132 4733 3285 4804 prius
3308 4729 3612 4786 habuerim.

2365 4850 2383 4883 ‹
2412 4829 2568 4887 Nunc
2591 4829 2833 4899 quidem,
2879 4843 2950 4882 ne
2992 4826 3121 4881 huic
3148 4832 3315 4880 tantae
3358 4808 3718 4888 solemnitati,
3743 4817 3869 4891 quae"

2286 4922 2487 4977 lmtiti'ae
2512 4929 2700 4976 nectar
2726 4919 3062 4975 examussim
3085 4913 3339 4990 prepinat
3360 4913 3616 4969 fraternae
3642 4913 3868 4969 utilitati"

2288 5021 2568 5084 nostrapte
2609 5013 2739 5083 quid
2784 5006 3033 5068 videatur
3058 5011 3265 5074 deesse,
3304 5006 3690 5077 subsequentis
3719 5006 3869 5061 rela-'

2288 5108 2437 5163 tione
2469 5106 2719 5161 miraculi
2764 5106 2983 5176 plenum
3031 5103 3112 5159 sic
3150 5100 3526 5156 instruendum
3550 5098 3867 5153 convivium

2289 5205 2369 5232 ιιι-θ
2421 5206 2479 5232 uo
2526 5197 2789 5232 nvnlooiuo
2837 5194 3116 5232 nnnnlncin
3157 5192 3464 5232 rnrtintirinn
3504 5190 3737 5232 ἢδριίίριι
3762 5190 3868 5232 mi-'
