4018 6432
206 380 348 469 i063

881 371 1376 431 BE'MIRACULIS
1416 369 1473 425 S.
1514 367 1816 422 ΕΒῙΜΕΒΑ]

1918 363 1934 419 I
1973 362 2152 419 LIBRI
2191 361 2351 420 DUO.
2393 395 2461 404 --
2498 360 2626 417 LIB.
2665 359 2728 420 ΙΙ.

3260 408 3261 411 η
3339 359 3507 418 I066-

207 509 456 568 tempore
483 492 722 565 quodam
749 492 1074 548 necessitate
1101 498 1379 563 poscente,
1396 488 1508 541 imo
1528 483 1793 540 charitate
1824 486 1866 543 Λ
1897 480 1952 535 in
1983 478 2266 535 Dominica
2300 477 2504 548 optime
2534 476 2761 532 sudasse
2802 474 2981 541 vinea,
3001 474 3343 547 multumque
3364 474 3482 532 fru-

203 592 456 662 juhcntc,
477 588 864 659 hospitalitatis
892 587 1064 658 gratia
1092 593 1342 655 receptus
1365 590 1447 638 est
1468 579 1790 634 in‘mansio-

210 704 340 743 nem
365 686 657 758 quamdam
684 683 937 739 emnolrio
965 682 1022 736 S.
1046 676 1436 735 Emmerammi
1457 674 1789 744 contiguam.

208 781 320 837 Ubi
351 797 475 836 cum
507 778 763 849 cmpisset
808 774 1096 842 inﬁrmari,
1144 780 1269 844 post
1302 784 1506 841 paucos
1550 766 1667 821 dies
1706 762 1794 818 ni-

209 874 436 928 mietate
459 870 784 926 valetudinis
820 870 887 923 ad
914 868 965 922 id
1000 875 1084 922 est
1110 864 1424 936 perductus,
1449 874 1559 931 quo
1583 858 1799 928 penitus

208 967 603 1036 despcraretur
631 963 738 1017 vita
774 963 939 1016 illius.
970 959 1109 1014 Tum
1144 958 1322 1012 noctis
1347 954 1526 1010 medio
1548 951 1707 1023 quasi
1733 950 1799 1005 de

208 1060 368 1133 gravi
390 1058 652 1130 cvigilans
688 1071 885 1113 somno
919 1054 1056 1111 dixit
1086 1071 1101 1107 :
1130 1050 1174 1106 Ο
1198 1051 1406 1106 utinam
1437 1046 1634 1116 aliquis
1662 1042 1800 1098 mihi

214 1153 431 1209 deferat
472 1166 673 1222 aquam
696 1149 765 1204 ad
810 1146 1221 1203 refocillandam
1259 1142 1499 1197 animam
1526 1152 1703 1193 meam
1732 1134 1800 1189 de

210 1243 368 1299 fonte
412 1241 468 1297 S.
503 1239 915 1301 Emmerammi.
962 1237 1058 1309 qui
1095 1243 1178 1291 est
1208 1234 1263 1288 in
1298 1233 1538 1287 claustro
1568 1227 1799 1281 fratrum

211 1332 332 1389 Deo
366 1333 580 1403 sibique
616 1330 983 1387 servientum!
1017 1326 1173 1394 Quod
1207 1340 1349 1379 unus
1376 1319 1694 1382 astantium,
1727 1315 1803 1371 si-

208 1425 382 1496 bique
428 1426 484 1478 in
528 1425 582 1478 id
624 1424 870 1494 temporis
921 1420 1068 1491 (226)
1118 1416 1501 1473 famulantium
1555 1409 1804 1467 celeriter

210 1519 476 1589 perﬁcere
488 1518 697 1584 volens,
722 1515 963 1571 cucurrit
987 1513 1056 1569 ad
1079 1510 1389 1577 ecclesiam,
1412 1518 1486 1574 et,
1517 1504 1654 1560 utin
1682 1502 1806 1557 tali-

212 1611 326 1667 bus
370 1611 535 1666 rebus
571 1610 686 1665 ﬁeri
730 1609 886 1676 solet,
945 1605 1265 1676 improbiter
1293 1600 1526 1673 pulsavit
1553 1598 1799 1669 januam.

207 1700 323 1768 Qui
340 1717 466 1757 mox
485 1717 514 1755 a
540 1700 861 1756 custodibus
883 1696 1259 1759 intromissus,
1275 1692 1493 1763 et,quia
1518 1687 1805 1744 familiaris

207 1802 358 1859 erat,
396 1793 464 1848 ad
512 1792 718 1848 fontem
763 1792 1024 1853 emissus,
1062 1790 1269 1857 absque
1312 1786 1570 1841 dilatione
1622 1780 1805 1837 hausit

1896 581 2044 628 ctum
2077 572 2266 627 tulisse
2298 571 2353 625 in
2396 586 2481 624 ea.
2514 568 2559 623 Ο
2585 577 2791 639 quanta
2817 567 3024 635 laetitia,
3063 568 3279 624 volante
3308 568 3475 637 fama,

1895 680 1959 719 ex
1992 664 2310 734 hujusmodi
2334 664 2498 718 rebus
2521 661 2923 717 transfunditur
2945 661 2997 715 in
3029 660 3170 716 ﬁlios
3198 661 3477 729 Ecclesize,

1897 773 2022 812 cum
2059 758 2173 812 lucc
2216 758 2375 828 longe
2417 757 2633 826 lateque
2667 755 2961 809 audierunt
2987 754 3305 810 solemniter
3336 756 3479 811 cele-

1899 850 2054 904 hrata
2077 850 2142 904 de
2169 848 2555 919 matre!Cujus
2578 849 2658 903 rei
2685 847 2856 920 gratia
2883 857 2963 914 tu,
2988 847 3325 903 adaucturus
3346 863 3485 918 opu-

1899 943 2111 998 sculum
2156 950 2331 1008 tuum,
2374 956 2714 1012 quaecunque
2742 942 2925 996 animo
2966 940 3363 996 rationabiliter
3391 957 3486 996 oc—

1900 1034 2192 1101 currerint,
2215 1050 2427 1089 summa
2454 1034 2733 1105 diligentia
2760 1034 2815 1087 in
2850 1034 3108 1089 horreum
3136 1032 3483 1089 Dominicum

1901 1136 2201 1198 comperta.
2237 1125 2328 1181 Sic
2365 1128 2512 1183 enim
2556 1143 2642 1195 ea,
2687 1142 2810 1197 qua:
2846 1127 2900 1180 in
2937 1125 3244 1197 quadriﬁda
3269 1127 3488 1182 climate

1902 1218 2091 1271 mundi
2118 1233 2149 1272 a
2198 1228 2387 1273 sancta
2415 1218 2680 1274 Trinitate
2711 1226 2840 1272 sunt
2894 1216 3056 1285 facta,
3088 1225 3367 1291 utcunque
3399 1219 3486 1274 lo-

1902 1323 2029 1363 cum
2060 1309 2341 1364 habehunt
2367 1311 2532 1365 etiam
2560 1311 2614 1365 in
2646 1310 3013 1381 descriptione
3040 1319 3153 1365 tua.
3179 1330 3196 1360 ι

2507 1402 2860 1459 Collectitius.

1983 1491 2161 1561 «Quia
2202 1495 2436 1552 strictim
2489 1495 2695 1552 notasti
2748 1504 2987 1567 quatuor
3037 1495 3226 1566 plagas
3275 1495 3487 1562 mundi,

1904 1587 2106 1657 quibus
2146 1603 2244 1658 per
2286 1597 2480 1660 quater
2524 1597 2677 1644 terna
2719 1589 2831 1644 sive
2866 1597 2948 1644 ter
2982 1598 3249 1659 quaterna
3295 1588 3492 1645 distin-

1906 1679 2092 1749 guitur
2114 1680 2371 1755 insignia,
2415 1682 2486 1738 ob
2508 1682 2885 1763 dulcissimam
2924 1682 3141 1752 patroni
3176 1681 3349 1737 nostri
3376 1697 3493 1736 me—

1907 1772 2160 1839 moriam,
2220 1774 2395 1843 placet
2441 1775 2807 1829 anterioribus
2855 1774 3032 1829 tribus
3079 1773 3360 1829 miraculis
3403 1772 3495 1829 hic

210 1901 444 1957 aquam,
473 1886 541 1941 ad
569 1901 696 1940 eum
723 1900 754 1940 a
781 1900 892 1956 quo
930 1883 1133 1938 missus
1174 1888 1257 1936 cst
1286 1878 1590 1935 certissime
1614 1862 1803 1945 repor—
1838 1868 1881 1923 B
1908 1864 2229 1920 subnectere
2294 1883 2465 1922 unum
2516 1867 2662 1939 quod
2710 1867 2855 1922 idem
2904 1868 2979 1923 sit
3026 1875 3081 1922 et
3117 1875 3397 1938 quartum,
3427 1880 3496 1924 ea

211 1988 345 2035 tans
368 1980 538 2034 illam.
556 1980 806 2050 Cumque
828 1978 895 2033 de
921 1964 988 2032 ea
1023 1982 1218 2046 parum
1251 1978 1525 2045 gustasset
1545 1976 1804 2041 aegrotus,

213 2087 351 2126 mox
389 2088 485 2142 per
517 2071 950 2126 meliorationem
986 2068 1088 2124 sibi
1120 2066 1364 2121 redditus
1395 2071 1563 2129 totus,
1588 2059 1806 2130 inquit:

214 2159 282 2215 In
313 2162 535 2216 nomine
580 2158 820 2225 Domini,
852 2155 1120 2228 optimum
1167 2154 1359 2208 vinum
1387 2150 1497 2207 hihi
1530 2166 1630 2221 pro
1668 2165 1811 2219 aqua

216 2270 391 2325 quam
438 2252 690 2308 attulisti.
738 2251 939 2307 Beatus
965 2248 1408 2303 Emmerammus
1440 2245 1620 2300 bonus
1641 2242 1815 2297 medi-

216 2363 322 2402 cus
350 2346 420 2401 ab
442 2334 651 2417 Optimo
672 2343 880 2400 Medico
907 2342 1118 2412 accepit
1146 2341 1295 2411 quod
1318 2339 1456 2395 mihi
1486 2337 1648 2393 modo
1669 2352 1812 2407 pra:-

217 2438 381 2494 stitit.
416 2439 498 2493 Ad
526 2439 643 2493 hmo
678 2435 961 2508 respondit
992 2434 1088 2504 qui
1128 2448 1329 2504 aquam
1368 2430 1586 2486 attulit:
1616 2427 1813 2484 Nescio

219 2529 273 2583 si
303 2544 448 2599 aqua
487 2544 751 2585 conversa
806 2528 878 2583 sit
924 2527 981 2581 in
1011 2526 1240 2592 vinum;
1280 2525 1385 2579 hoc
1412 2523 1590 2578 solum
1617 2522 1814 2578 certis-

224 2619 368 2673 sime
395 2620 542 2687 novi,
577 2620 724 2689 quod
754 2635 850 2689 per
876 2618 1101 2672 antliam
1123 2617 1338 2673 laticem
1367 2616 1434 2670 de
1463 2622 1626 2685 puteo
1649 2630 1818 2669 exan-

226 2712 382 2767 tlavi.
410 2710 582 2783 Cujus
611 2713 776 2768 verba
819 2711 921 2766 viri
948 2720 1001 2767 et
1028 2711 1287 2766 mulieres
1318 2709 1414 2781 qui
1436 2709 1817 2779 aderantpro-

227 2807 408 2863 secuti
430 2815 577 2873 sunt,
603 2806 845 2861 dicentes
874 2824 886 2858 :
913 2804 1046 2859 Late
1074 2812 1263 2858 notum
1296 2810 1380 2858 est
1409 2788 1517 2857 vim
1556 2802 1813 2873 hujusce-

224 2900 379 2955 modi
425 2898 592 2955 febris
634 2915 745 2970 qua
798 2907 855 2953 tu
915 2898 1132 2953 laboras
1181 2912 1291 2951 non
1327 2896 1504 2951 solum
1528 2894 1817 2949 absumere

223 2992 377 3047 vires
401 2992 666 3061 corporis,
710 2991 807 3046 sed
835 2990 1000 3045 etiam
1031 3005 1101 3044 ne
1137 2989 1274 3043 bene
1309 2987 1491 3058 sapias
1525 2986 1818 3041 immutare

225 3093 449 3157 gustum
478 3085 644 3156 palati
689 3093 744 3139 et
776 3083 1030 3157 gutturis.
1051 3080 1261 3150 Quibus
1292 3082 1380 3136 ille
1408 3080 1693 3152 porrigens
1721 3095 1819 3150 po-

226 3178 416 3236 culum
469 3178 536 3232 de
570 3192 680 3247 quo
723 3177 963 3243 bibebat,
1001 3175 1175 3231 dixit:
1201 3172 1374 3229 Bibite
1417 3180 1471 3227 et
1507 3188 1625 3239 vos,
1649 3180 1818 3242 atque

228 3270 460 3340 probate
490 3280 674 3323 utrum
714 3267 1121 3335 fefellerim,~an
1148 3281 1339 3321 verum
1375 3266 1448 3320 sit
1486 3265 1633 3335 quod
1666 3265 1820 3320 dixe-

230 3361 359 3415 rim.
392 3359 473 3413 Illi
503 3376 633 3433 ergo
674 3369 737 3414 ut
764 3360 1021 3415 biberunt
1050 3374 1115 3414 ac
1137 3344 1253 3412 vini
1284 3371 1534 3428 saporem
1555 3354 1822 3409 veraciter

233 3462 546 3521 senserunt,
568 3438 758 3509 vocem
794 3469 921 3509 cum
966 3452 1071 3508 ﬁde
1107 3451 1352 3506 levantes
1385 3450 1679 3504 dixerunt:
1711 3447 1820 3503 Deo

230 3546 460 3616 gratias,
511 3547 640 3617 quia
702 3554 817 3602 tam
863 3546 1071 3600 bonum
1129 3544 1319 3598 vinum
1370 3550 1592 3611 tamque
1641 3539 1823 3595 nobile

233 3639 389 3693 omni
417 3639 527 3694 vita
555 3648 739 3695 nostra
777 3646 1055 3694 transacta
1098 3637 1323 3691 minime
1361 3634 1589 3705 contigit
1613 3649 1714 3688 nos
1739 3631 1823 3688 bi-

232 3730 404 3785 bisse.
452 3728 566 3785 Hoc
590 3731 737 3802 atqui
768 3730 972 3802 grande
996 3728 1326 3784 miraculum
1368 3743 1477 3782 non
1505 3726 1575 3780 ab
1601 3724 1824 3780 homine

237 3821 447 3889 ﬁctum,
483 3822 580 3878 sed
604 3824 673 3877 ob
698 3822 952 3894 martyris
986 3822 1243 3877 meritum
1277 3836 1307 3875 a
1339 3834 1552 3876 summa
1596 3818 1825 3871 veritate

238 3911 468 3979 factum,
492 3914 646 3969 testis
675 3921 759 3970 est
782 3913 1131 3985 Engilmarus
1156 3912 1405 3977 antistes,
1433 3910 1614 3965 adhuc
1641 3909 1694 3963 in
1722 3908 1824 3964 hac

234 4005 353 4059 vita
376 4021 622 4061 manens.
653 4004 754 4061 Hic
780 4020 1019 4076 quoque,
1043 4003 1526 4072 dum,Ratisbunae
1553 4001 1824 4056 constitu-

239 4105 357 4164 tus,
388 4098 529 4168 apud
563 4096 621 4152 S.
652 4097 1115 4153 Emmerammum
1156 4096 1359 4167 scripta
1386 4111 1520 4150 meae
1542 4093 1826 4165 parvitatis

239 4191 453 4246 videret
480 4199 534 4245 et
560 4191 762 4261 legeret
801 4198 964 4260 atque
990 4190 1265 4260 probaret,
1292 4189 1378 4243 die
1407 4188 1642 4259 quadam
1673 4196 1827 4242 stans

234 4285 400 4355 juxta
431 4291 655 4355 puteum
701 4298 797 4338 seu
842 4281 1049 4337 fontem
1091 4298 1189 4352 per
1217 4295 1382 4352 quem
1440 4280 1829 4335 recordabatur

242 4376 361 4431 sibi
379 4391 568 4431 sanam
613 4376 744 4430 olim
792 4375 1058 4430 redditam
1106 4373 1275 4429 fuisse
1318 4373 1576 4437 frontem,
1618 4372 1830 4427 vocavit

242 4483 358 4535 me,
389 4476 463 4535 et,
491 4468 835 4523 occasionem
879 4482 1104 4523 sumens
1145 4482 1213 4522 ex
1263 4466 1453 4521 eodem
1492 4464 1661 4531 fonte,
1694 4464 1832 4519 dixit

1908 1956 2117 2012 scilicet
2158 1958 2371 2014 ratione
2430 1966 2492 2014 ut
2537 1959 2720 2014 unitas
2762 1959 2839 2013 ita
2884 1959 3157 2013 cohaereat
3208 1956 3492 2025 Trinitati,

1908 2059 2182 2118 quatenus
2216 2051 2516 2125 probabilis
2541 2052 2883 2123 quaternitas
2911 2053 3144 2108 laterum
3187 2053 3498 2124 aequalitate

1910 2141 2141 2197 solidata
2170 2142 2329 2198 ﬁdem
2355 2152 2594 2215 quatuor
2628 2144 3044 2217 Evangeliorum
3088 2155 3372 2201 conservet
3400 2162 3499 2217 per

1911 2236 2116 2291 omnia.
2167 2235 2301 2294 Erat
2346 2237 2570 2310 quidam
2618 2239 2786 2293 homo
2821 2239 3210 2309 pauperculus,
3247 2240 3497 2309 quicum

1913 2328 2020 2383 alio
2046 2346 2200 2402 atque
2222 2332 2496 2404 indigentc
2526 2334 2643 2390 loca
2679 2343 2867 2390 sancta
2893 2336 3247 2405 quaesiturus,
3270 2351 3379 2391 non
3401 2336 3500 2391 ba-

1914 2424 2038 2479 culo
2071 2424 2344 2493 suﬁ‘ultus,
2391 2428 2486 2483 sed
2536 2429 2849 2484 scamnellis
2882 2429 3118 2496 inuisus,
3145 2429 3320 2500 magis
3347 2428 3496 2483 viam

1912 2519 2085 2589 repsit
2110 2537 2275 2591 quam
2298 2523 2617 2578 ambulavit.
2642 2523 2894 2595 Cumque
2923 2526 3068 2582 circa
3104 2526 3296 2581 horam
3335 2542 3500 2596 pran-

1914 2613 1988 2669 dii
2016 2624 2237 2670 ventum
2266 2625 2411 2672 esset
2428 2618 2496 2674 ad
2529 2619 2821 2689 quemdam
2849 2618 3056 2676 fontem
3077 2620 3258 2675 laticis
3286 2619 3499 2690 perspi-

1916 2708 2025 2775 cui,
2068 2708 2207 2764 dixit
2226 2711 2643 2767 scamnellarius
2663 2713 2731 2768 ad
2755 2714 2967 2769 itineris
2989 2714 3203 2769 socium
3220 2712 3290 2768 ·0
3316 2715 3500 2782 sodes,

1917 2800 2040 2856 istic
2060 2802 2398 2872 jentaculum
2427 2805 2480 2858 in
2504 2806 2723 2860 nomine
2746 2804 2963 2861 Domini
2987 2807 3143 2863 nobis
3165 2808 3267 2863 erit
3288 2824 3505 2864 sumen-

1917 2894 2071 2959 dum,
2096 2905 2151 2951 et
2170 2913 2299 2952 cum
2322 2896 2587 2954 refectum
2608 2898 2793 2967 fuerit,
2815 2916 2940 2954 cum
2970 2900 3269 2972 gratiarum
3288 2902 3506 2957 actione

1919 2987 2252 3044 abeundum.
2282 2988 2404 3057 Quo
2426 2992 2760 3048 assentiente
2796 3008 2861 3048 ac
2896 2993 2964 3047 ad
3006 2993 3164 3062 panis
3190 3009 3345 3049 esum
3382 2995 3506 3051 solo

1922 3087 2082 3136 tenus
2131 3082 2187 3136 in
2217 3098 2315 3137 ora
2359 3081 2528 3140 fontis
2558 3085 2907 3153 consedente,
2953 3086 3373 3143 scamnellarius
3403 3088 3508 3144 ho-

1922 3174 2164 3242 muncio,
2197 3191 2396 3247 aquam
2443 3177 2704 3232 hauriens
2731 3193 2800 3233 ex
2841 3177 3187 3234 abundantia:
3208 3180 3509 3250 purissimo

1921 3270 2165 3339 speculo,
2199 3280 2492 3342 antequam
2517 3280 2815 3342 apponeret
2838 3273 2923 3327 ori
2948 3282 3162 3343 potum,
3181 3274 3263 3330 sic
3288 3276 3513 3333 invocat

1921 3359 2216 3416 Dominum
2278 3361 2481 3432 ubique
2524 3362 2775 3418 ﬁdelibus
2823 3371 3013 3418 notum
3050 3383 3064 3418 :
3098 3363 3329 3421 Domine
3377 3380 3512 3422 JBSII

1920 3451 2160 3521 Christe,
2191 3455 2285 3525 qui
2314 3453 2647 3510 desiderium
2678 3470 2983 3526 pauperum
3036 3458 3181 3513 soles
3225 3459 3509 3525 exaudire,

1921 3547 2116 3601 merita
2163 3548 2421 3620 martyris
2465 3549 2543 3602 tui
2586 3546 2977 3603 Emmerammi
3019 3550 3259 3606 clariﬁea
3314 3551 3371 3605 in
3421 3567 3513 3605 me

1922 3639 2105 3705 hodie,
2119 3639 2214 3710 qui
2235 3639 2503 3695 cbaritate
2520 3639 2694 3710 ipsius
2717 3648 2768 3694 te
2792 3639 3146 3696 benediccnte
3168 3656 3316 3695 nunc
3335 3642 3513 3713 gestio

1922 3732 2069 3788 sitim
2098 3732 2456 3804 restinguere.
2493 3731 2560 3787 Et
2579 3747 2707 3788 ecce
2740 3732 2883 3787 inter
2909 3732 3227 3800 bibendum,
3253 3749 3354 3789 nec
3378 3734 3513 3789 dum

1922 3823 1994 3877 ab
2038 3838 2133 3879 ore
2174 3839 2399 3879 manum
2443 3824 2538 3895 qui
2586 3823 2799 3879 biberat
2843 3824 3156 3880 ret'rahente
3185 3866 3200 3892 ,
3240 3841 3338 3895 per
3384 3841 3514 3881 eum

1923 3916 2084 3986 cujus
2134 3915 2309 3986 gratia
2352 3915 2530 3971 nescit
2592 3914 2749 3970 tarda
2793 3914 3108 3980 molimina,
3157 3917 3336 3971 soluta
3386 3926 3518 3972 sunt

1924 4010 2177 4065 omnium
2246 4009 2623 4065 membrorum
2680 4008 2800 4079 ejus
2858 4008 3181 4065 retinacula.
3233 4009 3338 4077 Qui
3386 4026 3518 4066 mox

1928 4100 2189 4155 exsiliens
2224 4108 2389 4171 atque
2412 4100 2522 4157 huc
2551 4100 2789 4171 illucque
2810 4099 3147 4168 discurrens,
3175 4103 3380 4172 gratias
3403 4103 3520 4174 egit

1928 4190 2041 4248 Deo
2070 4202 2368 4264 sanctoque
2406 4193 2635 4265 martyri
2676 4191 3103 4249 Emmerammo.
3139 4193 3296 4250 Tunc
3322 4195 3519 4250 incolae

1929 4284 2090 4339 acciti
2127 4285 2372 4356 ejusdem
2399 4286 2641 4341 novitate
2670 4285 2771 4352 rei,
2820 4285 2892 4340 ob
2921 4286 3243 4343 memoriam
3274 4295 3383 4342 tam
3420 4302 3519 4343 ex-

1932 4376 2176 4432 cellentis
2198 4377 2468 4444 miraculi,
2496 4378 2552 4433 in
2576 4378 2784 4433 honore
2811 4378 3066 4449 martyris
3094 4387 3522 4435 construxerunt

1931 4469 2219 4523 ecclesiam
2246 4470 2341 4524 ibi.
2369 4468 2484 4525 Hoc
2526 4470 2582 4524 in
2612 4469 2860 4539 partibus
2901 4468 3070 4524 Italia:
3109 4468 3336 4536 factum,
3378 4471 3523 4526 rela-

242 4560 397 4631 quod
454 4561 668 4632 scripsi,
712 4560 991 4615 afﬁrmans
1048 4559 1150 4615 sub
1195 4558 1576 4613 testificatione
1624 4556 1827 4612 Christi
1861 4592 1908 4648 Β
1936 4561 2082 4616 tione
2106 4561 2391 4631 cujusdam
2414 4560 2598 4616 fratris
2617 4576 2685 4615 ex
2712 4561 2854 4614 laico
2877 4560 3147 4628 conversi,
3177 4562 3357 4617 adhuc
3382 4577 3521 4632 pue-

242 4668 439 4708 verum
478 4653 584 4708 hcc
631 4668 773 4721 esse,
812 4669 877 4709 ac
907 4668 1017 4707 non
1052 4651 1106 4705 in
1135 4652 1263 4718 alio,
1296 4652 1390 4709 sed
1439 4652 1495 4704 in
1536 4651 1831 4721 semetipso

245 4745 394 4800 idem
425 4747 674 4817 magnale
699 4755 812 4802 tam
839 4746 1015 4801 veraci
1041 4761 1207 4816 quam
1231 4743 1433 4800 cllicaci
1459 4744 1833 4815 experimento

245 4839 525 4897 didicisse.
549 4859 567 4892 ι

853 4931 893 4984 Α
906 4931 1236 4985 mmonicius.

329 5046 349 5078 ι
383 5026 584 5083 Fidelis
609 5043 791 5085 sermo
818 5036 872 5080 et
900 5025 1052 5080 omni
1096 5024 1411 5095 acceptione
1439 5024 1637 5095 dignus
1660 5022 1832 5095 (227),

247 5121 378 5190 quia
408 5119 533 5175 vitis
554 5135 701 5186 vera,
715 5134 838 5190 quin
856 5118 1110 5173 Christus
1129 5126 1212 5171 est
1226 5116 1398 5188 (228),
1422 5117 1488 5171 ad
1511 5116 1835 5171 declaranda

249 5213 448 5268 merita
496 5213 786 5284 palmitum
835 5226 1085 5274 suorum,
1143 5210 1195 5264 id
1240 5217 1325 5263 est
1370 5208 1745 5278 apostolorum
1782 5215 1838 5263 et

250 5315 555 5377 martyrum
587 5322 680 5362 seu
713 5312 1035 5360 aeterorum
1066 5301 1384 5367 electorum,
1406 5300 1649 5370 quotidie
1674 5300 1763 5355 his
1783 5306 1839 5355 ct

252 5400 454 5456 talibus
504 5400 784 5455 miraculis
824 5397 985 5469 quasi
1019 5411 1189 5452 novas
1238 5395 1458 5466 nuptias
1508 5392 1655 5450 facit.
1697 5391 1837 5448 Ecce

252 5494 521 5550 memoria
587 5493 889 5549 beatissimi
949 5489 1204 5562 martyris
1257 5486 1645 5542 Emmerammi
1690 5484 1838 5555 juste

255 5588 444 5642 vinum
480 5603 579 5657 pro
628 5602 768 5656 aqua
822 5601 946 5640 cum
986 5583 1218 5639 sanitate
1247 5579 1574 5652 propinavit.
1620 5576 1703 5633 Ab
1731 5577 1839 5632 hoc

254 5680 447 5750 procul
459 5680 624 5733 dubio
635 5678 781 5732 vitali
793 5677 1241 5746 comprobaretur
1258 5674 1401 5729 facto
1419 5689 1545 5729 eum
1560 5670 1835 5742 quondam

330 5792 478 5861 (226)
506 5792 625 5846 Alia
661 5790 859 5845 littera.

521 5861 543 5915 1
572 5862 707 5915 Tim.
739 5878 775 5914 ι.

580 5956 859 6018 Parnm.
896 5953 1111 6014 CXLI.

1932 4654 2126 4709 rilibus
2149 4654 2203 4707 in
2235 4654 2397 4708 annis
2422 4653 2611 4708 talium
2636 4667 2821 4708 rerum
2847 4653 3263 4708 curiosissimus
3304 4654 3524 4710 auditor

1934 4746 2203 4816 comperi;
2255 4746 2351 4816 qui
2395 4762 2492 4815 per
2541 4743 2926 4801 conﬁdentiam
2982 4752 3035 4798 et
3088 4745 3520 4801 consolationem

1932 4837 2101 4907 hujus
2126 4838 2381 4893 beneﬁcii
2419 4838 2475 4891 in
2522 4837 2576 4892 id
2618 4852 2679 4892 se
2704 4845 3061 4907 provocatum
3087 4851 3208 4892 esse
3233 4836 3523 4893 confessus

1933 4939 2020 4987 est
2048 4938 2110 4985 ut
2133 4931 2505 4996 latrocinium,
2539 4929 2684 5000 quod
2712 4929 2828 4999 jam
2850 4944 2946 4999 per
2967 4929 3153 4998 plures
3189 4943 3367 4983 annos
3395 4944 3524 4984 cru-

1942 5024 2133 5080 deliter
2157 5022 2420 5088 exercuit,
2452 5023 2755 5088 desereret;
2804 5037 2904 5077 nec
2942 5036 3051 5075 non
3097 5020 3238 5090 apud
3274 5029 3525 5076 sanctum

1943 5115 2449 5181 Emmerammum,
2497 5115 2742 5185 lupinam
2796 5113 3148 5184 rapacitatem
3196 5112 3524 5181 deponeret,

1944 5209 2131 5279 sicque
2152 5208 2271 5264 ovis
2297 5224 2363 5263 ex
2398 5209 2527 5278 lupo
2559 5222 2686 5262 cum
2732 5206 2927 5261 ovibus
2970 5204 3174 5259 Christi
3224 5212 3527 5259 iascerclur

1944 5302 1999 5356 in
2035 5301 2162 5355 ovili
2192 5300 2493 5355 Dominico.
2522 5318 2541 5351 ι

2538 5392 2921 5446 Ammonicius.

2024 5508 2040 5539 ι
2069 5486 2204 5554 Quia
2240 5484 2500 5540 beneﬁcia
2521 5484 2830 5549 Christi,ob
2857 5482 3177 5537 memoriam
3208 5480 3529 5537 sanctorum

1941 5581 2088 5638 illius
2117 5594 2211 5649 per
2243 5576 2430 5632 omnia
2466 5576 2889 5647 propagandam,
2923 5582 2977 5629 et
3005 5591 3035 5628 a
3066 5575 3227 5630 bonis
3252 5574 3531 5630 universi;

1941 5673 2101 5728 unice
2131 5669 2585 5739 amplectendam.
2630 5669 2896 5722 hactenus
2948 5666 3205 5722 dictando
3249 5673 3532 5736 utcunque

2037 5786 2163 5843 228)
2190 5783 2348 5836 Jorm.
2382 5799 2466 5836 xv.

3094 5936 3172 5995 3’s-
