4104 5260
594 250 739 308 1067

1582 253 1886 311 ARNOLDI
1926 250 2525 309 EMMERAMMENSIS
2562 253 2867 311 MONACHI

3742 250 3877 321 £068

597 368 893 442 digessisti,
923 369 1134 425 noviter
1164 366 1309 426 facta
1329 368 1601 426 bonorum
1629 372 1803 429 sancti
1835 371 2177 427 Emmeram-
2209 371 2255 428 A
2280 386 2403 426 rum
2443 373 2644 427 astutia
2683 383 2737 427 et
2767 371 3038 428 calliditas
3068 373 3284 430 caelitus
3308 372 3579 432 infatuata
3600 386 3708 446 est,
3741 395 3873 451 quo,

598 465 670 519 nti
696 463 1009 530 minoratio,
1033 462 1197 519 simul
1219 472 1272 518 et
1291 463 1653 534 quorumdam
1681 481 1845 536 super
1870 465 1972 521 hoc
1992 463 2178 520 habita

584 557 880 626 querelosa
908 552 1239 622 mussitatio,
1274 564 1334 611 ut
1361 556 1496 610 mihi
1530 556 1763 626 videtur,
1800 573 1910 612 non
1938 558 2055 613 sine
2090 573 2180 611 ra-

582 648 745 704 tione
790 649 1032 723 postulat
1061 657 1332 720 quatenus
1358 648 1566 704 dictatu
1590 647 1765 705 vivaci
1808 649 2015 720 aliquid
2050 648 2179 704 huic

593 740 861 811 opusculo
902 741 1195 808 inseratur,
1241 756 1352 812 quo
1372 750 1427 796 et
1455 741 1736 797 invasores
1783 729 2178 798 ecclesiastica—

582 848 717 887 rum
760 849 945 888 rerum
999 834 1414 900 admoneantur,
1453 833 1501 888 si
1545 834 1715 889 velint
1768 850 1965 890 sanum
2021 832 2177 904 sequi

593 925 907 993 consilium,
935 933 996 981 ut
1023 925 1349 996 resipiscant
1377 943 1389 980 :
1415 924 1484 980 Et
1516 925 1563 980 si
1598 926 1693 997 qui
1724 925 1889 998 hujus
1913 926 1993 981 rei
2018 925 2176 981 torti-

582 1021 781 1076 ‘tudine
805 1019 1009 1075 turbati
1031 1027 1159 1075 sunt
1171 1018 1255 1074 vel
1277 1017 1629 1087 moestifieati,
1646 1019 1885 1090 aliquam
1901 1034 1967 1073 ex
1990 1017 2177 1073 aeterni

584 1111 759 1184 Regis
778 1111 1101 1168 rectitudine
1122 1111 1286 1168 simul
1305 1119 1359 1167 et
1379 1108 1731 1166 miseratione
1742 1110 2175 1168 consolationem

579 1221 653 1261 'se
680 1213 1003 1277 accepturos
1034 1202 1151 1259 fore
1180 1204 1405 1259 minime
1428 1202 1693 1259 difﬁdant.
1728 1221 1744 1256 ι

1208 1294 1561 1352 Collectitius.

667 1409 688 1441 ι
707 1389 844 1445 Cum
869 1403 1061 1443 omnes
1085 1377 1179 1458 qui
1215 1387 1482 1457 sapientia
1509 1395 1823 1442 sanctorum
1852 1385 2173 1451 abutuntur,

580 1481 780 1552 procul
799 1480 967 1536 dubio
997 1489 1092 1535 aut
1126 1479 1217 1535 hic
1244 1487 1339 1535 aut
1370 1479 1427 1533 in
1457 1477 1642 1533 futuro
1672 1478 1992 1548 puniantur,
2025 1491 2176 1531 com-

589 1573 877 1645 pescenda:
917 1582 1046 1630 sunt
1094 1571 1466 1627 immoderata:
1494 1570 1929 1636 mussitationes,
1975 1569 2173 1641 partim

589 1667 902 1723 clanculum
927 1665 1181 1737 querelas
1195 1663 1623 1732 concinentium,
1651 1664 1916 1735 partimve
1942 1661 2171 1719 manife-

589 1771 676 1817 sto
702 1777 767 1818 ac
796 1761 1027 1833 simplici
1053 1776 1305 1817 sermone
1329 1759 1661 1816 dicentium:
1692 1758 1929 1816 Sanctus
1950 1759 2170 1816 Emme-

586 1869 836 1910 rammus
862 1869 1007 1909 nunc
1038 1853 1259 1920 dormit,
1289 1853 1385 1925 qui
1414 1853 1559 1908 bona
1586 1869 1686 1909 sua
1717 1854 1877 1924 quasi
1928 1869 2035 1909 non
2071 1868 2172 1909 sua

589 1946 697 2002 sibi
725 1947 952 2017 suisque
985 1930 1232 2002 subtrahi
1262 1944 1482 2017 perfert.
1501 1944 1714 2013 Quibus
1735 1962 1830 2018 per
1852 1956 2102 2002 sensatos
2121 1957 2175 2003 et

579 2037 887 2110 prudentes
916 2039 1066 2095 viros
1096 2039 1199 2094 erit
1227 2037 1628 2111 suggerendum
1655 2047 1819 2110 atque
1837 2038 2131 2095 dicendum
2157 2058 2170 2095 :

582 2127 729 2185 Ecce
782 2144 891 2184 non
937 2127 1197 2184 dormitat
1257 2126 1351 2199 qui
1414 2127 1652 2184 custodit
1711 2126 1877 2183 Israel
1925 2127 2062 2199 (228
2101 2127 2172 2200 ‘).

580 2220 820 2294 insuper
855 2232 909 2279 et
946 2222 1053 2277 hoc
1099 2230 1379 2291 nostrapte
1420 2220 1808 2291 adjiciendum,
1860 2222 1990 2292 quia
2032 2221 2174 2276 bona

589 2315 765 2371 sancti
798 2314 1208 2382 Emmerammi,
1244 2330 1368 2385 qua:
1393 2329 1518 2369 vere
1555 2314 1699 2369 bona
1731 2322 1880 2381 sunt,
1923 2329 2025 2370 nec
2069 2314 2175 2370 sibi

589 2408 836 2463 subtrahi
865 2424 966 2463 nec
992 2408 1110 2463 suis
1138 2406 1486 2462 consortibus
1511 2407 1624 2462 ullo
1652 2406 1818 2460 modo
1845 2406 2017 2462 minui
2056 2421 2178 2478 pos-

588 2508 738 2556 sunt.
779 2500 888 2556 Ista
931 2515 1061 2556 vero
1103 2515 1226 2570 quae
1285 2498 1588 2556 secundum
1622 2483 1883 2554 saeculum
1917 2498 2177 2555 dicuntur

588 2594 752 2661 bona,
780 2593 1266 2664 quantulacunque
1287 2602 1435 2658 sunt,
1459 2592 1587 2664 quia
1611 2607 1723 2647 non
1748 2591 1951 2647 fuerint
1971 2592 2177 2649 hucus-

580 2703 694 2757 que
716 2696 869 2743 extra
889 2703 1078 2743 curam
1095 2695 1148 2742 et
1172 2686 1476 2742 custodiam
1499 2685 1701 2741 summi
1732 2670 1976 2741 Pastoris
2001 2683 2174 2741 etCu-

580 2777 785 2845 -stadis,
818 2793 919 2833 nec
951 2794 1063 2835 non
1108 2778 1229 2848 ejus
1268 2776 1637 2849 provisionem
1673 2776 1858 2833 dilecti
1897 2777 2172 2849 martyris,

579 2887 657 2927 ex
694 2871 936 2942 antiquis
972 2871 1311 2945 temporibus
1345 2886 1454 2926 non
1482 2869 1661 2925 solum
1704 2870 2048 2937 mirabiliter,
2080 2869 2175 2925 sed

579 2964 753 3021 etiam
782 2962 994 3019 fortiter
1021 2962 1325 3018 innumeris
1373 2961 1668 3018 virtutibus
1709 2961 2046 3018 declaratum
2076 2978 2177 3017 au-

2281 461 2557 519 eommuni
2587 465 2819 520 consilio
2843 482 2907 520 ex
2940 465 3251 522 adversaria
3282 477 3433 538 parte
3480 468 3744 527 inductus
3786 482 3879 528 aut

2281 555 2612 612 subornatus
2636 557 2859 627 quidam
2885 557 3076 628 judex,
3114 560 3333 615 nomine
3362 556 3567 631 Otpolt,
3615 564 3778 633 cujus
3800 565 3880 619 lo-

2280 648 2545 720 quacitati
2571 647 2640 703 ad
2662 658 2793 705 tunc
2818 651 3078 721 temporis
3130 652 3298 707 multa
3329 654 3818 711 committebantur
3845 673 3877 712 a

2279 740 2488 807 multis,
2532 757 2633 797 nec
2689 742 2856 797 sciret
2902 759 3005 798 nec
3049 753 3235 815 posset
3271 739 3523 815 judicare
3572 747 3874 819 quidquam

2279 832 2426 903 quod
2457 834 2633 890 sancti
2663 832 3051 891 Emmerammi
3086 837 3168 891 vel
3206 847 3452 894 nostram
3492 838 3699 897 lzedere
3750 842 3875 912 qui-

2278 932 2360 980 ret
2388 940 2633 982 causam.

2340 1034 2375 1069 ·‹
2416 1015 2572 1073 Unde
2600 1027 2672 1085 et,
2706 1033 2735 1073 a
2762 1017 3051 1077 defensore
3079 1031 3267 1077 nostro
3289 1022 3508 1094 publice
3529 1024 3807 1082 mendacii
3824 1038 3877 1084 et

2278 1106 2532 1166 falsitatis
2553 1120 2794 1180 notatus,
2826 1113 3057 1183 praebuit
3084 1114 3272 1169 multis
3307 1115 3729 1173 admirationem
3752 1135 3873 1174 cum

2278 1201 2648 1259 additamenta
2697 1205 2932 1275 timoris.
2984 1203 3186 1263 Verum
3229 1222 3297 1262 ne
3348 1207 3645 1279 praedictus
3690 1210 3875 1267 Bruno

2276 1294 2567 1366 episcopus
2607 1304 2719 1351 tam
2743 1297 3022 1367 probrosae
3049 1297 3360 1355 confusioni
3402 1303 3770 1359 succumbere
3796 1304 3873 1358 vi-

2276 1384 2496 1443 deretur
2553 1404 2677 1444 cum
2710 1389 2828 1445 suis
2857 1389 3322 1460 astipulatoribus,
3366 1403 3561 1465 rogatu
3598 1395 3753 1451 illius
3778 1412 3873 1466 pa-

2275 1479 2480 1536 latinus
2507 1490 2807 1537 conventus
2829 1490 2913 1537 est
2938 1479 3253 1539 Ratisbonte
3287 1484 3528 1554 habitus,
3567 1487 3735 1557 quasi
3767 1487 3871 1542 illic

2275 1573 2630 1629 annularetur
2676 1574 3003 1630 miraculum
3054 1575 3201 1646 quod
3247 1578 3491 1648 contigit.
3551 1577 3664 1634 Sed
3718 1580 3874 1651 longe

2276 1664 2431 1721 aliter
2457 1682 2546 1722 res
2577 1664 2771 1722 eadem
2792 1666 2999 1722 exitum
3027 1668 3237 1735 habuit,
3272 1670 3493 1740 quando
3525 1680 3707 1726 totum
3737 1687 3870 1728 con-

2274 1758 2482 1825 cilium,
2520 1758 2668 1830 quod
2700 1759 2774 1814 ibi
2820 1761 3107 1816 collectum
3149 1760 3273 1827 fuit,
3316 1762 3510 1818 nolens
3555 1765 3752 1821 volens
3789 1765 3872 1821 di-

2274 1851 2415 1908 vina:
2448 1853 2711 1909 voluntati
2739 1853 2941 1924 paruit.
2983 1852 3121 1909 Nam
3166 1855 3223 1909 in
3254 1855 3377 1910 aula
3402 1856 3654 1926 judiciali
3679 1860 3871 1928 praesi-

2274 1945 2436 2001 dente
2456 1944 2692 2003 Henrico
2730 1946 2869 2002 duce
2910 1962 3036 2002 cum
3081 1946 3443 2019 Chunigunda
3497 1950 3869 2021 imperatrice,

2275 2053 2377 2094 sua
2406 2039 2614 2095 scilicet
2648 2055 2858 2107 sorore,
2902 2055 3003 2094 nec
3036 2056 3147 2095 non
3192 2040 3467 2097 subselliis
3506 2057 3538 2096 a
3575 2043 3714 2099 viris
3743 2060 3868 2099 cou-

2277 2130 2552 2187 sularibus
2587 2131 2701 2187 sive
2738 2132 3050 2198 comitibus,
3097 2131 3177 2188 uti
3204 2148 3323 2188 mos
3351 2134 3566 2190 aulicus
3596 2136 3868 2206 poposcit,

2276 2211 2537 2290 assessis,
2582 2239 2678 2293 per
2708 2230 2878 2278 totam
2919 2216 3129 2278 curiam
3166 2222 3490 2279 audiebatur
3530 2241 3640 2281 vox
3685 2236 3870 2282 contra

2277 2325 2525 2371 sanctum
2548 2313 3013 2370 Emmerammum
3058 2325 3240 2387 partes
3269 2317 3511 2388 episcopi
3542 2316 3868 2385 foventium,

2278 2408 2517 2464 simulet
2538 2408 2838 2473 dicentium
2877 2406 3022 2479 quod
3060 2406 3326 2475 Brunoni,
3373 2419 3560 2480 utpote
3598 2420 3716 2466 tam
3756 2428 3871 2466 am-

2276 2501 2378 2571 pla:
2408 2509 2461 2556 et
2492 2500 2700 2572 potenti
2731 2516 2998 2572 persona},
3030 2517 3192 2557 nemo
3228 2511 3413 2572 posset
3433 2504 3701 2560 resistere
3740 2504 3868 2575 quin

2276 2592 2368 2647 illa
2396 2591 2484 2647 die
2525 2592 2770 2649 omnium
2810 2593 3021 2664 judicio
3072 2594 3128 2649 in
3177 2594 3439 2651 ditionem
3487 2596 3609 2667 ejus
3664 2598 3871 2652 veniret

2276 2684 2562 2755 praefatum
2593 2686 2879 2756 praedium,
2907 2684 3055 2758 quod
3085 2686 3206 2742 avia
3232 2687 3373 2757 ejus,
3407 2689 3631 2744 nomine
3662 2688 3867 2755 Judita,

2275 2774 2459 2833 Norici
2487 2778 2638 2849 regni
2671 2778 2922 2834 videlicet
2948 2777 3190 2846 ducissa,
3222 2778 3422 2835 Sancto
3460 2778 3868 2837 Emmerammo

2275 2881 2375 2937 pro
2401 2882 2460 2922 se
2489 2865 2716 2936 suisque
2746 2866 2873 2922 filiis
2899 2866 3223 2922 Hulduwico
3258 2879 3423 2939 atque
3449 2867 3692 2925 Henrico
3724 2870 3869 2925 velut

2274 2957 2514 3030 regalem
2546 2958 2739 3013 iiscum
2769 2957 3010 3025 tradidit,
3029 2974 3095 3014 eo
3122 2959 3329 3015 scilicet
3354 2968 3538 3016 tenore
3568 2970 3652 3028 ut,
3688 2961 3735 3016 si
3756 2961 3869 3031 epi-

579 3056 850 3123 -divimus,
877 3054 1130 3127 legimus,
1156 3053 1416 3109 vidimus.
1453 3051 1496 3105 E
1518 3053 1720 3123 quibus
1749 3053 1818 3109 ad
1847 3069 1996 3108 nunc
2029 3062 2171 3109 tem-
2199 3072 2244 3135 ρ
2277 3065 2477 3121 seopus
2514 3051 2599 3107 vel
2639 3051 2818 3122 aliqua
2854 3060 3048 3122 potens
3092 3066 3327 3122 persona
3369 3051 3621 3107 eamdem
3658 3063 3868 3109 curtem

578 3147 738 3219 poris
789 3146 1165 3202 necessarium
1207 3161 1379 3200 unum
1423 3144 1628 3217 grande
1667 3145 2028 3212 miraculum,
2073 3161 2170 3216 pro

583 3238 966 3310 magnitudine
984 3237 1071 3293 sui
1100 3236 1257 3293 valde
1276 3236 1417 3293 inter
1430 3237 1718 3307 optimates
1746 3246 1909 3308 atque
1928 3238 2169 3308 plebeios

579 3332 837 3387 homines
871 3330 1231 3402 divulgatum,
1267 3330 1486 3385 utilitati
1520 3330 1815 3401 legentium
1851 3330 2166 3396 consulens,

587 3423 790 3493 pariter
820 3431 874 3479 et
904 3422 1175 3479 exactioni
1198 3431 1415 3478 tuarum
1444 3421 1767 3493 petitionum
1797 3421 2164 3491 satisfaciens,

576 3514 712 3573 «istic
735 3514 1010 3572 innectere
1036 3515 1261 3571 curabo.

666 3627 684 3660 ι
704 3607 1062 3680 Temporibus
1086 3609 1271 3679 itaque
1286 3605 1508 3663 Henrici
1534 3605 1614 3662 Pii
1629 3607 1862 3678 Augusti
1874 3606 2170 3678 etimpera-

2272 3153 2562 3214 usurparet
2586 3143 2669 3200 vel
2693 3141 2887 3199 usibus
2915 3145 3309 3199 monachorum
3347 3144 3716 3211 subtraheret,
3753 3154 3864 3199 sta-

2272 3237 2367 3291 tim
2395 3238 2449 3291 in
2472 3236 2566 3307 jus
2586 3236 2862 3293 haeredum
2887 3250 3114 3292 suorum
3139 3231 3517 3291 reverteretur.
3555 3235 3713 3292 Hanc
3733 3250 3865 3306 quo-

2270 3344 2377 3399 que
2412 3330 2738 3385 sententiam
2764 3337 3176 3399 praeposuerunt
3190 3327 3406 3398 judices
3430 3338 3597 3398 atque
3624 3329 3861 3399 optima-

2271 3429 2378 3487 tes,
2429 3420 2761 3476 affirmantes
2805 3420 3116 3476 traditionis
3172 3420 3706 3490 complacitationem
3765 3420 3863 3475 he-

2264 3515 2420 3586 jusce
2445 3531 2476 3569 a
2507 3512 2828 3570 Gebebardo
2875 3512 3288 3585 Imbripolitano
3328 3513 3575 3568 antistite
3603 3512 3860 3569 violatam

2268 3623 2411 3664 esse.
2455 3605 2610 3662 Tune
2653 3622 2682 3662 a
2726 3607 2950 3663 domino
2978 3605 3251 3672 Brunone,
3279 3621 3549 3661 consensu
3574 3606 3860 3676 principis,

582 3701 725 3758 toris
753 3701 960 3768 eximii,
984 3700 1172 3757 multis
1206 3701 1372 3756 rebus
1393 3715 1458 3755 ex
1482 3697 1763 3770 episcopio
1786 3698 2172 3755 Ratisbonensi
2269 3711 2420 3755 extra
2456 3688 2666 3755 curiam
2688 3700 2927 3754 evocatis
2950 3698 3274 3770 primatibus
3304 3714 3518 3753 summa
3549 3698 3859 3768 eloquentia

580 3809 685 3865 per
728 3794 1055 3851 incautelam
1090 3792 1338 3864 perditis,
1378 3801 1432 3848 et
1478 3790 1547 3847 de
1581 3791 1796 3847 abbatia
1849 3791 1905 3845 S.
1948 3789 2169 3846 Emme-

584 3885 808 3953 rammi,
827 3886 897 3942 ob
932 3885 1359 3941 controversiam
1388 3883 1631 3954 episcopi
1660 3891 1714 3938 et
1747 3883 1981 3949 abbatis,
2007 3884 2175 3954 pluri-

587 3979 692 4035 bus
716 3979 877 4034 bonis
911 3977 1279 4049 pessumdatis
1324 3986 1487 4048 atque
1524 3976 1827 4047 dissipatis,
1859 3976 2084 4047 contigit
2113 3985 2174 4031 ut

587 4071 846 4128 dominus
870 4071 1071 4137 Bruno,
1096 4085 1389 4141 germanus
1420 4070 1588 4124 frater
1610 4068 1856 4140 ejusdem
1879 4070 2173 4139 imperato-

586 4164 687 4231 ris,
745 4164 850 4219 sub
898 4163 1189 4218 occasione
1226 4161 1368 4232 juris
1412 4161 1741 4217 htereditarii
1789 4170 2021 4217 tentaret
2066 4161 2171 4216 sibi

578 4254 869 4311 vindicare
907 4254 1314 4326 possessionem
1345 4263 1399 4309 et
1428 4261 1636 4310 curtem
1668 4267 1792 4324 quae
1833 4253 1995 4325 vulgo
2029 4253 2170 4309 dici-

582 4356 677 4403 tur
713 4346 989 4413 Enterhof,
1016 4345 1071 4401 id
1098 4354 1203 4412 est,
1246 4346 1427 4400 veneni
1452 4345 1652 4399 atrium
1682 4353 1731 4399 et
1758 4343 1944 4410 curtis,
1972 4345 2062 4399 sed
2088 4363 2169 4400 sc-

2268 3791 2532 3864 przeditis,
2572 3800 2625 3847 et
2656 3791 2777 3846 aliis
2813 3791 3095 3861 judicibus
3124 3790 3441 3857 causidicis,
3481 3790 3629 3861 juris
3674 3790 3859 3861 peritis

2271 3886 2327 3940 in
2351 3884 2437 3939 sui
2470 3901 2691 3940 causam
2718 3883 2932 3950 excitis,
2957 3882 3247 3954 ontnigena
3271 3882 3565 3939 calliditate
3593 3883 3681 3939 vel
3713 3892 3860 3938 astu-

2271 3978 2345 4034 tia
2374 3977 2505 4033 foris
2527 3987 2654 4032 sunt
2677 3976 2926 4032 instructi
2951 3975 3065 4031 sive
3085 3975 3371 4046 praeparati
3396 3975 3491 4045 qui
3512 3976 3688 4045 partis
3716 3975 3859 4029 illius

2271 4057 2618 4126 defensiones
2659 4068 2806 4124 intus
2848 4067 3045 4134 forent,
3094 4077 3151 4123 ut
3196 4066 3300 4123 sibi
3356 4066 3665 4135 videbatur,
3709 4084 3863 4139 argi:-

2272 4171 2519 4218 mentose
2545 4161 2841 4226 recitatuz'i,
2876 4160 3032 4214 nihili
3057 4158 3355 4229 pendentes
3397 4159 3549 4231 quod
3595 4160 3858 4231 scriptum

2272 4263 2353 4310 est
2387 4274 2398 4309 :
2438 4253 2554 4310 Non
2585 4262 2670 4308 est
2690 4253 2980 4308 consilium
3022 4261 3210 4307 contra
3239 4250 3667 4323 Dominum,qui
3714 4269 3809 4308 nov
3823 4254 3861 4307 it

2274 4347 2439 4402 corda
2472 4347 2756 4402 hominum
2795 4346 2964 4416 (ΞΜ).
3005 4344 3273 4415 Cumque,
3301 4345 3653 4417 introgressis
3692 4346 3861 4401 omni-

588 4443 818 4497 cimdum
851 4459 937 4496 eos
973 4441 1063 4513 qui
1101 4440 1312 4495 altioris
1352 4441 1546 4512 ingenii
1574 4448 1695 4495 sunt
1719 4450 1767 4495 et
1789 4458 2004 4513 quotque
2032 4443 2178 4513 inge-
2210 4432 2253 4485 Ι)
2277 4440 2400 4509 bus,
2434 4448 2754 4511 perventum
2781 4446 2928 4494 esset
2964 4437 3033 4492 ad
3057 4437 3239 4493 locum
3280 4447 3335 4493 et
3382 4447 3600 4509 tempus
3646 4438 3705 4493 in
3752 4452 3858 4508 quo

588 4535 1071 4606 ttiosius'quwrunt,
1094 4549 1208 4604 spes
1228 4532 1455 4600 wtheris,
1479 4533 1534 4586 id
1559 4541 1637 4587 est
1654 4532 1789 4600 caeli,
1810 4550 1912 4587 non
1936 4534 2178 4588 inconve—
2274 4531 2585 4587 excusanda
2620 4537 2736 4587 erat
2757 4528 2969 4585 falsitas
2993 4537 3047 4583 et
3074 4528 3280 4584 malitia
3302 4527 3536 4584 forensis
3575 4529 3775 4599 judicii
3809 4538 3860 4583 ct

587 4627 790 4680 nienter
812 4626 921 4680 dici
943 4635 1132 4697 potest,
1151 4625 1312 4695 juxta
1337 4625 1431 4679 hoc
1449 4625 1589 4695 quod
1617 4623 1940 4680 Saxonica":
1971 4626 2174 4680 idioma

585 4716 936 4772 .Tcutonizare
960 4717 1110 4772 solet.
1150 4715 1386 4772 Saxones
1422 4718 1562 4771 enim
1602 4733 1765 4786 spem,
1811 4726 1867 4770 ut
1908 4719 2170 4787 speratio-

587 4826 726 4875 nem,
747 4810 904 4881 hujus
955 4809 1195 4864 vocabuli
1238 4811 1444 4863 nomine
1494 4810 1723 4878 finitimo
1780 4809 2010 4864 vocitare
2052 4827 2171 4864 sue-

584 4912 736 4957 scunt
767 4901 937 4975 (229).
975 4901 1078 4969 Qui
1114 4902 1245 4957 dum
1266 4902 1480 4973 publice
1506 4910 1694 4956 contra
1717 4901 1954 4975 edictum
1985 4900 2168 4957 Caesa-

583 4994 662 5044 ris
686 4995 793 5044 vim
818 4993 1022 5044 inferre
1045 5011 1151 5044 non
1182 4993 1403 5044 auderet
1425 4995 1587 5044 rebus
1608 4993 2017 5044 ecclesiasticis.
2043 5003 2165 5044 tan-

2273 4623 2430 4693 quasi
2457 4621 2750 4678 obtinenda
2774 4622 3121 4691 triumphalis
3150 4622 3335 4693 palatii
3364 4622 3626 4693 dignitas;
3647 4638 3759 4678 non
3781 4637 3861 4678 so-

2273 4713 2385 4767 lum
2417 4713 2509 4782 qui
2551 4711 2805 4767 falsitatis
2838 4722 2998 4767 antea
3032 4711 3136 4766 fuit
3180 4722 3422 4779 notatus,
3448 4713 3737 4768 convictus
3782 4722 3862 4768 est

2270 4822 2398 4861 reus
2413 4821 2536 4862 esse
2556 4805 2801 4876 ejusdem
2819 4805 3149 4869 abdictatus,
3167 4804 3263 4860 sed
3283 4805 3450 4860 etiam
3466 4805 3717 4861 omnium
3727 4821 3858 4861 con-

2269 4899 2449 4953 trariae
2485 4897 2626 4967 parti
2650 4896 2945 4952 faventium
2982 4913 3077 4952 ora
3114 4897 3184 4952 ita
3230 4898 3430 4953 virtute
3475 4898 3688 4954 cretesti
3735 4907 3860 4954 sunt

2269 4989 2454 5044 clausa
2478 4997 2532 5043 et
2567 4996 2795 5044 mutata.
2839 4997 2898 5042 ut
2939 4989 3122 5043 nullus
3160 4998 3239 5043 tot
3270 4989 3493 5044 ingenio
3540 4990 3857 5044 canentium
