4018 6410
566 315 593 331 ν

157 358 304 416 ιῦδῦ

827 355 916 412 DE
953 353 1327 413 MIRACULIS
1365 354 1423 411 S.
1462 348 1882 410 EMMERAMMI
1922 346 2101 403 LIBRI
2141 349 2300 407 DUO.

2342 380 2362 390 -
2387 379 2413 389 ο
2451 347 2579 405 UB.
2621 347 2683 404 ll.
2776 376 2781 381 ι
3290 338 3431 398 4070

151 489 258 529 nec
283 487 393 528 non
428 468 730 527 beatissimi
754 472 1010 544 martyris
1031 460 1421 526 Emmerammi
1442 468 1633 525 laudes
1656 469 1739 523 al-
1768 469 1814 527 Α
1841 482 1962 522 mea
1984 466 2040 520 in
2070 464 2190 535 ipso
2216 464 2384 536 (252).
2427 464 2603 531 Quam
2631 460 3061 520 consolationem
3097 461 3214 533 ipse
3243 458 3433 516 Salva—

151 566 431 620 trinsecus
461 562 812 618 exaltantium
850 578 1096 617 murmur
1144 562 1375 617 amabile
1412 577 1573 617 aures
1597 561 1741 615 mul-

148 656 408 712 titudinis
433 655 832 710 reverberabat.
870 653 1015 709 inter
1039 671 1178 725 quos
1202 655 1422 725 quidam
1458 670 1643 710 comes
1661 653 1745 709 vir

126 746 406 801 famosus
427 745 481 799 in
502 743 809 799 Christiana
834 745 1112 816 religione,
1136 744 1481 800 Eberhardus
1500 745 1742 810 nomine,

151 835 332 893 fertur
357 836 562 891 dixisse
588 854 602 889 :
628 834 767 889 Ecce
799 834 914 890 Rex
964 850 1154 905 regum
1200 833 1489 891 manifeste
1513 833 1746 888 destruit

146 926 282 997 jura
310 926 711 981 mundanarum
746 925 949 995 legum.
988 923 1132 979 Bene
1153 923 1336 977 omnia
1355 937 1499 977 nunc
1524 932 1578 976 et
1600 937 1746 977 sem-

154 1036 256 1091 per
287 1018 414 1074 fecit
446 1029 499 1073 et
532 1016 682 1082 facit,
707 1017 802 1087 qui
827 1016 1074 1085 superbis
1094 1015 1320 1083 resistit,
1349 1030 1414 1070 ac
1443 1014 1743 1069 humilibus

155 1112 393 1183 gratiam
428 1109 599 1163 dabit.
637 1106 792 1162 Tunc
822 1106 1078 1161 dominus
1099 1105 1284 1159 Bruno
1311 1105 1516 1176 ingenti
1548 1105 1743 1159 timore

153 1213 463 1273 correptus,
506 1202 617 1256 imo
658 1216 756 1271 per
788 1201 899 1255 vim
942 1213 1191 1269 supernae
1236 1197 1631 1254 virtutis‘adeo
1659 1206 1743 1253 est

154 1295 372 1350 interne
416 1294 633 1349 sibimet
655 1293 968 1361 subreptus,
996 1306 1107 1361 quo
1146 1304 1253 1344 non
1299 1290 1476 1345 solum
1521 1290 1609 1343 illa
1653 1289 1741 1344 die

154 1397 344 1438 coram
376 1383 712 1454 principibus
749 1391 803 1437 et
830 1380 1030 1452 pepulo
1051 1380 1372 1435 humiliatus
1404 1379 1740 1451 frigesceret,

156 1475 401 1539 sudaret,
428 1474 766 1544 pallesceret,
794 1472 890 1527 sed
922 1472 1086 1527 etiam
1112 1472 1255 1525 intra
1275 1470 1573 1526 domestica
1598 1486 1738 1526 moe-

156 1566 252 1620 nia
280 1566 384 1622 sub
404 1565 596 1635 grandi
628 1566 754 1620 vitae
782 1580 897 1620 sum
922 1564 1167 1635 periculo
1190 1564 1494 1634 proximam
1525 1573 1738 1620 noctem

100 1640 105 1645 ’
138 1659 462 1713 insomnem
487 1658 725 1713 duceret.
769 1658 948 1713 Altera
986 1667 1169 1712 autem
1197 1656 1307 1726 die,
1348 1673 1473 1713 cum
1511 1658 1626 1729 jam
1656 1657 1740 1714 sol

156 1752 483 1818 illustrasset
509 1752 715 1818 orbem,
746 1752 1065 1822 poenitentia
1096 1761 1149 1807 et
1179 1752 1435 1826 laerymis
1460 1752 1737 1825 expellens

1843 566 1932 612 tor
1967 556 2023 611 in
2072 554 2366 626 Evangelio
2395 555 2701 622 conﬁrmat,
2748 553 2969 624 provide
3015 552 3084 609 ad
3134 552 3433 625 discipulos

1842 649 2032 705 dicens
2058 667 2071 703 :
2101 647 2161 702 In
2207 648 2467 718 patientia
2509 654 2685 701 vestra
2714 644 3063 715 possidebitis
3094 645 3307 699 animas
3334 660 3431 699 ve-

1843 751 1987 798 stras
2039 741 2211 813 (255).
2270 739 2507 795 Putasne
2557 738 2705 809 quod
2745 754 2852 792 non
2908 746 3123 793 curaret
3167 736 3434 792 Dominus

1843 834 2157 890 mortalium
2188 842 2364 897 actus,
2397 831 2614 902 quando
2651 846 2788 900 pene
2832 845 2928 900 per
2956 839 3127 885 totum
3164 828 3432 884 mundum

1843 926 2147 996 proscripta
2180 932 2309 979 sunt
2344 924 2485 978 bona
2527 921 3006 978 Christianorum?
3036 922 3221 978 Absit!
3257 921 3434 977 Crede

1846 1017 1981 1072 mihi
2008 1033 2021 1069 :
2048 1025 2240 1071 neuter
2263 1016 2500 1081 illorum,
2522 1015 2614 1085 qui
2642 1016 2784 1070 bona
2810 1015 3015 1071 sanctis
3027 1014 3117 1069 dat
3144 1024 3237 1069 aut
3263 1014 3434 1083 dedit,

1843 1116 1897 1162 et
1928 1107 2151 1162 abstulit
2179 1116 2233 1162 et
2261 1107 2541 1162 ablaturus
2584 1108 2707 1172 erit,
2752 1107 2976 1178 praemio
3000 1106 3225 1162 carebit.
3265 1104 3436 1162 Judas

1842 1212 2061 1269 quoque
2084 1196 2366 1268 praemium
2402 1195 2697 1253 Dominicm
2720 1197 3042 1268 proditionis
3066 1198 3181 1268 jam
3210 1197 3439 1254 infelici-

1839 1300 1923 1345 ter
1961 1290 2217 1361 possedit,
2273 1298 2329 1344 et
2372 1291 2428 1344 in
2471 1299 2735 1345 aeternum
2774 1289 3044 1345 infelicius
3079 1306 3437 1360 possessurus

1838 1384 1958 1439 erit.
1993 1383 2155 1438 Latro
2174 1397 2302 1437 vero
2320 1398 2433 1438 suae
2455 1382 2816 1438 confessionis
2837 1383 3210 1439 vicissitudine
3236 1384 3437 1456 gratis-

1835 1475 1973 1531 sima
2003 1475 2351 1531 remediabile
2375 1475 2670 1545 praemium
2711 1475 2828 1546 jam
2864 1476 3091 1547 accepit,
3118 1491 3183 1531 ac
3214 1477 3268 1530 in
3302 1491 3431 1547 per-

1837 1576 2060 1637 petuum
2091 1566 2404 1623 felicissime
2430 1567 2717 1623 habiturus
2744 1569 2866 1623 erit.
2900 1586 2918 1620 ι

2444 1655 2826 1713 Ammonicius.

1914 1768 1932 1800 ι
1974 1748 2207 1820 Ingentis
2246 1749 2494 1804 miraculi
2544 1749 2908 1821 descriptione
2957 1751 3158 1823 pariter
3202 1761 3257 1809 et
3299 1769 3437 1825 quc-

154 1842 410 1897 tenebras
446 1858 557 1912 quo
603 1842 863 1913 deceptus
899 1853 1016 1899 erat
1052 1844 1274 1911 erroris,
1300 1825 1433 1901 cum
1464 1847 1737 1902 oblatione
1761 1825 1813 1886 ’Β
1841 1842 2030 1898 ιἐιοδεε
2052 1841 2448 1898 mussitationis
2472 1843 2811 1900 absolutione
2843 1845 2978 1899 mihi
2998 1857 3047 1901 et
3076 1846 3182 1902 illis
3211 1846 3435 1904 satisfa-

155 1948 217 1987 se
242 1934 401 1988 beato
420 1932 823 1990 Emmerammo
843 1943 1210 2006 praesentavrt,
1239 1936 1516 1992 humiliter
1552 1936 1738 1993 fratri-

154 2027 261 2083 bus
283 2028 731 2087 delictum’suum
760 2031 1068 2097 confessus,
1097 2040 1259 2101 atque
1278 2032 1419 2086 inter
1448 2032 1740 2089 memorias

154 2130 473 2175 sanctorum
510 2120 741 2192 nudipes
779 2121 1101 2189 incedendo,
1139 2133 1250 2178 tam
1292 2123 1622 2178 laboriosam
1651 2123 1738 2177 in-

151 2212 317 2267 terim
348 2213 792 2268 exercitationem
821 2229 1139 2285 perpessus,
1174 2223 1236 2269 ut
1271 2214 1483 2269 nullum
1504 2230 1571 2271 ex
1616 2230 1740 2270 om-

152 2302 324 2358 nibus
362 2304 628 2359 altaribus
649 2320 772 2375 qute
797 2305 941 2375 apud
971 2320 1073 2361 nos
1109 2305 1390 2360 abundant
1420 2309 1742 2377 praetermit-

137 2404 294 2452 teret
321 2397 411 2452 cui
453 2398 670 2467 propria
699 2415 866 2453 manu
894 2398 1101 2455 donum
1134 2412 1246 2454 non
1272 2400 1595 2470 imponeret.
1634 2398 1741 2455 De-

152 2501 311 2541 mum
359 2496 486 2541 ante
526 2503 676 2542 aram
716 2488 1010 2545 clarissimi
1053 2490 1267 2560 patroni
1302 2487 1475 2545 nostri
1506 2504 1564 2546 se
1602 2491 1759 2549 ultra,

153 2593 265 2634 nec
290 2580 365 2633 illi
398 2594 574 2650 neque
614 2581 957 2651 suisaliquid
977 2582 1107 2636 mali
1133 2581 1430 2650 facturum,
1455 2599 1550 2639 seu
1579 2584 1743 2639 rebus

142 2669 406 2725 ecclesia:
446 2671 613 2724 ullam
643 2672 752 2726 vim
788 2672 1068 2727 illaturum
1099 2689 1222 2728 cum
1245 2674 1557 2744 juramento
1589 2675 1747 2731 devo-

153 2762 256 2828 vit,
278 2777 382 2818 nec
401 2778 509 2817 non
531 2764 635 2819 sub
655 2765 886 2821 testibus
909 2768 1268 2823 conﬁrmavit.
1284 2767 1483 2823 Vinum
1505 2786 1743 2842 quoque,

153 2854 306 2923 quod
329 2857 566 2925 partium
600 2873 824 2913 suarum
855 2857 1161 2916 fautoribus
1185 2861 1240 2916 in
1264 2863 1516 2919 convivio
1551 2879 1610 2919 se
1642 2864 1744 2919 da-

153 2957 344 3003 turum
388 2949 697 3019 spopondit,
722 2951 881 3006 nobis
917 2966 1016 3021 pro
1064 2953 1328 3009 charitate
1373 2954 1540 3024 dedit,
1582 2967 1744 3027 atque

155 3038 327 3094 vitam
385 3055 542 3095 suam
598 3041 958 3098 intentissime
1000 3044 1233 3098 orationi
1292 3043 1540 3103 fraternae
1588 3062 1743 3103 com-

157 3128 455 3187 mendavit.
487 3150 507 3183 ι

757 3225 1137 3282 Ammonicius.

237 3329 259 3366 ι
286 3308 471 3368 Mirari
498 3314 631 3370 satis
661 3331 873 3386 nequeo
902 3333 1027 3388 qua:
1050 3327 1200 3373 tanta
1230 3319 1301 3374 sit
1324 3319 1525 3375 duritia
1556 3321 1738 3377 cordis

158 3404 221 3459 in
243 3405 525 3460 aversione
547 3408 878 3474 mortalium,
910 3408 1015 3464 ista
1040 3419 1094 3464 et
1123 3410 1439 3481 hujusmodi
1469 3414 1739 3484 magnalia

157 3493 463 3553 videntium
497 3505 551 3552 et
583 3497 941 3566 audientium,
989 3509 1049 3555 ut
1089 3500 1324 3558 audeant
1372 3504 1560 3559 tollere
1598 3505 1741 3562 bona

159 3593 499 3641 sanctorum.
538 3585 645 3642 Par
686 3603 823 3644 mea:
858 3590 1110 3660 parvitati
1141 3590 1354 3647 videtur
1381 3593 1498 3649 haec
1526 3595 1742 3651 moder—

160 3693 361 3733 norum
387 3679 680 3749 pertinacia
712 3682 789 3736 illi
829 3682 1143 3739 Iudaeorum
1179 3685 1489 3743 inveteratae
1528 3690 1742 3744 stolidi-

162 3770 261 3824 tati
297 3786 419 3841 quae
443 3772 499 3826 in
523 3774 779 3842 passione
808 3773 1013 3831 Christi
1049 3792 1159 3832 non
1183 3778 1308 3833 sivit
1328 3795 1424 3835 eos
1460 3781 1515 3836 in
1545 3781 1741 3837 Filium

160 3858 263 3915 Dei
284 3861 521 3929 credere,
552 3879 677 3918 cum
707 3865 963 3923 viderunt
986 3884 1115 3923 saxa
1148 3869 1301 3937 findi,
1329 3872 1511 3927 velum
1542 3874 1742 3942 scindi,

160 3954 364 4009 coelum
408 3956 789 4025 obtenebrari;
838 3960 949 4015 imo
1004 3970 1176 4016 totum
1235 3964 1500 4019 mundum
1555 3965 1745 4037 Lapidi

161 4058 330 4113 quem
358 4046 782 4115 reprobaverunt
820 4059 874 4104 et
904 4049 1038 4122 Regi
1064 4068 1226 4122 quem
1254 4054 1599 4124 pertinaciter
1634 4073 1746 4113 non

165 4134 347 4188 solum
383 4136 793 4204 abdicaverunt,
834 4140 931 4194 sed
974 4143 1140 4197 etiam
1183 4160 1279 4214 per
1314 4146 1515 4216 iniqum
1547 4148 1746 4220 linguae

159 4225 433 4295 judicium
460 4230 773 4298 turpissima
804 4241 978 4287 morte
1006 4234 1527 4306 condemnaverunt,
1559 4240 1747 4297 multis

166 4319 355 4417 modi
373 4323 748 4393 conspicerent
777 4325 935 4381 subdi
959 4335 1012 4382 et
1038 4326 1311 4383 famulari.
1340 4350 1358 4381 ι

772 4414 1126 4472 Collectitt'us.

1841 1947 1989 1993 ctum
2020 1952 2141 1991 esse
2164 1934 2390 1991 minime
2425 1935 2673 2002 dilliteor,
2698 1936 2829 2006 quin
2860 1936 3022 1991 etiam
3059 1938 3218 2008 plane
3258 1940 3330 1995 ob
3371 1938 3428 1994 id

1838 2026 2012 2084 fateor
2043 2029 2173 2098 quia
2208 2027 2512 2083 certissrme
2548 2027 2661 2083 seio
2686 2026 2998 2083 nullatenus
3025 2044 3185 2097 posse
3211 2029 3433 2095 mutari,

1839 2119 2115 2191 corrumpi
2139 2120 2221 2175 vel
2247 2118 2358 2174 falli
2389 2119 2593 2192 Regem
2616 2137 2807 2193 regum
2836 2137 2849 2172 :
2892 2120 3023 2178 Mihi
3050 2122 3348 2180 vindictam
3381 2135 3438 2182 et

1839 2228 1941 2286 ego
1961 2212 2258 2268 retribuam
2289 2211 2459 2285 (254).
2494 2230 2514 2264 ι

2456 2303 2803 2360 Collectitius.

1919 2417 1938 2449 ι
1982 2397 2173 2452 Adhuc
2205 2396 2483 2468 aliquanto
2515 2398 2735 2470 longius
2760 2399 2826 2470 in
2863 2399 3177 2471 hujusmodi
3213 2412 3436 2460 senten-

1842 2489 1916 2544 tia
1950 2489 2406 2560 progrediendum
2438 2498 2553 2557 cst;
2591 2506 2719 2545 nam
2764 2499 3062 2562 nostrapte,
3116 2495 3210 2565 qni
3247 2493 3438 2553 Chris-

1846 2579 1979 2633 tiani
2036 2580 2272 2634 dicimur
2318 2594 2441 2635 esse
2499 2588 2554 2635 et
2600 2581 2882 2647 debemus,
2938 2598 3049 2637 non
3101 2585 3278 2639 solum
3342 2601 3439 2643 ore

1844 2671 2157 2737 dicendum,
2207 2672 2301 2727 sed
2322 2672 2486 2726 etiam
2510 2672 2775 2742 proximis
2799 2674 2903 2729 tale
2925 2674 3248 2732 beneﬁcium
3272 2679 3440 2735 corde

1844 2770 2004 2817 tenus
2035 2770 2121 2817 est
2142 2762 2559 2833 impendendum
2596 2771 2656 2818 ut
2684 2762 2779 2834 qui
2810 2763 2969 2819 nobis
2992 2765 3298 2834 maledicat,
3324 2768 3440 2824 sive

1844 2855 1974 2925 quid
2005 2854 2133 2908 mali
2161 2853 2344 2922 faciat,
2378 2863 2643 2925 quantum
2689 2856 2756 2911 ad
2795 2870 2914 2924 nos,
2939 2856 3307 2914 maledictioni
3330 2860 3439 2914 mi-

1846 2945 1993 3000 nime
2045 2945 2365 3016 subiaceat.
2428 2961 2638 3015 verum,
2664 2947 3041 3006 benedictione
3087 2965 3153 3006 ac
3192 2952 3441 3009 oratione

1845 3033 2099 3089 fraterna:
2139 3035 2424 3091 charitatis
2469 3037 2707 3107 adjutus,
2771 3054 2802 3094 a
2858 3049 3036 3096 morte
3088 3058 3438 3111 peccatorum

1844 3127 2154 3193 reviviscat,
2178 3129 2377 3184 virtute
2399 3129 2582 3184 divina
2610 3130 2665 3184 in
2688 3129 2878 3186 callem
2913 3132 3103 3188 salutis
3133 3135 3438 3191 restitutus.

1840 3216 2016 3287 Hujus
2036 3219 2114 3274 rei
2146 3220 2318 3291 gratia
2354 3220 2440 3275 his
2476 3221 2569 3291 qui
2598 3238 2706 3277 non
2742 3223 3110 3294 dedignantur
3151 3226 3441 3296 parvitatis

1840 3325 1976 3364 meae
2005 3310 2183 3381 legere
2234 3311 2462 3381 scripta,
2516 3313 2691 3382 placet
2747 3313 2871 3370 istic
2918 3331 3091 3383 unum
3124 3319 3435 3389 exemplum

1842 3399 2117 3456 innectere
2142 3401 2210 3456 de
2239 3401 2463 3457 Patrum
2498 3403 2629 3471 vita,
2681 3420 2792 3474 quo
2837 3413 2891 3460 et
2931 3407 3208 3476 patientia:
3242 3424 3440 3480 perne-

1839 3491 2140 3548 cessarium
2185 3494 2389 3548 bonum
2423 3494 2700 3564 probetur,
2726 3504 2780 3550 et
2809 3512 2841 3550 e
2878 3498 3155 3556 contrario
3183 3514 3442 3557 exsecra-

1843 3583 1950 3640 bile
1973 3585 2177 3640 malum
2201 3585 2552 3656 impatientia:
2573 3587 2909 3657 rcprnbetur.
2957 3608 2978 3642 ›

2431 3678 2812 3735 Ammonicius.

1921 3788 1940 3819 ι
2002 3770 2153 3823 valde
2203 3769 2335 3824 utile
2384 3785 2506 3825 esse
2556 3778 2615 3824 ut
2675 3772 2889 3827 studeat
2936 3772 3041 3844 piis
3066 3774 3326 3845 exemplis
3369 3775 3440 3831 ad

1845 3862 2048 3916 bonum
2093 3862 2217 3932 quis
2251 3862 2535 3933 provocari
2572 3869 2667 3918 aut
2702 3866 2966 3933 converti,
3015 3866 3128 3922 sive
3175 3867 3243 3923 de
3291 3870 3439 3925 malo

1847 3953 2044 4018 averti,
2095 3954 2468 4024 experimento
2517 3951 2807 4011 didicimus
2850 3959 3012 4013 etiam
3061 3961 3235 4030 pueri.
3297 3960 3440 4018 Pro-

1846 4053 2032 4114 pterea
2062 4046 2167 4100 tale
2195 4047 2399 4125 aliquid
2424 4047 2654 4101 libenter
2696 4048 2859 4104 modo
2902 4050 3089 4106 audire
3112 4067 3207 4107 seu
3241 4053 3441 4110 curio-

1848 4138 2008 4193 sitate
2036 4137 2181 4193 haud
2204 4137 2544 4195 infructuosa
2569 4140 2743 4210 parati
2768 4156 2960 4199 sumus
2978 4143 3176 4215 legere.
3201 4164 3219 4197 ι

2471 4244 2824 4303 Collectitius.

1926 4356 1944 4389 ι
2010 4336 2240 4404 Quidam
2305 4335 2535 4394 fratrum
2589 4347 2834 4410 tempore
2880 4350 3114 4411 vetusto,
3171 4344 3320 4399 venit
3370 4345 3439 4400 ad

1849 4434 2139 4503 quemdam
2166 4430 2390 4486 Patrum
2416 4432 2690 4487 Abraham
2720 4432 2858 4488 forte
2900 4446 3295 4507 nuncupatum,
3346 4436 3443 4511 qui

240 4519 275 4602 ι.
287 4499 405 4556 Non
422 4511 528 4570 est,
553 4518 588 4558 ο
606 4503 935 4574 Ammonici,
966 4508 1114 4578 quod
1140 4510 1372 4565 multum
1406 4512 1606 4569 debeas
1625 4516 1733 4570 mi-
1767 4535 1812 4590 υ
1831 4499 1945 4602 jam
1972 4523 2113 4577 inter
2136 4536 2323 4578 servos
2348 4520 2442 4576 Dei
2472 4523 2773 4577 habebatur
2797 4525 2979 4581 clarus
3008 4543 3071 4581 ex
3086 4499 3427 4597 perfectione

164 4592 281 4648 rari
317 4608 477 4664 super
512 4596 615 4652 hac
638 4598 960 4654 sustinentia
996 4600 1387 4659 dominationis
1404 4615 1498 4660 aut
1521 4606 1745 4663 ablatio-

165 4684 257 4741 nis
280 4687 478 4742 terreni
513 4704 612 4745 seu
651 4691 950 4747 transitorii
976 4692 1126 4760 boni,
1160 4696 1600 4767 quandoquidem
1629 4699 1747 4769 ipse

164 4776 373 4833 Auctor
406 4780 653 4836 omnium
684 4782 977 4851 bonorum,
1001 4795 1223 4856 propter
1251 4789 1479 4843 salutem
1503 4800 1746 4847 nostram

165 4885 201 4924 a
246 4869 464 4927 diabolo
501 4881 760 4942 tentatus,
802 4884 856 4930 et
883 4876 952 4931 ab
990 4892 1058 4932 eo
1088 4877 1144 4931 in
1182 4887 1422 4934 montem
1470 4883 1747 4938 excelsum

164 4960 327 5017 valde
347 4964 613 5033 sublatus,
634 4981 737 5023 nee
762 4982 874 5022 non
903 4968 972 5022 ab
995 4968 1185 5024 eodem
1208 4985 1371 5041 super
1398 4973 1748 5041 pinnaculum

168 5056 357 5125 templi
396 5059 711 5127 translatus,
740 5060 1039 5117 novissime
1071 5062 1293 5132 quidem
1334 5064 1403 5118 ab
1426 5064 1545 5134 ejus
1572 5082 1748 5122 mem-

165 5146 285 5203 bris
316 5158 496 5218 sputa,
547 5151 825 5222 colaphos,
853 5161 908 5207 et
930 5152 1160 5223 ﬂagella,
1202 5162 1256 5209 et
1296 5163 1488 5210 caetera
1531 5172 1654 5226 quae
1682 5158 1751 5213 ad

163 5236 526 5308 ignominiam
578 5242 759 5303 erucis
811 5243 1103 5313 pertinent,
1153 5244 1421 5314 patienter
1468 5248 1746 5302 sustinuit.

165 5326 379 5383 Memor
410 5330 577 5387 etiam
608 5347 734 5389 esse
770 5333 937 5391 debes
970 5335 1117 5390 illius
1145 5350 1357 5403 versus,
1402 5352 1564 5406 quem
1598 5337 1751 5394 Psal-

166 5418 335 5474 mista
373 5435 472 5489 pro
509 5425 899 5492 consolatione,
938 5426 1042 5481 sub
1074 5442 1263 5481 eorum
1294 5443 1522 5497 persona
1549 5428 1642 5500 qui
1691 5430 1747 5485 in

166 5525 429 5580 pressura
463 5523 612 5583 sunt,
643 5517 861 5588 scriptis
888 5517 1164 5575 interserit
1197 5518 1333 5585 suis,
1375 5519 1562 5575 dicens
1592 5538 1606 5574 :
1647 5519 1752 5576 Su-

167 5602 364 5659 stinuit
401 5606 582 5661 anima
610 5624 730 5664 mea
758 5610 812 5664 in
842 5610 1006 5666 verbo
1032 5610 1267 5678 Domini,
1305 5613 1543 5683 speravit
1569 5613 1749 5669 anima

240 5716 394 5855 £252)
432 5717 579 5772 Psal.
619 5736 801 5778 cxxn.

262 5788 391 5855 255)
435 5787 562 5843 Luc.
609 5807 717 5845 xxi.

262 5788 391 5857 255)
435 5787 562 5843 Luc.
609 5807 717 5845 xxi.

1848 4615 2131 4669 virtutum.
2158 4612 2296 4669 Huic
2317 4615 2455 4669 inter
2484 4623 2707 4672 caeteras
2743 4618 3105 4673 tentationum
3140 4620 3442 4678 anxietates

1849 4707 2024 4763 isdem
2069 4705 2239 4761 frater
2264 4716 2489 4777 questus
2522 4716 2605 4762 est
2626 4708 2846 4764 dicens:
2897 4708 3130 4780 Spiritus
3154 4711 3440 4783 impatien—

1850 4798 1941 4853 tia:
1967 4813 2031 4853 ac
2056 4798 2324 4867 superbiae
2357 4798 2490 4852 adeo
2515 4814 2600 4852 me
2629 4798 2908 4871 impugnat
2938 4811 2997 4855 ut
3021 4813 3129 4857 tam
3170 4820 3441 4875 perversae

1851 4890 1989 4961 pesti
2034 4905 2145 4945 non
2189 4890 2394 4960 possim
2426 4891 2536 4945 ullo
2571 4892 2734 4946 modo
2769 4894 3056 4961 resistere;
3085 4897 3216 4967 quin
3247 4898 3293 4952 si
3317 4899 3440 4968 quis

1852 4978 1987 5034 mihi
2010 4978 2266 5049 injuriam
2287 4978 2475 5034 fecerit
2494 4981 2753 5051 aliquam,
2781 4998 2875 5037 ore
2905 4992 2999 5037 aut
3029 5000 3191 5039 manu
3219 4987 3437 5042 reddam

1854 5071 1904 5126 ei
1957 5070 2235 5137 talionem,
2286 5071 2358 5126 ob
2415 5074 2733 5128 malevolam
2784 5075 3050 5146 siquidem
3084 5085 3137 5132 et
3176 5078 3438 5134 insulsam

1854 5162 2314 5218 communionem.
2338 5163 2440 5218 Cui
2461 5165 2735 5236 respondit
2757 5182 2947 5221 senex:
2979 5166 3268 5239 Apostolus
3299 5188 3438 5242 prae-

1853 5253 1983 5323 cipit
2005 5253 2271 5319 ﬁdelibus,
2304 5254 2416 5308 imo
2436 5270 2532 5326 per
2561 5256 2880 5327 Apostolum
2905 5257 3156 5316 Christus
3185 5280 3198 5316 :
3233 5262 3288 5316 Si
3317 5265 3439 5335 quis

1854 5360 1952 5400 vos
1973 5344 2029 5400 in
2054 5343 2248 5400 faciem
2273 5346 2451 5413 caedit,
2507 5347 2554 5401 si
2604 5349 2728 5418 quis
2777 5365 2875 5406 vos
2921 5349 3164 5420 devorat,
3223 5354 3271 5411 si
3317 5357 3439 5426 quis

1846 5436 2037 5492 mundi
2060 5437 2419 5492 substantiam
2444 5439 2602 5505 tollit,
2646 5441 2913 5510 patienter
2935 5443 3172 5511 sollerte,
3219 5438 3455 5518 proptcr'

1849 5544 1973 5584 eum
2026 5528 2119 5598 qui
2172 5529 2361 5583 dilexit
2412 5546 2511 5586 nos
2562 5530 2731 5601 (255).
2769 5531 2834 5587 Et
2878 5534 3110 5608 iterum:
3167 5534 3437 5595 Pallentes

1852 5628 2025 5675 estote
2065 5619 2131 5673 ad
2163 5634 2375 5685 omnes,
2418 5636 2542 5675 nam
2580 5624 2835 5691 patientia
2870 5627 3011 5694 parit
3042 5629 3434 5701 probationem,

1927 5730 2077 5800 (234)
2115 5729 2268 5800 Rom.
2301 5747 2396 5786 χιι.

1931 5800 2079 5870 (235)
2121 5799 2185 5853 ιι
2220 5799 2344 5855 an.
2374 5817 2449 5858 τι.
