4018 6378
614 314 744 370 ωτι

1611 303 1905 360 ΔηΝοιῡι
1942 297 2540 357 EMMERAMMENSIS
2577 296 2886 354 MONAClll

3741 302 3841 356 lilii

607 423 861 499 probatio
883 436 1013 478 vero
1038 436 1210 494 spem,
1235 436 1360 491 spes
1380 427 1560 474 autem
1588 433 1697 472 non
1722 416 2011 473 confundit
2025 415 2193 487 (256).
2228 421 2274 477 Α
2300 412 2511 469 cautela
2562 410 2839 482 probaret,
2888 410 3247 481 animumque
3320 410 3577 466 virtutum
3624 414 3842 471 CXCI‘tllllS

612 517 752 573 Tum
794 516 961 571 fratre
1010 530 1107 587 per
1161 514 1474 569 induratum
1525 527 1621 567 cor
1648 510 1904 567 dillitente
1955 510 2201 580 Apostoli

611 610 775 664 verba
832 624 891 663 se
946 607 1256 662 nullatenus
1307 621 1405 676 per
1456 605 1774 675 patientiam
1815 603 1969 674 sequi
2020 619 2201 673 posse,

603 700 749 769 dixit
771 715 933 755 senex
958 718 971 753 :
1013 697 1291 753 Orandnm
1314 705 1397 752 est
1418 695 1799 761 intentissime,
1849 704 1908 749 ut
1938 693 2204 750 Dominus

612 794 865 866 dignetur
915 792 1056 847 hanc
1102 790 1358 847 duritiam
1409 788 1590 845 cordis
1647 786 1886 843 auferre.
1956 785 2204 858 Cumque

610 893 826 941 orasset
856 900 1043 951 senex,
1087 884 1276 937 eodem
1300 881 1465 936 fratre
1495 880 1766 945 audiente,
1795 880 1861 936 ad
1910 878 2201 934 Dominum

613 970 752 1032 dixit
774 976 1109 1031 humillime:
1133 974 1382 1039 Domine,
1411 988 1519 1027 non
1543 988 1603 1027 cs
1650 972 1809 1026 nobis
1836 971 2199 1027 necessarius.

610 1056 753 1121 Ecce
778 1081 880 1122 nos
908 1065 1158 1121 homines
1191 1062 1542 1135 impatientius
1575 1062 1705 1116 vitio
1741 1061 1995 1117 resistere
2016 1061 2204 1116 nolen-

612 1165 718 1223 tes,
760 1155 814 1210 in
862 1163 1129 1226 potestate
1182 1164 1371 1208 nostra
1421 1153 1539 1209 sine
1586 1161 1638 1207 te
1684 1152 1977 1207 statuimus
2021 1151 2205 1207 omnia

612 1245 814 1325 facere.
850 1246 932 1302 Ad
955 1263 1116 1318 quem
1152 1262 1462 1302 sermonem
1504 1244 1593 1300 ille
1623 1243 1792 1300 frater
1832 1244 1941 1299 Deo
1968 1245 2206 1299 donante

610 1339 691 1395 ita
726 1340 906 1396 subito
936 1348 1181 1394 mutatus
1209 1349 1263 1394 et
1283 1350 1643 1409 compunctus
1667 1346 1773 1405 est,
1802 1346 1864 1392 ut
1902 1353 2012 1393 non
2042 1337 2207 1391 modo

614 1445 804 1486 coram
860 1445 988 1486 sene
1037 1447 1134 1502 per
1191 1431 1568 1501 paenitentiam
1620 1428 1980 1496 satisfaceret,
2042 1444 2207 1499 super

613 1519 832 1577 imsdlita
858 1522 1055 1578 mentis
1078 1522 1441 1579 obstinatione
1465 1522 1803 1589 humiliatus,
1832 1521 1928 1577 sed
1952 1521 2207 1576 universa

612 1613 979 1669 tentationum
1032 1631 1258 1671 suarum
1309 1614 1720 1686 perturbatione
1768 1615 1973 1680 sedata,
2018 1614 2208 1670 absce-

607 1706 766 1762 deret
797 1707 1131 1783 melioratus.
1181 1728 1201 1761 ι

1201 1843 1576 1897 Ammonicius.

696 1996 715 2028 ι
762 1975 872 2031 Deo
902 1975 1122 2048 gratias,
1155 1974 1282 2047 quia
1313 1974 1573 2045 patientia
1606 1972 1708 2028 viri
1755 1971 1847 2027 Dei
1896 1986 1991 2042 per
2034 1970 2208 2025 medi-

2303 510 2655 574 prazpararet,
2682 512 2924 558 montem
2949 502 3240 574 quemdam
3270 503 3437 572 petiit,
3482 518 3638 573 quem
3679 521 3705 559 a
3739 523 3845 577 pra,

2303 595 2415 650 fato
2436 595 2688 662 caanobio
2713 612 2819 650 una
2846 594 3015 651 ferme
3040 603 3190 651 rasta
3216 594 3363 665 (257)
3388 596 3668 651 distantem
3689 599 3843 656 idiatu

2304 685 2659 742 Theutiscum
2695 686 2972 759 Rancinga
3012 687 3128 758 jam
3166 686 3486 742 nominavit.
3513 686 3572 742 In
3603 705 3702 759 quo
3742 708 3841 762 pem

2303 794 2401 850 per
2427 787 2538 835 tres
2587 794 2764 834 annos
2793 780 3124 846 consistens,
3175 779 3391 834 modico
3411 781 3559 835 victu
3607 798 3667 837 ac
3689 783 3844 840 humil-

2303 869 2436 926 limo
2489 870 2678 926 habitu
2720 886 2996 945 parvaque
3046 871 3182 926 cella
3226 880 3517 927 contentus
3548 881 3674 928 erat.
3714 873 3844 946 Cujus

2304 967 2531 1023 arduam
2557 967 2724 1022 vitam
2759 984 2886 1024 cum
2929 969 3264 1024 mirarentur
3295 970 3566 1037 nonnulli,
3602 973 3845 1029 adventan-

2305 1067 2388 1115 tes
2409 1075 2534 1115 cum
2557 1060 2754 1127 xeniis,
2780 1059 3083 1129 Christum,
3122 1062 3216 1132 qui
3238 1070 3461 1133 propter
3485 1077 3586 1119 nos
3614 1062 3768 1122 factus
3781 1061 3846 1123 es‘

2305 1150 2546 1217 humilis,
2592 1150 2648 1205 in
2672 1166 2775 1207 suo
2819 1152 3118 1208 visitabant
3165 1168 3231 1209 ac
3279 1154 3672 1209 venerabantur
3708 1173 3831 1213 servo

2307 1241 2463 1298 Tunc
2508 1244 2598 1299 ille
2619 1243 2819 1300 timens
2861 1261 2930 1300 ne
2979 1245 3284 1317 frequentia
3338 1248 3527 1317 populi
3572 1257 3624 1304 et
3669 1249 3843 1325 gloriola

2307 1336 2492 1392 saeculi
2516 1336 2620 1392 sibi
2642 1338 2746 1393 sub
2774 1337 2956 1408 specie
2977 1339 3261 1410 religionis
3282 1340 3417 1411 quid
3445 1341 3513 1396 de
3556 1342 3688 1396 veris
3711 1344 3846 1397 subri-

2308 1436 2457 1499 peret
2481 1437 2577 1484 aut
2620 1430 2893 1486 minueret
2924 1431 3104 1499 bonis,
3156 1430 3374 1503 fugiens
3408 1433 3536 1487 inde
3577 1434 3771 1488 secessit
3808 1435 3846 1489 in

2308 1534 2557 1575 eremum
2587 1536 2711 1591 quae
2757 1529 2989 1576 vocatur
3029 1522 3376 1595 Aquilonalis
3419 1522 3587 1589 Silva,
3628 1533 3846 1582 certamen

2309 1612 2584 1683 singulare
2605 1613 2661 1668 in
2682 1629 2746 1669 ea
2771 1622 2962 1670 contra
2984 1615 3265 1671 diabolum
3289 1615 3523 1670 viriliter
3546 1624 3845 1687 pugnaturus-

2311 1703 2431 1772 Qua
2460 1714 2521 1761 ut
2540 1705 2777 1776 primum
2812 1708 3145 1764 constitutus
3178 1707 3274 1763 Dei
3296 1707 3538 1765 famulus
3567 1710 3845 1766 eremiticam

2244 1782 2288 1839 Β
2313 1800 2480 1855 vitam
2540 1799 2833 1865 ruchatica_
2879 1800 2966 1855 vel
3012 1800 3245 1870 spiritali
3304 1800 3642 1856 consecravit
3684 1801 3845 1862 militia.

2311 1890 2643 1947 tentationes
2664 1891 2846 1947 varias
2872 1898 2930 1947 et
2948 1892 3152 1947 multas
3178 1899 3344 1963 atque
3383 1906 3576 1964 graves
3616 1906 3847 1961 perpessus

2311 1994 2414 2044 est.
2447 1986 2490 2039 E
2509 1985 2711 2057 quibus
2736 1972 2924 2052 unam,
2946 2001 3070 2056 qua:
3091 1985 3263 2040 relatu
3293 1984 3478 2043 veraci
3507 1984 3734 2054 parvitati
3751 1998 3845 2037 mw,

612 2070 802 2124 ciuam
856 2070 1131 2124 caelestem
1183 2068 1449 2127 medicata
1490 2076 1573 2123 est
1623 2065 1975 2136 impatientia:
2026 2062 2211 2119 fratris

2312 2077 2369 2134 in
2390 2078 2641 2133 notitiam
2662 2077 2832 2145 venit,
2860 2077 2928 2132 ad
2951 2076 3242 2133 utilitatem
3262 2075 3562 2147 legentium
3600 2090 3727 2129 nunc
3742 2091 3843 2144 pra:-

620 2159 842 2216 inlirmi.
893 2160 1049 2215 Nunc
1070 2175 1221 2232 ergo,
1272 2160 1402 2231 quia
1430 2158 1787 2214 tentationum
1825 2156 2036 2227 antiqui
2071 2164 2210 2211 tem-

2316 2172 2559 2228 scribere
2594 2171 2834 2237 tentabo,
2857 2179 2986 2242 post
3006 2170 3283 2226 modicum
3327 2178 3545 2239 tempus
3572 2167 3672 2222 vita
3699 2167 3847 2221 comite

562 2268 567 2281 ·
620 2254 771 2323 poris
825 2254 1157 2308 mentionem
1214 2251 1412 2318 fecisti,
1463 2267 1531 2307 ex
1585 2251 1880 2307 secretario
1930 2247 2214 2306 charitatis
2312 2264 2476 2319 aliam
2506 2263 2810 2335 graviorem
2841 2262 3277 2333 ευδδοι-ίριυηιε,
3319 2260 3555 2316 meum“
3585 2260 3716 2332 alqui
3743 2268 3842 2314 tem-

621 2343 939 2400 dulcissimo
983 2343 1279 2416 agilitatem
1329 2352 1479 2398 tuam
1530 2342 1761 2398 educere
1812 2340 2096 2405 convenit,
2162 2340 2211 2393 si
2312 2372 2467 2428 pore,
2495 2373 2606 2427 quo
2633 2357 2774 2412 unm
2801 2357 3024 2413 sontum
3050 2354 3348 2411 Νοτίορηεε
3373 2355 3556 2410 solum
3576 2354 3845 2409 εειίπιωω.

621 2437 746 2506 quis
768 2437 1101 2508 temporibus
1128 2436 1248 2493 istis
1268 2452 1333 2492 ex
1358 2451 1587 2492 numero
1608 2435 1847 2492 fidelium
1870 2434 2004 2506 Regi
2025 2449 2210 2505 regum

621 2528 821 2582 alit-ubi
848 2528 1202 2584 militantium
1247 2536 1361 2583 tam
1390 2527 1626 2583 validam
1669 2535 1724 2583 et
1774 2542 1993 2599 gravem
2040 2534 2215 2580 tenta-

620 2619 825 2673 tionem
852 2618 1161 2674 incurrerit.
1211 2638 1228 2670 ι

1242 2753 1593 2809 Collectitius.

708 2891 732 2924 ι
767 2870 887 2927 Non
921 2882 1004 2928 est
1041 2873 1268 2928 dubium
1310 2873 1442 2942 quin
1490 2872 1669 2927 adhuc
1689 2857 1949 2926 diabolus
1996 2871 2215 2925 easdem

623 2973 774 3020 artes
812 2965 1010 3020 habeat
1061 2980 1200 3036 quas
1249 2964 1490 3036 antiquis
1541 2964 1877 3036 temporibus
1928 2963 2215 3030 habuerat,

625 3057 740 3113 imo
796 3064 948 3113 certo
994 3058 1199 3113 certius
1256 3057 1583 3113 credendum
1641 3064 1726 3111 est
1755 3056 1900 3126 quod
1950 3055 2217 3125 benignus

622 3150 793 3208 Jesus
817 3150 872 3206 in
898 3151 1196 3207 electorum
1234 3165 1463 3207 suorum
1515 3148 1832 3206 defensione
1867 3147 2076 3221 antiqui
2114 3149 2218 3204 ho-

624 3244 728 3301 stis
748 3245 1160 3317 deceptionibus
1186 3245 1515 3312 resistendo,
1565 3244 1720 3301 solita
1769 3258 1943 3313 usque
1972 3244 2026 3296 in
2054 3241 2219 3296 ﬁnem

629 3336 817 3394 sreculi
864 3338 1011 3394 circa
1064 3354 1197 3394 suos
1254 3344 1441 3393 utatur
1479 3336 1789 3393 clementia.
1845 3334 2072 3406 Propter
2115 3334 2220 3388 hoc

625 3430 792 3488 etiam
822 3430 956 3485 nulli
980 3430 1220 3487 ﬁdelium
1247 3429 1352 3485 erit
1399 3429 1782 3500 ambigendum
1837 3444 1982 3483 nunc
2033 3442 2220 3482 servos

628 3512 747 3588 Dei,
772 3522 933 3578 sicuti
968 3522 1242 3593 primitus,
1264 3521 1454 3578 multis
1476 3522 1654 3578 modis
1685 3537 1718 3576 a
1750 3521 1969 3577 diabolo
1998 3520 2219 3587 tentari,

626 3629 695 3670 ac
715 3630 867 3685 atque
893 3624 954 3670 ut
979 3608 1107 3670 tunc
1134 3617 1203 3671 ab
1230 3615 1444 3686 generis
1466 3615 1689 3671 humani
1723 3622 2035 3685 reparatore
2082 3613 2223 3668 inter

629 3706 809 3761 varias
833 3706 1195 3761 tentationum
1234 3714 1584 3777 tempestates
1632 3706 1853 3761 eosdem
1905 3720 2120 3775 semper
2167 3712 2223 3759 et

632 3799 835 3870 ubique
882 3797 1174 3854 defensari.
1215 3797 1372 3867 Quod
1396 3808 1458 3854 ut
1490 3799 1793 3855 evidentius
1844 3799 2221 3877 dignoscatur,

631 3908 665 3946 o
717 3892 1048 3958 Ammonici,
1095 3901 1150 3948 et
1198 3893 1319 3948 aliis
1364 3891 1678 3964 hujusmodi
1730 3909 1844 3948 rem
1873 3909 1983 3948 non
2042 3893 2223 3963 despi-

631 3982 903 4040 cientibus
931 4025 945 4049 ,
1001 3984 1315 4038 narratione
1369 3984 1725 4055 subsequenti
1783 3986 1987 4040 veritas
2035 3984 2221 4038 trada-

632 4085 741 4132 tur.

713 4210 731 4242 ι
773 4191 870 4246 Est
888 4192 1129 4262 quidam,
1155 4202 1216 4248 ut
1241 4194 1470 4260 aestimo,
1503 4193 1681 4247 adhuc
1711 4192 1763 4245 in
1793 4192 1895 4245 hac
1922 4191 2032 4245 vita
2058 4206 2221 4246 senex

632 4283 944 4354 religiosus,
995 4300 1057 4339 ex
1088 4284 1228 4339 laico
1271 4301 1589 4351 conversus,
1613 4284 1833 4340 nomine
1862 4283 2220 4351 Guntharius,

634 4375 731 4444 qui
778 4376 918 4445 apud
965 4377 1224 4431 saeculum
1272 4377 1562 4448 aliquando
1611 4392 1679 4431 ex
1726 4392 1910 4431 rerum
1942 4377 2096 4447 copia
2132 4385 2221 4431 tu—

635 4480 811 4531 mens,
833 4475 887 4521 et
908 4467 1187 4523 nobilitate
1217 4468 1429 4540 generis
1453 4484 1754 4524 vanescens
1786 4469 1994 4525 exstitit
2031 4484 2223 4539 super-

634 4556 738 4612 biae
765 4558 927 4626 filius,
965 4559 1056 4614 sed
1080 4575 1176 4630 per
1202 4559 1632 4616 misericordiam
1665 4559 1760 4615 Dei
1796 4567 1918 4631 post
1943 4558 2119 4615 factus
2139 4566 2223 4615 est

634 4656 747 4703 tam
789 4648 1009 4705 humilis
1045 4653 1369 4719 monachus,
1407 4660 1468 4706 ut
1507 4652 1701 4707 merito
1743 4669 1850 4707 non
1882 4651 2085 4723 possim
2128 4660 2225 4707 aut

633 4740 860 4795 debeam
896 4742 969 4796 illi
996 4758 1313 4815 comparare
1339 4744 1509 4799 ullum
1546 4745 1719 4801 nostri
1745 4744 2006 4814 temporis
2043 4744 2226 4800 cucul—

632 4829 853 4899 larium,
895 4834 962 4889 de
1009 4835 1245 4891 vanitate
1277 4836 1460 4891 smculi
1515 4852 1860 4891 conversum.
1899 4835 1949 4891 Is
1986 4835 2226 4906 primum

634 4924 739 4979 sub
766 4924 1114 4981 Gothehardo
1136 4925 1512 4982 Altahensium
1541 4927 1757 4995 abbate,
1784 4929 1934 4983 omni
1965 4931 2221 4998 patientia

632 5024 691 5072 et
736 5017 1073 5088 subiectione
1116 5021 1395 5090 probatus,
1446 5020 1607 5091 coepit
1654 5020 1964 5078 desiderare
2011 5025 2223 5082 altioris

634 5108 760 5164 vita:
815 5111 1008 5166 callem
1065 5111 1334 5167 incedere.
1393 5109 1545 5167 Unde
1585 5121 1639 5166 et
1700 5113 1918 5169 licentia
1972 5131 2003 5169 a
2063 5114 2222 5172 Patre

637 5204 956 5260 monasterii
983 5214 1223 5276 accepta,
1250 5204 1549 5261 solitariam
1582 5206 1746 5261 vitam
1775 5222 2064 5278 aggressus
2100 5220 2217 5276 est;

636 5293 705 5348 ad
735 5310 899 5365 quam
928 5295 1110 5351 divino
1135 5296 1408 5366 adjutorio
1439 5297 1797 5368 peragendam
1821 5305 1881 5351 ut
1904 5314 1961 5352 se
1990 5299 2220 5368 spiritali

735 5469 860 5537 256)
898 5471 1049 5526 Rom.
1082 5490 1132 5527 v.

735 5541 865 5612 2157)
905 5539 1129 5598 Milliare
1176 5542 1497 5598 Scriveriris
1532 5561 1585 5599 ιη
1629 5554 1742 5599 not.
1800 5561 1949 5610 ms.;
1996 5547 2227 5600 observo

638 5619 821 5666 tamen
858 5612 1134 5687 diversum
1185 5613 1351 5687 fuisse
1391 5615 1558 5687 hujus
1586 5617 1749 5687 vocis
1796 5632 1977 5681 usum,
2029 5618 2228 5687 quippe

641 5684 979 5752 temporibus
1029 5682 1340 5755 Hieronymi
1383 5682 1482 5740 fuit
1524 5686 1792 5752 milliare;
1843 5702 1969 5742 nam
2014 5682 2095 5743 sic
2126 5682 2226 5741 ille

635 5763 1040 5812 commentatur
1066 5755 1118 5809 in
1141 5754 1343 5810 Joelem
1371 5775 1382 5809 :
1412 5756 1591 5811 Latini
1624 5755 1768 5810 mille
1790 5774 1979 5828 passus
2004 5768 2222 5825 vocant,

2315 2448 2475 2503 sitate
2507 2464 2605 2505 seu
2630 2448 2840 2503 nivium
2865 2448 3137 2505 densitate
3169 2456 3511 2513 contectum,
3547 2444 3722 2501 accidit
3740 2459 3841 2514 prae-

2313 2541 2460 2597 dicto
2483 2539 2578 2596 Dei
2606 2539 2814 2596 famulo
2842 2541 3117 2611 quoddam
3146 2539 3307 2611 quasi
3336 2539 3639 2610 palzestrale
3658 2547 3844 2591 tamen

2314 2643 2453 2700 tum,
2497 2633 2609 2688 imo
2635 2633 2935 2704 probabilis
2956 2632 3231 2704 patientiae
3263 2648 3461 2687 verum
3499 2647 3565 2687 ac
3603 2629 3844 2685 venerabile

2316 2726 2745 2782 condimentum.
2770 2724 2909 2781 Nam
2952 2741 3077 2782 cum
3119 2741 3233 2796 pne
3286 2724 3569 2780 nimietate
3593 2723 3845 2777 nivalicou-

2314 2819 2486 2876 tinnis
2520 2834 2715 2874 novem
2740 2818 2937 2875 diebus
2969 2834 3140 2889 panes
3163 2818 3243 2873 illi
3264 2818 3334 2873 de
3357 2816 3684 2873 monasterio
3701 2830 3845 2871 secun-

2316 2912 2447 2967 dum
2469 2911 2926 2967 consuetudinem
2955 2912 3251 2982 nequirent
3269 2910 3480 2977 afferri,
3503 2924 3665 2979 neque
3684 2905 3845 2961 aliunde

2318 3004 2388 3059 ab
2426 3004 2538 3059 ullo
2572 3003 2857 3058 hominum
2912 3003 3043 3059 illuc
3088 3010 3314 3075 possent
3361 3001 3672 3065 transmitti,
3718 3012 3846 3069 neque

2321 3096 2459 3166 ipse,
2484 3094 2812 3165 impediente
2835 3096 3088 3165 proxima
3113 3095 3386 3151 incnlatus
3411 3094 3659 3158 novitate,
3694 3088 3845 3159 aliquid

2321 3187 2397 3241 ibi
2427 3187 2735 3241 laboratum
2786 3186 3015 3243 haberet
3053 3186 3198 3242 unde
3244 3186 3509 3241 alimenta
3534 3198 3723 3241 sumere
3741 3181 3847 3234 vale-

2321 3290 2423 3347 ret,
2448 3280 2611 3336 trium
2639 3280 2851 3336 dierum
2881 3280 3062 3336 inedia
3083 3278 3331 3347 aﬂ‘ectus,
3353 3287 3555 3350 quarta
3581 3278 3677 3342 die,
3692 3282 3844 3331 tentare

2322 3372 2613 3428 Dominum
2640 3372 2854 3439 nolens,
2879 3388 2947 3428 ex
2966 3372 3178 3444 glaciali
3207 3371 3581 3443 profunditate
3608 3369 3740 3429 nivis,
3760 3379 3844 3436 qua

2316 3466 2431 3537 jam
2453 3466 2694 3521 excrevit
2722 3466 2865 3522 ultra
2888 3473 3156 3521 staturam
3179 3464 3484 3520 mediocris
3523 3462 3747 3525 hominis,
3763 3473 3841 3513 c0!-

2321 3557 2401 3627 pit
2432 3558 2710 3614 silvestres
2736 3556 2932 3611 herbas
2954 3571 3149 3611 eruere
3170 3572 3235 3612 ac
3259 3556 3515 3621 evellere,
3556 3562 3607 3608 et
3642 3554 3690 3606 in
3726 3548 3841 3604 ollam

2323 3652 2665 3722 coquendum
2717 3651 2951 3706 mittere.
3002 3648 3213 3716 Quibus
3260 3649 3350 3703 illa
3385 3648 3478 3704 die
3517 3663 3608 3718 per
3638 3646 3780 3717 ignem
3806 3648 3844 3691 et

2323 3760 2522 3815 aquam
2579 3759 2876 3815 parumper
2935 3743 3285 3809 mollilicatis,
3352 3743 3564 3799 distulit
3621 3736 3841 3811 prandium

2323 3852 2497 3908 usque
2536 3836 2592 3892 in
2622 3837 2765 3893 diem
2791 3835 3062 3906 quintum.
3091 3835 3232 3902 Quo,
3258 3843 3585 3906 exspectans
3608 3834 3842 3887 horarum-

2325 3926 2576 3986 fectionis
2599 3929 2943 3995 canonicam,
2982 3928 3343 3999 pulmentum,
3379 3927 3529 3997 quod
3550 3927 3762 3981 hesterna
3783 3917 3843 3998 die

2324 4021 2674 4092 praeparavit,
2722 4020 2902 4074 denuo
2950 4026 3165 4073 coctum
3217 4015 3534 4072 refectionis
3583 4013 3731 4087 gratia
3769 4006 3841 4063 sill

2325 4111 2606 4184 apposuit,
2656 4110 2751 4167 sed
2805 4117 3082 4181 gustatum
3135 4109 3294 4164 edere
3342 4125 3452 4164 non
3502 4106 3693 4178 potuit;
3740 4099 3841 4154 unt'e

2324 4203 2676 4273 semetipsum
2731 4202 3024 4272 increpans
3077 4200 3195 4255 ait:
3234 4198 3278 4254 Ο
3331 4198 3615 4261 Gunthari,
3651 4188 3841 4263 superbia

2326 4303 2419 4351 tua
2458 4305 2508 4350 te
2533 4312 2641 4351 non
2677 4295 2808 4350 sinit
2837 4294 2987 4349 refici
3030 4295 3136 4348 hoc
3163 4291 3345 4348 edulio
3376 4291 3584 4346 humili.
3629 4286 3841 4366 Ub’gnuut

2324 4383 2629 4455 vaporifera
2653 4384 2736 4438 vel
2767 4382 3089 4437 mollissima
3113 4382 3332 4437 simila?
3386 4379 3487 4436 Ubi
3523 4394 3655 4435 nunc
3691 4371 3841 4444 aprine

2254 4504 2299 4558 ι)
2325 4478 2566 4549 spadulze
2589 4492 2684 4533 seu
2703 4491 2896 4533 carnes
2919 4475 3122 4531 ursinae
3144 4483 3198 4530 et
3236 4475 3430 4541 suillze,
3460 4474 3525 4529 ad
3546 4468 3839 4527 inventionem

2322 4584 2625 4640 coquorum
2660 4568 3029 4639 oppipcratae?
3064 4566 3170 4621 Ubi
3202 4582 3350 4621 nunc
3391 4562 3722 4636 imputrihiles
3752 4562 3839 4626 post

2322 4662 2628 4718 coctionem
2684 4677 2956 4731 pavones,
3010 4676 3105 4716 seu
3135 4660 3380 4731 phasina:
3439 4673 3583 4725 aves,
3609 4649 3838 4727 plurigenis

2323 4754 2797 4810 condimentorum
2858 4761 3127 4824 sapor-aue
3170 4752 3565 4807 irritamentis?
3612 4745 3698 4801 Ubi
3734 4753 3837 4797 nunc

2324 4843 2511 4900 vinum
2531 4846 2820 4915 probatum
2842 4853 2897 4900 et
2916 4846 2983 4900 ad
3006 4846 3217 4900 libitum
3244 4847 3311 4901 de
3330 4840 3695 4918 promptuario
3712 4845 3839 4903 usqu!

2327 4937 2395 4990 ad
2453 4936 2755 4991 satietatem
2808 4936 3051 5007 quotidie
3101 4937 3197 4991 tibi
3248 4936 3563 5007 prolatum?
3605 4931 3726 5001 Ergo
3765 4935 3835 4995 Ρτο

2329 5028 2661 5083 abundantia
2684 5026 3016 5083 delicatioris
3037 5027 3145 5083 cibi
3165 5036 3221 5083 et
3244 5037 3425 5099 potus,
3449 5027 3634 5098 quibus
3667 5019 3768 5075 olim
3796 5014 3835 5066 in

2329 5117 2514 5172 szeculi
2562 5118 2767 5172 divitiis
2821 5118 3037 5174 deditus
3081 5134 3205 5174 eras
3253 5128 3417 5183 totus,
3462 5120 3717 5173 contentus
3751 5114 3836 5160 esto

2330 5224 2475 5262 nune
2510 5208 2788 5277 jentaculo
2834 5210 3177 5278 paupercula:
3222 5208 3545 5271 refectionis,
3587 5206 3634 5259 in
3669 5196 3831 5255 nomine

2328 5296 2455 5353 Jesu
2475 5297 2678 5354 Christi
2711 5300 2955 5355 omnium
2988 5300 3387 5372 Redemptoris,
3430 5300 3541 5371 qui,
3570 5310 3677 5353 cum
3722 5289 3832 5344 dites

2247 3154 2288 3212 C

2332 5452 2465 5529 Qalli
2497 5454 2695 5529 (encas,
2736 5456 2915 5529 Persae
2954 5474 3318 5529 parasaugas,
3355 5468 3408 5514 et
3444 5464 3604 5529 restas
3636 5448 3828 5529 universaI

2331 5524 2645 5589 Germania,
2682 5508 3154 5584 sed—immutatus
3171 5508 3318 5585 Vest,
3335 5508 3576 5584 dictionis
3622 5534 3731 5576 usus
3770 5508 3827 5565 τοι

2330 5610 2596 5668 mensura,
2623 5597 2894 5668 lucorum,
2919 5599 3116 5668 quippe
3160 5598 3304 5654 Beda
3339 5599 3526 5654 asserit
3563 5595 3679 5668 duas
3698 5590 3825 5641 imas

2329 5664 2443 5719 sive
2471 5667 2722 5721 milliaria
2750 5668 2851 5723 tria‘
2875 5664 3298 5737 facere—rasum,
3335 5668 3555 5734 etalibi;
3588 5664 3725 5719 leuem
3740 5668 3823 5711 sei.

2328 5744 2455 5792 sunt
2484 5746 2595 5792 tres
2627 5745 2805 5793 rastae.
2836 5737 2993 5793 BASN.
