4018 6388
194 382 340 443 107$

867 386 957 444 DE
993 388 1373 447 MIRACULIS
1413 387 1472 446 S.
1508 387 1932 444 EMMERAMMI
1972 387 2153 442 LIBRI
2192 387 2351 444 DUO.
2389 419 2458 428 —-
2496 387 2625 442 LIB.
2664 385 2732 441 Il.

3336 376 3481 434 107s

189 509 359 569 esset,
397 508 619 573 propter
646 509 698 560 te
726 518 934 574 pauper
961 502 1140 562 factus
1166 514 1272 574 est,
1320 514 1381 562 ut
1426 514 1494 562 tu-
1518 505 1790 576 particeps
1819 506 1865 563 A
1890 504 2067 561 mines
2089 505 2205 575 qui,
2248 504 2343 559 illo
2384 518 2508 559 cum
2539 499 2899 559 semicirculis
2934 513 3093 568 super
3126 505 3481 550 montuosanr

187 591 350 648 ﬁeres
400 594 714 649 divitiarum
761 594 925 653 illius.
976 595 1117 664 Quid
1144 596 1337 668 plura?
1376 596 1605 653 Demum
1632 604 1784 653 sexta

184 682 278 738 die
296 682 527 753 pleniter
549 686 753 755 gratias
777 702 943 758 agens
969 686 1099 754 Deo,
1126 687 1221 759 qui
1244 688 1311 743 de
1335 687 1493 758 copia
1514 688 1784 743 bonorum

184 789 420 831 suorum
447 777 610 832 etiam
640 793 750 833 non
799 778 1127 852 dedignatur
1162 796 1385 851 pascere
1434 781 1614 852 pullos
1662 794 1785 836 cor.

180 883 407 937 verum,
439 886 505 925 ex
530 870 788 941 pradicta
817 873 1052 929 silvestri
1080 872 1247 929 herba
1274 873 1390 945 jam
1420 875 1581 931 tertio
1607 883 1783 938 cocta,

179 959 371 1030 itaque
389 962 478 1016 vix
502 963 831 1032 mellificata,
871 966 1088 1036 corpori
1126 966 1377 1037 quamvis
1398 966 1783 1031 necessariam,

180 1059 369 1107 tamen
397 1054 552 1110 valde
579 1057 933 1123 contrariam,
950 1072 1075 1112 cum
1098 1056 1298 1127 faginis
1332 1056 1496 1124 foliis,
1520 1073 1643 1128 qua:
1663 1058 1786 1113 nive

181 1144 387 1203 abrasa
416 1147 691 1205 laboriose
720 1149 954 1220 collegit,
988 1148 1340 1204 refectionem
1392 1150 1639 1220 accepit:
1678 1149 1785 1205 sic-

182 1253 295 1307 que
329 1253 439 1292 non
460 1240 579 1295 sine
603 1255 803 1312 magno
831 1243 1070 1297 tumultu
1107 1256 1162 1296 et
1201 1242 1575 1298 controversia
1602 1243 1781 1298 diver-

181 1344 375 1385 sarum
418 1331 831 1402 cogitationum,
865 1350 959 1389 seu
1002 1333 1291 1389 manifesta
1327 1336 1640 1390 incursione
1667 1335 1784 1390 dia-

181 1422 491 1479 bolicarum
542 1427 925 1493 tentationum,
967 1426 1399 1482 consolationem
1445 1428 1643 1484 divina:
1670 1429 1785 1499 pie-

180 1515 317 1571 tatis
341 1518 694 1587 exspectavit.

265 1628 286 1661 ‹
347 1608 520 1677 Tunc,
562 1612 701 1666 utin
751 1612 1256 1682 perturbationibus
1280 1612 1595 1683 hujusmodi
1645 1614 1784 1670 solet

179 1701 326 1769 fieri,
364 1701 619 1760 fluctibus
654 1704 1049 1776 cogitationum
1082 1705 1410 1762 altrinsecus
1445 1705 1548 1761 sibi
1589 1723 1781 1764 succe-

178 1795 441 1851 dentibus
464 1804 518 1851 et
540 1796 963 1868 impellentibus,
982 1799 1329 1855 dextrorsum
1350 1800 1598 1870 quaedam
1629 1801 1781 1872 cbgi-

1892 598 2200 669 congeriem
2224 598 2367 653 nivis
2397 594 2731 661 incedentes,
2776 594 2867 648 vix
2908 589 3169 662 reptando
3196 586 3264 643 ad
3296 586 3483 641 virum.

1892 689 1987 747 Dei
2023 693 2238 748 decimo
2264 690 2487 747 tandem
2518 688 2606 744 die
2632 687 2917 759 pervenire
2960 690 3273 756 potuerunt.
3320 677 3476 735 Tunc

1892 793 2072 854 grates
2109 784 2429 856 magnificas
2468 781 2582 837 Deo
2632 778 2888 846 reddens,
2916 776 3009 848 qui
3049 789 3158 830 non
3190 770 3477 841 dereliquit

1892 887 2175 948 sperantes
2209 878 2264 932 in
2294 893 2372 943 se,
2401 884 2605 947 quanto
2630 873 2733 929 sibi
2757 888 2852 944 per
2880 868 3156 942 patientiae
3194 864 3473 937 probatio-

1890 984 2017 1025 nem
2043 970 2219 1027 factus
2241 979 2325 1026 est
2358 969 2556 1036 notior,
2580 976 2732 1022 tanto
2753 966 2875 1021 aliis
2896 965 2950 1019 in
2976 972 3254 1036 posterum
3289 974 3476 1014 exem-

1890 1066 1980 1135 plo
2009 1065 2330 1122 humilitatis
2351 1073 2405 1119 et
2432 1060 2869 1135 perseverantiae,
2917 1056 3179 1128 largiente
3228 1050 3474 1108 omnium

1891 1160 2159 1216 bonorum
2184 1159 2377 1225 Fonte,
2415 1157 2626 1215 exstitit
2654 1155 2855 1211 utilior.
2893 1151 3051 1208 Unde
3080 1148 3283 1204 factum
3304 1154 3388 1202 est
3417 1152 3478 1199 ut

1890 1256 2138 1310 nonnulli
2168 1272 2236 1311 ex
2287 1253 2505 1310 clericis
2533 1252 2645 1307 sive
2686 1247 2969 1305 monachis
2996 1260 3096 1300 nec
3148 1258 3258 1297 non
3303 1237 3477 1307 fidelia

1889 1347 1995 1405 bus
2030 1350 2207 1417 laicis,
2237 1349 2307 1403 ab
2332 1364 2399 1403 eo
2428 1354 2483 1402 et
2514 1362 2609 1417 per
2642 1361 2766 1400 eum
2794 1339 3094 1415 provocati,
3126 1337 3238 1392 imo
3286 1333 3474 1419 divino

1890 1443 2150 1498 instinctu
2175 1443 2411 1510 attracti,
2442 1441 2545 1497 sub
2567 1437 2951 1497 communione
2996 1432 3308 1488 orationum
3356 1426 3478 1497 ejus

1890 1544 2052 1607 atque
2086 1537 2335 1591 laborum
2364 1536 2421 1590 in
2441 1533 2633 1591 eadem
2667 1547 2872 1598 eremo,
2902 1528 3059 1600 cujus
3082 1526 3199 1597 ipse
3220 1524 3290 1579 ob
3323 1536 3477 1577 amo-

1887 1645 2004 1685 rem
2029 1629 2235 1685 Christi
2272 1629 2458 1684 accola
2483 1641 2605 1689 esse
2626 1625 2821 1691 voluit,
2848 1622 2982 1695 Regi
3008 1635 3199 1692 regum
3242 1616 3480 1673 militare

1890 1722 2205 1793 coepissent.
2240 1721 2344 1777 Ubi
2374 1721 2624 1792 pluribus
2676 1719 2819 1773 intra
2862 1716 3057 1771 vallem
3111 1714 3483 1785 lacrymarum.

1888 1815 2267 1870 ascensionem
2297 1814 2477 1871 cordis
2502 1812 2942 1884 disponentibus,
2967 1824 3067 1864 nec
3105 1823 3215 1862 non
3259 1806 3327 1863 de
3367 1803 3481 1859 vir-

179 1889 544 1947 tatioleniter
589 1893 862 1963 inrepens,
933 1903 988 1949 et
1047 1896 1205 1966 quasi
1255 1911 1322 1951 ex
1378 1905 1532 1967 parte
1581 1896 1781 1952 Christi

1886 1918 2001 1965 tute
2042 1910 2098 1963 in
2119 1909 2374 1964 vi;tutem
2399 1906 2547 1979 (245)
2587 1877 2830 1977 quotidie
2880 1901 3306 1975 proficientibus,
3348 1915 3483 1955 con-

175 1979 502 2046 adveniens,
529 1982 649 2037 viro
670 1981 767 2038 Dei
795 1983 1025 2039 fideliter
1052 1984 1341 2051 intimavit,
1376 1985 1565 2042 dicens
1616 2003 1629 2040 :
1672 1983 1783 2039 Ex-

173 2081 374 2143 specta
425 2072 741 2142 Dominum,
780 2076 1009 2132 viriliter
1062 2092 1161 2148 age
1207 2085 1262 2132 et
1301 2076 1641 2133 confortetur
1690 2093 1788 2132 cor

173 2172 362 2233 tuum,
394 2176 448 2221 et
478 2167 688 2224 sustine
724 2167 1018 2225 Dominum
1049 2170 1222 2243 (238).
1243 2170 1346 2227 Cui
1366 2186 1398 2226 e
1419 2171 1718 2239 contrario,
1734 2171 1787 2226 id

173 2266 270 2314 est
316 2260 718 2329 sinistrorsum,
754 2263 944 2341 suasio
984 2262 1208 2330 diaboli,
1264 2263 1424 2334 cujus
1476 2263 1679 2319 invidia
1731 2262 1788 2316 in

170 2352 374 2407 orbem
403 2361 672 2409 terrarum
703 2370 852 2411 mors
879 2356 1123 2423 intravit,
1167 2370 1536 2427 prorumpens
1577 2356 1785 2426 impor-

178 2450 319 2500 tune
349 2444 686 2512 reclamavit,
714 2447 879 2503 verba
925 2456 980 2502 et
1000 2447 1157 2503 dolos
1202 2447 1518 2518 hujusmodi
1558 2447 1787 2503 concin—

178 2553 328 2593 nans
349 2537 515 2593 :Cum
539 2539 801 2609 scriptum
833 2540 905 2595 sit
931 2560 943 2595 :
972 2540 1181 2595 Altiora
1208 2555 1277 2595 ne
1301 2540 1585 2611 quaesieris
1614 2540 1785 2613 (259),

176 2630 315 2700 quia
348 2629 556 2701 fragilis
581 2633 746 2687 homo
775 2648 1020 2688 eremum
1042 2633 1267 2704 petiisti,
1293 2648 1402 2687 non
1424 2634 1600 2689 solum
1624 2635 1788 2690 stulte

176 2722 366 2793 egisti,
398 2724 493 2779 sed
522 2724 684 2780 etiam
718 2725 871 2781 valde
899 2726 1226 2796 proterviter
1267 2735 1320 2782 te
1359 2726 1467 2783 huc
1511 2728 1785 2795 invexisti,

178 2814 596 2886 blasphemiam
627 2818 850 2875 Christo
896 2827 991 2875 tuo
1041 2819 1331 2887 illaturus,
1396 2829 1580 2891 utpote
1633 2822 1787 2879 canis

178 2905 491 2976 famelicus,
542 2911 749 2981 absq‘ue
791 2912 1189 2968 sustentatione
1229 2912 1397 2978 illius,
1430 2913 1522 2968 hic
1547 2914 1787 2983 pessime

180 3002 509 3058 moriturus.
534 3002 735 3058 Verum
760 3020 828 3060 ex
850 3006 1082 3060 adverso
1102 3006 1246 3060 bona
1266 3006 1524 3077 cogitatio
1549 3013 1604 3059 et
1624 3014 1785 3061 cauta

178 3081 497 3150 sollicitudo
532 3095 731 3152 infert:
763 3082 903 3156 Cum
928 3096 1206 3165 Christus,
1255 3098 1351 3169 qui
1392 3107 1479 3154 est
1517 3096 1784 3153 Dominus

178 3186 454 3255 omnium,
470 3197 796 3245 tentatorem
814 3190 1089 3245 diabolum
1114 3190 1422 3262 Evangelici
1438 3190 1588 3245 verbi
1599 3190 1782 3261 jaculo
1811 3237 1850 3262 μ

179 3295 281 3349 per
319 3282 673 3352 semetipsum
707 3283 983 3350 straverit,
1008 3282 1196 3339 dicens
1225 3281 1381 3338 :Non
1413 3283 1467 3337 in
1500 3282 1618 3338 solo
1644 3298 1784 3353 pane

179 3376 315 3430 vivit
353 3376 537 3443 homo,
580 3378 674 3433 sed
707 3378 761 3432 in
789 3378 938 3433 omni
969 3377 1135 3432 verbo
1160 3376 1255 3432 Dei
1292 3376 1465 3448 (240),
1526 3392 1637 3432 non
1685 3376 1782 3431 tibi

178 3469 445 3539 subrepat
472 3470 794 3538 diffidentia,
822 3488 856 3526 ο
883 3487 1094 3541 pauper
1118 3471 1324 3537 saeculi,
1360 3470 1515 3525 dives
1553 3468 1778 3536 Christi,

180 3560 278 3616 sed
305 3560 617 3618 firmissime
641 3564 829 3634 ponito
852 3579 1004 3633 spem
1036 3564 1090 3618 in
1122 3578 1189 3619 eo
1232 3561 1301 3617 de
1340 3577 1450 3632 quo
1491 3560 1780 3617 Psalmista

179 3653 385 3709 cecinit
422 3655 656 3712 dicens:
712 3656 981 3712 Dominus
1030 3655 1294 3712 fortitudo
1341 3656 1517 3726 plebis
1565 3670 1698 3721 suae,
1726 3665 1780 3711 et

181 3755 460 3815 protector
489 3750 853 3805 salvationum
898 3748 1106 3805 Christi
1150 3748 1235 3803 sui
1266 3758 1351 3803 est
1377 3747 1549 3819 (2M).
1577 3745 1778 3802 lterum

185 3838 441 3898 humanae
469 3844 662 3900 salutis
683 3844 909 3899 inimico
929 3842 1180 3915 quaedam
1214 3857 1391 3899 scaeva
1432 3850 1772 3913 suggerente.

181 3941 239 3988 et
274 3934 328 3989 in
357 3938 449 3992 tali
472 3940 693 3995 miseria
730 3954 832 3995 nec
857 3938 1170 3994 non‘labore
1198 3936 1381 3992 carnis
1406 3933 1777 3991 infirmitatem

184 4027 412 4086 minime
470 4049 632 4103 posse
672 4033 967 4104 persistere
1020 4029 1397 4085 fraudulenter
1461 4027 1737 4084 inliciente
1760 4072 1774 4095 ,

184 4119 353 4178 homo
383 4124 479 4181 Dei
509 4126 792 4196 respondit
828 4144 841 4179 :
873 4123 1031 4190 Quod
1083 4123 1132 4178 si
1172 4121 1427 4177 Christus
1481 4135 1640 4176 meus
1690 4137 1778 4177 me

186 4225 298 4266 non
329 4215 755 4272 manducantem
779 4215 964 4269 vivere
982 4213 1237 4279 voluerit,
1265 4211 1424 4268 facile
1442 4212 1548 4268 hoc
1566 4210 1778 4268 efficere

185 4307 405 4401 potey't,
434 4308 589 4378 juxta
625 4307 773 4379 quod
796 4307 1063 4377 scriptum
1093 4315 1179 4363 est
1210 4324 1226 4361 :
1261 4304 1381 4361 Non
1405 4314 1490 4362 est
1522 4306 1780 4375 impossi-

186 4397 295 4453 bile
318 4397 466 4469 apud
494 4400 670 4456 Deum
708 4416 871 4456 omne
897 4400 1125 4455 verbum
1186 4399 1357 4471 (242).
1408 4398 1474 4455 Et
1529 4399 1727 4453 iterum
1759 4416 1775 4453 ι

181 4486 383 4546 Omnia
412 4493 692 4562 possibilia
719 4492 963 4549 credenti
1003 4491 1175 4563 (245).
1228 4489 1287 4545 Si
1323 4507 1450 4547 vero
1494 4490 1549 4546 id
1594 4490 1777 4547 facere

1890 2003 2010 2074 tigit
2032 2012 2091 2058 ut
2123 2001 2349 2073 quidam
2374 2001 2657 2072 presbyter
2683 1998 2751 2055 de
2787 1996 3066 2053 Saxonum
3090 2001 3248 2067 gente
3286 1991 3476 2049 oriun-

1888 2094 2013 2162 dus,
2048 2110 2079 2149 a
2123 2092 2439 2149 domesticis
2485 2106 2704 2162 quoque
2744 2088 2973 2144 Tammo
3006 2085 3296 2153 vocitatus,
3329 2100 3488 2141 more

1890 2185 2298 2241 adventantium
2346 2182 2648 2251 accederet,
2690 2183 2794 2239 sub
2843 2181 3133 2253 specieque
3189 2176 3485 2234 laudabilis

1890 2279 2182 2347 incolatus,
2213 2278 2317 2334 viri
2365 2276 2467 2333 Dei
2505 2276 3007 2333 commilitonumve
3055 2272 3200 2327 illius
3253 2286 3484 2326 conver-

1889 2369 2092 2425 sationi
2147 2382 2206 2425 se
2251 2367 2554 2424 admiscere
2594 2374 2848 2422 tentaret.
2898 2363 3073 2431 Quem
3112 2378 3236 2417 cum
3271 2360 3356 2416 vir
3384 2359 3483 2415 Dei

1888 2459 2090 2531 partim
2114 2467 2485 2532 przecurrente
2520 2457 2783 2529 magistra
2812 2453 3147 2526 experientia
3177 2450 3359 2507 abbati
3382 2450 3477 2504 Al-

1888 2552 2200 2608 tahensium
2229 2558 2633 2623 przesentasset,
2670 2556 2726 2604 et
2754 2565 2820 2603 ex
2849 2562 2998 2602 more
3040 2542 3340 2601 secundum
3390 2557 3480 2596 re-

1889 2646 2074 2717 gulam
2113 2643 2170 2699 S.
2209 2643 2488 2700 Benedicti
2510 2641 2878 2698 obedientiam
2895 2634 3478 2711 promisisset,stalim,

1889 2740 1994 2795 sub
2015 2748 2206 2794 tenore
2230 2754 2397 2808 quam
2430 2734 2612 2792 abbati
2638 2734 2964 2807 promiserat
2982 2728 3485 2796 obedientiaa,sicut

1888 2842 1942 2888 et
1978 2832 2159 2888 caeteri
2201 2829 2269 2886 ad
2303 2830 2357 2885 id
2392 2827 2657 2899 temporis
2712 2827 2962 2883 solebant
3000 2822 3201 2892 facere,
3223 2829 3277 2876 ct
3301 2818 3484 2875 adhuc

1889 2926 2066 2982 solent
2086 2939 2248 2995 agere
2296 2922 2391 2994 qui
2424 2929 2647 2977 manent
2676 2935 2742 2976 eo
2784 2917 2891 2974 loci
2931 2916 3193 2984 eremitaz,
3234 2913 3483 2969 redditus

1888 3017 2003 3073 sive
2028 3018 2131 3073 sub
2174 3012 2457 3087 diligentia
2509 3028 2725 3070 summa
2772 3008 3185 3073 commendatus
3222 3005 3484 3078 praedicto

1888 3110 2029 3174 seni,
2053 3125 2178 3165 cum
2212 3109 2304 3164 illo
2331 3106 2609 3178 repedavit
2637 3105 2705 3161 ad
2738 3119 3020 3161 secessum
3058 3100 3250 3157 eremi.

1966 3220 1984 3252 ι
2027 3200 2146 3267 Qua
2181 3215 2308 3255 cum
2345 3188 2557 3255 caeteris
2593 3196 2855 3252 fratribus
2902 3193 3132 3249 Summo
3173 3190 3480 3246 humillime

1886 3277 2302 3356 famulantibus,
2326 3299 2380 3345 et
2401 3291 2517 3360 ipse
2536 3290 2695 3360 juxta
2716 3288 2964 3343 instituta
2998 3284 3225 3340 Patrum
3257 3282 3312 3337 in
3345 3282 3481 3338 cella

1884 3384 1986 3439 sibi
2017 3382 2297 3455 deputata,
2332 3384 2675 3453 aliquantum
2718 3380 2978 3451 temporis
3013 3377 3320 3433 humilitate
3356 3391 3484 3448 per-

1883 3485 2068 3548 ageret
2124 3477 2459 3543 comitante,
2516 3490 2613 3545 per
2669 3473 3075 3543 subreptionem
3137 3467 3476 3531 cenodoxiae,

1882 3572 2020 3627 adeo
2048 3578 2270 3642 repente
2296 3577 2557 3642 gravatus
2586 3576 2672 3623 est
2716 3582 2903 3622 massa
2957 3563 3245 3634 superbiae,
3273 3570 3332 3616 ut
3365 3575 3475 3614 non

1881 3667 2061 3721 solum
2090 3663 2447 3719 clandestinis
2482 3658 2963 3717 mussitationibus
3004 3653 3319 3711 venerando
3357 3652 3476 3709 seni

1880 3754 2217 3812 detrahendo
2263 3755 2320 3809 in
2377 3769 2542 3809 aures
2593 3749 2959 3823 quorumdam
3008 3744 3476 3804 commonentium

1878 3854 2241 3912 susurrarret,
2262 3843 2360 3901 sed
2387 3844 2554 3899 etiam
2579 3841 2868 3898 manifeste
2891 3841 2946 3895 in
2968 3839 3303 3896 calumniam
3336 3837 3478 3891 tanti

1878 3940 1981 3995 viri
2017 3953 2376 4011 prorumpere
2404 3938 2633 3994 auderet
2653 3935 2841 3992 dicens
2876 3953 2889 3989 :
2937 3931 3081 4001 Quid
3125 3940 3180 3989 et
3224 3931 3350 4003 quis
3393 3936 3480 3985 est

1878 4029 2239 4087 Guntharus?
2274 4028 2473 4085 Laicus
2507 4036 2672 4099 atque
2699 4035 2755 4082 et
2783 4025 2970 4092 idiOta,
2999 4024 3157 4095 cujus
3181 4024 3305 4096 jure
3340 4036 3481 4077 cen-

1880 4122 2142 4179 temnitur
2164 4122 2298 4178 vita.
2332 4121 2436 4177 Cui
2460 4120 2865 4192 responderunt
2885 4118 3029 4174 servi
3052 4116 3149 4173 Dei
3187 4115 3282 4187 qui
3334 4112 3481 4170 forte

1878 4225 2010 4272 tunc
2043 4215 2276 4273 aderant
2302 4224 2358 4272 et
2387 4216 2505 4271 hate
2544 4214 2853 4280 audierant,
2885 4211 3167 4267 dicentes:
3196 4206 3271 4263 Ut
3317 4206 3478 4263 nobis

1876 4309 2110 4377 videtur,
2138 4309 2440 4376 humilitas,
2476 4323 2601 4380 quae
2644 4314 2832 4363 custos
2871 4313 2956 4361 est
3004 4303 3290 4368 virtutum,
3318 4301 3481 4371 longe

1875 4402 2102 4459 recessit
2124 4419 2155 4458 a
2184 4411 2278 4458 tua
2300 4410 2500 4458 mente.
2529 4408 2582 4457 et
2620 4399 2891 4470 superbiae
2931 4406 3238 4452 monstrum
3274 4402 3329 4449 te
3354 4407 3475 4448 ma-

1876 4495 2073 4551 nifeste
2094 4495 2313 4562 invasit,
2338 4494 2486 4566 quod
2520 4492 2905 4564 Babylonicam
2927 4498 3134 4545 turrem
3174 4485 3489 4557 procaciter

183 4584 441 4652 noluerit,
474 4596 569 4641 aut
593 4586 730 4642 mihi
760 4588 1057 4643 clementer
1095 4584 1301 4639 victum
1353 4584 1649 4650 exhibebit,
1686 4600 1775 4640 se-
1806 4593 1851 4650 D
1878 4589 2020 4651 ﬁlios
2070 4606 2252 4660 pravae
2312 4589 2656 4645 confidentia:
2708 4588 2847 4645 olim.
2883 4585 3154 4641 aedificare
3205 4581 3483 4653 persuasit

179 4676 425 4731 eundum
448 4678 594 4749 quod
619 4679 735 4749 ipse
753 4679 884 4734 dicit
906 4678 961 4733 in
984 4676 1281 4749 Evangelio
1314 4696 1331 4731 :
1352 4675 1597 4731 Primum
1624 4693 1775 4748 quae-

179 4771 289 4828 rite
314 4788 543 4844 regnum
580 4772 703 4840 Dei,
727 4782 782 4829 et
816 4774 934 4828 haec
982 4772 1168 4827 omnia
1224 4770 1550 4841 adjicientur
1579 4770 1771 4837 vobis;

179 4861 288 4917 scit
306 4862 456 4917 enim
489 4862 651 4919 Pater
700 4873 880 4920 vester
912 4864 1043 4934 quia
1080 4863 1165 4918 his
1209 4861 1465 4918 omnibus
1521 4861 1777 4933 indigetis

181 4956 372 5026 (2M);
400 4967 494 5011 aut
518 4958 639 5013 sine
663 4957 1101 5013 murmuratione
1136 4956 1284 5010 illius
1308 4954 1608 5011 voluntatis
1649 4970 1776 5011 sen-

178 5048 374 5113 tentia,
409 5064 532 5119 quae
554 5066 663 5106 non
692 5058 871 5119 potest
891 5064 1016 5105 esse
1052 5049 1277 5119 injusta,
1297 5064 1422 5103 cum
1451 5047 1775 5104 intemerata

177 5142 288 5199 fide
309 5144 733 5199 eritsubeunda.
777 5143 931 5199 Hanc
965 5142 1127 5199 fidem
1154 5151 1210 5198 et
1255 5141 1381 5197 fidei
1430 5142 1776 5198 exercitatio-

179 5250 306 5290 nem
337 5236 629 5292 subsecuta
653 5245 738 5292 est
764 5235 1071 5292 consolatio
1115 5234 1315 5290 divina:
1369 5233 1609 5305 pietatis,
1654 5250 1777 5304 quae

179 5329 513 5385 sufﬁcienter
550 5331 626 5385 illi
656 5346 827 5401 panes
872 5329 1176 5387 transmisit
1215 5345 1313 5400 per
1363 5327 1632 5399 quosdam
1669 5328 1775 5384 bo-

254 5554 400 5619 (238)
440 5554 555 5607 Jos.
592 5573 648 5608 ιι.

254 5624 404 5689 (259)
442 5624 612 5678 Eccfi.
644 5642 723 5678 ιιι.

253 5696 309 5757 (2
324 5696 402 5757 lt0)
446 5695 639 5749 Matth.
670 5712 739 5750 Iv.

251 5765 401 5829 (τζΗ)
447 5766 593 5820 Psal.
622 5783 789 5821 xxvu.

254 5835 402 5907 Clit?)
444 5835 571 5890 Luc.
599 5854 691 5891 vn.

1877 4682 2054 4753 (246),
2078 4691 2133 4738 et
2170 4681 2237 4736 de
2260 4681 2380 4735 viro
2410 4680 2504 4735 Dei
2532 4689 2643 4735 tam
2674 4677 2909 4734 nefanda
2933 4678 3032 4733 tibi
3062 4676 3226 4733 modo
3245 4688 3471 4746 sugges-

1880 4775 1970 4831 sit.
1995 4774 2115 4846 Ipse
2141 4774 2332 4845 procul
2373 4772 2542 4829 dubio
2590 4772 2828 4843 primum
2871 4771 3002 4826 huic
3048 4785 3232 4826 eremo
3271 4766 3477 4821 invexit

1882 4868 2073 4923 vexilla
2120 4867 2302 4924 crucis
2328 4866 2558 4933 Christi,
2582 4866 2677 4936 qui
2722 4865 2776 4919 in
2827 4863 3122 4936 Evangelia
3161 4861 3333 4917 dicit:
3369 4858 3479 4926 Qui

1882 4962 1997 5016 vult
2043 4960 2227 5016 venire
2267 4969 2391 5031 post
2426 4975 2536 5027 me,
2572 4958 2802 5030 abneget
2836 4957 3218 5027 semetipsum,
3239 4962 3295 5011 et
3323 4954 3477 5009 tollat

1879 5069 2100 5110 crucem
2136 5070 2316 5123 suam,
2349 5063 2403 5110 et
2451 5062 2712 5125 sequatur
2765 5066 2853 5107 me
2883 5048 3051 5121 (247).
3106 5047 3206 5105 Est
3254 5062 3481 5119 quoque

1874 5147 1979 5203 iste
2008 5150 2092 5202 vir
2122 5162 2335 5219 magnae
2371 5147 2714 5202 auctoritatis
2741 5144 2835 5214 qui
2856 5140 2971 5213 jam
3008 5142 3062 5196 in
3098 5150 3374 5198 senectam
3421 5149 3477 5194 et

1874 5242 2088 5297 senium
2140 5241 2325 5307 venit,
2377 5241 2582 5310 optime
2629 5237 2872 5309 parendo
2919 5235 3121 5291 divinis
3178 5232 3473 5290 mandatis.

1875 5334 2087 5401 Quibus
2120 5334 2210 5388 ille
2246 5343 2564 5405 arroganter
2597 5331 2901 5404 respondit,
2934 5329 3189 5400 inquiens
3225 5346 3239 5385 :
3268 5326 3475 5382 Aucte.-

2141 5554 2311 5609 Marc.
2347 5572 2423 5609 rx.

2129 5625 2262 5681 Luc.
2297 5642 2397 5680 xu.

2142 5696 2296 5750 Psal.
2335 5712 2563 5752 uxxm.

2143 5767 2270 5822 Gen.
2295 5784 2371 5822 xl.

2144 5837 2275 5892 Luc.
2319 5856 2390 5892 ιιι.

1971 5556 2097 5626 245)

1973 5627 2079 5681 2M

1974 5697 2081 5752 245

1973 5767 2080 5822 246

1956 5838 2082 5909 (ω

1950 5561 1972 5834 ἓ

2083 5627 2104 5909 ἓ
