4104 5260
561 309 701 368 1075

1581 319 1885 378 ARNOLDI
1920 320 2523 380 EMMERAMMENSIS
2560 317 2867 379 MONACHI

3708 305 3839 363 {976

557 425 692 482 ritas
712 443 933 500 quoque
955 428 1103 488 illius
1141 432 1275 487 mihi
1318 449 1417 503 pro
1449 436 1679 492 minimo
1712 448 1829 506 est,
1854 438 1985 509 quia
2022 437 2158 494 nihil
2186 439 2233 495 Α
2260 447 2530 495 terrarum
2554 437 2765 493 inimici
2796 435 3008 507 laqueis
3049 430 3433 504 queritantem,
3463 435 3518 482 et
3562 425 3836 479 nihilomi-

559 520 785 576 omnino
819 522 979 578 valet.
1010 522 1270 582 Seorsum
1293 528 1515 599 quidem
1556 531 1690 586 mihi
1724 532 2080 599 manendum,
2103 541 2157 586 et

558 610 800 681 Christo,
825 615 920 685 qui
944 615 1092 672 dedit
1124 633 1288 675 nosse
1319 629 1371 675 et
1395 637 1587 691 posse,
1632 623 1687 678 in
1721 625 1945 694 speciali
1998 624 2153 689 cella,

561 696 706 755 haud
771 704 876 758 sub
927 704 1218 762 Guntharii
1270 725 1499 766 censura
1555 713 1660 769 erit
1715 724 1929 785 meapte
1986 715 2156 769 libero

463 880 467 887 ‘
560 792 745 847 animo
769 795 1136 855 serviendum.
1163 799 1304 867 Quid
1344 803 1540 873 plura?
1585 804 1973 877 Sequcstratus
2016 806 2157 861 idem

559 891 844 960 presbyter
874 891 1081 962 aliquot
1132 893 1325 951 diebus
1360 897 1431 953 ab
1465 898 1571 955 illis
1616 916 1758 969 quos
1813 901 2088 971 despexit,
2125 915 2156 953 a

562 977 888 1036 subversore
924 982 1259 1042 ministratas
1284 989 1550 1058 quasdam
1576 991 1713 1047 vidit
1742 992 2002 1060 visiones,
2048 994 2157 1049 imo

562 1068 882 1139 phantasias
895 1079 1337 1149 aspexit,quibus
1357 1082 1494 1138 adeo
1516 1085 1786 1141 elevatum
1805 1096 1890 1142 est
1909 1102 2003 1143 cor
2014 1088 2156 1158 ejus,

563 1171 626 1218 ut
663 1164 852 1221 humili
895 1186 959 1224 ac
997 1172 1231 1243 simplici
1258 1184 1382 1231 voto
1431 1177 1656 1233 minime
1685 1188 1976 1250 expeteret.
2003 1177 2160 1236 Unde

564 1257 763 1314 accidit
788 1270 847 1315 ut
890 1262 1214 1335 intempesta
1236 1269 1412 1325 noctis
1443 1271 1585 1344 (sic),
1615 1288 1722 1342 qua
1747 1283 1950 1329 sanctae
1975 1273 2158 1345 Agne-

564 1351 638 1408 tis
660 1351 926 1414 festivitas
970 1360 1275 1419 celebratur
1316 1383 1347 1422 a
1381 1366 1734 1438 Christianis,
1775 1372 2011 1426 orationi
2057 1370 2161 1425 ali-

563 1449 889 1536 quantulum
935 1452 1279 1527 incumbens,
1320 1461 1558 1530 primum
1615 1464 2009 1532 delectabilem,
2037 1474 2163 1536 post

563 1525 841 1597 modicum
869 1560 998 1602 vero
1027 1547 1454 1623 lacrymabilem,
1481 1556 1671 1613 auditu
1699 1574 1887 1613 vocem
1916 1559 2164 1614 hauriret

564 1633 848 1705 oculisque
873 1637 1138 1696 visionem
1175 1641 1399 1701 videret.
1445 1636 1666 1704 Audivit
1708 1665 1839 1722 ergo
1892 1651 2163 1722 imprimis

564 1724 931 1800 harmoniam,
961 1749 1062 1789 nec
1095 1751 1207 1791 non
1242 1740 1401 1809 quasi
1435 1739 1576 1797 duos
1600 1744 1797 1800 choros
1821 1745 2064 1800 virorum
2106 1754 2161 1800 et

2259 549 2364 589 nus
2388 534 2799 605 lacrymantem,
2821 529 2889 584 de
2930 527 3068 583 caelo
3095 521 3388 595 aliquando
3412 518 3583 585 venit,
3611 517 3799 572 dicens
3826 533 3840 569 :

2260 627 2549 683 llumilitas
2583 625 2805 681 Christo
2829 622 3114 678 adhaerens
3139 614 3485 673 transcendet
3526 625 3724 665 omnes
3765 609 3845 663 la—

2260 735 2432 789 queos
2458 720 2585 773 hos.
2607 717 2684 773 De
2711 724 2909 771 caetero
2942 712 3103 768 crede
3126 709 3261 765 mihi
3303 706 3453 777 quia,
3475 704 3523 760 si
3561 704 3618 757 in
3650 700 3847 771 praedi-

2238 823 2349 870 .cto
2383 813 2550 869 fratre
2575 810 2857 866 humilitas
2886 806 3090 861 Christi
3118 809 3391 875 regnaret,
3418 811 3708 867 nunquam
3755 810 3847 848 su-

2248 907 2504 976 perbiam
2525 903 2730 960 diaboli
2758 900 2958 956 cadens
2977 898 3245 953 adoraret.
3294 892 3451 959 Quod
3478 891 3533 944 in
3573 886 3851 956 sequenti-

2262 1004 2366 1059 bus
2395 998 2804 1058 evidentissime
2827 993 3075 1065 liquebit.
3104 989 3239 1044 Nam
3277 994 3566 1057 postquam
3613 979 3851 1050 pessime

2262 1094 2532 1160 adoravit,
2558 1091 2818 1160 antiquus
2871 1086 3048 1141 hostis
3099 1084 3150 1139 ei
3199 1081 3347 1137 aliud
3396 1077 3601 1134 vulnus
3657 1072 3853 1127 inﬂixit

2265 1189 2471 1261 pariter
2494 1194 2550 1241 et
2581 1184 2757 1240 dixit:
2784 1179 3160 1235 Antichristus
3176 1177 3290 1247 jam
3326 1174 3388 1228 in.
3412 1170 3605 1226 Iudaea
3638 1176 3851 1237 regnat,

2266 1299 2368 1339 nec
2396 1296 2504 1335 non
2529 1278 2681 1333 Elias
2703 1286 2759 1331 et
2780 1274 2969 1329 Enoch
2999 1272 3073 1327 ibi
3101 1270 3417 1341 prmdieant.
3440 1265 3581 1320 Cum
3606 1262 3700 1318 his
3724 1277 3856 1331 quo-

2266 1393 2373 1449 que
2403 1376 2472 1432 ab
2516 1371 2855 1427 AntEChristo
2909 1361 3320 1427 interliciendis,
3368 1374 3465 1430 pro
3506 1354 3857 1411 confessione

2267 1469 2375 1525 mei
2412 1464 2669 1528 nominis,
2694 1462 2749 1516 in
2780 1475 2926 1515 anno
2964 1454 3238 1528 prmscnti,
3264 1449 3528 1522 martyrio
3581 1462 3856 1501 coronan—

2266 1568 2371 1624 dus
2394 1562 2523 1618 eris.
2559 1558 2664 1615 Sed
2693 1566 2985 1626 antequam
3018 1552 3146 1607 illuc
3173 1547 3389 1611 tendas,
3412 1548 3631 1614 oportet
3656 1550 3712 1594 te
3744 1556 3859 1595 om-

2267 1659 2359 1714 nia
2385 1670 2508 1726 quae
2536 1654 2593 1708 in
2623 1649 2788 1721 hujus
2834 1645 3129 1719 provincia:
3167 1636 3435 1696 coenobiis
3472 1629 3860 1688 emendatione

2222 1724 2417 1821 ;sunt—
2454 1751 2616 1821 digna
2660 1744 2954 1815 corrigere,
2998 1747 3053 1794 et
3107 1733 3295 1792 multis
3343 1728 3573 1785 verbum
3612 1724 3862 1783 veritatis

566 1816 898 1879 feminarum
926 1828 1117 1896 Piocul
1142 1831 1570 1904 concinentium,
1592 1847 1647 1893 et
1686 1838 2042 1894 alternatione
2080 1840 2163 1894 vi-
2197 1808 2238 1862 Β
2264 1808 2579 1913 praedicare.
2609 1837 2680 1891 At
2716 1835 3019 1906 presbyter,
3051 1839 3318 1885 novarum
3371 1834 3557 1877 rerum
3604 1818 3861 1887 cupidus,

564 1912 734 1982 caria,
768 1926 827 1970 ut
857 1917 1207 1991 audiebatur,
1230 1925 1596 1995 pulcherrime
1640 1931 1744 1986 sibi
1794 1930 2029 1987 invicem
2077 1946 2165 1988 re-

565 2007 979 2080 spondentium,
997 2012 1171 2070 donec
1192 2018 1454 2086 paulatim
1481 2038 1605 2077 cum
1638 2022 1978 2080 incremento
2024 2024 2167 2095 ejus-

565 2097 689 2154 dem
714 2103 999 2159 cantilenae
1031 2116 1195 2177 atque
1224 2112 1441 2167 corusci
1470 2114 1695 2171 luminis
1725 2117 2166 2187 augmentatione

564 2207 743 2263 usque
772 2195 840 2251 ad
872 2212 931 2252 se
960 2201 1230 2259 venirent.
1263 2203 1418 2262 Tunc
1455 2208 1684 2264 humani
1719 2212 1935 2281 generis
1982 2211 2166 2267 inimi-

566 2300 686 2352 cus,
702 2289 793 2357 qui
819 2298 1051 2348 testante
1079 2297 1327 2365 apostolo
1352 2297 1524 2356 Paulo
1549 2303 1901 2375 transfigurat
1923 2319 1983 2359 se
2002 2304 2168 2359 etiam

568 2377 625 2432 in
652 2383 906 2452 angelum
932 2386 1281 2462 lucis('248),
1333 2408 1461 2448 cum
1510 2403 1665 2451 tanto
1719 2394 1930 2468 fulgore
1977 2412 2038 2452 se
2092 2395 2169 2451 illi

565 2476 934 2546 przesentavit,
954 2488 1013 2535 ut
1042 2481 1178 2538 nihil
1203 2484 1399 2543 minus
1411 2497 1696 2559 putaretur
1708 2506 1874 2560 quam
1896 2489 2166 2547 diabolus.

567 2562 817 2646 Cumque
848 2585 975 2627 eum
1007 2576 1288 2649 presbyter
1320 2580 1624 2638 intueretur
1664 2583 1872 2639 diutius
1903 2594 1958 2639 et
2001 2584 2171 2638 mira-

566 2666 721 2714 retur
743 2678 907 2734 super
939 2669 1343 2737 pulchritudine
1363 2676 1505 2746 ejus,
1531 2678 1627 2748 qui
1652 2678 1904 2749 apparuit
1931 2677 2068 2732 dixit
2104 2676 2173 2732 ad

567 2766 698 2809 eum
726 2777 739 2811 :
769 2756 1006 2819 Videsne
1052 2766 1198 2835 quod
1229 2768 1334 2823 sim
1365 2768 1658 2828 Christus?
1704 2788 1876 2843 quare
1901 2788 2013 2827 non
2042 2772 2174 2827 ado-

568 2864 667 2905 ras
702 2852 823 2907 me?
844 2852 964 2909 Noli
995 2858 1273 2926 dubitare,
1307 2878 1433 2917 cum
1457 2864 1526 2918 ad
1557 2864 1662 2920 hoc
1684 2865 1957 2931 venerim,
1982 2872 2175 2935 quate—

572 2956 681 3000 nus
715 2945 812 3001 tibi
845 2945 1024 3004 dicam
1054 2967 1176 3022 quae
1198 2963 1251 3010 te.
1274 2966 1522 3025 oporteat
1546 2957 1744 3014 facere.
1770 2959 1839 3014 At
1872 2959 1987 3027 ille,
2010 2974 2173 3030 quem

570 3042 853 3114 prtestigia
867 3043 985 3115 jam
1015 3044 1343 3119 deceperant
1380 3051 1674 3119 diabolica,
1696 3053 1835 3109 dixit
1869 3073 1883 3109 :
1918 3054 1973 3109 Si
2028 3055 2175 3111 filius

2266 1908 2387 1992 iniit
2411 1958 2424 1994 :
2453 1933 2609 2004 Quod
2633 1931 2849 2002 signum
2872 1925 3030 1983 dabis
3052 1920 3186 1978 mihi
3212 1932 3324 1988 quo
3343 1922 3525 1970 certus
3548 1908 3865 2004 eliiciarine

2266 2048 2389 2103 qua:
2417 1995 2607 2088 (liwxisti
2632 1995 2940 2080 facturum?
2973 2014 3076 2069 Cui
3100 2010 3358 2067 seductor
3384 2002 3673 2103 respondit
3743 1995 3864 2103 Non

2268 2092 2439 2179 unum
2457 2121 2676 2190 signum
2707 2112 2806 2168 tibi
2826 2108 3045 2167 dabitur
3080 2120 3179 2175 pro
3225 2096 3575 2190 eertitudine,
3619 2092 3722 2150 sed
3745 2092 3867 2190 tria

2269 2186 2593 2273 facturus'es
2613 2207 2797 2272 hodie,
2830 2212 2957 2259 ante
2979 2199 3198 2256 tertiam
3229 2195 3422 2250 horam
3470 2189 3608 2255 diei,
3656 2186 3867 2244 scilicet

2269 2324 2441 2365 unum
2472 2307 2529 2361 in
2553 2299 2846 2360 Guntharii
2900 2294 3126 2351 sinistro
3170 2287 3350 2352 oculo,
3381 2298 3547 2355 quem
3601 2295 3745 2351 pene
3798 2279 3867 2335 ob

2268 2400 2648 2475 aegritudinem
2671 2391 2924 2465 perdidit,
2947 2387 3182 2443 alterum
3216 2382 3272 2436 in
3302 2378 3491 2475 fratre,
3513 2374 3610 2446 qui
3628 2374 3748 2475 jam

2271 2463 2476 2553 multos
2496 2491 2614 2547 dies
2641 2487 2904 2549 infirmat,
2926 2489 2981 2538 et
3005 2487 3088 2535 est
3116 2490 3316 2538 caacus,
3339 2470 3427 2527 cui
3456 2483 3664 2524 nomen
3692 2463 3871 2519 Remi-

2272 2591 2414 2662 gius.
2448 2584 2693 2640 Tertium
2716 2581 2770 2635 in
2799 2594 2885 2643 eo,
2910 2575 3005 2646 qui
3037 2570 3241 2626 dicitur
3263 2566 3619 2633 Razo,quem
3659 2556 3870 2613 inimici

2274 2650 2362 2739 sui
2400 2682 2764 2738 creaverunt,
2809 2680 2973 2740 atque
3022 2676 3280 2719 mancum
3328 2657 3599 2712 fecerunt.
3642 2650 3871 2718 Insuper

2274 2791 2374 2847 pro
2399 2773 2557 2843 signo
2587 2764 2935 2825 certitudinis
2960 2760 3161 2816 habeto
3188 2752 3457 2816 sandalia,
3485 2763 3610 2819 qua:
3641 2746 3699 2799 in
3746 2757 3870 2844 pro-

2275 2844 2427 2923 ximo
2450 2862 2711 2935 reperies,
2737 2858 2915 2930 posita
2943 2852 3181 2925 quadam
3204 2848 3309 2904 sub
3336 2844 3532 2901 arbore
3558 2854 3729 2904 cava;
3757 2850 3871 2935 qui.

2275 2961 2381 3016 bus
2447 2928 2706 3028 praecipio
2738 2928 2826 3007 —ut
2885 2948 3116 3021 posthac
3157 2942 3334 2998 utaris
3523 2928 3870 3028 celebrandis

2277 3016 2578 3105 missarum
2612 3016 2915 3101 solemniis.
2946 3036 3092 3105 Quid
3147 3033 3354 3090 multa?
3398 3027 3495 3083 His
3538 3026 3616 3080 ita
3660 3016 3869 3077 homini

574 3150 639 3195 es
667 3137 873 3208 Mariae,
897 3157 1025 3198 ecce
1058 3151 1109 3199 te
1132 3145 1321 3200 adoro.
1350 3144 1416 3201 Et
1439 3114 1732 3216 procide'ns
1755 3149 2005 3203 adoravit
2025 3165 2173 3217 eum,
2203 3176 2244 3234 ο
2279 3141 2516 3213 superbo
2541 3136 2810 3195 diabolica
2842 3131 3033 3188 fraude
3057 3125 3438 3234 Ρθτευτξδίδχθί
3476 3121 3622 3174 inter
3646 3114 3870 3234 trbus“

573 3233 797 3304 penitus
821 3235 1025 3291 oblitus
1047 3236 1196 3293 illius
1215 3242 1466 3309 responsi
1506 3240 1653 3311 quod
1690 3241 1746 3295 in
1793 3240 1916 3296 Vita
1950 3240 2174 3298 Patrum

577 3347 766 3387 senem
814 3332 1199 3389 cautissimum
1246 3348 1411 3405 super
1460 3335 1840 3406 hujuscemodi
1879 3336 2179 3391 tentatione

576 3424 793 3496 legebat
815 3426 1051 3482 dedisse.
1078 3425 1155 3481 lbi
1197 3426 1344 3483 enim
1369 3436 1455 3484 est
1478 3428 1763 3499 scriptum,
1806 3437 1870 3484 ut
1896 3444 2045 3484 nunc
2092 3444 2179 3484 re-

579 3534 854 3586 memoro,
869 3520 998 3591 quia
1022 3521 1244 3591 quidam
1268 3537 1432 3577 senex
1458 3522 1576 3592 pari
1604 3523 1769 3578 modo
1802 3538 1834 3577 a
1868 3521 2085 3577 diabolo
2110 3522 2182 3577 sit

515 3672 521 3677 ,
578 3621 847 3680 tentatus;
899 3613 1231 3681 sed,divina
1287 3615 1575 3669 clementia
1614 3630 1832 3670 servum
1865 3629 2025 3669 suum
2060 3613 2180 3667 val-

478 3700 489 3709 ’
580 3709 748 3774 laute,
776 3723 904 3763 mox
936 3717 1175 3764 tentator
1198 3708 1323 3778 quis
1352 3708 1514 3763 fuerit
1539 3709 1730 3778 paucis
1764 3707 1944 3762 verbis
1971 3706 2043 3761 sit
2082 3705 2181 3760 de-

580 3800 906 3872 prehensus.
934 3800 1071 3857 Nam
1103 3818 1233 3858 cum
1262 3803 1380 3857 scni
1401 3802 1493 3857 diu
1522 3802 1741 3869 tacenti,
1767 3809 1821 3856 et
1844 3816 2031 3856 secum
2056 3797 2183 3869 quis

581 3902 731 3949 esset
753 3893 849 3964 qui
871 3894 1127 3964 apparuit
1178 3894 1370 3948 intime
1420 3893 1679 3960 volventi,
1722 3908 2013 3963 perversus
2055 3906 2182 3961 per-

582 4001 742 4042 verse
776 3986 982 4041 diceret
1007 4004 1023 4040 :
1052 3984 1167 4056 Ego
1201 4001 1323 4040 sum
1351 3985 1640 4052 Christus;
1683 3999 1854 4055 quare
1883 3982 2069 4039 tardas
2096 3996 2185 4037 me

582 4081 854 4136 adorare?
882 4079 1228 4150 Responsum
1251 4081 1462 4150 accepit
1483 4080 1553 4134 ab
1586 4094 1653 4134 eo
1687 4097 1699 4134 :
1743 4078 1917 4146 Quem
1962 4074 2184 4132 adoravi

589 4173 661 4227 ab
690 4171 919 4227 infantia
948 4188 1073 4227 mea
1103 4188 1280 4242 usque
1327 4173 1382 4226 in
1435 4187 1707 4242 prazsens,
1742 4172 1852 4227 nisi
1901 4170 2185 4226 Christum

591 4263 767 4317 tilium
806 4261 903 4317 Dei
926 4262 1159 4318 vivi?Si
1188 4272 1247 4318 tu
1286 4262 1541 4317 Christus
1578 4276 1750 4328 esses,
1790 4261 2104 4317 nullatenus
2154 4275 2185 4314 a

589 4369 681 4408 me
698 4360 912 4423 peteres
946 4354 1053 4409 hoc
1079 4354 1409 4425 obsequium
1429 4353 1527 4409 tibi
1558 4353 1729 4409 modo
1747 4353 2012 4423 impendi,
2036 4351 2184 4424 quod

592 4461 828 4516 semper,
859 4446 914 4501 in
970 4456 1237 4518 quantum
1290 4447 1469 4513 valui,
1512 4462 1642 4502 vero
1672 4445 1895 4503 Christo
1954 4446 2187 4501 Domino

2278 3210 2421 3307 pone
2450 3231 2792 3288 domicilium
2840 3228 2897 3282 in
2938 3238 3049 3295 quo
3103 3216 3461 3291 vagahundus
3489 3210 3701 3266 mansit
3738 3221 3873 3307 cono

2279 3300 2407 3397 sita,
2444 3327 2604 3399 quasi
2634 3324 2872 3397 quodam
2901 3332 3132 3375 ascensu
3161 3312 3365 3385 pariter
3391 3324 3458 3364 ac
3479 3306 3755 3399 descensu

2279 3390 2610 3484 monstrato,
2652 3390 2803 3471 'cum
2860 3410 2983 3466 aliis
3042 3399 3513 3463 inextricabilihus
3568 3390 3874 3466 phantasia:

2280 3519 2571 3594 portentis,
2602 3518 2657 3572 in
2680 3516 2799 3585 ipso
2823 3505 3145 3579 crepusculo
3168 3501 3329 3565 lucis,
3355 3493 3617 3594 praefatus
3643 3487 3872 3594 presby:

2280 3580 2364 3669 ter
2394 3580 2669 3683 propriam
2702 3580 2767 3662 et
2804 3601 3141 3675 singularem
3201 3594 3460 3650 deserens
3502 3586 3750 3683 cellamx
3775 3580 3873 3681 sub

2282 3674 2432 3762 inani
2458 3674 2553 3775 spe
2578 3700 2861 3757 diabolica:
2889 3674 3325 3767 pollicitationis,
3349 3679 3558 3740 domini
3582 3674 3871 3734 Guntharii

2282 3799 2419 3868 petit
2435 3771 2643 3852 casam.
2675 3791 2848 3859 Quem
2890 3803 3017 3844 cum
3054 3784 3266 3840 videret
3314 3774 3645 3834 venerabilis
3692 3771 3873 3868 heros,

2284 3860 2452 3962 super
2476 3886 2763 3958 repentino
2783 3883 2904 3953 ejus
2933 3880 3170 3935 adventu
3203 3874 3569 3941 obtupescens
3597 3874 3656 3920 et
3698 3860 3873 3917 admi-

2284 3999 2438 4049 rans,
2466 3988 2652 4051 utpote
2691 3977 2787 4048 qui
2830 3972 3086 4044 superbia
3131 3971 3434 4038 imperante
3475 3962 3545 4017 ab
3582 3975 3651 4015 eo
3676 3970 3872 4051 seque—

2285 4048 2492 4133 Stratus
2518 4048 2657 4140 erat,
2681 4071 2917 4140 sibique,
2933 4066 3097 4123 veluti
3117 4065 3326 4121 litteras
3353 4055 3641 4119 nescienti,
3670 4048 3876 4121 peritiae

2287 4187 2401 4226 suae
2432 4170 2868 4241 supplementum
2912 4163 3152 4233 maligna
3186 4156 3470 4241 voluntate
3504 4148 3876 4241 subtraxerat,

2286 4261 2425 4316 nihil
2450 4230 2631 4317 dicere
2657 4259 2848 4315 volens
2874 4230 3162 4311 conticuit.
3195 4246 3350 4302 Tunc
3376 4240 3473 4312 qui
3511 4250 3657 4291 vana
3706 4230 3875 4317 gloria

2287 4352 2530 4409 tumidus
2555 4353 2866 4416 advenerat,
2889 4346 2995 4403 sub
3018 4344 3200 4415 specie
3224 4334 3504 4407 religionis
3522 4331 3595 4387 ad
3621 4331 3877 4385 reveren—

2286 4445 2418 4500 dum
2455 4460 2642 4503 senem
2658 4442 2875 4498 dicebat
2903 4457 2916 4495 :
2947 4436 3068 4492 Non
3088 4435 3407 4504 ignoramus
3429 4425 3580 4496 quia,
3606 4422 3769 4493 juxta
3800 4420 3879 4474 in-

592 4555 720 4596 meo
747 4516 1025 4597 humiliter
1045 4540 1289 4599 exhibui.
1332 4539 1487 4596 Tunc
1536 4539 1761 4595 humani
1823 4539 2036 4610 generis
2058 4537 2186 4615 _ini-
2216 4539 2261 4593 D
2288 4540 2480 4594 stituta
2515 4539 2760 4602 Patrum,
2793 4533 2902 4591 nisi
2927 4529 3129 4594 vocati,
3160 4526 3228 4581 de
3273 4522 3407 4579 cella
3453 4516 3644 4615 egredi
3681 4523 3738 4571 et
3780 4516 3885 4570 huc

594 4635 775 4692 micus
800 4635 1161 4699 validasenis
1186 4635 1291 4691 fide
1326 4649 1683 4704 repercussus
1725 4642 1888 4702 atque
1923 4630 2189 4686 confusus

594 4727 841 4794 evanuit,
874 4728 1127 4799 linquens
1168 4728 1243 4783 ibi
1269 4737 1417 4784 certa
1454 4726 1760 4799 praesentia:
1803 4740 1916 4780 suae
1965 4721 2188 4786 indicia,

597 4820 656 4878 id
689 4831 774 4879 est
800 4820 1049 4879 fetorem.
1087 4842 1104 4875 ι

1205 4915 1596 4970 Ammonicius.

680 5032 699 5065 ι
741 5010 788 5067 0
809 5010 1110 5077 Collectici,
1133 5009 1378 5064 horroris
1400 5010 1564 5079 plena
1589 5015 1718 5062 sunt
1741 5021 1865 5075 quae
1902 5000 2194 5073 scripsisti,

534 5135 545 5149 ε
603 5114 659 5159 et
683 5114 769 5161 est
800 5105 958 5159 valde
987 5103 1161 5158 durus
1193 5101 1283 5158 hic
1320 5116 1501 5157 sermo
1531 5114 1696 5170 quem
1746 5098 1935 5153 dixisti
1992 5115 2007 5150 :
2061 5094 2198 5161 Quis

607 5211 739 5236 prun
766 5203 938 5236 Imtpct
978 5196 1206 5236 Inman
1228 5192 1435 5236 inimini
1469 5192 1717 5236 tundore-
1743 5190 1788 5236 Si
1818 5189 1923 5236 ista
1950 5189 2003 5236 in
2052 5189 2200 5236 hunc

2292 4636 2480 4690 venire
2503 4632 2731 4688 minime
2759 4629 3154 4688 debueramus;
3200 4619 3294 4676 sed
3317 4613 3651 4672 humilitatis
3687 4619 3883 4665 nostra

2297 4727 2563 4783 adventus
2591 4742 2658 4783 ex
2710 4728 2979 4795 praecepto
3025 4714 3241 4774 Dommi
3292 4708 3465 4766 nostri
3512 4705 3643 4761 Jesu
3684 4704 3882 4762 Christi

2296 4829 2384 4877 est
2411 4820 2568 4877 vobis
2592 4827 2647 4874 et
2672 4817 2797 4872 aliis
2821 4813 2976 4870 valde
2996 4805 3362 4893 necessarius.
3405 4800 3510 4855 Cui
3536 4814 3731 4865 senex,
3764 4797 3884 4868 Spi-

2300 4920 2443 4975 ritus
2470 4913 2775 4971 munimine
2802 4900 3266 4982 proteetus,.dixit
3296 4915 3308 4951 :
3352 4895 3511 4952 Unde
3555 4893 3718 4949 vobis
3764 4893 3881 4954 hoc,

2300 5021 2395 5069 aut
2421 5007 2643 5081 quando
2693 5005 2961 5060 Dominus
3007 4997 3265 5054 Christus
3321 4987 3653 5081 fraternitati
3703 4995 3888 5042 vestra:

2301 5080 3030 5170 novaideditprwceptaiAt
3059 5092 3147 5145 ille
3182 5084 3507 5156 respondit:
3555 5080 3670 5136 [lac
3715 5088 3885 5136 nocte.

2302 5202 2368 5236 vr.
2396 5200 2527 5236 Αἷηίθ
2552 5210 2716 5236 annm
2766 5188 2936 5236 num?
2979 5181 3278 5236 Resoondit
3323 5177 3611 5236 nresbvter
3651 5193 3664 5224 :
3726 5172 3793 5224 [ξι
3837 5173 3888 5224 in
