4018 6382
603 354 742 412 1079

600 471 783 543 quabo
837 468 1012 524 vobis.
1069 471 1138 523 Et
1189 467 1235 523 si
1292 477 1512 538 peccata
1555 479 1736 523 vestra
1777 466 1979 523 fuerint
2020 467 2185 522 rubra

602 562 763 618 sicuti
786 560 1139 628 vermiculus,
1168 559 1334 616 veluti
1356 561 1446 615 nix
1473 559 1871 616 dealhabuntur
1893 561 2066 633 (255).
2089 579 2108 611 ι

1203 651 1584 706 Ammonicius.

682 765 701 798 ‹
734 745 778 801 0
805 754 1007 816 quanta
1033 754 1084 801 et
1115 761 1281 816 quam
1304 760 1501 815 magna
1538 742 1960 814 dispensationis
1988 743 2186 800 divinat

605 853 839 894 censura
859 878 874 903 ,
907 852 1052 907 qua,
1080 837 1451 907 propensioris
1485 838 1711 895 cautelae
1742 838 1937 909 gratia,
1962 837 2184 892 fratrem

607 927 674 982 de
694 944 805 998 quo
827 926 1059 984 retulisti
1081 927 1367 999 praemissa
1401 928 1538 984 adeo
1567 931 1636 985 ab
1658 931 1813 985 hoste
1848 930 2186 1000 nequissimo

607 1020 856 1090 permisit
877 1020 1060 1091 afﬂigi,
1083 1029 1141 1074 ut
1162 1020 1379 1089 penitus
1400 1020 1453 1074 in
1483 1021 1918 1091 desperationem
1947 1020 2185 1087 caderet,

608 1109 716 1164 nisi
738 1109 885 1163 hunc
906 1124 1067 1163 senex
1100 1108 1343 1175 humilis,
1367 1111 1447 1166 uti
1469 1100 1776 1182 speramus,
1800 1110 2189 1180 omnipotentis

610 1198 707 1255 Dei
729 1216 944 1266 servus,
975 1199 1230 1256 dominus
1257 1201 1509 1257 videlicet
1549 1202 1905 1267 Guntharius,
1929 1202 2187 1257 exhorta-

607 1292 757 1347 tione
783 1291 1004 1348 assidua
1034 1293 1089 1347 in
1127 1309 1277 1363 spem
1305 1295 1691 1366 recuperandae
1718 1295 1911 1352 salutis
1933 1297 2184 1366 erigeret,

611 1393 665 1439 et
708 1394 1023 1439 sanctorum
1065 1387 1331 1455 exemplis
1365 1386 1678 1443 multifariis
1724 1387 1913 1442 divino
1960 1403 1990 1441 e
2038 1385 2188 1440 fonte

609 1475 836 1547 prolatis
859 1476 1238 1532 corroboraret
1262 1478 1276 1531 !
1317 1497 1338 1529 ι

1224 1570 1461 1626 Collecti.
1474 1572 1577 1625 ius.

685 1679 703 1712 ι
764 1660 903 1729 Quia
933 1677 1238 1719 sermonem
1289 1663 1612 1719 humilitatis
1653 1680 1789 1720 mea:
1854 1663 2191 1735 interrupisti

609 1751 828 1807 laudem
864 1753 959 1809 Dei
990 1754 1378 1821 exclamando,
1424 1764 1637 1826 gratum
1684 1755 1878 1810 habeo.
1913 1753 2018 1810 Sed
2068 1769 2191 1825 quae

609 1857 835 1898 narrare
892 1844 1053 1915 (περὶ,
1090 1846 1158 1899 ad
1224 1845 1430 1901 calcem
1482 1845 1782 1916 producere
1837 1861 1926 1900 me
1981 1856 2187 1915 patere,

607 1948 823 2002 quaeso.
859 1932 973 1989 Hoc
1005 1934 1152 1989 enim
1191 1936 1457 1992 nimirum
1508 1953 1674 2009 super
1699 1937 1885 1992 omnia
1918 1938 2044 1993 talia
2087 1938 2191 1993 mi-

608 2040 765 2091 rum,
803 2026 949 2096 quod
984 2026 1100 2096 ipse
1137 2028 1363 2084 auribus
1401 2029 1541 2085 meis
1591 2030 1660 2084 ab
1687 2045 1783 2084 ore
1821 2030 1970 2086 senis
2005 2030 2189 2101 accepi

608 2127 772 2189 atque
793 2120 863 2175 ab
895 2136 968 2175 eo
997 2121 1230 2190 quadam
1261 2137 1429 2178 sacra:
1449 2123 1695 2179 lectionis
1728 2122 1983 2178 familiari
2015 2124 2188 2179 collo-

608 2213 827 2270 cutionc
876 2215 966 2269 vix
993 2217 1216 2271 extorsi.
1249 2215 1384 2271 Nam
1420 2232 1544 2272 cum
1588 2216 1881 2288 praedictus
1910 2218 2192 2289 presbyter

609 2302 665 2357 in
697 2305 946 2375 angustia
962 2306 1215 2361 maximae
1230 2306 1545 2362 lentationis
1564 2307 1892 2363 constitutus
1913 2307 1979 2361 ad
2003 2322 2189 2362 senem

609 2395 808 2464 saepius
829 2406 1072 2451 curreret
1091 2408 1252 2467 atque
1277 2409 1603 2466 recurreret,
1640 2415 1740 2455 nec
1770 2415 1880 2455 non
1902 2399 2189 2471 querelosa

606 2501 743 2541 voce
774 2487 1079 2544 clamitaret
1119 2532 1130 2543 .
1177 2488 1298 2545 Non
1333 2506 1558 2561 possum
1599 2491 1897 2546 subsistere
1922 2533 1936 2558 ,
1977 2506 2190 2560 nequeo

609 2582 933 2650 perdurare;
958 2600 1057 2640 ora
1082 2601 1181 2656 pro
1212 2603 1318 2653 me,
1352 2588 1516 2642 homo
1537 2587 1654 2653 Dei,
1678 2588 1813 2643 dixit
1834 2604 1999 2644 senex
2028 2605 2189 2644 :con-

607 2674 719 2729 ﬁdo
755 2676 809 2730 in
843 2677 1082 2748 benigno
1115 2676 1245 2733 Jesu
1277 2679 1404 2749 quia
1450 2680 1700 2735 liberabit
1739 2688 1808 2734 te.
1861 2679 2097 2735 Tantum
2129 2689 2187 2736 tu

608 2765 822 2834 patiens
847 2777 901 2821 et
929 2777 1186 2823 constans
1206 2780 1345 2835 esto,
1375 2785 1551 2840 neque
1586 2769 1803 2825 dubites
1837 2769 1903 2825 de
1934 2771 2187 2841 omnipo-

611 2856 747 2910 tenti
788 2857 963 2926 gratia
1011 2858 1159 2914 illius
1201 2859 1345 2929 apud
1385 2876 1546 2930 quem
1581 2875 1689 2915 non
1734 2870 1817 2916 est
1852 2861 2189 2932 impossibile

609 2960 773 3002 omne
803 2949 1028 3003 verbum
1056 2949 1226 3021 (254).
1264 2948 1420 3017 Quod
1448 2959 1507 3005 tu
1542 2950 1778 3006 sustines
1806 2951 1990 3019 modo,
2025 2968 2186 3022 gene.

609 3036 800 3092 raiiter
818 3053 914 3107 per
934 3040 1120 3094 omnia
1140 3049 1412 3096 terrarum
1441 3055 1605 3112 regna
1635 3040 1891 3095 humanre
1911 3039 2189 3112 fragilitati

610 3128 946 3187 horrendum
988 3142 1042 3189 et
1097 3135 1472 3205 pavitandum,
1525 3134 1619 3189 sed
1669 3133 1896 3189 minime
1924 3134 1995 3189 ob
2024 3134 2079 3189 id
2120 3136 2190 3191 de

609 3220 984 3281 miseriCordia
1010 3226 1255 3296 Domini,
1290 3243 1397 3299 qua
1424 3228 1582 3298 plena
1622 3237 1706 3283 est
1732 3238 1879 3283 terra
1897 3271 1911 3295 ,
1936 3229 2188 3287 ﬁdelibus

608 3323 693 3370 est
735 3316 1165 3387 desperandum,
1197 3320 1456 3391 quoniam
1486 3318 1580 3390 qui
1612 3328 1805 3390 potens
1828 3330 1913 3376 est
1945 3321 2011 3376 de
2048 3322 2188 3392 lapi-

610 3407 774 3465 dibus
815 3411 1081 3467 suscitare
1120 3413 1260 3469 ﬁlios
1293 3412 1526 3469 Abrahae
1551 3412 1730 3485 (255),
1763 3424 1940 3483 potest
1960 3426 2013 3471 et
2035 3425 2088 3471 te
2119 3416 2189 3472 de

611 3501 864 3569 praesenti
895 3502 1123 3558 liberare
1152 3506 1471 3571 tentationc,
1498 3514 1549 3560 et
1578 3506 1936 3561 nihilominus
1963 3507 2187 3578 dignum

609 3590 824 3647 efﬁcere
860 3609 959 3648 sua
996 3596 1299 3652 vocatione.
1335 3595 1401 3652 Et
1428 3597 1710 3667 subiunxit
1747 3607 1985 3653 tentatus
2023 3618 2035 3653 :
2069 3598 2191 3655 Uti-

610 3699 747 3738 nam
764 3685 905 3740 mihi
933 3686 1027 3740 ﬁat
1058 3688 1358 3744 secundum
1397 3690 1623 3744 verbum
1664 3692 1853 3745 tuum!
1884 3688 1987 3745 Sed
2033 3692 2189 3760 valde

608 3774 781 3830 timeo
850 3776 1167 3834 tetttationis
1216 3781 1547 3850 periculum,
1593 3780 1739 3850 quod
1792 3781 1926 3835 mihi
1986 3781 2189 3836 misero

611 3869 818 3938 ingruit
854 3870 995 3924 ultra
1035 3871 1336 3926 humanum
1376 3873 1619 3931 modum.
1659 3871 1795 3926 Nam
1828 3872 1884 3926 in
1917 3872 2032 3943 ipsa
2065 3888 2191 3927 ora-

609 3958 776 4015 tionis
831 3961 1004 4018 hora.
1061 3962 1278 4032 quando
1332 3963 1399 4017 ad
1441 3963 1653 4018 laudem
1710 3962 1802 4017 Dei
1858 3978 1921 4017 os
1980 3962 2187 4033 aperio,

610 4052 960 4108 adversarius
1001 4054 1133 4108 mihi
1162 4054 1378 4109 videtur
1423 4055 1581 4125 quasi
1638 4054 1989 4124 rapacitatem
2031 4069 2189 4109 suam

610 4144 757 4200 intro
786 4145 839 4199 in
874 4156 1116 4201 ventrem
1146 4147 1358 4202 mittere
1383 4163 1558 4217 usque
1582 4147 1647 4202 ad
1671 4161 1794 4213 eor,
1818 4147 2039 4217 vimque
2068 4163 2193 4201 cor-

612 4236 699 4292 dis
736 4238 962 4305 tollere,
990 4254 1055 4293 ac
1091 4254 1286 4295 sensus
1328 4254 1479 4293 meos
1522 4254 1748 4309 prorsus
1786 4239 2104 4304 extrahere,
2138 4247 2191 4293 et

612 4327 997 4397 memetipsum
1038 4329 1285 4383 mihimet
1326 4328 1565 4383 alienum
1619 4326 1821 4383 facere.
1869 4326 2045 4398 Super
2078 4328 2191 4383 haec

614 4419 800 4475 omnia
832 4419 1003 4489 iactat
1038 4436 1097 4477 se
1132 4420 1273 4476 scire
1327 4435 1509 4475 meum
1538 4426 1710 4475 totum
1749 4434 1943 4482 nosse,
1982 4419 2118 4473 velle
2139 4427 2193 4473 et

612 4526 792 4582 posse.
834 4510 1134 4582 Respondit
1161 4526 1326 4567 senex
1357 4530 1369 4565 :
1395 4509 1472 4565 Ne
1496 4510 1713 4566 haesites
1736 4511 1790 4564 in
1817 4509 1921 4564 lide
1943 4525 2010 4564 ex
2031 4508 2189 4579 adiu-

618 4603 760 4658 torio
784 4602 981 4660 divino
1000 4605 1067 4659 de
1089 4603 1339 4674 supernis
1366 4602 1683 4673 tempestive
1705 4599 1968 4656 mittendo
1983 4643 1997 4665 ,
2023 4600 2192 4670 quod,

613 4693 866 4764 quamvis
906 4693 974 4748 ad
1016 4703 1229 4764 tempus
1265 4691 1549 4759 differtur,
1574 4700 1756 4746 tamen
1783 4705 1893 4745 non
1923 4687 2190 4744 aufertur.

614 4785 876 4842 Diabolus
913 4787 1138 4841 omnino
1168 4794 1493 4857 potestatem
1534 4800 1642 4839 non
1685 4783 1847 4838 habet
1872 4782 2099 4837 nocendi
2137 4790 2192 4836 et

614 4877 875 4951 fatigandi
928 4891 1005 4947 te,
1055 4879 1163 4934 nisi
1214 4878 1516 4949 permissus
1569 4894 1599 4932 a
1650 4876 1782 4931 Deo.
1808 4872 1968 4930 ‘Deus
2005 4882 2188 4928 autem

613 4986 896 5042 nunquam
936 4972 1039 5027 ista
1084 4972 1202 5027 ﬁeri
1249 4970 1602 5041 permitteret,
1649 4968 1755 5023 nisi
1801 4976 1854 5022 te
1898 4966 2187 5021 humiliare

613 5062 789 5118 vellet.
822 5062 1096 5118 Interdum
1128 5062 1274 5116 enim
1309 5059 1537 5115 Amator
1567 5059 1849 5114 hominum
1878 5058 2099 5112 simulat
2130 5071 2189 5111 se

613 5156 825 5211 nescire
855 5171 977 5226 quae
1005 5155 1273 5225 patimur,
1307 5152 1399 5207 sed
1423 5163 1605 5207 tamen
1632 5149 1941 5219 frequenter
1961 5157 2187 5219 praesta-

613 5247 692 5302 bit
716 5247 861 5303 unde
880 5247 1163 5302 miremur.
1186 5244 1333 5311 Noli,
1356 5244 1542 5310 frater,
1566 5242 1818 5305 deficere,
1845 5240 1962 5306 sed,
1991 5255 2168 5295 secun-

613 5337 745 5393 dum
782 5337 1134 5408 Apostolum,
1179 5347 1261 5394 sta
1296 5339 1349 5393 in
1383 5337 1515 5405 fide,
1548 5336 1775 5391 viriliter
1801 5349 1899 5404 age
1931 5332 2102 5404 (256),
2138 5342 2194 5388 et

686 5452 834 5517 (255)
862 5450 995 5506 Isai.
1026 5470 1063 5507 ι.
1754 5444 1765 5449 ’

685 5523 838 5587 (254)
861 5522 993 5577 Luc.
1022 5540 1059 5577 ι.

874 5592 1070 5647 Matth.
1106 5610 1185 5650 ιιι.

745 5662 834 5726 ob)
873 5662 902 5717 1
931 5662 1053 5718 Cor.
1081 5682 1185 5719 xvi.

708 5662 834 5719 256)
873 5662 902 5717 1
931 5662 1053 5718 Cor.
1081 5682 1188 5719 xvi.

682 5733 830 5799 (257)
856 5733 919 5789 II
959 5734 1093 5791 Tim.
1120 5753 1177 5790 ιι.

689 5801 836 5878 (258)
870 5806 1063 5861 Matth.
1103 5824 1156 5861 x.
1188 5840 1251 5847 —
1278 5804 1396 5871 llic,
1428 5813 1484 5858 ut
1522 5803 1716 5883 plenus
1754 5801 1823 5857 sit
1869 5814 2061 5857 sensus
2089 5840 2104 5866 ,
2152 5805 2206 5852 et

1593 349 1892 406 ARNOLDI
1929 344 2525 405 EMMERAMMENSIS
2557 341 2863 399 MONACHI

3698 344 3804 399 1080

2216 472 2260 530 Α
2288 460 2761 531 confortare(257)
2809 460 2864 513 in
2912 457 3057 512 illius
3102 453 3323 510 nomine
3369 455 3462 525 qui
3510 455 3647 509 novit
3686 458 3804 512 solus

2283 555 2629 626 fragilitatem
2666 555 2964 608 humanam
2997 565 3212 606 sanare.
3248 548 3400 615 Quod
3427 557 3602 602 autem
3622 561 3806 617 questus

2284 664 2345 703 es
2391 648 2670 703 diabolum
2703 662 2761 702 se
2788 645 3028 716 iactasse
3056 643 3123 698 de
3158 642 3382 698 scientia
3416 650 3523 696 tuae
3561 640 3807 695 voluntatis

2285 751 2338 795 et
2361 737 2766 811 possibilitatis;
2793 737 2929 807 ipse,
2955 733 3098 806 quod
3134 734 3273 789 bene
3307 732 3481 796 nosti,
3507 741 3681 785 contra
3699 732 3809 786 hanc

2287 833 2490 888 luctam
2513 829 2851 895 suflicittibi;
2883 829 2989 883 hoc
3009 837 3092 882 est
3112 826 3258 897 quod
3283 824 3533 879 diabolus
3553 822 3810 891 (sic)inter-

2287 925 2570 980 necionem
2599 922 2855 978 detrudit.
2879 919 2976 976 llis
3005 920 3165 974 dictis
3192 917 3463 986 extemplo
3489 914 3653 969 adfuit
3679 912 3808 969 Satau

2288 1016 2343 1075 in
2372 1018 2660 1090 praesentia
2692 1017 2839 1073 senis
2866 1015 3194 1088 perturbans
3224 1020 3490 1067 tentatum
3513 1009 3740 1074 fratrem,
3771 1018 3812 1062 et

2286 1109 2473 1165 dicens
2507 1106 2886 1163 :Guntharius
2934 1121 3044 1159 non
3096 1103 3275 1158 solum
3327 1117 3475 1155 nunc
3521 1098 3810 1153 mendacium

2288 1198 2505 1253 locutus
2531 1207 2633 1264 est,
2659 1195 2752 1252 sed
2775 1194 2974 1265 saepius
2990 1192 3251 1248 mentitur
3279 1200 3331 1246 et
3356 1200 3406 1245 te
3436 1188 3617 1243 fallere
3643 1188 3811 1253 nititur,

2288 1289 2513 1360 insuper
2541 1296 2594 1343 et
2629 1287 2831 1358 gracile
2859 1297 2912 1342 et
2942 1285 3138 1340 subtile
3162 1282 3434 1353 pellieium
3465 1294 3679 1351 operose
3698 1294 3812 1350 quie—

2289 1380 2361 1436 rit
2382 1397 2447 1435 ac
2467 1380 2659 1451 diligit.
2676 1376 2924 1448 Cumque
2945 1376 3210 1432 conviciis
3224 1382 3501 1445 appeteret
3514 1382 3663 1442 atque
3679 1372 3814 1426 laces-

2287 1480 2433 1528 seret
2477 1487 2701 1537 senem,
2745 1485 2908 1525 senex
2964 1467 3162 1522 timens
3218 1481 3285 1520 nc
3329 1464 3469 1520 forte
3545 1462 3813 1534 protervitas

2288 1563 2493 1619 diaboli
2542 1563 2787 1617 animum
2849 1560 3035 1615 fratris
3073 1559 3309 1613 mitteret
3343 1557 3398 1611 in
3436 1555 3812 1625 desperationem

2291 1655 2557 1712 salutiferi
2589 1654 2751 1723 boni,
2797 1651 3045 1725 prorupit
3083 1660 3137 1706 et
3158 1651 3330 1705 dixit:
3364 1648 3410 1703 Ο
3440 1647 3653 1703 inimice
3677 1643 3752 1700 Dei
3775 1654 3814 1700 et

2292 1749 2603 1805 hominum!
2643 1747 2897 1818 superbia
2922 1754 3012 1801 tua
3037 1755 3092 1800 et
3116 1743 3464 1799 mendacium
3484 1752 3632 1797 tuum
3674 1749 3814 1795 tecum

2221 1818 2270 1874 Β
2292 1841 2348 1896 in
2381 1851 2585 1896 :eterna‘
2619 1838 2925 1911 perditione
2962 1845 3237 1892 maneant.
3278 1833 3389 1889 Nos
3420 1843 3600 1888 autem
3628 1832 3707 1903 qui
3732 1845 3814 1886 non

2291 1935 2469 1991 solum
2520 1933 2697 1988 ovinis
2751 1941 2805 1987 et
2855 1929 3097 2002 caprinis
3146 1929 3381 1999 pellibus
3426 1928 3644 1989 utimur,
3667 1939 3814 1978 verum

2289 2025 2454 2080 etiam
2487 2022 2833 2094 simplicitate
2873 2029 2929 2076 et
2961 2018 3291 2084 humilitate,
3316 2032 3443 2088 quae
3475 2015 3530 2070 in
3558 2012 3737 2069 eisdem
3757 2012 3814 2067 si-

2290 2118 2637 2190 gnificantur,
2665 2112 3020 2185 perfruimur,
3049 2126 3146 2182 per
3179 2125 3304 2163 eum
3335 2107 3433 2179 qui
3464 2106 3643 2162 dilexit
3661 2120 3758 2169 nos,
3777 2111 3817 2157 te

2288 2208 2589 2279 pessimum
2652 2208 2841 2277 lupum
2863 2203 3024 2260 facile
3078 2200 3505 2272 superabimus,
3561 2195 3816 2265 Christique

2290 2301 2488 2356 virtute
2535 2309 2684 2354 tuam
2723 2298 2983 2353 virtutem
3029 2294 3327 2351 calcamus.
3375 2288 3553 2345 Crede
3596 2286 3815 2358 peccaturi

2290 2391 2618 2459 Gunthario,
2640 2391 2767 2462 quia
2791 2388 2960 2443 frater
2976 2431 2991 2454 ,
3018 2402 3180 2457 quem
3205 2383 3568 2455 permissione
3604 2378 3687 2434 Dei
3707 2378 3813 2442 vivi,

2289 2486 2383 2556 qui
2407 2486 2461 2539 in
2483 2485 2629 2539 hunc
2649 2481 2916 2537 mundum
2937 2480 3087 2535 venit
3104 2477 3276 2532 Filius
3304 2475 3548 2531 hominis
3559 2487 3763 2543 quaerere
3777 2480 3815 2524 et

2291 2577 2503 2633 salvum
2552 2575 2731 2630 facere
2775 2571 2926 2643 quod
2979 2570 3215 2642 perierat
3252 2566 3427 2637 (258).
3488 2563 3615 2619 Post
3653 2563 3749 2616 hac
3777 2568 3816 2613 et

2289 2667 2609 2740 huiusmodi
2635 2666 2953 2730 certamina,
2978 2663 3194 2732 aliaque
3220 2659 3460 2731 plurima
3487 2654 3718 2727 nequitia:
3734 2670 3816 2708 sue

2290 2762 2344 2816 in
2391 2770 2659 2818 tentatum
2704 2759 2930 2814 fratrem
2982 2755 3352 2826 nequidquam
3420 2752 3623 2806 vibrata
3658 2747 3815 2819 iacula,

2290 2853 2640 2910 miseratione
2680 2850 2864 2904 divina
2897 2846 3148 2903 diabolus
3168 2852 3252 2899 est
3274 2844 3347 2898 ita
3371 2840 3609 2912 fugatus,
3638 2847 3687 2893 ut
3707 2836 3817 2891 cala-

2290 2943 2504 3001 mitosis
2544 2941 2872 3000 clamoribus
2941 2947 2995 2993 et
3034 2934 3336 3007 querelosis
3393 2928 3816 2987 lamentationibus

2289 3034 2577 3090 discedens
2630 3028 2919 3086 manifeste
2964 3027 3157 3082 nolens
3197 3025 3564 3079 innotesceret
3606 3026 3814 3090 quantum

2291 3124 2468 3180 doluit
2507 3132 2561 3179 et
2588 3122 2769 3177 adhuc
2802 3119 3008 3176 dolebit
3048 3133 3107 3173 se
3131 3159 3147 3184 ,
3185 3115 3453 3171 victorem
3489 3109 3736 3175 hominis,
3766 3106 3819 3160 ab

2216 3201 2258 3258 (ί
2291 3217 2512 3273 homine
2532 3216 2756 3271 vietum.
2789 3231 2810 3266 ι

2887 3301 3272 3358 Ammonicius.

2366 3419 2384 3453 ι
2420 3399 2531 3471 Deo
2554 3400 2779 3471 gratias,
2823 3397 2984 3468 cuius
3006 3394 3402 3451 misericordia:
3443 3392 3646 3459 nonest
3666 3397 3815 3438 nume-

2294 3508 2412 3559 rus,
2442 3502 2496 3547 et
2517 3469 2743 3562 iam
2774 3488 2958 3544 omnia
2986 3484 3276 3548 benefecit,
3300 3482 3508 3553 pariter
3534 3488 3585 3535 et
3608 3476 3729 3532 istud
3747 3474 3818 3528 mi-

2288 3585 2532 3641 rabiliter
2556 3584 2733 3639 effecit
2763 3590 2823 3637 ut
2856 3581 2952 3651 qui
2978 3574 3446 3650 periculosissime
3470 3570 3669 3635 cecidit,
3693 3567 3817 3620 mise-

2289 3677 2661 3734 ricordissime
2708 3677 2766 3730 in
2795 3683 2998 3730 statum
3039 3670 3163 3726 ﬁdei
3200 3667 3584 3738 reerigeretur,
3616 3660 3675 3716 ad
3700 3672 3815 3713 com-

2288 3770 2627 3840 probandum
2659 3769 2867 3823 scilicet
2895 3765 3027 3820 illud
3046 3758 3462 3832 Psalmographi
3484 3752 3814 3813 testimonium,

2289 3864 2436 3933 quod
2461 3863 2517 3918 in
2542 3861 2842 3918 centesimo
2865 3866 3064 3930 quarto
3083 3854 3291 3928 psalmo
3308 3851 3463 3925 (259)
3486 3849 3628 3921 ponit
3647 3846 3814 3901 dicens:

2289 3954 2507 4010 Allevat'
2558 3954 2825 4008 Dominus
2876 3965 3070 4005 omnes
3123 3947 3216 4018 qui
3269 3949 3564 4009 corruunt,
3610 3948 3657 3993 et
3698 3933 3816 4001 erigit

2291 4062 2480 4102 omnes
2509 4061 2727 4118 egenos.
2762 4043 2926 4115 Ergo,
2976 4040 3147 4095 frater
3193 4052 3226 4091 o
3260 4032 3600 4096 charissime,
3630 4034 3681 4082 ut
3716 4022 3813 4079 mihi

2290 4140 2524 4206 videtur,
2556 4138 2652 4193 tibi
2677 4138 2811 4192 satis
2840 4148 3080 4203 congrue
3120 4129 3431 4201 imposuisti
3463 4119 3722 4181 Collectitii
3749 4131 3817 4168 no-

2292 4249 2439 4299 men,
2471 4240 2525 4288 et
2545 4233 2615 4287 ob
2651 4230 2935 4286 velandam
2972 4225 3282 4281 Teutonicas
3303 4223 3532 4293 loquela:
3554 4217 3813 4299 nuditatem,

2293 4322 2497 4393 pariter
2522 4330 2575 4376 et
2606 4321 2677 4376 ob
2722 4315 3213 4375 commendandam
3255 4313 3453 4368 horum
3514 4323 3627 4378 qum
3672 4297 3815 4357 dixisti

2292 4424 2347 4469 et
2381 4415 2628 4470 dicturus
2650 4430 2708 4469 es
2736 4410 3101 4467 collectariam
3138 4405 3446 4462 utilitatem.
3476 4402 3556 4457 0b
3577 4400 3623 4455 id
3648 4405 3815 4467 quoque

2226 4547 2270 4601 ο
2293 4516 2346 4562 et
2370 4522 2470 4578 ego
2499 4521 2715 4577 aequum
2742 4504 2977 4559 arbitror
2999 4500 3116 4556 fore
3137 4507 3217 4565 ut,
3241 4497 3506 4553 vocabulo
3535 4487 3815 4549 satisfaciens

2297 4600 2442 4670 quod
2464 4596 2762 4669 usurpasti,
2799 4611 2937 4665 opus
2979 4593 3295 4648 inchoatum
3330 4584 3635 4659 adaugendo
3666 4589 3813 4650 prooe-

2294 4691 2414 4757 das,
2444 4701 2498 4746 et
2536 4704 2765 4760 qumque
2794 4687 2953 4742 utilia
2996 4683 3298 4757 colligendo
3322 4679 3597 4740 succedas,
3629 4674 3814 4760 dictatus

2296 4798 2392 4838 rus
2424 4781 2642 4853 quidem
2673 4791 2726 4835 et
2776 4787 3159 4848 assumpturus
3189 4792 3253 4830 ea
3278 4776 3330 4828 in
3362 4773 3574 4828 nomine
3602 4767 3725 4821 illius
3746 4757 3814 4830 qui

2292 4874 2457 4931 dicit'
2485 4873 2590 4940 Qui
2613 4889 2721 4927 non
2740 4872 2943 4943 colligit
2978 4884 3214 4933 mecum,
3243 4865 3538 4936 dispergit;
3568 4870 3616 4916 et
3636 4856 3713 4928 qui
3734 4862 3814 4905 ιιοιι

2290 4976 2376 5023 est
2407 4981 2642 5032 mecum,
2669 4975 2854 5019 contra
2894 4979 2980 5016 me
3002 4970 3085 5016 est
3112 4958 3281 5032 (260),
3310 4958 3384 5012 ita
3407 4956 3614 5027 quidem
3639 4948 3701 5003 illi
3726 4956 3811 4999 ser-

2291 5058 2431 5124 vies,
2459 5057 2553 5129 qui
2587 5064 2691 5122 est,
2718 5064 2771 5110 et
2800 5054 2894 5125 qui
2920 5061 3056 5117 erat,
3090 5060 3143 5105 et
3167 5050 3258 5120 qui
3294 5057 3551 5103 venturus
3577 5050 3667 5097 est.
3701 5057 3717 5089 ι

2904 5143 3259 5200 Collectitius.

2436 5241 2628 5297 Amen.
2679 5237 2898 5294 Utinam
2950 5236 3200 5315 inveniar
3230 5235 3370 5289 inter
3413 5230 3697 5299 colligentes
3717 5230 3808 5273 eum

2297 5337 2538 5404 Christo,
2570 5345 2623 5391 et
2646 5351 2754 5390 non
2785 5349 2910 5389 cum
2937 5336 3017 5387 eis
3049 5330 3278 5386 damner
3300 5328 3365 5383 de
3386 5325 3576 5397 quibus
3600 5316 3809 5384 scriptum

2302 5453 2618 5509 absolvatur
2664 5448 3018 5520 pendula,rut
3058 5444 3139 5520 ita
3162 5443 3361 5507 dicam,
3410 5428 3808 5520 perioduﬁrﬂfff‘

2640 5500 3449 5595 ﬁuftavomuuimodis‘nuncstatis
3476 5500 3804 5565 tentatiom’busv

2307 5582 2422 5650 tuo}
2451 5582 2573 5648 mox
2591 5582 2810 5662 laqueos
2831 5589 3063 5659 e/fugiet.
3101 5585 3258 5662 Eutr.
3286 5582 3515 5638 Pnn0L.

2376 5666 2524 5735 (259)
2544 5657 2768 5735 Corrige
2798 5661 2850 5714 in
2878 5657 2881 5658 ⁷
2904 5657 3061 5713 mw
3084 5657 3314 5728 psalmo.

2377 5735 2523 5807 (260)
2548 5734 2676 5787 Luc.
2709 5750 2781 5786 x1.
