  <div class='ocr_page' id='page_1' title='image "/cluster/home/n/w/nwhite01/storage/ocr_20150623/141/hvd.32044015471790/547.png"; bbox 0 0 4018 6380; ppageno 0'>
   <div class='ocr_carea' id='block_1_1' title="bbox 579 352 718 409">
    <p class='ocr_par' dir='ltr' id='par_1_1' title="bbox 579 352 718 409">
     <span class='ocr_line' id='line_1_1' title="bbox 579 352 718 409; baseline 0.014 -2"><span class='ocrx_word' id='word_1_1' title='bbox 579 352 605 407; x_wconf 80' lang='grc'><strong>1</strong></span> <span class='ocrx_word' id='word_1_2' title='bbox 616 352 718 409; x_wconf 75' lang='lat'><strong>083</strong></span> 
     </span>
    </p>
   </div>
   <div class='ocr_carea' id='block_1_2' title="bbox 1192 452 1574 537">
    <p class='ocr_par' dir='ltr' id='par_1_2' title="bbox 1192 477 1574 537">
     <span class='ocr_line' id='line_1_2' title="bbox 1192 477 1574 537; baseline 0.016 -6"><span class='ocrx_word' id='word_1_3' title='bbox 1192 477 1231 530; x_wconf 76' lang='grc' dir='ltr'><em>Α</em></span> <span class='ocrx_word' id='word_1_4' title='bbox 1242 482 1574 537; x_wconf 80' lang='lat' dir='ltr'><strong>mmonicius.</strong></span> 
     </span>
    </p>
   </div>
   <div class='ocr_carea' id='block_1_3' title="bbox 658 565 2170 649">
    <p class='ocr_par' dir='ltr' id='par_1_3' title="bbox 658 565 2170 649">
     <span class='ocr_line' id='line_1_3' title="bbox 658 565 2170 649; baseline 0.013 -33"><span class='ocrx_word' id='word_1_5' title='bbox 658 583 676 615; x_wconf 87' lang='grc'><strong><em>‹</em></strong></span> <span class='ocrx_word' id='word_1_6' title='bbox 720 565 994 623; x_wconf 88' lang='lat' dir='ltr'><strong>Solutioni</strong></span> <span class='ocrx_word' id='word_1_7' title='bbox 1053 572 1375 639; x_wconf 67' lang='lat' dir='ltr'><strong>quaestionis</strong></span> <span class='ocrx_word' id='word_1_8' title='bbox 1421 592 1584 646; x_wconf 87' lang='lat' dir='ltr'><strong>quam</strong></span> <span class='ocrx_word' id='word_1_9' title='bbox 1624 592 1865 648; x_wconf 66' lang='lat' dir='ltr'><strong>prmceps</strong></span> <span class='ocrx_word' id='word_1_10' title='bbox 1894 579 2170 649; x_wconf 80' lang='lat' dir='ltr'><strong>promovi,</strong></span> 
     </span>
    </p>
   </div>
   <div class='ocr_carea' id='block_1_4' title="bbox 581 656 2174 737">
    <p class='ocr_par' dir='ltr' id='par_1_4' title="bbox 581 656 2174 737">
     <span class='ocr_line' id='line_1_4' title="bbox 581 656 2174 737; baseline 0.013 -28"><span class='ocrx_word' id='word_1_11' title='bbox 581 671 615 709; x_wconf 96' lang='lat' dir='ltr'><strong>o</strong></span> <span class='ocrx_word' id='word_1_12' title='bbox 637 656 938 725; x_wconf 88' lang='lat' dir='ltr'><strong>Collectici,</strong></span> <span class='ocrx_word' id='word_1_13' title='bbox 975 662 1111 717; x_wconf 91' lang='lat' dir='ltr'><strong>satis</strong></span> <span class='ocrx_word' id='word_1_14' title='bbox 1133 664 1429 724; x_wconf 78' lang='lat' dir='ltr'><strong>vehemens</strong></span> <span class='ocrx_word' id='word_1_15' title='bbox 1455 670 1775 737; x_wconf 85' lang='lat' dir='ltr'><strong>occurristi;</strong></span> <span class='ocrx_word' id='word_1_16' title='bbox 1800 681 2174 729; x_wconf 76' lang='lat' dir='ltr'><strong>verumtamen</strong></span> 
     </span>
    </p>
   </div>
   <div class='ocr_carea' id='block_1_5' title="bbox 584 749 2171 839">
    <p class='ocr_par' dir='ltr' id='par_1_5' title="bbox 584 749 2171 839">
     <span class='ocr_line' id='line_1_5' title="bbox 584 749 2171 839; baseline 0.013 -39"><span class='ocrx_word' id='word_1_17' title='bbox 584 749 919 807; x_wconf 85' lang='lat' dir='ltr'><strong>testimoniis</strong></span> <span class='ocrx_word' id='word_1_18' title='bbox 965 755 1191 822; x_wconf 81' lang='lat' dir='ltr'><strong>prolatis</strong></span> <span class='ocrx_word' id='word_1_19' title='bbox 1238 758 1375 814; x_wconf 84' lang='lat' dir='ltr'>bene</span> <span class='ocrx_word' id='word_1_20' title='bbox 1421 762 1746 820; x_wconf 86' lang='lat' dir='ltr'><strong>ministrasti</strong></span> <span class='ocrx_word' id='word_1_21' title='bbox 1783 782 1892 822; x_wconf 91' lang='lat' dir='ltr'><strong>non</strong></span> <span class='ocrx_word' id='word_1_22' title='bbox 1923 767 2171 839; x_wconf 86' lang='lat' dir='ltr'><strong>ingratis.</strong></span> 
     </span>
    </p>
   </div>
   <div class='ocr_carea' id='block_1_6' title="bbox 582 835 2176 929">
    <p class='ocr_par' dir='ltr' id='par_1_6' title="bbox 582 835 2176 929">
     <span class='ocr_line' id='line_1_6' title="bbox 582 835 2176 929; baseline 0.014 -36"><span class='ocrx_word' id='word_1_23' title='bbox 582 835 740 896; x_wconf 86' lang='lat' dir='ltr'><strong>Nunc</strong></span> <span class='ocrx_word' id='word_1_24' title='bbox 762 859 895 916; x_wconf 89' lang='lat' dir='ltr'><strong>ergo</strong></span> <span class='ocrx_word' id='word_1_25' title='bbox 939 848 1193 903; x_wconf 81' lang='lat' dir='ltr'><strong>convenit</strong></span> <span class='ocrx_word' id='word_1_26' title='bbox 1236 859 1295 904; x_wconf 94' lang='lat' dir='ltr'><strong>ut</strong></span> <span class='ocrx_word' id='word_1_27' title='bbox 1316 851 1498 909; x_wconf 89' lang='lat' dir='ltr'><strong>edicas</strong></span> <span class='ocrx_word' id='word_1_28' title='bbox 1524 856 1760 924; x_wconf 80' lang='lat' dir='ltr'><strong>qualiter</strong></span> <span class='ocrx_word' id='word_1_29' title='bbox 1802 835 2058 929; x_wconf 55' lang='lat' dir='ltr'><strong>praedicta</strong></span> <span class='ocrx_word' id='word_1_30' title='bbox 2085 876 2176 916; x_wconf 89' lang='lat' dir='ltr'><strong>res</strong></span> 
     </span>
    </p>
   </div>
   <div class='ocr_carea' id='block_1_7' title="bbox 582 933 2174 1013">
    <p class='ocr_par' dir='ltr' id='par_1_7' title="bbox 582 933 2174 1013">
     <span class='ocr_line' id='line_1_7' title="bbox 582 933 2174 1013; baseline 0.013 -25"><span class='ocrx_word' id='word_1_31' title='bbox 582 933 652 989; x_wconf 88' lang='lat' dir='ltr'><strong>ad</strong></span> <span class='ocrx_word' id='word_1_32' title='bbox 689 936 794 991; x_wconf 89' lang='lat' dir='ltr'><strong>hoc</strong></span> <span class='ocrx_word' id='word_1_33' title='bbox 849 942 1154 997; x_wconf 80' lang='lat' dir='ltr'><strong>Dervenerit</strong></span> <span class='ocrx_word' id='word_1_34' title='bbox 1186 959 1296 1013; x_wconf 84' lang='lat' dir='ltr'><strong>quo</strong></span> <span class='ocrx_word' id='word_1_35' title='bbox 1326 961 1454 1000; x_wconf 90' lang='lat' dir='ltr'><strong>reus</strong></span> <span class='ocrx_word' id='word_1_36' title='bbox 1491 957 1655 1004; x_wconf 69' lang='lat' dir='ltr'><strong>tanta:</strong></span> <span class='ocrx_word' id='word_1_37' title='bbox 1702 949 1960 1007; x_wconf 82' lang='lat' dir='ltr'><strong>factionis</strong></span> <span class='ocrx_word' id='word_1_38' title='bbox 1989 968 2174 1008; x_wconf 88' lang='lat' dir='ltr'><strong>coram</strong></span> 
     </span>
    </p>
   </div>
   <div class='ocr_carea' id='block_1_8' title="bbox 582 1031 952 1087">
    <p class='ocr_par' dir='ltr' id='par_1_8' title="bbox 582 1031 952 1087">
     <span class='ocr_line' id='line_1_8' title="bbox 582 1031 952 1087; baseline 0.005 -4"><span class='ocrx_word' id='word_1_39' title='bbox 582 1031 890 1087; x_wconf 88' lang='lat' dir='ltr'><strong>emerserit.</strong></span> <span class='ocrx_word' id='word_1_40' title='bbox 933 1052 952 1085; x_wconf 81' lang='grc'><strong><em>›</em></strong></span> 
     </span>
    </p>
   </div>
   <div class='ocr_carea' id='block_1_9' title="bbox 1196 1129 1549 1189">
    <p class='ocr_par' dir='ltr' id='par_1_9' title="bbox 1196 1129 1549 1189">
     <span class='ocr_line' id='line_1_9' title="bbox 1196 1129 1549 1189; baseline 0.011 -4"><span class='ocrx_word' id='word_1_41' title='bbox 1196 1129 1549 1189; x_wconf 79' lang='lat' dir='ltr'><strong>Collectitius.</strong></span> 
     </span>
    </p>
   </div>
   <div class='ocr_carea' id='block_1_10' title="bbox 664 1215 2173 1300">
    <p class='ocr_par' dir='ltr' id='par_1_10' title="bbox 664 1215 2173 1300">
     <span class='ocr_line' id='line_1_10' title="bbox 664 1215 2173 1300; baseline 0.014 -34"><span class='ocrx_word' id='word_1_42' title='bbox 664 1235 681 1266; x_wconf 73' lang='grc' dir='ltr'>ι</span> <span class='ocrx_word' id='word_1_43' title='bbox 710 1215 768 1270; x_wconf 89' lang='lat' dir='ltr'><strong>ln</strong></span> <span class='ocrx_word' id='word_1_44' title='bbox 793 1216 1015 1273; x_wconf 90' lang='lat' dir='ltr'><strong>modum</strong></span> <span class='ocrx_word' id='word_1_45' title='bbox 1037 1219 1261 1279; x_wconf 88' lang='lat' dir='ltr'><strong>ductilis</strong></span> <span class='ocrx_word' id='word_1_46' title='bbox 1286 1239 1425 1280; x_wconf 78' lang='lat' dir='ltr'><strong>certe</strong></span> <span class='ocrx_word' id='word_1_47' title='bbox 1436 1226 1666 1283; x_wconf 85' lang='lat' dir='ltr'><strong>habebis</strong></span> <span class='ocrx_word' id='word_1_48' title='bbox 1680 1245 1766 1284; x_wconf 86' lang='lat' dir='ltr'><strong>me</strong></span> <span class='ocrx_word' id='word_1_49' title='bbox 1790 1239 2173 1300; x_wconf 90' lang='lat' dir='ltr'><strong>temperatum,</strong></span> 
     </span>
    </p>
   </div>
   <div class='ocr_carea' id='block_1_11' title="bbox 584 1305 2176 1390">
    <p class='ocr_par' dir='ltr' id='par_1_11' title="bbox 584 1305 2176 1390">
     <span class='ocr_line' id='line_1_11' title="bbox 584 1305 2176 1390; baseline 0.012 -31"><span class='ocrx_word' id='word_1_50' title='bbox 584 1306 631 1360; x_wconf 92' lang='lat' dir='ltr'><strong>si</strong></span> <span class='ocrx_word' id='word_1_51' title='bbox 660 1305 862 1362; x_wconf 90' lang='lat' dir='ltr'><strong>bonum</strong></span> <span class='ocrx_word' id='word_1_52' title='bbox 889 1308 944 1362; x_wconf 92' lang='lat' dir='ltr'><strong>in</strong></span> <span class='ocrx_word' id='word_1_53' title='bbox 968 1308 1208 1367; x_wconf 82' lang='lat' dir='ltr'><strong>fructum</strong></span> <span class='ocrx_word' id='word_1_54' title='bbox 1251 1315 1504 1386; x_wconf 82' lang='lat' dir='ltr'><strong>progredi</strong></span> <span class='ocrx_word' id='word_1_55' title='bbox 1541 1318 1741 1387; x_wconf 91' lang='lat' dir='ltr'><strong>poterit</strong></span> <span class='ocrx_word' id='word_1_56' title='bbox 1776 1320 1923 1390; x_wconf 91' lang='lat' dir='ltr'><strong>quod</strong></span> <span class='ocrx_word' id='word_1_57' title='bbox 1959 1322 2029 1377; x_wconf 89' lang='lat' dir='ltr'><strong>ab</strong></span> <span class='ocrx_word' id='word_1_58' title='bbox 2075 1322 2176 1378; x_wconf 88' lang='lat' dir='ltr'><strong>ho-</strong></span> 
     </span>
    </p>
   </div>
   <div class='ocr_carea' id='block_1_12' title="bbox 585 1399 2174 1484">
    <p class='ocr_par' dir='ltr' id='par_1_12' title="bbox 585 1399 2174 1484">
     <span class='ocr_line' id='line_1_12' title="bbox 585 1399 2174 1484; baseline 0.012 -33"><span class='ocrx_word' id='word_1_59' title='bbox 585 1399 733 1453; x_wconf 91' lang='lat' dir='ltr'><strong>mine</strong></span> <span class='ocrx_word' id='word_1_60' title='bbox 784 1411 1070 1470; x_wconf 79' lang='lat' dir='ltr'><strong>peccatore</strong></span> <span class='ocrx_word' id='word_1_61' title='bbox 1136 1406 1466 1462; x_wconf 88' lang='lat' dir='ltr'><strong>seminatum</strong></span> <span class='ocrx_word' id='word_1_62' title='bbox 1517 1408 1699 1466; x_wconf 89' lang='lat' dir='ltr'><strong>fuerit.</strong></span> <span class='ocrx_word' id='word_1_63' title='bbox 1747 1410 1876 1467; x_wconf 85' lang='lat' dir='ltr'><strong>Erat</strong></span> <span class='ocrx_word' id='word_1_64' title='bbox 1926 1414 2174 1484; x_wconf 75' lang='lat' dir='ltr'><strong>qumdam</strong></span> 
     </span>
    </p>
   </div>
   <div class='ocr_carea' id='block_1_13' title="bbox 583 1493 2177 1575">
    <p class='ocr_par' dir='ltr' id='par_1_13' title="bbox 583 1493 2177 1575">
     <span class='ocr_line' id='line_1_13' title="bbox 583 1493 2177 1575; baseline 0.011 -32"><span class='ocrx_word' id='word_1_65' title='bbox 583 1505 750 1545; x_wconf 90' lang='lat' dir='ltr'><strong>causa</strong></span> <span class='ocrx_word' id='word_1_66' title='bbox 804 1493 1092 1563; x_wconf 90' lang='lat' dir='ltr'><strong>culpabilis</strong></span> <span class='ocrx_word' id='word_1_67' title='bbox 1126 1506 1180 1552; x_wconf 90' lang='lat' dir='ltr'><strong>et</strong></span> <span class='ocrx_word' id='word_1_68' title='bbox 1219 1500 1537 1567; x_wconf 85' lang='lat' dir='ltr'><strong>criminosa,</strong></span> <span class='ocrx_word' id='word_1_69' title='bbox 1582 1501 1649 1557; x_wconf 91' lang='lat' dir='ltr'><strong>de</strong></span> <span class='ocrx_word' id='word_1_70' title='bbox 1676 1503 1835 1573; x_wconf 81' lang='lat' dir='ltr'><strong>cujus</strong></span> <span class='ocrx_word' id='word_1_71' title='bbox 1870 1504 2177 1575; x_wconf 85' lang='lat' dir='ltr'><strong>objectione</strong></span> 
     </span>
    </p>
   </div>
   <div class='ocr_carea' id='block_1_14' title="bbox 582 1581 2176 1664">
    <p class='ocr_par' dir='ltr' id='par_1_14' title="bbox 582 1581 2176 1664">
     <span class='ocr_line' id='line_1_14' title="bbox 582 1581 2176 1664; baseline 0.01 -27"><span class='ocrx_word' id='word_1_72' title='bbox 582 1581 818 1641; x_wconf 84' lang='lat' dir='ltr'><strong>clericus</strong></span> <span class='ocrx_word' id='word_1_73' title='bbox 845 1587 938 1656; x_wconf 90' lang='lat' dir='ltr'><strong>qui</strong></span> <span class='ocrx_word' id='word_1_74' title='bbox 982 1589 1306 1658; x_wconf 67' lang='lat' dir='ltr'><strong>praedictum</strong></span> <span class='ocrx_word' id='word_1_75' title='bbox 1340 1592 1685 1664; x_wconf 81' lang='lat' dir='ltr'><strong>sacrilegium</strong></span> <span class='ocrx_word' id='word_1_76' title='bbox 1715 1604 1770 1650; x_wconf 87' lang='lat' dir='ltr'><strong>et</strong></span> <span class='ocrx_word' id='word_1_77' title='bbox 1818 1597 2176 1653; x_wconf 85' lang='lat' dir='ltr'><strong>homicidium</strong></span> 
     </span>
    </p>
   </div>
   <div class='ocr_carea' id='block_1_15' title="bbox 581 1679 2177 1753">
    <p class='ocr_par' dir='ltr' id='par_1_15' title="bbox 581 1679 2177 1753">
     <span class='ocr_line' id='line_1_15' title="bbox 581 1679 2177 1753; baseline 0.013 -25"><span class='ocrx_word' id='word_1_78' title='bbox 581 1679 913 1746; x_wconf 84' lang='lat' dir='ltr'><strong>perpetravit</strong></span> <span class='ocrx_word' id='word_1_79' title='bbox 938 1688 1102 1752; x_wconf 88' lang='lat' dir='ltr'><strong>atque</strong></span> <span class='ocrx_word' id='word_1_80' title='bbox 1125 1683 1363 1753; x_wconf 88' lang='lat' dir='ltr'><strong>pessime</strong></span> <span class='ocrx_word' id='word_1_81' title='bbox 1387 1685 1695 1753; x_wconf 86' lang='lat' dir='ltr'><strong>abscondit,</strong></span> <span class='ocrx_word' id='word_1_82' title='bbox 1726 1704 1785 1744; x_wconf 90' lang='lat' dir='ltr'><strong>se</strong></span> <span class='ocrx_word' id='word_1_83' title='bbox 1828 1701 2177 1748; x_wconf 89' lang='lat' dir='ltr'><strong>sacramento</strong></span> 
     </span>
    </p>
   </div>
   <div class='ocr_carea' id='block_1_16' title="bbox 580 1772 2171 1856">
    <p class='ocr_par' dir='ltr' id='par_1_16' title="bbox 580 1772 2171 1856">
     <span class='ocr_line' id='line_1_16' title="bbox 580 1772 2171 1856; baseline 0.011 -34"><span class='ocrx_word' id='word_1_84' title='bbox 580 1782 886 1840; x_wconf 81' lang='lat' dir='ltr'><strong>expurgare</strong></span> <span class='ocrx_word' id='word_1_85' title='bbox 906 1772 1112 1829; x_wconf 82' lang='lat' dir='ltr'><strong>debuit.</strong></span> <span class='ocrx_word' id='word_1_86' title='bbox 1149 1775 1255 1832; x_wconf 86' lang='lat' dir='ltr'><strong>Sed</strong></span> <span class='ocrx_word' id='word_1_87' title='bbox 1277 1778 1503 1834; x_wconf 90' lang='lat' dir='ltr'><strong>omnino</strong></span> <span class='ocrx_word' id='word_1_88' title='bbox 1527 1779 1577 1834; x_wconf 91' lang='lat' dir='ltr'><strong>id</strong></span> <span class='ocrx_word' id='word_1_89' title='bbox 1609 1779 1818 1836; x_wconf 84' lang='lat' dir='ltr'><strong>eﬂicere</strong></span> <span class='ocrx_word' id='word_1_90' title='bbox 1840 1798 1947 1837; x_wconf 90' lang='lat' dir='ltr'><strong>non</strong></span> <span class='ocrx_word' id='word_1_91' title='bbox 1976 1785 2171 1856; x_wconf 90' lang='lat' dir='ltr'><strong>potuit.</strong></span> 
     </span>
    </p>
   </div>
   <div class='ocr_carea' id='block_1_17' title="bbox 580 1857 2246 1944">
    <p class='ocr_par' dir='ltr' id='par_1_17' title="bbox 580 1857 2246 1944">
     <span class='ocr_line' id='line_1_17' title="bbox 580 1857 2246 1944; baseline 0.013 -30"><span class='ocrx_word' id='word_1_92' title='bbox 580 1857 718 1916; x_wconf 87' lang='lat' dir='ltr'><strong>Nam</strong></span> <span class='ocrx_word' id='word_1_93' title='bbox 740 1862 976 1933; x_wconf 89' lang='lat' dir='ltr'><strong>clericis,</strong></span> <span class='ocrx_word' id='word_1_94' title='bbox 997 1868 1092 1938; x_wconf 89' lang='lat' dir='ltr'><strong>qui</strong></span> <span class='ocrx_word' id='word_1_95' title='bbox 1121 1884 1246 1924; x_wconf 88' lang='lat' dir='ltr'><strong>cum</strong></span> <span class='ocrx_word' id='word_1_96' title='bbox 1267 1885 1334 1926; x_wconf 93' lang='lat' dir='ltr'><strong>eo</strong></span> <span class='ocrx_word' id='word_1_97' title='bbox 1358 1886 1524 1942; x_wconf 89' lang='lat' dir='ltr'><strong>super</strong></span> <span class='ocrx_word' id='word_1_98' title='bbox 1546 1872 1762 1944; x_wconf 90' lang='lat' dir='ltr'><strong>objecto</strong></span> <span class='ocrx_word' id='word_1_99' title='bbox 1787 1874 2018 1931; x_wconf 88' lang='lat' dir='ltr'><strong>crimine</strong></span> <span class='ocrx_word' id='word_1_100' title='bbox 2037 1893 2172 1933; x_wconf 88' lang='lat' dir='ltr'><strong>con-</strong></span> <span class='ocrx_word' id='word_1_101' title='bbox 2205 1867 2246 1927; x_wconf 78' lang='grc' dir='ltr'><strong>Β</strong></span> 
     </span>
    </p>
   </div>
   <div class='ocr_carea' id='block_1_18' title="bbox 575 1951 2175 2041">
    <p class='ocr_par' dir='ltr' id='par_1_18' title="bbox 575 1951 2175 2041">
     <span class='ocr_line' id='line_1_18' title="bbox 575 1951 2175 2041; baseline 0.011 -34"><span class='ocrx_word' id='word_1_102' title='bbox 575 1951 768 2024; x_wconf 89' lang='lat' dir='ltr'><strong>jurare</strong></span> <span class='ocrx_word' id='word_1_103' title='bbox 798 1957 1105 2028; x_wconf 86' lang='lat' dir='ltr'><strong>voluerant,</strong></span> <span class='ocrx_word' id='word_1_104' title='bbox 1130 1977 1307 2033; x_wconf 90' lang='lat' dir='ltr'><strong>neque</strong></span> <span class='ocrx_word' id='word_1_105' title='bbox 1325 1979 1422 2033; x_wconf 91' lang='lat' dir='ltr'><strong>per</strong></span> <span class='ocrx_word' id='word_1_106' title='bbox 1444 1979 1644 2034; x_wconf 86' lang='lat' dir='ltr'><strong>aquam</strong></span> <span class='ocrx_word' id='word_1_107' title='bbox 1672 1981 1851 2037; x_wconf 90' lang='lat' dir='ltr'><strong>neque</strong></span> <span class='ocrx_word' id='word_1_108' title='bbox 1876 1982 1973 2037; x_wconf 90' lang='lat' dir='ltr'><strong>per</strong></span> <span class='ocrx_word' id='word_1_109' title='bbox 1997 1968 2175 2041; x_wconf 86' lang='lat' dir='ltr'><strong>ignem</strong></span> 
     </span>
    </p>
   </div>
   <div class='ocr_carea' id='block_1_19' title="bbox 578 2046 2174 2124">
    <p class='ocr_par' dir='ltr' id='par_1_19' title="bbox 578 2046 2174 2124">
     <span class='ocr_line' id='line_1_19' title="bbox 578 2046 2174 2124; baseline 0.013 -23"><span class='ocrx_word' id='word_1_110' title='bbox 578 2046 743 2103; x_wconf 79' lang='lat' dir='ltr'><strong>ﬁdem</strong></span> <span class='ocrx_word' id='word_1_111' title='bbox 789 2048 969 2107; x_wconf 88' lang='lat' dir='ltr'><strong>facere</strong></span> <span class='ocrx_word' id='word_1_112' title='bbox 999 2054 1267 2124; x_wconf 84' lang='lat' dir='ltr'><strong>quiverat.</strong></span> <span class='ocrx_word' id='word_1_113' title='bbox 1299 2055 1452 2114; x_wconf 88' lang='lat' dir='ltr'><strong>Tunc</strong></span> <span class='ocrx_word' id='word_1_114' title='bbox 1510 2058 1679 2115; x_wconf 88' lang='lat' dir='ltr'><strong>miser</strong></span> <span class='ocrx_word' id='word_1_115' title='bbox 1717 2068 1864 2116; x_wconf 91' lang='lat' dir='ltr'><strong>totus</strong></span> <span class='ocrx_word' id='word_1_116' title='bbox 1905 2063 2095 2120; x_wconf 91' lang='lat' dir='ltr'><strong>volens</strong></span> <span class='ocrx_word' id='word_1_117' title='bbox 2120 2065 2174 2121; x_wconf 91' lang='lat' dir='ltr'><strong>in</strong></span> 
     </span>
    </p>
   </div>
   <div class='ocr_carea' id='block_1_20' title="bbox 580 2141 2178 2214">
    <p class='ocr_par' dir='ltr' id='par_1_20' title="bbox 580 2141 2178 2214">
     <span class='ocr_line' id='line_1_20' title="bbox 580 2141 2178 2214; baseline 0.012 -18"><span class='ocrx_word' id='word_1_118' title='bbox 580 2141 942 2212; x_wconf 72' lang='lat' dir='ltr'><strong>praecipitium</strong></span> <span class='ocrx_word' id='word_1_119' title='bbox 972 2146 1072 2214; x_wconf 91' lang='lat' dir='ltr'><strong>ire,</strong></span> <span class='ocrx_word' id='word_1_120' title='bbox 1100 2148 1321 2205; x_wconf 89' lang='lat' dir='ltr'><strong>tandem</strong></span> <span class='ocrx_word' id='word_1_121' title='bbox 1350 2150 1404 2206; x_wconf 91' lang='lat' dir='ltr'><strong>in</strong></span> <span class='ocrx_word' id='word_1_122' title='bbox 1445 2150 1589 2207; x_wconf 89' lang='lat' dir='ltr'><strong>hanc</strong></span> <span class='ocrx_word' id='word_1_123' title='bbox 1619 2153 1900 2209; x_wconf 83' lang='lat' dir='ltr'><strong>vesaniam</strong></span> <span class='ocrx_word' id='word_1_124' title='bbox 1930 2156 2178 2214; x_wconf 86' lang='lat' dir='ltr'><strong>obstina-</strong></span> 
     </span>
    </p>
   </div>
   <div class='ocr_carea' id='block_1_21' title="bbox 578 2234 2177 2319">
    <p class='ocr_par' dir='ltr' id='par_1_21' title="bbox 578 2234 2177 2319">
     <span class='ocr_line' id='line_1_21' title="bbox 578 2234 2177 2319; baseline 0.014 -34"><span class='ocrx_word' id='word_1_125' title='bbox 578 2240 650 2286; x_wconf 70' lang='lat' dir='ltr'><strong>ta:</strong></span> <span class='ocrx_word' id='word_1_126' title='bbox 688 2234 888 2291; x_wconf 89' lang='lat' dir='ltr'><strong>mentis</strong></span> <span class='ocrx_word' id='word_1_127' title='bbox 929 2239 1178 2310; x_wconf 90' lang='lat' dir='ltr'><strong>prorupit</strong></span> <span class='ocrx_word' id='word_1_128' title='bbox 1214 2248 1275 2297; x_wconf 92' lang='lat' dir='ltr'><strong>ut</strong></span> <span class='ocrx_word' id='word_1_129' title='bbox 1324 2244 1676 2314; x_wconf 90' lang='lat' dir='ltr'><strong>perceptione</strong></span> <span class='ocrx_word' id='word_1_130' title='bbox 1712 2248 1961 2319; x_wconf 88' lang='lat' dir='ltr'><strong>corporis</strong></span> <span class='ocrx_word' id='word_1_131' title='bbox 1992 2249 2177 2308; x_wconf 90' lang='lat' dir='ltr'><strong>Domi-</strong></span> 
     </span>
    </p>
   </div>
   <div class='ocr_carea' id='block_1_22' title="bbox 579 2325 2176 2410">
    <p class='ocr_par' dir='ltr' id='par_1_22' title="bbox 579 2325 2176 2410">
     <span class='ocr_line' id='line_1_22' title="bbox 579 2325 2176 2410; baseline 0.015 -31"><span class='ocrx_word' id='word_1_132' title='bbox 579 2325 711 2393; x_wconf 87' lang='lat' dir='ltr'><strong>nici,</strong></span> <span class='ocrx_word' id='word_1_133' title='bbox 735 2328 840 2383; x_wconf 85' lang='lat' dir='ltr'><strong>sub</strong></span> <span class='ocrx_word' id='word_1_134' title='bbox 878 2331 1344 2400; x_wconf 85' lang='lat' dir='ltr'><strong>periculosissima</strong></span> <span class='ocrx_word' id='word_1_135' title='bbox 1374 2339 1827 2410; x_wconf 69' lang='lat' dir='ltr'><strong>praesumptione,</strong></span> <span class='ocrx_word' id='word_1_136' title='bbox 1848 2342 2055 2399; x_wconf 85' lang='lat' dir='ltr'><strong>crimen</strong></span> <span class='ocrx_word' id='word_1_137' title='bbox 2081 2361 2176 2403; x_wconf 86' lang='lat' dir='ltr'><strong>su-</strong></span> 
     </span>
    </p>
   </div>
   <div class='ocr_carea' id='block_1_23' title="bbox 578 2425 2176 2502">
    <p class='ocr_par' dir='ltr' id='par_1_23' title="bbox 578 2425 2176 2502">
     <span class='ocr_line' id='line_1_23' title="bbox 578 2425 2176 2502; baseline 0.011 -30"><span class='ocrx_word' id='word_1_138' title='bbox 578 2427 824 2488; x_wconf 86' lang='lat' dir='ltr'><strong>spectum</strong></span> <span class='ocrx_word' id='word_1_139' title='bbox 853 2437 883 2476; x_wconf 89' lang='lat' dir='ltr'><strong>a</strong></span> <span class='ocrx_word' id='word_1_140' title='bbox 917 2439 976 2478; x_wconf 90' lang='lat' dir='ltr'><strong>se</strong></span> <span class='ocrx_word' id='word_1_141' title='bbox 1001 2425 1225 2496; x_wconf 83' lang='lat' dir='ltr'><strong>gestiret</strong></span> <span class='ocrx_word' id='word_1_142' title='bbox 1269 2438 1533 2485; x_wconf 84' lang='lat' dir='ltr'><strong>avertere.</strong></span> <span class='ocrx_word' id='word_1_143' title='bbox 1564 2429 1667 2487; x_wconf 87' lang='lat' dir='ltr'><strong>Cui</strong></span> <span class='ocrx_word' id='word_1_144' title='bbox 1701 2433 2176 2502; x_wconf 88' lang='lat' dir='ltr'><strong>perniciosissimo</strong></span> 
     </span>
    </p>
   </div>
   <div class='ocr_carea' id='block_1_24' title="bbox 579 2508 2175 2595">
    <p class='ocr_par' dir='ltr' id='par_1_24' title="bbox 579 2508 2175 2595">
     <span class='ocr_line' id='line_1_24' title="bbox 579 2508 2175 2595; baseline 0.014 -33"><span class='ocrx_word' id='word_1_145' title='bbox 579 2508 825 2577; x_wconf 89' lang='lat' dir='ltr'><strong>periculo</strong></span> <span class='ocrx_word' id='word_1_146' title='bbox 874 2514 1148 2585; x_wconf 88' lang='lat' dir='ltr'><strong>sapienter</strong></span> <span class='ocrx_word' id='word_1_147' title='bbox 1173 2517 1404 2576; x_wconf 89' lang='lat' dir='ltr'><strong>obvians</strong></span> <span class='ocrx_word' id='word_1_148' title='bbox 1438 2522 1752 2593; x_wconf 91' lang='lat' dir='ltr'><strong>episcopus,</strong></span> <span class='ocrx_word' id='word_1_149' title='bbox 1789 2525 1919 2595; x_wconf 88' lang='lat' dir='ltr'><strong>quia</strong></span> <span class='ocrx_word' id='word_1_150' title='bbox 1955 2527 2175 2585; x_wconf 87' lang='lat' dir='ltr'><strong>certiori</strong></span> 
     </span>
    </p>
   </div>
   <div class='ocr_carea' id='block_1_25' title="bbox 578 2598 2175 2681">
    <p class='ocr_par' dir='ltr' id='par_1_25' title="bbox 578 2598 2175 2681">
     <span class='ocr_line' id='line_1_25' title="bbox 578 2598 2175 2681; baseline 0.014 -29"><span class='ocrx_word' id='word_1_151' title='bbox 578 2598 810 2656; x_wconf 79' lang='lat' dir='ltr'><strong>fratrum</strong></span> <span class='ocrx_word' id='word_1_152' title='bbox 858 2605 1129 2663; x_wconf 83' lang='lat' dir='ltr'><strong>relatione</strong></span> <span class='ocrx_word' id='word_1_153' title='bbox 1195 2611 1447 2681; x_wconf 83' lang='lat' dir='ltr'><strong>cognovit</strong></span> <span class='ocrx_word' id='word_1_154' title='bbox 1486 2613 1741 2669; x_wconf 91' lang='lat' dir='ltr'><strong>eumdem</strong></span> <span class='ocrx_word' id='word_1_155' title='bbox 1783 2615 2044 2673; x_wconf 84' lang='lat' dir='ltr'><strong>clericum</strong></span> <span class='ocrx_word' id='word_1_156' title='bbox 2093 2627 2175 2674; x_wconf 89' lang='lat' dir='ltr'><strong>ta-</strong></span> 
     </span>
    </p>
   </div>
   <div class='ocr_carea' id='block_1_26' title="bbox 576 2689 2175 2777">
    <p class='ocr_par' dir='ltr' id='par_1_26' title="bbox 576 2689 2175 2777">
     <span class='ocr_line' id='line_1_26' title="bbox 576 2689 2175 2777; baseline 0.014 -33"><span class='ocrx_word' id='word_1_157' title='bbox 576 2689 714 2746; x_wconf 88' lang='lat' dir='ltr'><strong>lium</strong></span> <span class='ocrx_word' id='word_1_158' title='bbox 740 2709 849 2748; x_wconf 91' lang='lat' dir='ltr'><strong>non</strong></span> <span class='ocrx_word' id='word_1_159' title='bbox 880 2711 1004 2752; x_wconf 92' lang='lat' dir='ltr'><strong>esse</strong></span> <span class='ocrx_word' id='word_1_160' title='bbox 1032 2713 1251 2756; x_wconf 90' lang='lat' dir='ltr'><strong>morum</strong></span> <span class='ocrx_word' id='word_1_161' title='bbox 1302 2711 1363 2757; x_wconf 94' lang='lat' dir='ltr'><strong>ut</strong></span> <span class='ocrx_word' id='word_1_162' title='bbox 1386 2702 1454 2758; x_wconf 89' lang='lat' dir='ltr'><strong>ad</strong></span> <span class='ocrx_word' id='word_1_163' title='bbox 1488 2712 1703 2761; x_wconf 90' lang='lat' dir='ltr'><strong>tantum</strong></span> <span class='ocrx_word' id='word_1_164' title='bbox 1742 2708 1982 2777; x_wconf 88' lang='lat' dir='ltr'><strong>permitti</strong></span> <span class='ocrx_word' id='word_1_165' title='bbox 2009 2709 2175 2768; x_wconf 89' lang='lat' dir='ltr'><strong>debe-</strong></span> 
     </span>
    </p>
   </div>
   <div class='ocr_carea' id='block_1_27' title="bbox 575 2783 2174 2862">
    <p class='ocr_par' dir='ltr' id='par_1_27' title="bbox 575 2783 2174 2862">
     <span class='ocr_line' id='line_1_27' title="bbox 575 2783 2174 2862; baseline 0.016 -28"><span class='ocrx_word' id='word_1_166' title='bbox 575 2789 659 2837; x_wconf 89' lang='lat' dir='ltr'><strong>ret</strong></span> <span class='ocrx_word' id='word_1_167' title='bbox 689 2783 948 2841; x_wconf 88' lang='lat' dir='ltr'><strong>accedere</strong></span> <span class='ocrx_word' id='word_1_168' title='bbox 963 2787 1254 2858; x_wconf 85' lang='lat' dir='ltr'><strong>judicium,</strong></span> <span class='ocrx_word' id='word_1_169' title='bbox 1276 2793 1443 2862; x_wconf 87' lang='lat' dir='ltr'><strong>jussit</strong></span> <span class='ocrx_word' id='word_1_170' title='bbox 1470 2811 1595 2850; x_wconf 90' lang='lat' dir='ltr'><strong>eum</strong></span> <span class='ocrx_word' id='word_1_171' title='bbox 1621 2797 1724 2851; x_wconf 88' lang='lat' dir='ltr'><strong>sub</strong></span> <span class='ocrx_word' id='word_1_172' title='bbox 1746 2808 1895 2855; x_wconf 89' lang='lat' dir='ltr'><strong>arcta</strong></span> <span class='ocrx_word' id='word_1_173' title='bbox 1922 2802 2174 2859; x_wconf 87' lang='lat' dir='ltr'><strong>custodia</strong></span> 
     </span>
    </p>
   </div>
   <div class='ocr_carea' id='block_1_28' title="bbox 577 2872 2175 2954">
    <p class='ocr_par' dir='ltr' id='par_1_28' title="bbox 577 2872 2175 2954">
     <span class='ocr_line' id='line_1_28' title="bbox 577 2872 2175 2954; baseline 0.016 -28"><span class='ocrx_word' id='word_1_174' title='bbox 577 2872 799 2930; x_wconf 90' lang='lat' dir='ltr'><strong>interim</strong></span> <span class='ocrx_word' id='word_1_175' title='bbox 842 2880 1165 2954; x_wconf 85' lang='lat' dir='ltr'><strong>constringi,</strong></span> <span class='ocrx_word' id='word_1_176' title='bbox 1215 2884 1347 2940; x_wconf 90' lang='lat' dir='ltr'><strong>dum</strong></span> <span class='ocrx_word' id='word_1_177' title='bbox 1392 2903 1528 2943; x_wconf 89' lang='lat' dir='ltr'><strong>sano</strong></span> <span class='ocrx_word' id='word_1_178' title='bbox 1563 2890 1794 2945; x_wconf 87' lang='lat' dir='ltr'><strong>consilio</strong></span> <span class='ocrx_word' id='word_1_179' title='bbox 1849 2892 2175 2952; x_wconf 88' lang='lat' dir='ltr'><strong>deliberaret</strong></span> 
     </span>
    </p>
   </div>
   <div class='ocr_carea' id='block_1_29' title="bbox 578 2966 2173 3054">
    <p class='ocr_par' dir='ltr' id='par_1_29' title="bbox 578 2966 2173 3054">
     <span class='ocr_line' id='line_1_29' title="bbox 578 2966 2173 3054; baseline 0.016 -35"><span class='ocrx_word' id='word_1_180' title='bbox 578 2966 710 3035; x_wconf 83' lang='lat' dir='ltr'><strong>quid</strong></span> <span class='ocrx_word' id='word_1_181' title='bbox 734 2968 909 3026; x_wconf 91' lang='lat' dir='ltr'><strong>deillo</strong></span> <span class='ocrx_word' id='word_1_182' title='bbox 931 2973 1045 3028; x_wconf 83' lang='lat' dir='ltr'><strong>fieri</strong></span> <span class='ocrx_word' id='word_1_183' title='bbox 1073 2986 1364 3047; x_wconf 90' lang='lat' dir='ltr'><strong>oporteret.</strong></span> <span class='ocrx_word' id='word_1_184' title='bbox 1392 2980 1547 3038; x_wconf 92' lang='lat' dir='ltr'><strong>Tunc</strong></span> <span class='ocrx_word' id='word_1_185' title='bbox 1570 2983 1833 3054; x_wconf 91' lang='lat' dir='ltr'><strong>undique,</strong></span> <span class='ocrx_word' id='word_1_186' title='bbox 1860 3003 2047 3043; x_wconf 90' lang='lat' dir='ltr'><strong>secum</strong></span> <span class='ocrx_word' id='word_1_187' title='bbox 2071 3006 2173 3045; x_wconf 91' lang='lat' dir='ltr'><strong>an-</strong></span> 
     </span>
    </p>
   </div>
   <div class='ocr_carea' id='block_1_30' title="bbox 578 3060 2172 3149">
    <p class='ocr_par' dir='ltr' id='par_1_30' title="bbox 578 3060 2172 3149">
     <span class='ocr_line' id='line_1_30' title="bbox 578 3060 2172 3149; baseline 0.016 -36"><span class='ocrx_word' id='word_1_188' title='bbox 578 3060 776 3129; x_wconf 88' lang='lat' dir='ltr'><strong>gustiis</strong></span> <span class='ocrx_word' id='word_1_189' title='bbox 800 3073 1007 3134; x_wconf 91' lang='lat' dir='ltr'><strong>septus,</strong></span> <span class='ocrx_word' id='word_1_190' title='bbox 1036 3070 1084 3123; x_wconf 90' lang='lat' dir='ltr'><strong>&#39;e</strong></span> <span class='ocrx_word' id='word_1_191' title='bbox 1112 3069 1318 3126; x_wconf 86' lang='lat' dir='ltr'><strong>latebra</strong></span> <span class='ocrx_word' id='word_1_192' title='bbox 1358 3089 1465 3129; x_wconf 62' lang='lat' dir='ltr'><strong>reae</strong></span> <span class='ocrx_word' id='word_1_193' title='bbox 1494 3077 1842 3133; x_wconf 66' lang='lat' dir='ltr'><strong>conscientiae</strong></span> <span class='ocrx_word' id='word_1_194' title='bbox 1867 3081 2172 3149; x_wconf 90' lang='lat' dir='ltr'><strong>produccns</strong></span> 
     </span>
    </p>
   </div>
   <div class='ocr_carea' id='block_1_31' title="bbox 580 3154 2173 3234">
    <p class='ocr_par' dir='ltr' id='par_1_31' title="bbox 580 3154 2173 3234">
     <span class='ocr_line' id='line_1_31' title="bbox 580 3154 2173 3234; baseline 0.016 -27"><span class='ocrx_word' id='word_1_195' title='bbox 580 3154 722 3211; x_wconf 89' lang='lat' dir='ltr'><strong>male</strong></span> <span class='ocrx_word' id='word_1_196' title='bbox 744 3157 1123 3217; x_wconf 90' lang='lat' dir='ltr'><strong>absconditum</strong></span> <span class='ocrx_word' id='word_1_197' title='bbox 1148 3162 1383 3234; x_wconf 80' lang='lat' dir='ltr'><strong>facinus,</strong></span> <span class='ocrx_word' id='word_1_198' title='bbox 1410 3168 1701 3226; x_wconf 88' lang='lat' dir='ltr'><strong>confessus</strong></span> <span class='ocrx_word' id='word_1_199' title='bbox 1723 3183 1805 3227; x_wconf 89' lang='lat' dir='ltr'><strong>est</strong></span> <span class='ocrx_word' id='word_1_200' title='bbox 1832 3189 1889 3229; x_wconf 92' lang='lat' dir='ltr'><strong>se</strong></span> <span class='ocrx_word' id='word_1_201' title='bbox 1915 3176 1984 3230; x_wconf 90' lang='lat' dir='ltr'><strong>ob</strong></span> <span class='ocrx_word' id='word_1_202' title='bbox 2010 3192 2173 3232; x_wconf 91' lang='lat' dir='ltr'><strong>accu-</strong></span> 
     </span>
    </p>
   </div>
   <div class='ocr_carea' id='block_1_32' title="bbox 577 3250 2169 3341">
    <p class='ocr_par' dir='ltr' id='par_1_32' title="bbox 577 3250 2169 3341">
     <span class='ocr_line' id='line_1_32' title="bbox 577 3250 2169 3341; baseline 0.014 -38"><span class='ocrx_word' id='word_1_203' title='bbox 577 3250 809 3308; x_wconf 82' lang='lat' dir='ltr'><strong>sationis</strong></span> <span class='ocrx_word' id='word_1_204' title='bbox 848 3254 1099 3311; x_wconf 88' lang='lat' dir='ltr'><strong>timorem</strong></span> <span class='ocrx_word' id='word_1_205' title='bbox 1147 3259 1433 3328; x_wconf 87' lang='lat' dir='ltr'><strong>praefatum</strong></span> <span class='ocrx_word' id='word_1_206' title='bbox 1486 3263 1864 3336; x_wconf 80' lang='lat' dir='ltr'><strong>presbyterum</strong></span> <span class='ocrx_word' id='word_1_207' title='bbox 1912 3276 2169 3341; x_wconf 81' lang='lat' dir='ltr'><strong>strangu-</strong></span> 
     </span>
    </p>
   </div>
   <div class='ocr_carea' id='block_1_33' title="bbox 577 3342 2171 3433">
    <p class='ocr_par' dir='ltr' id='par_1_33' title="bbox 577 3342 2171 3433">
     <span class='ocr_line' id='line_1_33' title="bbox 577 3342 2171 3433; baseline 0.014 -38"><span class='ocrx_word' id='word_1_208' title='bbox 577 3342 744 3411; x_wconf 83' lang='lat' dir='ltr'><strong>lasso,</strong></span> <span class='ocrx_word' id='word_1_209' title='bbox 788 3346 952 3401; x_wconf 89' lang='lat' dir='ltr'><strong>simul</strong></span> <span class='ocrx_word' id='word_1_210' title='bbox 981 3356 1034 3403; x_wconf 91' lang='lat' dir='ltr'><strong>et</strong></span> <span class='ocrx_word' id='word_1_211' title='bbox 1057 3352 1430 3421; x_wconf 87' lang='lat' dir='ltr'><strong>suspendisse,</strong></span> <span class='ocrx_word' id='word_1_212' title='bbox 1457 3371 1522 3411; x_wconf 92' lang='lat' dir='ltr'><strong>ac</strong></span> <span class='ocrx_word' id='word_1_213' title='bbox 1544 3366 1825 3428; x_wconf 90' lang='lat' dir='ltr'><strong>propterea</strong></span> <span class='ocrx_word' id='word_1_214' title='bbox 1863 3375 1930 3415; x_wconf 83' lang='lat' dir='ltr'><strong>ex</strong></span> <span class='ocrx_word' id='word_1_215' title='bbox 1956 3362 2171 3433; x_wconf 91' lang='lat' dir='ltr'><strong>objecto</strong></span> 
     </span>
    </p>
   </div>
   <div class='ocr_carea' id='block_1_34' title="bbox 578 3437 2169 3525">
    <p class='ocr_par' dir='ltr' id='par_1_34' title="bbox 578 3437 2169 3525">
     <span class='ocr_line' id='line_1_34' title="bbox 578 3437 2169 3525; baseline 0.013 -35"><span class='ocrx_word' id='word_1_216' title='bbox 578 3437 725 3492; x_wconf 87' lang='lat' dir='ltr'><strong>man</strong></span> <span class='ocrx_word' id='word_1_217' title='bbox 753 3440 973 3511; x_wconf 86' lang='lat' dir='ltr'><strong>purgari</strong></span> <span class='ocrx_word' id='word_1_218' title='bbox 1008 3444 1286 3514; x_wconf 88' lang='lat' dir='ltr'><strong>nequisse.</strong></span> <span class='ocrx_word' id='word_1_219' title='bbox 1337 3444 1494 3514; x_wconf 86' lang='lat' dir='ltr'><strong>Quod</strong></span> <span class='ocrx_word' id='word_1_220' title='bbox 1534 3457 1595 3503; x_wconf 87' lang='lat' dir='ltr'><strong>ut</strong></span> <span class='ocrx_word' id='word_1_221' title='bbox 1631 3450 1839 3506; x_wconf 90' lang='lat' dir='ltr'><strong>audivit</strong></span> <span class='ocrx_word' id='word_1_222' title='bbox 1860 3454 2169 3525; x_wconf 90' lang='lat' dir='ltr'><strong>episcopus,</strong></span> 
     </span>
    </p>
   </div>
   <div class='ocr_carea' id='block_1_35' title="bbox 579 3533 2171 3614">
    <p class='ocr_par' dir='ltr' id='par_1_35' title="bbox 579 3533 2171 3614">
     <span class='ocr_line' id='line_1_35' title="bbox 579 3533 2171 3614; baseline 0.013 -32"><span class='ocrx_word' id='word_1_223' title='bbox 579 3533 945 3599; x_wconf 87' lang='lat' dir='ltr'><strong>sequestravit</strong></span> <span class='ocrx_word' id='word_1_224' title='bbox 971 3548 1096 3589; x_wconf 91' lang='lat' dir='ltr'><strong>eum</strong></span> <span class='ocrx_word' id='word_1_225' title='bbox 1129 3534 1197 3591; x_wconf 92' lang='lat' dir='ltr'><strong>de</strong></span> <span class='ocrx_word' id='word_1_226' title='bbox 1226 3537 1374 3593; x_wconf 91' lang='lat' dir='ltr'><strong>clero</strong></span> <span class='ocrx_word' id='word_1_227' title='bbox 1417 3555 1481 3594; x_wconf 90' lang='lat' dir='ltr'><strong>ac</strong></span> <span class='ocrx_word' id='word_1_228' title='bbox 1509 3541 1744 3609; x_wconf 85' lang='lat' dir='ltr'><strong>privavit</strong></span> <span class='ocrx_word' id='word_1_229' title='bbox 1770 3542 1962 3599; x_wconf 88' lang='lat' dir='ltr'><strong>ordine</strong></span> <span class='ocrx_word' id='word_1_230' title='bbox 1992 3561 2171 3614; x_wconf 91' lang='lat' dir='ltr'><strong>sacro,</strong></span> 
     </span>
    </p>
   </div>
   <div class='ocr_carea' id='block_1_36' title="bbox 580 3624 2175 3702">
    <p class='ocr_par' dir='ltr' id='par_1_36' title="bbox 580 3624 2175 3702">
     <span class='ocr_line' id='line_1_36' title="bbox 580 3624 2175 3702; baseline 0.013 -27"><span class='ocrx_word' id='word_1_231' title='bbox 580 3624 905 3680; x_wconf 87' lang='lat' dir='ltr'><strong>auctoritate</strong></span> <span class='ocrx_word' id='word_1_232' title='bbox 950 3630 1211 3697; x_wconf 89' lang='lat' dir='ltr'><strong>pastorali</strong></span> <span class='ocrx_word' id='word_1_233' title='bbox 1257 3632 1579 3702; x_wconf 66' lang='lat' dir='ltr'><strong>praecipiens</strong></span> <span class='ocrx_word' id='word_1_234' title='bbox 1629 3634 1705 3689; x_wconf 91' lang='lat' dir='ltr'><strong>illi</strong></span> <span class='ocrx_word' id='word_1_235' title='bbox 1751 3651 1968 3692; x_wconf 90' lang='lat' dir='ltr'><strong>summo</strong></span> <span class='ocrx_word' id='word_1_236' title='bbox 2007 3654 2175 3694; x_wconf 91' lang='lat' dir='ltr'><strong>cona-</strong></span> 
     </span>
    </p>
   </div>
   <div class='ocr_carea' id='block_1_37' title="bbox 581 3713 2176 3794">
    <p class='ocr_par' dir='ltr' id='par_1_37' title="bbox 581 3713 2176 3794">
     <span class='ocr_line' id='line_1_37' title="bbox 581 3713 2176 3794; baseline 0.012 -30"><span class='ocrx_word' id='word_1_237' title='bbox 581 3713 730 3768; x_wconf 85' lang='lat' dir='ltr'><strong>mine</strong></span> <span class='ocrx_word' id='word_1_238' title='bbox 770 3716 1143 3784; x_wconf 74' lang='lat' dir='ltr'><strong>poenitentiam</strong></span> <span class='ocrx_word' id='word_1_239' title='bbox 1188 3736 1347 3792; x_wconf 87' lang='lat' dir='ltr'><strong>agere</strong></span> <span class='ocrx_word' id='word_1_240' title='bbox 1392 3722 1715 3794; x_wconf 85' lang='lat' dir='ltr'><strong>laqueisqne</strong></span> <span class='ocrx_word' id='word_1_241' title='bbox 1759 3724 1960 3780; x_wconf 89' lang='lat' dir='ltr'><strong>diaboli</strong></span> <span class='ocrx_word' id='word_1_242' title='bbox 2000 3742 2059 3781; x_wconf 91' lang='lat' dir='ltr'><strong>se</strong></span> <span class='ocrx_word' id='word_1_243' title='bbox 2094 3727 2176 3783; x_wconf 90' lang='lat' dir='ltr'><strong>sic</strong></span> 
     </span>
    </p>
   </div>
   <div class='ocr_carea' id='block_1_38' title="bbox 582 3806 987 3865">
    <p class='ocr_par' dir='ltr' id='par_1_38' title="bbox 582 3806 987 3865">
     <span class='ocr_line' id='line_1_38' title="bbox 582 3806 987 3865; baseline 0.005 -4"><span class='ocrx_word' id='word_1_244' title='bbox 582 3806 921 3865; x_wconf 79' lang='lat' dir='ltr'><strong>subtrahere.</strong></span> <span class='ocrx_word' id='word_1_245' title='bbox 968 3829 987 3863; x_wconf 74' lang='grc' dir='ltr'><strong><em>ι</em></strong></span> 
     </span>
    </p>
   </div>
   <div class='ocr_carea' id='block_1_39' title="bbox 1182 3904 1566 3964">
    <p class='ocr_par' dir='ltr' id='par_1_39' title="bbox 1182 3904 1566 3964">
     <span class='ocr_line' id='line_1_39' title="bbox 1182 3904 1566 3964; baseline 0.01 -5"><span class='ocrx_word' id='word_1_246' title='bbox 1182 3904 1223 3959; x_wconf 78' lang='grc' dir='ltr'><em>Α</em></span> <span class='ocrx_word' id='word_1_247' title='bbox 1234 3909 1566 3964; x_wconf 77' lang='lat' dir='ltr'><strong>mmonirius.</strong></span> 
     </span>
    </p>
   </div>
   <div class='ocr_carea' id='block_1_40' title="bbox 664 3989 2174 4072">
    <p class='ocr_par' dir='ltr' id='par_1_40' title="bbox 664 3989 2174 4072">
     <span class='ocr_line' id='line_1_40' title="bbox 664 3989 2174 4072; baseline 0.013 -29"><span class='ocrx_word' id='word_1_248' title='bbox 664 4010 683 4043; x_wconf 72' lang='grc' dir='ltr'>ι</span> <span class='ocrx_word' id='word_1_249' title='bbox 720 3989 965 4049; x_wconf 82' lang='lat' dir='ltr'><strong>Primum</strong></span> <span class='ocrx_word' id='word_1_250' title='bbox 992 4006 1207 4067; x_wconf 89' lang='lat' dir='ltr'><strong>oportet</strong></span> <span class='ocrx_word' id='word_1_251' title='bbox 1242 4008 1303 4055; x_wconf 91' lang='lat' dir='ltr'><strong>ut</strong></span> <span class='ocrx_word' id='word_1_252' title='bbox 1333 3999 1444 4056; x_wconf 90' lang='lat' dir='ltr'><strong>Deo</strong></span> <span class='ocrx_word' id='word_1_253' title='bbox 1480 4002 1686 4072; x_wconf 79' lang='lat' dir='ltr'><strong>gratias</strong></span> <span class='ocrx_word' id='word_1_254' title='bbox 1723 4011 1777 4058; x_wconf 90' lang='lat' dir='ltr'><strong>et</strong></span> <span class='ocrx_word' id='word_1_255' title='bbox 1807 4004 1994 4061; x_wconf 87' lang='lat' dir='ltr'><strong>laudes</strong></span> <span class='ocrx_word' id='word_1_256' title='bbox 2022 4006 2174 4062; x_wconf 88' lang='lat' dir='ltr'><strong>dica-</strong></span> 
     </span>
    </p>
   </div>
   <div class='ocr_carea' id='block_1_41' title="bbox 586 4084 2176 4164">
    <p class='ocr_par' dir='ltr' id='par_1_41' title="bbox 586 4084 2176 4164">
     <span class='ocr_line' id='line_1_41' title="bbox 586 4084 2176 4164; baseline 0.013 -29"><span class='ocrx_word' id='word_1_257' title='bbox 586 4097 712 4139; x_wconf 82' lang='lat' dir='ltr'><strong>mus</strong></span> <span class='ocrx_word' id='word_1_258' title='bbox 741 4084 797 4139; x_wconf 91' lang='lat' dir='ltr'><strong>in</strong></span> <span class='ocrx_word' id='word_1_259' title='bbox 839 4102 1133 4145; x_wconf 90' lang='lat' dir='ltr'><strong>commune</strong></span> <span class='ocrx_word' id='word_1_260' title='bbox 1181 4106 1393 4161; x_wconf 92' lang='lat' dir='ltr'><strong>omnes,</strong></span> <span class='ocrx_word' id='word_1_261' title='bbox 1445 4095 1571 4164; x_wconf 87' lang='lat' dir='ltr'><strong>quia</strong></span> <span class='ocrx_word' id='word_1_262' title='bbox 1605 4096 1750 4151; x_wconf 90' lang='lat' dir='ltr'><strong>sacri</strong></span> <span class='ocrx_word' id='word_1_263' title='bbox 1794 4097 2004 4154; x_wconf 86' lang='lat' dir='ltr'><strong>ordinis</strong></span> <span class='ocrx_word' id='word_1_264' title='bbox 2032 4099 2176 4155; x_wconf 89' lang='lat' dir='ltr'><strong>infa-</strong></span> 
     </span>
    </p>
   </div>
   <div class='ocr_carea' id='block_1_42' title="bbox 589 4175 2178 4261">
    <p class='ocr_par' dir='ltr' id='par_1_42' title="bbox 589 4175 2178 4261">
     <span class='ocr_line' id='line_1_42' title="bbox 589 4175 2178 4261; baseline 0.012 -34"><span class='ocrx_word' id='word_1_265' title='bbox 589 4175 778 4243; x_wconf 89' lang='lat' dir='ltr'><strong>miam,</strong></span> <span class='ocrx_word' id='word_1_266' title='bbox 816 4194 957 4248; x_wconf 73' lang='lat' dir='ltr'><strong>qum,</strong></span> <span class='ocrx_word' id='word_1_267' title='bbox 990 4181 1057 4235; x_wconf 91' lang='lat' dir='ltr'><strong>de</strong></span> <span class='ocrx_word' id='word_1_268' title='bbox 1096 4192 1273 4238; x_wconf 88' lang='lat' dir='ltr'><strong>morte</strong></span> <span class='ocrx_word' id='word_1_269' title='bbox 1317 4185 1561 4254; x_wconf 62' lang='lat' dir='ltr'><strong>praedicti</strong></span> <span class='ocrx_word' id='word_1_270' title='bbox 1617 4188 1918 4245; x_wconf 88' lang='lat' dir='ltr'><strong>sacerdotis</strong></span> <span class='ocrx_word' id='word_1_271' title='bbox 1973 4190 2178 4261; x_wconf 89' lang='lat' dir='ltr'><strong>impor-</strong></span> 
     </span>
    </p>
   </div>
   <div class='ocr_carea' id='block_1_43' title="bbox 588 4277 2175 4353">
    <p class='ocr_par' dir='ltr' id='par_1_43' title="bbox 588 4277 2175 4353">
     <span class='ocr_line' id='line_1_43' title="bbox 588 4277 2175 4353; baseline 0.01 -30"><span class='ocrx_word' id='word_1_272' title='bbox 588 4277 719 4324; x_wconf 70' lang='lat' dir='ltr'><strong>tune</strong></span> <span class='ocrx_word' id='word_1_273' title='bbox 744 4285 1126 4342; x_wconf 87' lang='lat' dir='ltr'><strong>prorumpens,</strong></span> <span class='ocrx_word' id='word_1_274' title='bbox 1159 4277 1548 4332; x_wconf 89' lang='lat' dir='ltr'><strong>nonnullorum</strong></span> <span class='ocrx_word' id='word_1_275' title='bbox 1583 4279 1837 4337; x_wconf 88' lang='lat' dir='ltr'><strong>sensibus</strong></span> <span class='ocrx_word' id='word_1_276' title='bbox 1865 4281 2009 4337; x_wconf 91' lang='lat' dir='ltr'><strong>haud</strong></span> <span class='ocrx_word' id='word_1_277' title='bbox 2044 4300 2175 4353; x_wconf 91' lang='lat' dir='ltr'><strong>par-</strong></span> 
     </span>
    </p>
   </div>
   <div class='ocr_carea' id='block_1_44' title="bbox 589 4362 2178 4441">
    <p class='ocr_par' dir='ltr' id='par_1_44' title="bbox 589 4362 2178 4441">
     <span class='ocr_line' id='line_1_44' title="bbox 589 4362 2178 4441; baseline 0.011 -27"><span class='ocrx_word' id='word_1_278' title='bbox 589 4378 687 4417; x_wconf 87' lang='lat' dir='ltr'><strong>vas</strong></span> <span class='ocrx_word' id='word_1_279' title='bbox 716 4362 1038 4434; x_wconf 75' lang='lat' dir='ltr'><strong>ignorantia:</strong></span> <span class='ocrx_word' id='word_1_280' title='bbox 1074 4368 1187 4422; x_wconf 86' lang='lat' dir='ltr'><strong>sive</strong></span> <span class='ocrx_word' id='word_1_281' title='bbox 1236 4368 1481 4427; x_wconf 90' lang='lat' dir='ltr'><strong>horroris</strong></span> <span class='ocrx_word' id='word_1_282' title='bbox 1514 4371 1764 4428; x_wconf 85' lang='lat' dir='ltr'><strong>tenebras</strong></span> <span class='ocrx_word' id='word_1_283' title='bbox 1809 4373 2020 4441; x_wconf 76' lang='lat' dir='ltr'><strong>offudit,</strong></span> <span class='ocrx_word' id='word_1_284' title='bbox 2073 4377 2178 4433; x_wconf 89' lang='lat' dir='ltr'><strong>sub</strong></span> 
     </span>
    </p>
   </div>
   <div class='ocr_carea' id='block_1_45' title="bbox 587 4456 2178 4535">
    <p class='ocr_par' dir='ltr' id='par_1_45' title="bbox 587 4456 2178 4535">
     <span class='ocr_line' id='line_1_45' title="bbox 587 4456 2178 4535; baseline 0.009 -26"><span class='ocrx_word' id='word_1_285' title='bbox 587 4456 840 4512; x_wconf 70' lang='lat' dir='ltr'><strong>falsitatis</strong></span> <span class='ocrx_word' id='word_1_286' title='bbox 866 4456 992 4513; x_wconf 88' lang='lat' dir='ltr'><strong>fuco</strong></span> <span class='ocrx_word' id='word_1_287' title='bbox 1018 4459 1109 4515; x_wconf 91' lang='lat' dir='ltr'><strong>diu</strong></span> <span class='ocrx_word' id='word_1_288' title='bbox 1149 4460 1361 4518; x_wconf 87' lang='lat' dir='ltr'><strong>latitare</strong></span> <span class='ocrx_word' id='word_1_289' title='bbox 1391 4463 1615 4519; x_wconf 90' lang='lat' dir='ltr'><strong>minime</strong></span> <span class='ocrx_word' id='word_1_290' title='bbox 1645 4466 1912 4535; x_wconf 89' lang='lat' dir='ltr'><strong>permisit.</strong></span> <span class='ocrx_word' id='word_1_291' title='bbox 1947 4465 2085 4521; x_wconf 77' lang='lat' dir='ltr'><strong>Exin</strong></span> <span class='ocrx_word' id='word_1_292' title='bbox 2109 4469 2178 4523; x_wconf 91' lang='lat' dir='ltr'><strong>ob</strong></span> 
     </span>
    </p>
   </div>
   <div class='ocr_carea' id='block_1_46' title="bbox 1592 338 2878 423">
    <p class='ocr_par' dir='ltr' id='par_1_46' title="bbox 1592 338 2878 423">
     <span class='ocr_line' id='line_1_46' title="bbox 1592 338 2878 423; baseline 0.003 -5"><span class='ocrx_word' id='word_1_293' title='bbox 1592 362 1894 421; x_wconf 76' lang='lat' dir='ltr'><strong>ARNOLDI</strong></span> <span class='ocrx_word' id='word_1_294' title='bbox 1934 361 2535 421; x_wconf 77' lang='lat' dir='ltr'><strong>EMMERAMMENSIS</strong></span> <span class='ocrx_word' id='word_1_295' title='bbox 2572 338 2878 423; x_wconf 60' lang='lat' dir='ltr'><strong>nossem</strong></span> 
     </span>
    </p>
   </div>
   <div class='ocr_carea' id='block_1_47' title="bbox 2200 485 3809 565">
    <p class='ocr_par' dir='ltr' id='par_1_47' title="bbox 2200 485 3809 565">
     <span class='ocr_line' id='line_1_47' title="bbox 2200 485 3809 565; baseline 0.006 -21"><span class='ocrx_word' id='word_1_296' title='bbox 2200 485 2250 544; x_wconf 82' lang='grc' dir='ltr'><strong>Α</strong></span> <span class='ocrx_word' id='word_1_297' title='bbox 2279 502 2389 540; x_wconf 91' lang='lat' dir='ltr'><strong>non</strong></span> <span class='ocrx_word' id='word_1_298' title='bbox 2417 486 2593 542; x_wconf 90' lang='lat' dir='ltr'><strong>solum</strong></span> <span class='ocrx_word' id='word_1_299' title='bbox 2626 489 2930 558; x_wconf 87' lang='lat' dir='ltr'><strong>periculose</strong></span> <span class='ocrx_word' id='word_1_300' title='bbox 2975 489 3268 560; x_wconf 78' lang='lat' dir='ltr'><strong>aliquando</strong></span> <span class='ocrx_word' id='word_1_301' title='bbox 3317 505 3666 559; x_wconf 82' lang='lat' dir='ltr'><strong>crassesccre,</strong></span> <span class='ocrx_word' id='word_1_302' title='bbox 3705 500 3809 565; x_wconf 82' lang='lat' dir='ltr'><strong>quia</strong></span> 
     </span>
    </p>
   </div>
   <div class='ocr_carea' id='block_1_48' title="bbox 3702 370 3810 429">
    <p class='ocr_par' dir='ltr' id='par_1_48' title="bbox 3702 370 3810 429">
     <span class='ocr_line' id='line_1_48' title="bbox 3702 370 3810 429; baseline 0.037 -4"><span class='ocrx_word' id='word_1_303' title='bbox 3702 370 3810 429; x_wconf 72' lang='grc'><strong>1081</strong></span> 
     </span>
    </p>
   </div>
   <div class='ocr_carea' id='block_1_49' title="bbox 2277 579 3787 650">
    <p class='ocr_par' dir='ltr' id='par_1_49' title="bbox 2277 579 3787 650">
     <span class='ocr_line' id='line_1_49' title="bbox 2277 579 3787 650; baseline 0.005 -16"><span class='ocrx_word' id='word_1_304' title='bbox 2277 579 2439 634; x_wconf 90' lang='lat' dir='ltr'><strong>etiam</strong></span> <span class='ocrx_word' id='word_1_305' title='bbox 2473 581 2935 650; x_wconf 89' lang='lat' dir='ltr'><strong>pcrniciosissime</strong></span> <span class='ocrx_word' id='word_1_306' title='bbox 2971 582 3110 639; x_wconf 89' lang='lat' dir='ltr'><strong>solet</strong></span> <span class='ocrx_word' id='word_1_307' title='bbox 3138 582 3505 649; x_wconf 85' lang='lat' dir='ltr'><strong>indurescerc,</strong></span> <span class='ocrx_word' id='word_1_308' title='bbox 3535 600 3683 640; x_wconf 90' lang='lat' dir='ltr'><strong>sacro</strong></span> <span class='ocrx_word' id='word_1_309' title='bbox 3717 591 3787 643; x_wconf 85' lang='lat' dir='ltr'><strong>elo</strong></span> 
     </span>
    </p>
   </div>
   <div class='ocr_carea' id='block_1_50' title="bbox 2277 673 3812 751">
    <p class='ocr_par' dir='ltr' id='par_1_50' title="bbox 2277 673 3812 751">
     <span class='ocr_line' id='line_1_50' title="bbox 2277 673 3812 751; baseline 0.005 -24"><span class='ocrx_word' id='word_1_310' title='bbox 2277 673 2407 743; x_wconf 92' lang='lat' dir='ltr'><strong>quio</strong></span> <span class='ocrx_word' id='word_1_311' title='bbox 2439 682 2670 729; x_wconf 88' lang='lat' dir='ltr'><strong>testante</strong></span> <span class='ocrx_word' id='word_1_312' title='bbox 2701 691 2766 730; x_wconf 92' lang='lat' dir='ltr'><strong>ac</strong></span> <span class='ocrx_word' id='word_1_313' title='bbox 2787 676 2999 730; x_wconf 85' lang='lat' dir='ltr'><strong>dicente</strong></span> <span class='ocrx_word' id='word_1_314' title='bbox 3029 695 3041 730; x_wconf 90' lang='lat'><strong>:</strong></span> <span class='ocrx_word' id='word_1_315' title='bbox 3084 674 3383 733; x_wconf 85' lang='lat' dir='ltr'><strong>lnveterata</strong></span> <span class='ocrx_word' id='word_1_316' title='bbox 3423 678 3504 733; x_wconf 87' lang='lat' dir='ltr'><strong>ira</strong></span> <span class='ocrx_word' id='word_1_317' title='bbox 3542 679 3712 734; x_wconf 88' lang='lat' dir='ltr'><strong>odium</strong></span> <span class='ocrx_word' id='word_1_318' title='bbox 3737 697 3812 751; x_wconf 80' lang='lat' dir='ltr'><strong>pa-</strong></span> 
     </span>
    </p>
   </div>
   <div class='ocr_carea' id='block_1_51' title="bbox 2276 766 3812 848">
    <p class='ocr_par' dir='ltr' id='par_1_51' title="bbox 2276 766 3812 848">
     <span class='ocr_line' id='line_1_51' title="bbox 2276 766 3812 848; baseline 0.008 -29"><span class='ocrx_word' id='word_1_319' title='bbox 2276 766 2368 833; x_wconf 88' lang='lat' dir='ltr'><strong>rit,</strong></span> <span class='ocrx_word' id='word_1_320' title='bbox 2399 768 2582 821; x_wconf 86' lang='lat' dir='ltr'><strong>odinm</strong></span> <span class='ocrx_word' id='word_1_321' title='bbox 2622 783 2750 823; x_wconf 92' lang='lat' dir='ltr'><strong>vero</strong></span> <span class='ocrx_word' id='word_1_322' title='bbox 2792 768 3066 825; x_wconf 81' lang='lat' dir='ltr'><strong>interficit.</strong></span> <span class='ocrx_word' id='word_1_323' title='bbox 3093 768 3266 848; x_wconf 86' lang='lat' dir='ltr'><strong>Cujus</strong></span> <span class='ocrx_word' id='word_1_324' title='bbox 3295 786 3503 825; x_wconf 89' lang='lat' dir='ltr'><strong>venena</strong></span> <span class='ocrx_word' id='word_1_325' title='bbox 3525 775 3572 827; x_wconf 90' lang='lat' dir='ltr'><strong>si</strong></span> <span class='ocrx_word' id='word_1_326' title='bbox 3601 774 3812 832; x_wconf 84' lang='lat' dir='ltr'><strong>homines</strong></span> 
     </span>
    </p>
   </div>
   <div class='ocr_carea' id='block_1_52' title="bbox 2276 860 3812 933">
    <p class='ocr_par' dir='ltr' id='par_1_52' title="bbox 2276 860 3812 933">
     <span class='ocr_line' id='line_1_52' title="bbox 2276 860 3812 933; baseline 0.007 -20"><span class='ocrx_word' id='word_1_327' title='bbox 2276 861 2633 928; x_wconf 86' lang='lat' dir='ltr'><strong>corporaliter</strong></span> <span class='ocrx_word' id='word_1_328' title='bbox 2665 860 2933 931; x_wconf 88' lang='lat' dir='ltr'><strong>inspicere</strong></span> <span class='ocrx_word' id='word_1_329' title='bbox 2964 862 3224 929; x_wconf 89' lang='lat' dir='ltr'><strong>valerent,</strong></span> <span class='ocrx_word' id='word_1_330' title='bbox 3268 878 3300 917; x_wconf 88' lang='lat' dir='ltr'><strong>a</strong></span> <span class='ocrx_word' id='word_1_331' title='bbox 3328 879 3438 933; x_wconf 90' lang='lat' dir='ltr'><strong>quo</strong></span> <span class='ocrx_word' id='word_1_332' title='bbox 3474 864 3676 920; x_wconf 84' lang='lat' dir='ltr'><strong>infundi</strong></span> <span class='ocrx_word' id='word_1_333' title='bbox 3700 868 3812 924; x_wconf 83' lang='lat' dir='ltr'><strong>sole-</strong></span> 
     </span>
    </p>
   </div>
   <div class='ocr_carea' id='block_1_53' title="bbox 2275 953 3813 1025">
    <p class='ocr_par' dir='ltr' id='par_1_53' title="bbox 2275 953 3813 1025">
     <span class='ocr_line' id='line_1_53' title="bbox 2275 953 3813 1025; baseline 0.006 -20"><span class='ocrx_word' id='word_1_334' title='bbox 2275 961 2415 1017; x_wconf 89' lang='lat' dir='ltr'><strong>rent,</strong></span> <span class='ocrx_word' id='word_1_335' title='bbox 2443 953 2631 1021; x_wconf 81' lang='lat' dir='ltr'><strong>procul</strong></span> <span class='ocrx_word' id='word_1_336' title='bbox 2652 954 2818 1008; x_wconf 90' lang='lat' dir='ltr'><strong>dubio</strong></span> <span class='ocrx_word' id='word_1_337' title='bbox 2852 953 3081 1009; x_wconf 88' lang='lat' dir='ltr'><strong>nimium</strong></span> <span class='ocrx_word' id='word_1_338' title='bbox 3115 955 3240 1010; x_wconf 90' lang='lat' dir='ltr'><strong>inde</strong></span> <span class='ocrx_word' id='word_1_339' title='bbox 3269 955 3642 1012; x_wconf 83' lang='lat' dir='ltr'><strong>abhorrerent.</strong></span> <span class='ocrx_word' id='word_1_340' title='bbox 3687 958 3813 1025; x_wconf 84' lang='lat' dir='ltr'><strong>Quod</strong></span> 
     </span>
    </p>
   </div>
   <div class='ocr_carea' id='block_1_54' title="bbox 2278 1044 3814 1115">
    <p class='ocr_par' dir='ltr' id='par_1_54' title="bbox 2278 1044 3814 1115">
     <span class='ocr_line' id='line_1_54' title="bbox 2278 1044 3814 1115; baseline 0.007 -17"><span class='ocrx_word' id='word_1_341' title='bbox 2278 1044 2325 1099; x_wconf 89' lang='lat' dir='ltr'><strong>si</strong></span> <span class='ocrx_word' id='word_1_342' title='bbox 2365 1045 2525 1100; x_wconf 89' lang='lat' dir='ltr'><strong>alicui</strong></span> <span class='ocrx_word' id='word_1_343' title='bbox 2570 1047 2831 1115; x_wconf 87' lang='lat' dir='ltr'><strong>evenerit,</strong></span> <span class='ocrx_word' id='word_1_344' title='bbox 2859 1049 3051 1103; x_wconf 89' lang='lat' dir='ltr'><strong>vellem</strong></span> <span class='ocrx_word' id='word_1_345' title='bbox 3083 1063 3114 1103; x_wconf 91' lang='lat' dir='ltr'><strong>a</strong></span> <span class='ocrx_word' id='word_1_346' title='bbox 3153 1048 3417 1104; x_wconf 88' lang='lat' dir='ltr'><strong>charitate</strong></span> <span class='ocrx_word' id='word_1_347' title='bbox 3444 1057 3538 1105; x_wconf 87' lang='lat' dir='ltr'><strong>tua</strong></span> <span class='ocrx_word' id='word_1_348' title='bbox 3567 1050 3653 1107; x_wconf 91' lang='lat' dir='ltr'><strong>hic</strong></span> <span class='ocrx_word' id='word_1_349' title='bbox 3677 1052 3814 1108; x_wconf 83' lang='lat' dir='ltr'><strong>inser-</strong></span> 
     </span>
    </p>
   </div>
   <div class='ocr_carea' id='block_1_55' title="bbox 2279 1136 2574 1191">
    <p class='ocr_par' dir='ltr' id='par_1_55' title="bbox 2279 1136 2574 1191">
     <span class='ocr_line' id='line_1_55' title="bbox 2279 1136 2574 1191; baseline -0.003 -1"><span class='ocrx_word' id='word_1_350' title='bbox 2279 1144 2395 1191; x_wconf 91' lang='lat' dir='ltr'><strong>tum</strong></span> <span class='ocrx_word' id='word_1_351' title='bbox 2430 1136 2516 1191; x_wconf 90' lang='lat' dir='ltr'><strong>iri.</strong></span> <span class='ocrx_word' id='word_1_352' title='bbox 2554 1157 2574 1189; x_wconf 78' lang='grc' dir='ltr'><strong><em>ι</em></strong></span> 
     </span>
    </p>
   </div>
   <div class='ocr_carea' id='block_1_56' title="bbox 2890 1230 3221 1288">
    <p class='ocr_par' dir='ltr' id='par_1_56' title="bbox 2890 1230 3221 1288">
     <span class='ocr_line' id='line_1_56' title="bbox 2890 1230 3221 1288; baseline -0.003 0"><span class='ocrx_word' id='word_1_353' title='bbox 2890 1230 3221 1288; x_wconf 80' lang='lat' dir='ltr'><strong>Collectitius</strong></span> 
     </span>
    </p>
   </div>
   <div class='ocr_carea' id='block_1_57' title="bbox 2358 1321 3814 1398">
    <p class='ocr_par' dir='ltr' id='par_1_57' title="bbox 2358 1321 3814 1398">
     <span class='ocr_line' id='line_1_57' title="bbox 2358 1321 3814 1398; baseline 0.007 -23"><span class='ocrx_word' id='word_1_354' title='bbox 2358 1343 2376 1375; x_wconf 74' lang='grc' dir='ltr'>ί</span> <span class='ocrx_word' id='word_1_355' title='bbox 2413 1321 2566 1379; x_wconf 90' lang='lat' dir='ltr'><strong>Sicut</strong></span> <span class='ocrx_word' id='word_1_356' title='bbox 2596 1324 2841 1380; x_wconf 79' lang='lat' dir='ltr'><strong>charitas</strong></span> <span class='ocrx_word' id='word_1_357' title='bbox 2865 1325 3112 1396; x_wconf 89' lang='lat' dir='ltr'><strong>cooperit</strong></span> <span class='ocrx_word' id='word_1_358' title='bbox 3150 1327 3558 1383; x_wconf 87' lang='lat' dir='ltr'><strong>multitudinem</strong></span> <span class='ocrx_word' id='word_1_359' title='bbox 3600 1338 3814 1398; x_wconf 53' lang='lat' dir='ltr'><strong>peccato.</strong></span> 
     </span>
    </p>
   </div>
   <div class='ocr_carea' id='block_1_58' title="bbox 2280 1416 3817 1488">
    <p class='ocr_par' dir='ltr' id='par_1_58' title="bbox 2280 1416 3817 1488">
     <span class='ocr_line' id='line_1_58' title="bbox 2280 1416 3817 1488; baseline 0.006 -19"><span class='ocrx_word' id='word_1_360' title='bbox 2280 1431 2402 1470; x_wconf 86' lang='lat' dir='ltr'><strong>rum</strong></span> <span class='ocrx_word' id='word_1_361' title='bbox 2429 1416 2600 1488; x_wconf 75' lang='lat'><strong>(268),</strong></span> <span class='ocrx_word' id='word_1_362' title='bbox 2627 1417 2702 1472; x_wconf 88' lang='lat' dir='ltr'><strong>ita</strong></span> <span class='ocrx_word' id='word_1_363' title='bbox 2729 1435 2759 1473; x_wconf 91' lang='lat' dir='ltr'><strong>e</strong></span> <span class='ocrx_word' id='word_1_364' title='bbox 2788 1419 3065 1473; x_wconf 89' lang='lat' dir='ltr'><strong>contrario</strong></span> <span class='ocrx_word' id='word_1_365' title='bbox 3094 1421 3174 1474; x_wconf 89' lang='lat' dir='ltr'><strong>ira</strong></span> <span class='ocrx_word' id='word_1_366' title='bbox 3203 1430 3257 1474; x_wconf 91' lang='lat' dir='ltr'><strong>et</strong></span> <span class='ocrx_word' id='word_1_367' title='bbox 3298 1420 3506 1476; x_wconf 83' lang='lat' dir='ltr'><strong>invidia</strong></span> <span class='ocrx_word' id='word_1_368' title='bbox 3550 1421 3817 1478; x_wconf 81' lang='lat' dir='ltr'><strong>dilectionis</strong></span> 
     </span>
    </p>
   </div>
   <div class='ocr_carea' id='block_1_59' title="bbox 2278 1508 3815 1584">
    <p class='ocr_par' dir='ltr' id='par_1_59' title="bbox 2278 1508 3815 1584">
     <span class='ocr_line' id='line_1_59' title="bbox 2278 1508 3815 1584; baseline 0.006 -20"><span class='ocrx_word' id='word_1_369' title='bbox 2278 1508 2631 1576; x_wconf 78' lang='lat' dir='ltr'><strong>obliviscens,</strong></span> <span class='ocrx_word' id='word_1_370' title='bbox 2668 1511 3049 1582; x_wconf 89' lang='lat' dir='ltr'><strong>naturaliaque</strong></span> <span class='ocrx_word' id='word_1_371' title='bbox 3074 1512 3215 1567; x_wconf 89' lang='lat' dir='ltr'><strong>bona</strong></span> <span class='ocrx_word' id='word_1_372' title='bbox 3243 1513 3482 1584; x_wconf 83' lang='lat' dir='ltr'><strong>maligne</strong></span> <span class='ocrx_word' id='word_1_373' title='bbox 3506 1529 3815 1583; x_wconf 87' lang='lat' dir='ltr'><strong>consumens,</strong></span> 
     </span>
    </p>
   </div>
   <div class='ocr_carea' id='block_1_60' title="bbox 2279 1602 3816 1672">
    <p class='ocr_par' dir='ltr' id='par_1_60' title="bbox 2279 1602 3816 1672">
     <span class='ocr_line' id='line_1_60' title="bbox 2279 1602 3816 1672; baseline 0.005 -18"><span class='ocrx_word' id='word_1_374' title='bbox 2279 1609 2333 1654; x_wconf 90' lang='lat' dir='ltr'><strong>et</strong></span> <span class='ocrx_word' id='word_1_375' title='bbox 2367 1617 2463 1672; x_wconf 88' lang='lat' dir='ltr'><strong>per</strong></span> <span class='ocrx_word' id='word_1_376' title='bbox 2511 1602 2694 1657; x_wconf 87' lang='lat' dir='ltr'><strong>varias</strong></span> <span class='ocrx_word' id='word_1_377' title='bbox 2737 1603 3055 1660; x_wconf 90' lang='lat' dir='ltr'><strong>occasiones</strong></span> <span class='ocrx_word' id='word_1_378' title='bbox 3101 1619 3436 1660; x_wconf 88' lang='lat' dir='ltr'><strong>coacervans</strong></span> <span class='ocrx_word' id='word_1_379' title='bbox 3490 1604 3816 1662; x_wconf 84' lang='lat' dir='ltr'><strong>dissensiones</strong></span> 
     </span>
    </p>
   </div>
   <div class='ocr_carea' id='block_1_61' title="bbox 2279 1693 3815 1767">
    <p class='ocr_par' dir='ltr' id='par_1_61' title="bbox 2279 1693 3815 1767">
     <span class='ocr_line' id='line_1_61' title="bbox 2279 1693 3815 1767; baseline 0.004 -19"><span class='ocrx_word' id='word_1_380' title='bbox 2279 1703 2335 1748; x_wconf 88' lang='lat' dir='ltr'><strong>et</strong></span> <span class='ocrx_word' id='word_1_381' title='bbox 2359 1693 2710 1762; x_wconf 78' lang='lat' dir='ltr'><strong>offensiones,</strong></span> <span class='ocrx_word' id='word_1_382' title='bbox 2741 1695 3012 1765; x_wconf 91' lang='lat' dir='ltr'><strong>pertrahit</strong></span> <span class='ocrx_word' id='word_1_383' title='bbox 3055 1696 3240 1752; x_wconf 90' lang='lat' dir='ltr'><strong>odium</strong></span> <span class='ocrx_word' id='word_1_384' title='bbox 3291 1712 3471 1767; x_wconf 88' lang='lat' dir='ltr'><strong>usque</strong></span> <span class='ocrx_word' id='word_1_385' title='bbox 3514 1698 3581 1754; x_wconf 89' lang='lat' dir='ltr'><strong>ad</strong></span> <span class='ocrx_word' id='word_1_386' title='bbox 3624 1698 3815 1755; x_wconf 80' lang='lat' dir='ltr'><strong>homici-</strong></span> 
     </span>
    </p>
   </div>
   <div class='ocr_carea' id='block_1_62' title="bbox 2282 1788 3817 1862">
    <p class='ocr_par' dir='ltr' id='par_1_62' title="bbox 2282 1788 3817 1862">
     <span class='ocr_line' id='line_1_62' title="bbox 2282 1788 3817 1862; baseline 0.002 -19"><span class='ocrx_word' id='word_1_387' title='bbox 2282 1788 2453 1843; x_wconf 88' lang='lat' dir='ltr'><strong>dium.</strong></span> <span class='ocrx_word' id='word_1_388' title='bbox 2514 1788 2693 1856; x_wconf 88' lang='lat' dir='ltr'><strong>Quod,</strong></span> <span class='ocrx_word' id='word_1_389' title='bbox 2732 1789 3114 1862; x_wconf 86' lang='lat' dir='ltr'><strong>gravissimum</strong></span> <span class='ocrx_word' id='word_1_390' title='bbox 3170 1806 3337 1861; x_wconf 88' lang='lat' dir='ltr'><strong>super</strong></span> <span class='ocrx_word' id='word_1_391' title='bbox 3391 1792 3581 1847; x_wconf 83' lang='lat' dir='ltr'><strong>omnia</strong></span> <span class='ocrx_word' id='word_1_392' title='bbox 3630 1793 3817 1859; x_wconf 82' lang='lat' dir='ltr'><strong>malum,</strong></span> 
     </span>
    </p>
   </div>
   <div class='ocr_carea' id='block_1_63' title="bbox 2278 1881 3815 1953">
    <p class='ocr_par' dir='ltr' id='par_1_63' title="bbox 2278 1881 3815 1953">
     <span class='ocr_line' id='line_1_63' title="bbox 2278 1881 3815 1953; baseline -0.001 -13"><span class='ocrx_word' id='word_1_393' title='bbox 2278 1897 2493 1953; x_wconf 85' lang='lat' dir='ltr'><strong>semper</strong></span> <span class='ocrx_word' id='word_1_394' title='bbox 2519 1882 2733 1938; x_wconf 89' lang='lat' dir='ltr'><strong>occulte</strong></span> <span class='ocrx_word' id='word_1_395' title='bbox 2774 1881 3155 1953; x_wconf 89' lang='lat' dir='ltr'><strong>diabolicoque</strong></span> <span class='ocrx_word' id='word_1_396' title='bbox 3190 1881 3457 1939; x_wconf 89' lang='lat' dir='ltr'><strong>instinctu</strong></span> <span class='ocrx_word' id='word_1_397' title='bbox 3500 1882 3638 1939; x_wconf 86' lang='lat' dir='ltr'><strong>inter</strong></span> <span class='ocrx_word' id='word_1_398' title='bbox 3659 1894 3815 1939; x_wconf 57' lang='lat' dir='ltr'><strong>cetera</strong></span> 
     </span>
    </p>
   </div>
   <div class='ocr_carea' id='block_1_64' title="bbox 2279 1973 3814 2045">
    <p class='ocr_par' dir='ltr' id='par_1_64' title="bbox 2279 1973 3814 2045">
     <span class='ocr_line' id='line_1_64' title="bbox 2279 1973 3814 2045; baseline -0.001 -14"><span class='ocrx_word' id='word_1_399' title='bbox 2279 1991 2507 2032; x_wconf 88' lang='lat' dir='ltr'><strong>suarum</strong></span> <span class='ocrx_word' id='word_1_400' title='bbox 2543 1974 2745 2029; x_wconf 89' lang='lat' dir='ltr'><strong>artium</strong></span> <span class='ocrx_word' id='word_1_401' title='bbox 2796 1974 3078 2029; x_wconf 86' lang='lat' dir='ltr'><strong>molimina</strong></span> <span class='ocrx_word' id='word_1_402' title='bbox 3125 1975 3340 2045; x_wconf 80' lang='lat' dir='ltr'><strong>suggeri</strong></span> <span class='ocrx_word' id='word_1_403' title='bbox 3399 1991 3564 2030; x_wconf 87' lang='lat' dir='ltr'><strong>nemo</strong></span> <span class='ocrx_word' id='word_1_404' title='bbox 3628 1973 3814 2031; x_wconf 79' lang='lat' dir='ltr'><strong>dubitet.</strong></span> 
     </span>
    </p>
   </div>
   <div class='ocr_carea' id='block_1_65' title="bbox 2277 2065 3815 2137">
    <p class='ocr_par' dir='ltr' id='par_1_65' title="bbox 2277 2065 3815 2137">
     <span class='ocr_line' id='line_1_65' title="bbox 2277 2065 3815 2137; baseline 0.001 -16"><span class='ocrx_word' id='word_1_405' title='bbox 2277 2065 2554 2123; x_wconf 84' lang='lat' dir='ltr'><strong>Interdum</strong></span> <span class='ocrx_word' id='word_1_406' title='bbox 2583 2082 2713 2122; x_wconf 91' lang='lat' dir='ltr'><strong>vero</strong></span> <span class='ocrx_word' id='word_1_407' title='bbox 2752 2079 2902 2122; x_wconf 88' lang='lat' dir='ltr'><strong>sator</strong></span> <span class='ocrx_word' id='word_1_408' title='bbox 2955 2066 3327 2137; x_wconf 89' lang='lat' dir='ltr'><strong>nequissimus</strong></span> <span class='ocrx_word' id='word_1_409' title='bbox 3362 2068 3497 2137; x_wconf 87' lang='lat' dir='ltr'><strong>quia</strong></span> <span class='ocrx_word' id='word_1_410' title='bbox 3528 2067 3660 2123; x_wconf 89' lang='lat' dir='ltr'><strong>inter</strong></span> <span class='ocrx_word' id='word_1_411' title='bbox 3682 2067 3815 2123; x_wconf 89' lang='lat' dir='ltr'><strong>homi-</strong></span> 
     </span>
    </p>
   </div>
   <div class='ocr_carea' id='block_1_66' title="bbox 2276 2159 3818 2217">
    <p class='ocr_par' dir='ltr' id='par_1_66' title="bbox 2276 2159 3818 2217">
     <span class='ocr_line' id='line_1_66' title="bbox 2276 2159 3818 2217; baseline -0.001 -1"><span class='ocrx_word' id='word_1_412' title='bbox 2276 2176 2376 2217; x_wconf 89' lang='lat' dir='ltr'><strong>nes</strong></span> <span class='ocrx_word' id='word_1_413' title='bbox 2397 2160 2686 2217; x_wconf 85' lang='lat' dir='ltr'><strong>manifeste</strong></span> <span class='ocrx_word' id='word_1_414' title='bbox 2708 2160 3039 2216; x_wconf 85' lang='lat' dir='ltr'><strong>discordiam</strong></span> <span class='ocrx_word' id='word_1_415' title='bbox 3067 2167 3122 2216; x_wconf 89' lang='lat' dir='ltr'><strong>et</strong></span> <span class='ocrx_word' id='word_1_416' title='bbox 3140 2168 3338 2216; x_wconf 54' lang='lat' dir='ltr'><strong>caetera</strong></span> <span class='ocrx_word' id='word_1_417' title='bbox 3371 2159 3636 2216; x_wconf 75' lang='lat' dir='ltr'><strong>maleﬁcia</strong></span> <span class='ocrx_word' id='word_1_418' title='bbox 3667 2160 3713 2214; x_wconf 90' lang='lat' dir='ltr'><strong>in</strong></span> <span class='ocrx_word' id='word_1_419' title='bbox 3730 2171 3818 2215; x_wconf 84' lang='lat' dir='ltr'><strong>tan-</strong></span> 
     </span>
    </p>
   </div>
   <div class='ocr_carea' id='block_1_67' title="bbox 2278 2251 3812 2324">
    <p class='ocr_par' dir='ltr' id='par_1_67' title="bbox 2278 2251 3812 2324">
     <span class='ocr_line' id='line_1_67' title="bbox 2278 2251 3812 2324; baseline -0.003 -15"><span class='ocrx_word' id='word_1_420' title='bbox 2278 2261 2396 2309; x_wconf 89' lang='lat' dir='ltr'><strong>tum</strong></span> <span class='ocrx_word' id='word_1_421' title='bbox 2440 2253 2715 2310; x_wconf 85' lang='lat' dir='ltr'><strong>seminare</strong></span> <span class='ocrx_word' id='word_1_422' title='bbox 2757 2252 2931 2309; x_wconf 80' lang='lat' dir='ltr'><strong>soleat</strong></span> <span class='ocrx_word' id='word_1_423' title='bbox 2974 2261 3034 2307; x_wconf 93' lang='lat' dir='ltr'><strong>ut</strong></span> <span class='ocrx_word' id='word_1_424' title='bbox 3063 2252 3227 2308; x_wconf 90' lang='lat' dir='ltr'><strong>etiam</strong></span> <span class='ocrx_word' id='word_1_425' title='bbox 3273 2268 3374 2324; x_wconf 89' lang='lat' dir='ltr'><strong>per</strong></span> <span class='ocrx_word' id='word_1_426' title='bbox 3420 2269 3487 2308; x_wconf 80' lang='lat' dir='ltr'><strong>ea</strong></span> <span class='ocrx_word' id='word_1_427' title='bbox 3535 2251 3681 2308; x_wconf 89' lang='lat' dir='ltr'><strong>multi</strong></span> <span class='ocrx_word' id='word_1_428' title='bbox 3705 2252 3812 2306; x_wconf 81' lang='lat' dir='ltr'><strong>inte-</strong></span> 
     </span>
    </p>
   </div>
   <div class='ocr_carea' id='block_1_68' title="bbox 2276 2344 3814 2418">
    <p class='ocr_par' dir='ltr' id='par_1_68' title="bbox 2276 2344 3814 2418">
     <span class='ocr_line' id='line_1_68' title="bbox 2276 2344 3814 2418; baseline -0.002 -16"><span class='ocrx_word' id='word_1_429' title='bbox 2276 2355 2454 2413; x_wconf 85' lang='lat' dir='ltr'><strong>reant,</strong></span> <span class='ocrx_word' id='word_1_430' title='bbox 2486 2346 2592 2402; x_wconf 90' lang='lat' dir='ltr'><strong>nisi</strong></span> <span class='ocrx_word' id='word_1_431' title='bbox 2616 2346 2763 2418; x_wconf 91' lang='lat' dir='ltr'><strong>quis,</strong></span> <span class='ocrx_word' id='word_1_432' title='bbox 2798 2345 2910 2402; x_wconf 88' lang='lat' dir='ltr'><strong>Deo</strong></span> <span class='ocrx_word' id='word_1_433' title='bbox 2931 2346 3188 2412; x_wconf 86' lang='lat' dir='ltr'><strong>donante,</strong></span> <span class='ocrx_word' id='word_1_434' title='bbox 3219 2360 3523 2401; x_wconf 86' lang='lat' dir='ltr'><strong>conversus</strong></span> <span class='ocrx_word' id='word_1_435' title='bbox 3557 2344 3814 2414; x_wconf 77' lang='lat' dir='ltr'><strong>resipiscat,</strong></span> 
     </span>
    </p>
   </div>
   <div class='ocr_carea' id='block_1_69' title="bbox 2277 2435 3813 2509">
    <p class='ocr_par' dir='ltr' id='par_1_69' title="bbox 2277 2435 3813 2509">
     <span class='ocr_line' id='line_1_69' title="bbox 2277 2435 3813 2509; baseline -0.001 -15"><span class='ocrx_word' id='word_1_436' title='bbox 2277 2454 2343 2494; x_wconf 89' lang='lat' dir='ltr'><strong>ac</strong></span> <span class='ocrx_word' id='word_1_437' title='bbox 2373 2439 2441 2494; x_wconf 92' lang='lat' dir='ltr'><strong>de</strong></span> <span class='ocrx_word' id='word_1_438' title='bbox 2481 2437 2700 2494; x_wconf 68' lang='lat' dir='ltr'><strong>Satanae</strong></span> <span class='ocrx_word' id='word_1_439' title='bbox 2749 2438 2984 2509; x_wconf 86' lang='lat' dir='ltr'><strong>aucupio</strong></span> <span class='ocrx_word' id='word_1_440' title='bbox 3034 2453 3132 2507; x_wconf 86' lang='lat' dir='ltr'><strong>per</strong></span> <span class='ocrx_word' id='word_1_441' title='bbox 3182 2438 3567 2507; x_wconf 81' lang='lat' dir='ltr'><strong>paenitentiam</strong></span> <span class='ocrx_word' id='word_1_442' title='bbox 3614 2435 3813 2502; x_wconf 81' lang='lat' dir='ltr'><strong>evoiaus,</strong></span> 
     </span>
    </p>
   </div>
   <div class='ocr_carea' id='block_1_70' title="bbox 2275 2529 3813 2601">
    <p class='ocr_par' dir='ltr' id='par_1_70' title="bbox 2275 2529 3813 2601">
     <span class='ocr_line' id='line_1_70' title="bbox 2275 2529 3813 2601; baseline -0.002 -16"><span class='ocrx_word' id='word_1_443' title='bbox 2275 2531 2368 2586; x_wconf 71' lang='lat' dir='ltr'><strong>vi:</strong></span> <span class='ocrx_word' id='word_1_444' title='bbox 2391 2531 2466 2586; x_wconf 91' lang='lat' dir='ltr'><strong>ita</strong></span> <span class='ocrx_word' id='word_1_445' title='bbox 2497 2530 2643 2586; x_wconf 90' lang='lat' dir='ltr'><strong>illius</strong></span> <span class='ocrx_word' id='word_1_446' title='bbox 2666 2531 2932 2601; x_wconf 88' lang='lat' dir='ltr'><strong>pertinaci</strong></span> <span class='ocrx_word' id='word_1_447' title='bbox 2959 2530 3113 2584; x_wconf 88' lang='lat' dir='ltr'><strong>visco</strong></span> <span class='ocrx_word' id='word_1_448' title='bbox 3139 2545 3197 2584; x_wconf 88' lang='lat' dir='ltr'><strong>se</strong></span> <span class='ocrx_word' id='word_1_449' title='bbox 3233 2529 3562 2585; x_wconf 86' lang='lat' dir='ltr'><strong>subtrahere</strong></span> <span class='ocrx_word' id='word_1_450' title='bbox 3584 2537 3813 2601; x_wconf 81' lang='lat' dir='ltr'><strong>queat,et--</strong></span> 
     </span>
    </p>
   </div>
   <div class='ocr_carea' id='block_1_71' title="bbox 2276 2623 3817 2695">
    <p class='ocr_par' dir='ltr' id='par_1_71' title="bbox 2276 2623 3817 2695">
     <span class='ocr_line' id='line_1_71' title="bbox 2276 2623 3817 2695; baseline -0.002 -16"><span class='ocrx_word' id='word_1_451' title='bbox 2276 2624 2324 2680; x_wconf 89' lang='lat' dir='ltr'><strong>si</strong></span> <span class='ocrx_word' id='word_1_452' title='bbox 2366 2640 2478 2679; x_wconf 90' lang='lat' dir='ltr'><strong>non</strong></span> <span class='ocrx_word' id='word_1_453' title='bbox 2519 2640 2733 2691; x_wconf 86' lang='lat' dir='ltr'><strong>omnes,</strong></span> <span class='ocrx_word' id='word_1_454' title='bbox 2770 2634 2953 2680; x_wconf 82' lang='lat' dir='ltr'><strong>tamen</strong></span> <span class='ocrx_word' id='word_1_455' title='bbox 3000 2623 3096 2695; x_wconf 87' lang='lat' dir='ltr'><strong>qui</strong></span> <span class='ocrx_word' id='word_1_456' title='bbox 3149 2638 3260 2677; x_wconf 89' lang='lat' dir='ltr'><strong>non</strong></span> <span class='ocrx_word' id='word_1_457' title='bbox 3318 2624 3576 2695; x_wconf 89' lang='lat' dir='ltr'><strong>ignorent</strong></span> <span class='ocrx_word' id='word_1_458' title='bbox 3618 2623 3817 2680; x_wconf 75' lang='lat' dir='ltr'><strong>existunt</strong></span> 
     </span>
    </p>
   </div>
   <div class='ocr_carea' id='block_1_72' title="bbox 2277 2716 3815 2790">
    <p class='ocr_par' dir='ltr' id='par_1_72' title="bbox 2277 2716 3815 2790">
     <span class='ocr_line' id='line_1_72' title="bbox 2277 2716 3815 2790; baseline -0.003 -17"><span class='ocrx_word' id='word_1_459' title='bbox 2277 2734 2443 2790; x_wconf 90' lang='lat' dir='ltr'><strong>quam</strong></span> <span class='ocrx_word' id='word_1_460' title='bbox 2498 2720 2703 2789; x_wconf 88' lang='lat' dir='ltr'><strong>plures.</strong></span> <span class='ocrx_word' id='word_1_461' title='bbox 2751 2717 3021 2774; x_wconf 81' lang='lat' dir='ltr'><strong>Caeterum</strong></span> <span class='ocrx_word' id='word_1_462' title='bbox 3058 2731 3168 2787; x_wconf 90' lang='lat' dir='ltr'><strong>quo</strong></span> <span class='ocrx_word' id='word_1_463' title='bbox 3197 2716 3482 2773; x_wconf 85' lang='lat' dir='ltr'><strong>dilectioni</strong></span> <span class='ocrx_word' id='word_1_464' title='bbox 3514 2727 3616 2773; x_wconf 73' lang='lat' dir='ltr'><strong>tua:</strong></span> <span class='ocrx_word' id='word_1_465' title='bbox 3644 2725 3815 2786; x_wconf 86' lang='lat' dir='ltr'><strong>meapte</strong></span> 
     </span>
    </p>
   </div>
   <div class='ocr_carea' id='block_1_73' title="bbox 2278 2809 3814 2883">
    <p class='ocr_par' dir='ltr' id='par_1_73' title="bbox 2278 2809 3814 2883">
     <span class='ocr_line' id='line_1_73' title="bbox 2278 2809 3814 2883; baseline -0.005 -14"><span class='ocrx_word' id='word_1_466' title='bbox 2278 2812 2529 2880; x_wconf 81' lang='lat' dir='ltr'><strong>satisfiat,</strong></span> <span class='ocrx_word' id='word_1_467' title='bbox 2584 2812 2837 2883; x_wconf 74' lang='lat' dir='ltr'><strong>prmsenti</strong></span> <span class='ocrx_word' id='word_1_468' title='bbox 2872 2810 3114 2881; x_wconf 90' lang='lat' dir='ltr'><strong>capitulo</strong></span> <span class='ocrx_word' id='word_1_469' title='bbox 3148 2826 3313 2881; x_wconf 86' lang='lat' dir='ltr'><strong>super</strong></span> <span class='ocrx_word' id='word_1_470' title='bbox 3363 2809 3726 2881; x_wconf 84' lang='lat' dir='ltr'><strong>hujuscemodi</strong></span> <span class='ocrx_word' id='word_1_471' title='bbox 3769 2824 3814 2862; x_wconf 85' lang='lat' dir='ltr'><strong>re</strong></span> 
     </span>
    </p>
   </div>
   <div class='ocr_carea' id='block_1_74' title="bbox 2276 2905 3811 2976">
    <p class='ocr_par' dir='ltr' id='par_1_74' title="bbox 2276 2905 3811 2976">
     <span class='ocr_line' id='line_1_74' title="bbox 2276 2905 3811 2976; baseline -0.003 -14"><span class='ocrx_word' id='word_1_472' title='bbox 2276 2906 2611 2962; x_wconf 90' lang='lat' dir='ltr'><strong>conveniens</strong></span> <span class='ocrx_word' id='word_1_473' title='bbox 2651 2906 2962 2976; x_wconf 81' lang='lat' dir='ltr'><strong>exemplum</strong></span> <span class='ocrx_word' id='word_1_474' title='bbox 2995 2920 3299 2976; x_wconf 89' lang='lat' dir='ltr'><strong>proponam</strong></span> <span class='ocrx_word' id='word_1_475' title='bbox 3350 2906 3539 2962; x_wconf 69' lang='lat' dir='ltr'><strong>itaque</strong></span> <span class='ocrx_word' id='word_1_476' title='bbox 3578 2905 3811 2962; x_wconf 77' lang='lat' dir='ltr'><strong>secuentia</strong></span> 
     </span>
    </p>
   </div>
   <div class='ocr_carea' id='block_1_75' title="bbox 2278 2998 3255 3071">
    <p class='ocr_par' dir='ltr' id='par_1_75' title="bbox 2278 2998 3255 3071">
     <span class='ocr_line' id='line_1_75' title="bbox 2278 2998 3255 3071; baseline 0 -18"><span class='ocrx_word' id='word_1_477' title='bbox 2278 3000 2559 3055; x_wconf 87' lang='lat' dir='ltr'><strong>humiliter</strong></span> <span class='ocrx_word' id='word_1_478' title='bbox 2596 2998 2901 3071; x_wconf 88' lang='lat' dir='ltr'><strong>colligendo</strong></span> <span class='ocrx_word' id='word_1_479' title='bbox 2930 3013 3255 3069; x_wconf 90' lang='lat' dir='ltr'><strong>supponam.</strong></span> 
     </span>
    </p>
   </div>
   <div class='ocr_carea' id='block_1_76' title="bbox 2354 3088 3812 3163">
    <p class='ocr_par' dir='ltr' id='par_1_76' title="bbox 2354 3088 3812 3163">
     <span class='ocr_line' id='line_1_76' title="bbox 2354 3088 3812 3163; baseline -0.002 -17"><span class='ocrx_word' id='word_1_480' title='bbox 2354 3113 2373 3146; x_wconf 74' lang='grc' dir='ltr'>ι</span> <span class='ocrx_word' id='word_1_481' title='bbox 2406 3093 2531 3148; x_wconf 85' lang='lat' dir='ltr'><strong>Fuit</strong></span> <span class='ocrx_word' id='word_1_482' title='bbox 2550 3094 2774 3163; x_wconf 90' lang='lat' dir='ltr'><strong>quidam</strong></span> <span class='ocrx_word' id='word_1_483' title='bbox 2802 3091 2984 3162; x_wconf 65' lang='lat' dir='ltr'><strong>Papiae</strong></span> <span class='ocrx_word' id='word_1_484' title='bbox 3012 3092 3190 3158; x_wconf 89' lang='lat' dir='ltr'><strong>miles,</strong></span> <span class='ocrx_word' id='word_1_485' title='bbox 3221 3108 3378 3161; x_wconf 75' lang='lat' dir='ltr'><strong>cujus</strong></span> <span class='ocrx_word' id='word_1_486' title='bbox 3425 3107 3620 3147; x_wconf 87' lang='lat' dir='ltr'><strong>nomen</strong></span> <span class='ocrx_word' id='word_1_487' title='bbox 3641 3092 3739 3161; x_wconf 85' lang='lat' dir='ltr'><strong>jam</strong></span> <span class='ocrx_word' id='word_1_488' title='bbox 3768 3088 3812 3143; x_wconf 87' lang='lat' dir='ltr'><strong>in</strong></span> 
     </span>
    </p>
   </div>
   <div class='ocr_carea' id='block_1_77' title="bbox 2276 3184 3816 3257">
    <p class='ocr_par' dir='ltr' id='par_1_77' title="bbox 2276 3184 3816 3257">
     <span class='ocr_line' id='line_1_77' title="bbox 2276 3184 3816 3257; baseline -0.004 -15"><span class='ocrx_word' id='word_1_489' title='bbox 2276 3186 2707 3256; x_wconf 84' lang='lat' dir='ltr'><strong>coeloscriptum</strong></span> <span class='ocrx_word' id='word_1_490' title='bbox 2753 3186 2844 3257; x_wconf 91' lang='lat' dir='ltr'><strong>pia</strong></span> <span class='ocrx_word' id='word_1_491' title='bbox 2885 3194 3068 3256; x_wconf 88' lang='lat' dir='ltr'><strong>sperat</strong></span> <span class='ocrx_word' id='word_1_492' title='bbox 3094 3185 3245 3249; x_wconf 87' lang='lat' dir='ltr'><strong>tich,</strong></span> <span class='ocrx_word' id='word_1_493' title='bbox 3286 3185 3404 3255; x_wconf 90' lang='lat' dir='ltr'><strong>qui,</strong></span> <span class='ocrx_word' id='word_1_494' title='bbox 3446 3193 3508 3239; x_wconf 89' lang='lat' dir='ltr'><strong>ut</strong></span> <span class='ocrx_word' id='word_1_495' title='bbox 3549 3184 3704 3238; x_wconf 83' lang='lat' dir='ltr'><strong>relatu</strong></span> <span class='ocrx_word' id='word_1_496' title='bbox 3742 3196 3816 3236; x_wconf 84' lang='lat' dir='ltr'><strong>co-</strong></span> 
     </span>
    </p>
   </div>
   <div class='ocr_carea' id='block_1_78' title="bbox 2278 3277 3813 3351">
    <p class='ocr_par' dir='ltr' id='par_1_78' title="bbox 2278 3277 3813 3351">
     <span class='ocr_line' id='line_1_78' title="bbox 2278 3277 3813 3351; baseline -0.003 -16"><span class='ocrx_word' id='word_1_497' title='bbox 2278 3281 2438 3351; x_wconf 87' lang='lat' dir='ltr'><strong>gnovi</strong></span> <span class='ocrx_word' id='word_1_498' title='bbox 2461 3281 2670 3334; x_wconf 91' lang='lat' dir='ltr'><strong>domini</strong></span> <span class='ocrx_word' id='word_1_499' title='bbox 2699 3279 2945 3334; x_wconf 83' lang='lat' dir='ltr'><strong>Arderici</strong></span> <span class='ocrx_word' id='word_1_500' title='bbox 2972 3277 3361 3335; x_wconf 77' lang='lat' dir='ltr'><strong>Vereccllensis</strong></span> <span class='ocrx_word' id='word_1_501' title='bbox 3408 3278 3661 3349; x_wconf 87' lang='lat' dir='ltr'><strong>episcopi,</strong></span> <span class='ocrx_word' id='word_1_502' title='bbox 3696 3282 3813 3345; x_wconf 74' lang='lat' dir='ltr'><strong>post-</strong></span> 
     </span>
    </p>
   </div>
   <div class='ocr_carea' id='block_1_79' title="bbox 2275 3369 3814 3448">
    <p class='ocr_par' dir='ltr' id='par_1_79' title="bbox 2275 3369 3814 3448">
     <span class='ocr_line' id='line_1_79' title="bbox 2275 3369 3814 3448; baseline -0.006 -18"><span class='ocrx_word' id='word_1_503' title='bbox 2275 3391 2440 3448; x_wconf 90' lang='lat' dir='ltr'><strong>quam</strong></span> <span class='ocrx_word' id='word_1_504' title='bbox 2469 3390 2665 3430; x_wconf 90' lang='lat' dir='ltr'><strong>manus</strong></span> <span class='ocrx_word' id='word_1_505' title='bbox 2681 3375 2800 3447; x_wconf 79' lang='lat' dir='ltr'><strong>(sic)</strong></span> <span class='ocrx_word' id='word_1_506' title='bbox 2825 3374 3209 3429; x_wconf 73' lang='lat' dir='ltr'><strong>adolescentia:</strong></span> <span class='ocrx_word' id='word_1_507' title='bbox 3231 3372 3589 3429; x_wconf 67' lang='lat' dir='ltr'><strong>saecularibus</strong></span> <span class='ocrx_word' id='word_1_508' title='bbox 3614 3369 3814 3439; x_wconf 82' lang='lat' dir='ltr'><strong>implica—</strong></span> 
     </span>
    </p>
   </div>
   <div class='ocr_carea' id='block_1_80' title="bbox 2275 3463 3810 3523">
    <p class='ocr_par' dir='ltr' id='par_1_80' title="bbox 2275 3463 3810 3523">
     <span class='ocr_line' id='line_1_80' title="bbox 2275 3463 3810 3523; baseline -0.004 -1"><span class='ocrx_word' id='word_1_509' title='bbox 2275 3468 2478 3522; x_wconf 89' lang='lat' dir='ltr'><strong>mentis</strong></span> <span class='ocrx_word' id='word_1_510' title='bbox 2514 3483 2580 3522; x_wconf 75' lang='lat' dir='ltr'><strong>ex</strong></span> <span class='ocrx_word' id='word_1_511' title='bbox 2635 3482 2787 3522; x_wconf 90' lang='lat' dir='ltr'><strong>more</strong></span> <span class='ocrx_word' id='word_1_512' title='bbox 2828 3468 3070 3521; x_wconf 90' lang='lat' dir='ltr'><strong>humano</strong></span> <span class='ocrx_word' id='word_1_513' title='bbox 3104 3466 3354 3522; x_wconf 89' lang='lat' dir='ltr'><strong>detentus</strong></span> <span class='ocrx_word' id='word_1_514' title='bbox 3373 3474 3471 3522; x_wconf 91' lang='lat' dir='ltr'><strong>.est</strong></span> <span class='ocrx_word' id='word_1_515' title='bbox 3495 3474 3548 3520; x_wconf 90' lang='lat' dir='ltr'><strong>et</strong></span> <span class='ocrx_word' id='word_1_516' title='bbox 3580 3463 3810 3523; x_wconf 83' lang='lat' dir='ltr'><strong>astrictus,</strong></span> 
     </span>
    </p>
   </div>
   <div class='ocr_carea' id='block_1_81' title="bbox 2275 3555 3812 3629">
    <p class='ocr_par' dir='ltr' id='par_1_81' title="bbox 2275 3555 3812 3629">
     <span class='ocr_line' id='line_1_81' title="bbox 2275 3555 3812 3629; baseline -0.007 -13"><span class='ocrx_word' id='word_1_517' title='bbox 2275 3575 2377 3616; x_wconf 90' lang='lat' dir='ltr'><strong>nec</strong></span> <span class='ocrx_word' id='word_1_518' title='bbox 2404 3576 2512 3614; x_wconf 92' lang='lat' dir='ltr'><strong>non</strong></span> <span class='ocrx_word' id='word_1_519' title='bbox 2542 3575 2638 3629; x_wconf 89' lang='lat' dir='ltr'><strong>per</strong></span> <span class='ocrx_word' id='word_1_520' title='bbox 2665 3560 2851 3629; x_wconf 89' lang='lat' dir='ltr'><strong>plures</strong></span> <span class='ocrx_word' id='word_1_521' title='bbox 2877 3573 3053 3613; x_wconf 81' lang='lat' dir='ltr'><strong>annos</strong></span> <span class='ocrx_word' id='word_1_522' title='bbox 3094 3574 3218 3613; x_wconf 90' lang='lat' dir='ltr'><strong>cum</strong></span> <span class='ocrx_word' id='word_1_523' title='bbox 3249 3558 3423 3613; x_wconf 88' lang='lat' dir='ltr'><strong>armis</strong></span> <span class='ocrx_word' id='word_1_524' title='bbox 3451 3555 3749 3611; x_wconf 83' lang='lat' dir='ltr'><strong>militaribus</strong></span> <span class='ocrx_word' id='word_1_525' title='bbox 3767 3566 3812 3605; x_wconf 83' lang='lat' dir='ltr'><strong>se</strong></span> 
     </span>
    </p>
   </div>
   <div class='ocr_carea' id='block_1_82' title="bbox 2278 3645 3812 3710">
    <p class='ocr_par' dir='ltr' id='par_1_82' title="bbox 2278 3645 3812 3710">
     <span class='ocr_line' id='line_1_82' title="bbox 2278 3645 3812 3710; baseline -0.008 -4"><span class='ocrx_word' id='word_1_526' title='bbox 2278 3650 2412 3706; x_wconf 84' lang='lat' dir='ltr'><strong>satis</strong></span> <span class='ocrx_word' id='word_1_527' title='bbox 2448 3659 2669 3705; x_wconf 89' lang='lat' dir='ltr'><strong>strenue</strong></span> <span class='ocrx_word' id='word_1_528' title='bbox 2701 3648 2843 3703; x_wconf 88' lang='lat' dir='ltr'><strong>inter</strong></span> <span class='ocrx_word' id='word_1_529' title='bbox 2874 3647 3274 3704; x_wconf 88' lang='lat' dir='ltr'><strong>commilitones</strong></span> <span class='ocrx_word' id='word_1_530' title='bbox 3328 3647 3578 3702; x_wconf 79' lang='lat' dir='ltr'><strong>exercuit</strong></span> <span class='ocrx_word' id='word_1_531' title='bbox 3609 3645 3812 3710; x_wconf 79' lang='lat' dir='ltr'><strong>ﬁliosque</strong></span> 
     </span>
    </p>
   </div>
   <div class='ocr_carea' id='block_1_83' title="bbox 2272 3740 3810 3811">
    <p class='ocr_par' dir='ltr' id='par_1_83' title="bbox 2272 3740 3810 3811">
     <span class='ocr_line' id='line_1_83' title="bbox 2272 3740 3810 3811; baseline -0.005 -15"><span class='ocrx_word' id='word_1_532' title='bbox 2272 3742 2388 3811; x_wconf 91' lang='lat' dir='ltr'><strong>jam</strong></span> <span class='ocrx_word' id='word_1_533' title='bbox 2414 3741 2755 3811; x_wconf 88' lang='lat' dir='ltr'><strong>procreavit;</strong></span> <span class='ocrx_word' id='word_1_534' title='bbox 2782 3740 2998 3796; x_wconf 90' lang='lat' dir='ltr'><strong>tandem</strong></span> <span class='ocrx_word' id='word_1_535' title='bbox 3032 3740 3087 3795; x_wconf 91' lang='lat' dir='ltr'><strong>in</strong></span> <span class='ocrx_word' id='word_1_536' title='bbox 3116 3756 3175 3795; x_wconf 91' lang='lat' dir='ltr'><strong>se</strong></span> <span class='ocrx_word' id='word_1_537' title='bbox 3219 3754 3474 3796; x_wconf 86' lang='lat' dir='ltr'><strong>reversus</strong></span> <span class='ocrx_word' id='word_1_538' title='bbox 3502 3749 3655 3809; x_wconf 88' lang='lat' dir='ltr'><strong>atque</strong></span> <span class='ocrx_word' id='word_1_539' title='bbox 3675 3752 3702 3790; x_wconf 88' lang='lat' dir='ltr'><strong>a</strong></span> <span class='ocrx_word' id='word_1_540' title='bbox 3732 3748 3810 3788; x_wconf 66' lang='lat' dir='ltr'><strong>sa-</strong></span> 
     </span>
    </p>
   </div>
   <div class='ocr_carea' id='block_1_84' title="bbox 2278 3824 3812 3902">
    <p class='ocr_par' dir='ltr' id='par_1_84' title="bbox 2278 3824 3812 3902">
     <span class='ocr_line' id='line_1_84' title="bbox 2278 3824 3812 3902; baseline -0.008 -12"><span class='ocrx_word' id='word_1_541' title='bbox 2278 3834 2386 3890; x_wconf 89' lang='lat' dir='ltr'><strong>culi</strong></span> <span class='ocrx_word' id='word_1_542' title='bbox 2415 3833 2653 3887; x_wconf 86' lang='lat' dir='ltr'><strong>vanitate</strong></span> <span class='ocrx_word' id='word_1_543' title='bbox 2677 3847 2996 3899; x_wconf 86' lang='lat' dir='ltr'><strong>conversus,</strong></span> <span class='ocrx_word' id='word_1_544' title='bbox 3030 3831 3309 3902; x_wconf 84' lang='lat' dir='ltr'><strong>cingulum</strong></span> <span class='ocrx_word' id='word_1_545' title='bbox 3341 3832 3628 3886; x_wconf 75' lang='lat' dir='ltr'><strong>mundana:</strong></span> <span class='ocrx_word' id='word_1_546' title='bbox 3649 3824 3812 3883; x_wconf 80' lang='lat' dir='ltr'><strong>militia:</strong></span> 
     </span>
    </p>
   </div>
   <div class='ocr_carea' id='block_1_85' title="bbox 2280 3915 3811 3996">
    <p class='ocr_par' dir='ltr' id='par_1_85' title="bbox 2280 3915 3811 3996">
     <span class='ocr_line' id='line_1_85' title="bbox 2280 3915 3811 3996; baseline -0.009 -14"><span class='ocrx_word' id='word_1_547' title='bbox 2280 3925 2424 3996; x_wconf 89' lang='lat' dir='ltr'><strong>apud</strong></span> <span class='ocrx_word' id='word_1_548' title='bbox 2448 3923 2711 3978; x_wconf 89' lang='lat' dir='ltr'><strong>Sanctum</strong></span> <span class='ocrx_word' id='word_1_549' title='bbox 2742 3921 2965 3977; x_wconf 89' lang='lat' dir='ltr'><strong>Petrum</strong></span> <span class='ocrx_word' id='word_1_550' title='bbox 2996 3922 3051 3976; x_wconf 95' lang='lat' dir='ltr'><strong>in</strong></span> <span class='ocrx_word' id='word_1_551' title='bbox 3096 3922 3285 3977; x_wconf 88' lang='lat' dir='ltr'><strong>eadem</strong></span> <span class='ocrx_word' id='word_1_552' title='bbox 3310 3922 3556 3977; x_wconf 81' lang='lat' dir='ltr'><strong>civitate</strong></span> <span class='ocrx_word' id='word_1_553' title='bbox 3587 3915 3811 3989; x_wconf 84' lang='lat' dir='ltr'><strong>deposuit,</strong></span> 
     </span>
    </p>
   </div>
   <div class='ocr_carea' id='block_1_86' title="bbox 2277 4008 3812 4087">
    <p class='ocr_par' dir='ltr' id='par_1_86' title="bbox 2277 4008 3812 4087">
     <span class='ocr_line' id='line_1_86' title="bbox 2277 4008 3812 4087; baseline -0.008 -13"><span class='ocrx_word' id='word_1_554' title='bbox 2277 4028 2332 4074; x_wconf 87' lang='lat' dir='ltr'><strong>et</strong></span> <span class='ocrx_word' id='word_1_555' title='bbox 2361 4017 2464 4073; x_wconf 87' lang='lat' dir='ltr'><strong>sub</strong></span> <span class='ocrx_word' id='word_1_556' title='bbox 2507 4017 2813 4072; x_wconf 87' lang='lat' dir='ltr'><strong>monastico</strong></span> <span class='ocrx_word' id='word_1_557' title='bbox 2852 4015 3065 4083; x_wconf 90' lang='lat' dir='ltr'><strong>habitu,</strong></span> <span class='ocrx_word' id='word_1_558' title='bbox 3115 4015 3369 4087; x_wconf 82' lang='lat' dir='ltr'><strong>stigmata</strong></span> <span class='ocrx_word' id='word_1_559' title='bbox 3407 4014 3587 4070; x_wconf 88' lang='lat' dir='ltr'><strong>crucis</strong></span> <span class='ocrx_word' id='word_1_560' title='bbox 3614 4008 3812 4080; x_wconf 77' lang='lat' dir='ltr'><strong>bajularc</strong></span> 
     </span>
    </p>
   </div>
   <div class='ocr_carea' id='block_1_87' title="bbox 2278 4101 3811 4181">
    <p class='ocr_par' dir='ltr' id='par_1_87' title="bbox 2278 4101 3811 4181">
     <span class='ocr_line' id='line_1_87' title="bbox 2278 4101 3811 4181; baseline -0.01 -13"><span class='ocrx_word' id='word_1_561' title='bbox 2278 4112 2616 4178; x_wconf 89' lang='lat' dir='ltr'><strong>desiderans,</strong></span> <span class='ocrx_word' id='word_1_562' title='bbox 2652 4110 2871 4165; x_wconf 90' lang='lat' dir='ltr'><strong>Christo</strong></span> <span class='ocrx_word' id='word_1_563' title='bbox 2901 4124 3089 4181; x_wconf 87' lang='lat' dir='ltr'><strong>regum</strong></span> <span class='ocrx_word' id='word_1_564' title='bbox 3115 4107 3245 4180; x_wconf 81' lang='lat' dir='ltr'><strong>Regi</strong></span> <span class='ocrx_word' id='word_1_565' title='bbox 3272 4108 3441 4178; x_wconf 64' lang='lat' dir='ltr'><strong>coepit</strong></span> <span class='ocrx_word' id='word_1_566' title='bbox 3468 4107 3701 4161; x_wconf 86' lang='lat' dir='ltr'><strong>militare.</strong></span> <span class='ocrx_word' id='word_1_567' title='bbox 3724 4101 3811 4155; x_wconf 79' lang='lat' dir='ltr'><strong>Cu-</strong></span> 
     </span>
    </p>
   </div>
   <div class='ocr_carea' id='block_1_88' title="bbox 2274 4187 3810 4270">
    <p class='ocr_par' dir='ltr' id='par_1_88' title="bbox 2274 4187 3810 4270">
     <span class='ocr_line' id='line_1_88' title="bbox 2274 4187 3810 4270; baseline -0.008 -16"><span class='ocrx_word' id='word_1_568' title='bbox 2274 4199 2367 4270; x_wconf 93' lang='lat' dir='ltr'><strong>jus</strong></span> <span class='ocrx_word' id='word_1_569' title='bbox 2404 4198 2549 4254; x_wconf 83' lang='lat' dir='ltr'><strong>filius</strong></span> <span class='ocrx_word' id='word_1_570' title='bbox 2574 4199 2730 4252; x_wconf 88' lang='lat' dir='ltr'><strong>miles</strong></span> <span class='ocrx_word' id='word_1_571' title='bbox 2763 4206 2818 4252; x_wconf 89' lang='lat' dir='ltr'><strong>et</strong></span> <span class='ocrx_word' id='word_1_572' title='bbox 2848 4197 2962 4267; x_wconf 81' lang='lat' dir='ltr'><strong>ipse</strong></span> <span class='ocrx_word' id='word_1_573' title='bbox 2988 4204 3266 4262; x_wconf 88' lang='lat' dir='ltr'><strong>strenuus,</strong></span> <span class='ocrx_word' id='word_1_574' title='bbox 3293 4195 3444 4251; x_wconf 89' lang='lat' dir='ltr'><strong>domi</strong></span> <span class='ocrx_word' id='word_1_575' title='bbox 3466 4211 3497 4249; x_wconf 92' lang='lat' dir='ltr'><strong>a</strong></span> <span class='ocrx_word' id='word_1_576' title='bbox 3520 4202 3661 4265; x_wconf 83' lang='lat' dir='ltr'><strong>patre</strong></span> <span class='ocrx_word' id='word_1_577' title='bbox 3684 4187 3810 4244; x_wconf 84' lang='lat' dir='ltr'><strong>fami-</strong></span> 
     </span>
    </p>
   </div>
   <div class='ocr_carea' id='block_1_89' title="bbox 2281 4282 3811 4358">
    <p class='ocr_par' dir='ltr' id='par_1_89' title="bbox 2281 4282 3811 4358">
     <span class='ocr_line' id='line_1_89' title="bbox 2281 4282 3811 4358; baseline -0.005 -11"><span class='ocrx_word' id='word_1_578' title='bbox 2281 4293 2434 4347; x_wconf 88' lang='lat' dir='ltr'><strong>liaris</strong></span> <span class='ocrx_word' id='word_1_579' title='bbox 2483 4292 2564 4347; x_wconf 88' lang='lat' dir='ltr'><strong>rei</strong></span> <span class='ocrx_word' id='word_1_580' title='bbox 2616 4292 2792 4347; x_wconf 58' lang='lat' dir='ltr'><strong>haeres</strong></span> <span class='ocrx_word' id='word_1_581' title='bbox 2840 4289 3154 4355; x_wconf 85' lang='lat' dir='ltr'><strong>derelictus,</strong></span> <span class='ocrx_word' id='word_1_582' title='bbox 3201 4288 3369 4343; x_wconf 86' lang='lat' dir='ltr'><strong>tantis</strong></span> <span class='ocrx_word' id='word_1_583' title='bbox 3424 4304 3520 4358; x_wconf 88' lang='lat' dir='ltr'><strong>per</strong></span> <span class='ocrx_word' id='word_1_584' title='bbox 3569 4282 3811 4356; x_wconf 71' lang='lat' dir='ltr'><strong>quemdam</strong></span> 
     </span>
    </p>
   </div>
   <div class='ocr_carea' id='block_1_90' title="bbox 2281 4380 3811 4455">
    <p class='ocr_par' dir='ltr' id='par_1_90' title="bbox 2281 4380 3811 4455">
     <span class='ocr_line' id='line_1_90' title="bbox 2281 4380 3811 4455; baseline -0.008 -16"><span class='ocrx_word' id='word_1_585' title='bbox 2281 4383 2620 4455; x_wconf 86' lang='lat' dir='ltr'><strong>Aginulfum,</strong></span> <span class='ocrx_word' id='word_1_586' title='bbox 2654 4383 2876 4453; x_wconf 85' lang='lat' dir='ltr'><strong>palatini</strong></span> <span class='ocrx_word' id='word_1_587' title='bbox 2919 4382 3128 4439; x_wconf 89' lang='lat' dir='ltr'><strong>scilicet</strong></span> <span class='ocrx_word' id='word_1_588' title='bbox 3155 4380 3374 4437; x_wconf 90' lang='lat' dir='ltr'><strong>comitis</strong></span> <span class='ocrx_word' id='word_1_589' title='bbox 3401 4380 3617 4434; x_wconf 87' lang='lat' dir='ltr'><strong>fratrem</strong></span> <span class='ocrx_word' id='word_1_590' title='bbox 3642 4388 3811 4449; x_wconf 78' lang='lat' dir='ltr'><strong>germa-</strong></span> 
     </span>
    </p>
   </div>
   <div class='ocr_carea' id='block_1_91' title="bbox 2281 4464 3811 4547">
    <p class='ocr_par' dir='ltr' id='par_1_91' title="bbox 2281 4464 3811 4547">
     <span class='ocr_line' id='line_1_91' title="bbox 2281 4464 3811 4547; baseline -0.01 -16"><span class='ocrx_word' id='word_1_591' title='bbox 2281 4493 2435 4544; x_wconf 89' lang='lat' dir='ltr'><strong>num,</strong></span> <span class='ocrx_word' id='word_1_592' title='bbox 2481 4475 2836 4547; x_wconf 86' lang='lat' dir='ltr'><strong>appetebatur</strong></span> <span class='ocrx_word' id='word_1_593' title='bbox 2880 4474 3182 4529; x_wconf 89' lang='lat' dir='ltr'><strong>inimicitiis</strong></span> <span class='ocrx_word' id='word_1_594' title='bbox 3231 4480 3397 4543; x_wconf 87' lang='lat' dir='ltr'><strong>atque</strong></span> <span class='ocrx_word' id='word_1_595' title='bbox 3438 4471 3663 4534; x_wconf 88' lang='lat' dir='ltr'><strong>insidiis,</strong></span> <span class='ocrx_word' id='word_1_596' title='bbox 3688 4476 3737 4520; x_wconf 90' lang='lat' dir='ltr'><strong>ut</strong></span> <span class='ocrx_word' id='word_1_597' title='bbox 3757 4464 3811 4517; x_wconf 88' lang='lat' dir='ltr'><strong>li-</strong></span> 
     </span>
    </p>
   </div>
   <div class='ocr_carea' id='block_1_92' title="bbox 586 4547 3811 4636">
    <p class='ocr_par' dir='ltr' id='par_1_92' title="bbox 586 4547 3811 4636">
     <span class='ocr_line' id='line_1_92' title="bbox 586 4547 3811 4636; baseline 0.002 -35"><span class='ocrx_word' id='word_1_598' title='bbox 586 4547 803 4605; x_wconf 82' lang='lat' dir='ltr'><strong>facinus</strong></span> <span class='ocrx_word' id='word_1_599' title='bbox 829 4557 1063 4619; x_wconf 86' lang='lat' dir='ltr'><strong>tantum,</strong></span> <span class='ocrx_word' id='word_1_600' title='bbox 1109 4554 1297 4610; x_wconf 85' lang='lat' dir='ltr'><strong>dolore</strong></span> <span class='ocrx_word' id='word_1_601' title='bbox 1342 4555 1534 4611; x_wconf 90' lang='lat' dir='ltr'><strong>intima</strong></span> <span class='ocrx_word' id='word_1_602' title='bbox 1587 4566 1880 4630; x_wconf 87' lang='lat' dir='ltr'><strong>pungente,</strong></span> <span class='ocrx_word' id='word_1_603' title='bbox 1931 4561 2181 4631; x_wconf 88' lang='lat' dir='ltr'><strong>cogimur</strong></span> <span class='ocrx_word' id='word_1_604' title='bbox 2211 4569 2257 4624; x_wconf 88' lang='lat' dir='ltr'><strong>D</strong></span> <span class='ocrx_word' id='word_1_605' title='bbox 2285 4584 2408 4623; x_wconf 81' lang='lat' dir='ltr'><strong>men</strong></span> <span class='ocrx_word' id='word_1_606' title='bbox 2437 4568 2635 4623; x_wconf 83' lang='lat' dir='ltr'><strong>domus</strong></span> <span class='ocrx_word' id='word_1_607' title='bbox 2667 4566 2913 4636; x_wconf 66' lang='lat' dir='ltr'><strong>propriaa‘</strong></span> <span class='ocrx_word' id='word_1_608' title='bbox 2933 4564 3162 4619; x_wconf 88' lang='lat' dir='ltr'><strong>minime</strong></span> <span class='ocrx_word' id='word_1_609' title='bbox 3188 4563 3414 4618; x_wconf 88' lang='lat' dir='ltr'><strong>auderet</strong></span> <span class='ocrx_word' id='word_1_610' title='bbox 3446 4560 3704 4616; x_wconf 76' lang='lat' dir='ltr'><strong>excedere.</strong></span> <span class='ocrx_word' id='word_1_611' title='bbox 3728 4552 3811 4608; x_wconf 82' lang='lat' dir='ltr'><strong>Cu-</strong></span> 
     </span>
    </p>
   </div>
   <div class='ocr_carea' id='block_1_93' title="bbox 587 4641 2178 4723">
    <p class='ocr_par' dir='ltr' id='par_1_93' title="bbox 587 4641 2178 4723">
     <span class='ocr_line' id='line_1_93' title="bbox 587 4641 2178 4723; baseline 0.009 -29"><span class='ocrx_word' id='word_1_612' title='bbox 587 4641 842 4711; x_wconf 84' lang='lat' dir='ltr'><strong>ejnlando</strong></span> <span class='ocrx_word' id='word_1_613' title='bbox 867 4644 1047 4701; x_wconf 88' lang='lat' dir='ltr'><strong>dicere</strong></span> <span class='ocrx_word' id='word_1_614' title='bbox 1078 4666 1090 4700; x_wconf 91' lang='lat'>:</span> <span class='ocrx_word' id='word_1_615' title='bbox 1127 4646 1274 4703; x_wconf 82' lang='lat' dir='ltr'><strong>Ileu!</strong></span> <span class='ocrx_word' id='word_1_616' title='bbox 1317 4664 1482 4719; x_wconf 88' lang='lat' dir='ltr'><strong>quam</strong></span> <span class='ocrx_word' id='word_1_617' title='bbox 1513 4650 1718 4721; x_wconf 90' lang='lat' dir='ltr'><strong>grande</strong></span> <span class='ocrx_word' id='word_1_618' title='bbox 1750 4652 1954 4706; x_wconf 87' lang='lat' dir='ltr'><strong>malum</strong></span> <span class='ocrx_word' id='word_1_619' title='bbox 1983 4668 2178 4723; x_wconf 88' lang='lat' dir='ltr'><strong>opera-</strong></span> 
     </span>
    </p>
   </div>
   <div class='ocr_carea' id='block_1_94' title="bbox 588 4737 2174 4816">
    <p class='ocr_par' dir='ltr' id='par_1_94' title="bbox 588 4737 2174 4816">
     <span class='ocr_line' id='line_1_94' title="bbox 588 4737 2174 4816; baseline 0.008 -28"><span class='ocrx_word' id='word_1_620' title='bbox 588 4744 679 4789; x_wconf 86' lang='lat' dir='ltr'><strong>tur</strong></span> <span class='ocrx_word' id='word_1_621' title='bbox 707 4737 981 4807; x_wconf 72' lang='lat' dir='ltr'><strong>mquitatis</strong></span> <span class='ocrx_word' id='word_1_622' title='bbox 1010 4740 1217 4808; x_wconf 81' lang='lat' dir='ltr'><strong>odium,</strong></span> <span class='ocrx_word' id='word_1_623' title='bbox 1255 4742 1403 4811; x_wconf 89' lang='lat' dir='ltr'><strong>quod</strong></span> <span class='ocrx_word' id='word_1_624' title='bbox 1445 4743 1601 4809; x_wconf 88' lang='lat' dir='ltr'><strong>adeo,</strong></span> <span class='ocrx_word' id='word_1_625' title='bbox 1632 4744 1896 4816; x_wconf 83' lang='lat' dir='ltr'><strong>suadente</strong></span> <span class='ocrx_word' id='word_1_626' title='bbox 1935 4745 2174 4816; x_wconf 89' lang='lat' dir='ltr'><strong>diabolo,</strong></span> 
     </span>
    </p>
   </div>
   <div class='ocr_carea' id='block_1_95' title="bbox 590 4814 2176 4908">
    <p class='ocr_par' dir='ltr' id='par_1_95' title="bbox 590 4814 2176 4908">
     <span class='ocr_line' id='line_1_95' title="bbox 590 4814 2176 4908; baseline 0.009 -25"><span class='ocrx_word' id='word_1_627' title='bbox 590 4828 645 4883; x_wconf 84' lang='lat' dir='ltr'><strong>in</strong></span> <span class='ocrx_word' id='word_1_628' title='bbox 671 4830 894 4899; x_wconf 57' lang='lat' dir='ltr'><strong>priefata</strong></span> <span class='ocrx_word' id='word_1_629' title='bbox 921 4848 1153 4903; x_wconf 88' lang='lat' dir='ltr'><strong>persona</strong></span> <span class='ocrx_word' id='word_1_630' title='bbox 1193 4835 1421 4903; x_wconf 77' lang='lat' dir='ltr'><strong>exarsit,</strong></span> <span class='ocrx_word' id='word_1_631' title='bbox 1456 4845 1516 4892; x_wconf 91' lang='lat' dir='ltr'><strong>ut</strong></span> <span class='ocrx_word' id='word_1_632' title='bbox 1557 4836 1859 4908; x_wconf 88' lang='lat' dir='ltr'><strong>discipulus</strong></span> <span class='ocrx_word' id='word_1_633' title='bbox 1875 4814 2176 4908; x_wconf 69' lang='lat' dir='ltr'><strong>perversus</strong></span> 
     </span>
    </p>
   </div>
   <div class='ocr_carea' id='block_1_96' title="bbox 589 4923 2172 4999">
    <p class='ocr_par' dir='ltr' id='par_1_96' title="bbox 589 4923 2172 4999">
     <span class='ocr_line' id='line_1_96' title="bbox 589 4923 2172 4999; baseline 0.007 -24"><span class='ocrx_word' id='word_1_634' title='bbox 589 4936 699 4976; x_wconf 86' lang='lat' dir='ltr'><strong>non</strong></span> <span class='ocrx_word' id='word_1_635' title='bbox 731 4923 910 4978; x_wconf 90' lang='lat' dir='ltr'><strong>solum</strong></span> <span class='ocrx_word' id='word_1_636' title='bbox 960 4926 1213 4995; x_wconf 88' lang='lat' dir='ltr'><strong>nequiter</strong></span> <span class='ocrx_word' id='word_1_637' title='bbox 1257 4927 1639 4998; x_wconf 88' lang='lat' dir='ltr'><strong>insequeretur</strong></span> <span class='ocrx_word' id='word_1_638' title='bbox 1686 4928 2028 4999; x_wconf 84' lang='lat' dir='ltr'><strong>magistrum,</strong></span> <span class='ocrx_word' id='word_1_639' title='bbox 2078 4932 2172 4986; x_wconf 89' lang='lat' dir='ltr'><strong>sed</strong></span> 
     </span>
    </p>
   </div>
   <div class='ocr_carea' id='block_1_97' title="bbox 588 5012 2161 5092">
    <p class='ocr_par' dir='ltr' id='par_1_97' title="bbox 588 5012 2161 5092">
     <span class='ocr_line' id='line_1_97' title="bbox 588 5012 2161 5092; baseline 0.006 -25"><span class='ocrx_word' id='word_1_640' title='bbox 588 5012 752 5068; x_wconf 87' lang='lat' dir='ltr'><strong>etiam</strong></span> <span class='ocrx_word' id='word_1_641' title='bbox 776 5015 1012 5085; x_wconf 73' lang='lat' dir='ltr'><strong>pessime</strong></span> <span class='ocrx_word' id='word_1_642' title='bbox 1039 5026 1259 5072; x_wconf 85' lang='lat' dir='ltr'><strong>necaret</strong></span> <span class='ocrx_word' id='word_1_643' title='bbox 1291 5019 1696 5090; x_wconf 80' lang='lat' dir='ltr'><strong>presbyterum!</strong></span> <span class='ocrx_word' id='word_1_644' title='bbox 1728 5019 1860 5086; x_wconf 89' lang='lat' dir='ltr'><strong>imo,</strong></span> <span class='ocrx_word' id='word_1_645' title='bbox 1890 5022 2038 5090; x_wconf 75' lang='lat' dir='ltr'><strong>quod</strong></span> <span class='ocrx_word' id='word_1_646' title='bbox 2063 5038 2161 5092; x_wconf 88' lang='lat' dir='ltr'><strong>pe-</strong></span> 
     </span>
    </p>
   </div>
   <div class='ocr_carea' id='block_1_98' title="bbox 584 5104 2177 5183">
    <p class='ocr_par' dir='ltr' id='par_1_98' title="bbox 584 5104 2177 5183">
     <span class='ocr_line' id='line_1_98' title="bbox 584 5104 2177 5183; baseline 0.005 -22"><span class='ocrx_word' id='word_1_647' title='bbox 584 5104 678 5177; x_wconf 82' lang='lat' dir='ltr'><strong>jus</strong></span> <span class='ocrx_word' id='word_1_648' title='bbox 711 5116 766 5162; x_wconf 91' lang='lat' dir='ltr'><strong>et</strong></span> <span class='ocrx_word' id='word_1_649' title='bbox 796 5109 1016 5181; x_wconf 85' lang='lat' dir='ltr'><strong>gravius</strong></span> <span class='ocrx_word' id='word_1_650' title='bbox 1057 5120 1140 5165; x_wconf 91' lang='lat' dir='ltr'><strong>est</strong></span> <span class='ocrx_word' id='word_1_651' title='bbox 1179 5111 1436 5167; x_wconf 90' lang='lat' dir='ltr'><strong>omnibus</strong></span> <span class='ocrx_word' id='word_1_652' title='bbox 1479 5112 1700 5183; x_wconf 90' lang='lat' dir='ltr'><strong>maligni</strong></span> <span class='ocrx_word' id='word_1_653' title='bbox 1751 5114 2028 5180; x_wconf 89' lang='lat' dir='ltr'><strong>versutiis,</strong></span> <span class='ocrx_word' id='word_1_654' title='bbox 2067 5123 2177 5171; x_wconf 83' lang='lat' dir='ltr'><strong>&#39;su-</strong></span> 
     </span>
    </p>
   </div>
   <div class='ocr_carea' id='block_1_99' title="bbox 590 5202 2180 5275">
    <p class='ocr_par' dir='ltr' id='par_1_99' title="bbox 590 5202 2180 5275">
     <span class='ocr_line' id='line_1_99' title="bbox 590 5202 2180 5275; baseline 0.004 -19"><span class='ocrx_word' id='word_1_655' title='bbox 590 5202 820 5270; x_wconf 88' lang='lat' dir='ltr'><strong>spendio</strong></span> <span class='ocrx_word' id='word_1_656' title='bbox 881 5203 1128 5272; x_wconf 90' lang='lat' dir='ltr'><strong>corporis</strong></span> <span class='ocrx_word' id='word_1_657' title='bbox 1180 5205 1420 5259; x_wconf 79' lang='lat' dir='ltr'><strong>exanimi</strong></span> <span class='ocrx_word' id='word_1_658' title='bbox 1477 5205 1767 5275; x_wconf 89' lang='lat' dir='ltr'><strong>str0phose</strong></span> <span class='ocrx_word' id='word_1_659' title='bbox 1839 5206 2180 5263; x_wconf 87' lang='lat' dir='ltr'><strong>simulaverit</strong></span> 
     </span>
    </p>
   </div>
   <div class='ocr_carea' id='block_1_100' title="bbox 591 5292 2175 5368">
    <p class='ocr_par' dir='ltr' id='par_1_100' title="bbox 591 5292 2175 5368">
     <span class='ocr_line' id='line_1_100' title="bbox 591 5292 2175 5368; baseline 0.006 -22"><span class='ocrx_word' id='word_1_660' title='bbox 591 5292 794 5362; x_wconf 85' lang='lat' dir='ltr'><strong>ipsum,</strong></span> <span class='ocrx_word' id='word_1_661' title='bbox 825 5296 920 5365; x_wconf 88' lang='lat' dir='ltr'><strong>qui</strong></span> <span class='ocrx_word' id='word_1_662' title='bbox 954 5312 1255 5367; x_wconf 88' lang='lat' dir='ltr'><strong>suspensus</strong></span> <span class='ocrx_word' id='word_1_663' title='bbox 1284 5308 1421 5367; x_wconf 90' lang='lat' dir='ltr'><strong>erat,</strong></span> <span class='ocrx_word' id='word_1_664' title='bbox 1454 5298 1522 5354; x_wconf 87' lang='lat' dir='ltr'><strong>ad</strong></span> <span class='ocrx_word' id='word_1_665' title='bbox 1547 5299 1854 5368; x_wconf 81' lang='lat' dir='ltr'><strong>exemplum</strong></span> <span class='ocrx_word' id='word_1_666' title='bbox 1885 5298 2038 5355; x_wconf 69' lang='lat' dir='ltr'><strong>Judte</strong></span> <span class='ocrx_word' id='word_1_667' title='bbox 2074 5301 2175 5356; x_wconf 91' lang='lat' dir='ltr'><strong>ho-</strong></span> 
     </span>
    </p>
   </div>
   <div class='ocr_carea' id='block_1_101' title="bbox 592 5386 2175 5463">
    <p class='ocr_par' dir='ltr' id='par_1_101' title="bbox 592 5386 2175 5463">
     <span class='ocr_line' id='line_1_101' title="bbox 592 5386 2175 5463; baseline 0.008 -25"><span class='ocrx_word' id='word_1_668' title='bbox 592 5386 849 5440; x_wconf 86' lang='lat' dir='ltr'><strong>micidam</strong></span> <span class='ocrx_word' id='word_1_669' title='bbox 894 5387 1062 5444; x_wconf 89' lang='lat' dir='ltr'><strong>fuisse</strong></span> <span class='ocrx_word' id='word_1_670' title='bbox 1093 5391 1180 5445; x_wconf 90' lang='lat' dir='ltr'><strong>sui</strong></span> <span class='ocrx_word' id='word_1_671' title='bbox 1207 5391 1218 5445; x_wconf 93' lang='lat'><strong>!</strong></span> <span class='ocrx_word' id='word_1_672' title='bbox 1249 5390 1389 5447; x_wconf 89' lang='lat' dir='ltr'><strong>Ecce</strong></span> <span class='ocrx_word' id='word_1_673' title='bbox 1416 5391 1473 5445; x_wconf 90' lang='lat' dir='ltr'><strong>in</strong></span> <span class='ocrx_word' id='word_1_674' title='bbox 1518 5392 1698 5461; x_wconf 89' lang='lat' dir='ltr'><strong>palam</strong></span> <span class='ocrx_word' id='word_1_675' title='bbox 1728 5392 1995 5461; x_wconf 88' lang='lat' dir='ltr'><strong>processit</strong></span> <span class='ocrx_word' id='word_1_676' title='bbox 2029 5395 2175 5463; x_wconf 88' lang='lat' dir='ltr'><strong>quod</strong></span> 
     </span>
    </p>
   </div>
   <div class='ocr_carea' id='block_1_102' title="bbox 590 5478 2173 5556">
    <p class='ocr_par' dir='ltr' id='par_1_102' title="bbox 590 5478 2173 5556">
     <span class='ocr_line' id='line_1_102' title="bbox 590 5478 2173 5556; baseline 0.006 -25"><span class='ocrx_word' id='word_1_677' title='bbox 590 5478 658 5533; x_wconf 89' lang='lat' dir='ltr'><strong>de</strong></span> <span class='ocrx_word' id='word_1_678' title='bbox 680 5478 1015 5536; x_wconf 88' lang='lat' dir='ltr'><strong>absconditis</strong></span> <span class='ocrx_word' id='word_1_679' title='bbox 1054 5491 1402 5551; x_wconf 85' lang='lat' dir='ltr'><strong>peccatorum</strong></span> <span class='ocrx_word' id='word_1_680' title='bbox 1443 5499 1602 5541; x_wconf 74' lang='lat' dir='ltr'><strong>saera</strong></span> <span class='ocrx_word' id='word_1_681' title='bbox 1633 5482 1913 5554; x_wconf 88' lang='lat' dir='ltr'><strong>Scriptura</strong></span> <span class='ocrx_word' id='word_1_682' title='bbox 1956 5486 2173 5556; x_wconf 88' lang='lat' dir='ltr'><strong>prodit:</strong></span> 
     </span>
    </p>
   </div>
   <div class='ocr_carea' id='block_1_103' title="bbox 592 5573 2189 5649">
    <p class='ocr_par' dir='ltr' id='par_1_103' title="bbox 592 5573 2189 5649">
     <span class='ocr_line' id='line_1_103' title="bbox 592 5573 2189 5649; baseline 0.007 -24"><span class='ocrx_word' id='word_1_683' title='bbox 592 5573 867 5627; x_wconf 84' lang='lat' dir='ltr'><strong>Abscondi</strong></span> <span class='ocrx_word' id='word_1_684' title='bbox 886 5583 1143 5646; x_wconf 88' lang='lat' dir='ltr'><strong>tanquam</strong></span> <span class='ocrx_word' id='word_1_685' title='bbox 1168 5594 1362 5632; x_wconf 90' lang='lat' dir='ltr'><strong>aurum</strong></span> <span class='ocrx_word' id='word_1_686' title='bbox 1377 5588 1598 5649; x_wconf 84' lang='lat' dir='ltr'><strong>peccata</strong></span> <span class='ocrx_word' id='word_1_687' title='bbox 1620 5594 1762 5645; x_wconf 88' lang='lat' dir='ltr'><strong>mea,</strong></span> <span class='ocrx_word' id='word_1_688' title='bbox 1784 5579 2086 5635; x_wconf 82' lang='lat' dir='ltr'><strong>etcelaviin</strong></span> <span class='ocrx_word' id='word_1_689' title='bbox 2110 5581 2189 5636; x_wconf 89' lang='lat' dir='ltr'><strong>si-</strong></span> 
     </span>
    </p>
   </div>
   <div class='ocr_carea' id='block_1_104' title="bbox 597 5666 2174 5745">
    <p class='ocr_par' dir='ltr' id='par_1_104' title="bbox 597 5666 2174 5745">
     <span class='ocr_line' id='line_1_104' title="bbox 597 5666 2174 5745; baseline 0.005 -25"><span class='ocrx_word' id='word_1_690' title='bbox 597 5682 669 5720; x_wconf 78' lang='lat' dir='ltr'><strong>nu</strong></span> <span class='ocrx_word' id='word_1_691' title='bbox 690 5666 1407 5741; x_wconf 68' lang='lat' dir='ltr'><strong>iniquitatemmeam(267).</strong></span> <span class='ocrx_word' id='word_1_692' title='bbox 1433 5671 1565 5739; x_wconf 71' lang='lat' dir='ltr'><strong>Quae</strong></span> <span class='ocrx_word' id='word_1_693' title='bbox 1582 5672 1661 5728; x_wconf 88' lang='lat' dir='ltr'><strong>ira</strong></span> <span class='ocrx_word' id='word_1_694' title='bbox 1684 5671 1919 5745; x_wconf 87' lang='lat' dir='ltr'><strong>odioque</strong></span> <span class='ocrx_word' id='word_1_695' title='bbox 1951 5682 2174 5728; x_wconf 85' lang='lat' dir='ltr'><strong>onerata</strong></span> 
     </span>
    </p>
   </div>
   <div class='ocr_carea' id='block_1_105' title="bbox 669 5826 1140 5898">
    <p class='ocr_par' dir='ltr' id='par_1_105' title="bbox 669 5826 1140 5898">
     <span class='ocr_line' id='line_1_105' title="bbox 669 5826 1140 5898; baseline -0.004 -16"><span class='ocrx_word' id='word_1_696' title='bbox 669 5827 817 5898; x_wconf 75' lang='grc'>(267)</span> <span class='ocrx_word' id='word_1_697' title='bbox 857 5826 955 5881; x_wconf 85' lang='lat' dir='ltr'><strong>Job</strong></span> <span class='ocrx_word' id='word_1_698' title='bbox 994 5844 1140 5882; x_wconf 59' lang='grc' dir='ltr'>χχχι.</span> 
     </span>
    </p>
   </div>
   <div class='ocr_carea' id='block_1_106' title="bbox 2273 4646 3811 4733">
    <p class='ocr_par' dir='ltr' id='par_1_106' title="bbox 2273 4646 3811 4733">
     <span class='ocr_line' id='line_1_106' title="bbox 2273 4646 3811 4733; baseline -0.011 -16"><span class='ocrx_word' id='word_1_699' title='bbox 2273 4646 2366 4733; x_wconf 80' lang='lat' dir='ltr'><strong>jus</strong></span> <span class='ocrx_word' id='word_1_700' title='bbox 2404 4661 2484 4715; x_wconf 91' lang='lat' dir='ltr'><strong>rei</strong></span> <span class='ocrx_word' id='word_1_701' title='bbox 2520 4660 2694 4731; x_wconf 84' lang='lat' dir='ltr'><strong>gratia</strong></span> <span class='ocrx_word' id='word_1_702' title='bbox 2746 4658 2888 4712; x_wconf 86' lang='lat' dir='ltr'><strong>idem</strong></span> <span class='ocrx_word' id='word_1_703' title='bbox 2944 4656 3041 4727; x_wconf 88' lang='lat' dir='ltr'><strong>qui</strong></span> <span class='ocrx_word' id='word_1_704' title='bbox 3081 4664 3206 4726; x_wconf 92' lang='lat' dir='ltr'><strong>post</strong></span> <span class='ocrx_word' id='word_1_705' title='bbox 3249 4654 3501 4710; x_wconf 89' lang='lat' dir='ltr'><strong>militiam</strong></span> <span class='ocrx_word' id='word_1_706' title='bbox 3552 4649 3712 4706; x_wconf 87' lang='lat' dir='ltr'><strong>factus</strong></span> <span class='ocrx_word' id='word_1_707' title='bbox 3748 4652 3811 4700; x_wconf 80' lang='lat' dir='ltr'><strong>est</strong></span> 
     </span>
    </p>
   </div>
   <div class='ocr_carea' id='block_1_107' title="bbox 2277 4737 3809 4822">
    <p class='ocr_par' dir='ltr' id='par_1_107' title="bbox 2277 4737 3809 4822">
     <span class='ocr_line' id='line_1_107' title="bbox 2277 4737 3809 4822; baseline -0.013 -12"><span class='ocrx_word' id='word_1_708' title='bbox 2277 4754 2586 4810; x_wconf 79' lang='lat' dir='ltr'><strong>monachus</strong></span> <span class='ocrx_word' id='word_1_709' title='bbox 2613 4794 2627 4819; x_wconf 95' lang='lat'><strong>,</strong></span> <span class='ocrx_word' id='word_1_710' title='bbox 2671 4752 2872 4822; x_wconf 88' lang='lat' dir='ltr'><strong>pietate</strong></span> <span class='ocrx_word' id='word_1_711' title='bbox 2914 4750 3143 4820; x_wconf 88' lang='lat' dir='ltr'><strong>plenus,</strong></span> <span class='ocrx_word' id='word_1_712' title='bbox 3183 4763 3252 4803; x_wconf 76' lang='lat' dir='ltr'><strong>ex</strong></span> <span class='ocrx_word' id='word_1_713' title='bbox 3291 4746 3643 4818; x_wconf 87' lang='lat' dir='ltr'><strong>permissione</strong></span> <span class='ocrx_word' id='word_1_714' title='bbox 3676 4737 3809 4793; x_wconf 82' lang='lat' dir='ltr'><strong>abha-</strong></span> 
     </span>
    </p>
   </div>
   <div class='ocr_carea' id='block_1_108' title="bbox 2277 4835 3809 4915">
    <p class='ocr_par' dir='ltr' id='par_1_108' title="bbox 2277 4835 3809 4915">
     <span class='ocr_line' id='line_1_108' title="bbox 2277 4835 3809 4915; baseline -0.012 -13"><span class='ocrx_word' id='word_1_715' title='bbox 2277 4847 2347 4902; x_wconf 91' lang='lat' dir='ltr'><strong>tis</strong></span> <span class='ocrx_word' id='word_1_716' title='bbox 2395 4848 2499 4902; x_wconf 91' lang='lat' dir='ltr'><strong>sub</strong></span> <span class='ocrx_word' id='word_1_717' title='bbox 2558 4845 2719 4914; x_wconf 89' lang='lat' dir='ltr'><strong>cujus</strong></span> <span class='ocrx_word' id='word_1_718' title='bbox 2772 4843 3037 4915; x_wconf 84' lang='lat' dir='ltr'><strong>regimine</strong></span> <span class='ocrx_word' id='word_1_719' title='bbox 3102 4842 3363 4912; x_wconf 85' lang='lat' dir='ltr'><strong>degebat,</strong></span> <span class='ocrx_word' id='word_1_720' title='bbox 3413 4837 3563 4893; x_wconf 89' lang='lat' dir='ltr'><strong>misit</strong></span> <span class='ocrx_word' id='word_1_721' title='bbox 3616 4835 3809 4904; x_wconf 82' lang='lat' dir='ltr'><strong>legatum</strong></span> 
     </span>
    </p>
   </div>
   <div class='ocr_carea' id='block_1_109' title="bbox 2275 4924 3806 5009">
    <p class='ocr_par' dir='ltr' id='par_1_109' title="bbox 2275 4924 3806 5009">
     <span class='ocr_line' id='line_1_109' title="bbox 2275 4924 3806 5009; baseline -0.011 -14"><span class='ocrx_word' id='word_1_722' title='bbox 2275 4941 2343 4995; x_wconf 86' lang='lat' dir='ltr'><strong>ad</strong></span> <span class='ocrx_word' id='word_1_723' title='bbox 2368 4941 2543 4995; x_wconf 89' lang='lat' dir='ltr'><strong>virum</strong></span> <span class='ocrx_word' id='word_1_724' title='bbox 2571 4938 3048 5009; x_wconf 73' lang='lat' dir='ltr'><strong>praenominatum,</strong></span> <span class='ocrx_word' id='word_1_725' title='bbox 3075 4950 3276 5006; x_wconf 81' lang='lat' dir='ltr'><strong>rogans</strong></span> <span class='ocrx_word' id='word_1_726' title='bbox 3304 4943 3365 4988; x_wconf 82' lang='lat' dir='ltr'><strong>ut</strong></span> <span class='ocrx_word' id='word_1_727' title='bbox 3406 4933 3476 4988; x_wconf 91' lang='lat' dir='ltr'><strong>ob</strong></span> <span class='ocrx_word' id='word_1_728' title='bbox 3503 4924 3806 4985; x_wconf 76' lang='lat' dir='ltr'><strong>reverentiam</strong></span> 
     </span>
    </p>
   </div>
   <div class='ocr_carea' id='block_1_110' title="bbox 2283 5019 3805 5111">
    <p class='ocr_par' dir='ltr' id='par_1_110' title="bbox 2283 5019 3805 5111">
     <span class='ocr_line' id='line_1_110' title="bbox 2283 5019 3805 5111; baseline -0.01 -26"><span class='ocrx_word' id='word_1_729' title='bbox 2283 5030 2340 5085; x_wconf 90' lang='lat' dir='ltr'><strong>S.</strong></span> <span class='ocrx_word' id='word_1_730' title='bbox 2374 5029 2520 5085; x_wconf 86' lang='lat' dir='ltr'><strong>Petri</strong></span> <span class='ocrx_word' id='word_1_731' title='bbox 2548 5029 2617 5083; x_wconf 88' lang='lat' dir='ltr'><strong>ad</strong></span> <span class='ocrx_word' id='word_1_732' title='bbox 2647 5043 2708 5083; x_wconf 90' lang='lat' dir='ltr'><strong>se</strong></span> <span class='ocrx_word' id='word_1_733' title='bbox 2737 5027 2921 5081; x_wconf 90' lang='lat' dir='ltr'><strong>minus</strong></span> <span class='ocrx_word' id='word_1_734' title='bbox 2962 5025 3243 5096; x_wconf 87' lang='lat' dir='ltr'><strong>pigritaret</strong></span> <span class='ocrx_word' id='word_1_735' title='bbox 3292 5023 3493 5079; x_wconf 89' lang='lat' dir='ltr'><strong>venire.</strong></span> <span class='ocrx_word' id='word_1_736' title='bbox 3527 5019 3633 5111; x_wconf 85' lang='lat' dir='ltr'><strong>Qui</strong></span> <span class='ocrx_word' id='word_1_737' title='bbox 3650 5028 3805 5111; x_wconf 57' lang='lat' dir='ltr'><strong>quant-</strong></span> 
     </span>
    </p>
   </div>
   <div class='ocr_carea' id='block_1_111' title="bbox 2280 5102 3804 5189">
    <p class='ocr_par' dir='ltr' id='par_1_111' title="bbox 2280 5102 3804 5189">
     <span class='ocr_line' id='line_1_111' title="bbox 2280 5102 3804 5189; baseline -0.007 -15"><span class='ocrx_word' id='word_1_738' title='bbox 2280 5120 2365 5175; x_wconf 89' lang='lat' dir='ltr'><strong>vis</strong></span> <span class='ocrx_word' id='word_1_739' title='bbox 2407 5117 2811 5189; x_wconf 89' lang='lat' dir='ltr'><strong>aliquantulum</strong></span> <span class='ocrx_word' id='word_1_740' title='bbox 2837 5115 3044 5169; x_wconf 88' lang='lat' dir='ltr'><strong>veritus</strong></span> <span class='ocrx_word' id='word_1_741' title='bbox 3070 5122 3220 5169; x_wconf 89' lang='lat' dir='ltr'><strong>esset</strong></span> <span class='ocrx_word' id='word_1_742' title='bbox 3249 5112 3560 5184; x_wconf 86' lang='lat' dir='ltr'><strong>religionem</strong></span> <span class='ocrx_word' id='word_1_743' title='bbox 3593 5106 3680 5160; x_wconf 90' lang='lat' dir='ltr'><strong>viri</strong></span> <span class='ocrx_word' id='word_1_744' title='bbox 3707 5102 3804 5164; x_wconf 68' lang='lat' dir='ltr'><strong>Dei.</strong></span> 
     </span>
    </p>
   </div>
   <div class='ocr_carea' id='block_1_112' title="bbox 2280 5200 3805 5273">
    <p class='ocr_par' dir='ltr' id='par_1_112' title="bbox 2280 5200 3805 5273">
     <span class='ocr_line' id='line_1_112' title="bbox 2280 5200 3805 5273; baseline -0.012 -6"><span class='ocrx_word' id='word_1_745' title='bbox 2280 5221 2465 5269; x_wconf 87' lang='lat' dir='ltr'><strong>tamen</strong></span> <span class='ocrx_word' id='word_1_746' title='bbox 2516 5226 2627 5265; x_wconf 90' lang='lat' dir='ltr'><strong>non</strong></span> <span class='ocrx_word' id='word_1_747' title='bbox 2686 5208 2931 5273; x_wconf 88' lang='lat' dir='ltr'><strong>humilis,</strong></span> <span class='ocrx_word' id='word_1_748' title='bbox 2980 5206 3077 5262; x_wconf 91' lang='lat' dir='ltr'><strong>sed</strong></span> <span class='ocrx_word' id='word_1_749' title='bbox 3126 5205 3373 5260; x_wconf 90' lang='lat' dir='ltr'><strong>tumidus</strong></span> <span class='ocrx_word' id='word_1_750' title='bbox 3423 5202 3648 5257; x_wconf 86' lang='lat' dir='ltr'><strong>advenit.</strong></span> <span class='ocrx_word' id='word_1_751' title='bbox 3697 5200 3805 5249; x_wconf 69' lang='lat' dir='ltr'><strong>Ante</strong></span> 
     </span>
    </p>
   </div>
   <div class='ocr_carea' id='block_1_113' title="bbox 2281 5294 3805 5375">
    <p class='ocr_par' dir='ltr' id='par_1_113' title="bbox 2281 5294 3805 5375">
     <span class='ocr_line' id='line_1_113' title="bbox 2281 5294 3805 5375; baseline -0.014 -15"><span class='ocrx_word' id='word_1_752' title='bbox 2281 5319 2445 5375; x_wconf 90' lang='lat' dir='ltr'><strong>quem</strong></span> <span class='ocrx_word' id='word_1_753' title='bbox 2473 5317 2601 5358; x_wconf 89' lang='lat' dir='ltr'><strong>cum</strong></span> <span class='ocrx_word' id='word_1_754' title='bbox 2621 5300 2706 5354; x_wconf 90' lang='lat' dir='ltr'><strong>vir</strong></span> <span class='ocrx_word' id='word_1_755' title='bbox 2728 5299 2825 5354; x_wconf 88' lang='lat' dir='ltr'><strong>Dei</strong></span> <span class='ocrx_word' id='word_1_756' title='bbox 2870 5300 2926 5352; x_wconf 89' lang='lat' dir='ltr'><strong>in</strong></span> <span class='ocrx_word' id='word_1_757' title='bbox 2955 5298 3180 5353; x_wconf 77' lang='lat' dir='ltr'><strong>modum</strong></span> <span class='ocrx_word' id='word_1_758' title='bbox 3220 5296 3402 5352; x_wconf 89' lang='lat' dir='ltr'><strong>crucis</strong></span> <span class='ocrx_word' id='word_1_759' title='bbox 3433 5301 3575 5349; x_wconf 87' lang='lat' dir='ltr'><strong>esset</strong></span> <span class='ocrx_word' id='word_1_760' title='bbox 3610 5294 3805 5359; x_wconf 78' lang='lat' dir='ltr'><strong>prostra-</strong></span> 
     </span>
    </p>
   </div>
   <div class='ocr_carea' id='block_1_114' title="bbox 2285 5379 3800 5473">
    <p class='ocr_par' dir='ltr' id='par_1_114' title="bbox 2285 5379 3800 5473">
     <span class='ocr_line' id='line_1_114' title="bbox 2285 5379 3800 5473; baseline -0.012 -23"><span class='ocrx_word' id='word_1_761' title='bbox 2285 5404 2394 5462; x_wconf 92' lang='lat' dir='ltr'><strong>tus,</strong></span> <span class='ocrx_word' id='word_1_762' title='bbox 2418 5402 2584 5464; x_wconf 88' lang='lat' dir='ltr'><strong>atque</strong></span> <span class='ocrx_word' id='word_1_763' title='bbox 2615 5391 2684 5446; x_wconf 90' lang='lat' dir='ltr'><strong>ab</strong></span> <span class='ocrx_word' id='word_1_764' title='bbox 2711 5407 2778 5446; x_wconf 92' lang='lat' dir='ltr'><strong>eo</strong></span> <span class='ocrx_word' id='word_1_765' title='bbox 2802 5405 2912 5445; x_wconf 90' lang='lat' dir='ltr'><strong>non</strong></span> <span class='ocrx_word' id='word_1_766' title='bbox 2935 5389 3056 5444; x_wconf 91' lang='lat' dir='ltr'><strong>sine</strong></span> <span class='ocrx_word' id='word_1_767' title='bbox 3095 5388 3453 5444; x_wconf 87' lang='lat' dir='ltr'><strong>admiratione</strong></span> <span class='ocrx_word' id='word_1_768' title='bbox 3489 5379 3800 5473; x_wconf 81' lang='lat' dir='ltr'><strong>fuisset</strong></span> 
     </span>
    </p>
   </div>
   <div class='ocr_carea' id='block_1_115' title="bbox 2281 5466 3798 5552">
    <p class='ocr_par' dir='ltr' id='par_1_115' title="bbox 2281 5466 3798 5552">
     <span class='ocr_line' id='line_1_115' title="bbox 2281 5466 3798 5552; baseline -0.011 -10"><span class='ocrx_word' id='word_1_769' title='bbox 2281 5496 2392 5552; x_wconf 90' lang='lat' dir='ltr'><strong>tus,</strong></span> <span class='ocrx_word' id='word_1_770' title='bbox 2452 5483 2757 5539; x_wconf 88' lang='lat' dir='ltr'><strong>humillime</strong></span> <span class='ocrx_word' id='word_1_771' title='bbox 2800 5481 2937 5535; x_wconf 72' lang='lat' dir='ltr'><strong>dixit</strong></span> <span class='ocrx_word' id='word_1_772' title='bbox 2968 5478 3037 5534; x_wconf 89' lang='lat' dir='ltr'><strong>ad</strong></span> <span class='ocrx_word' id='word_1_773' title='bbox 3085 5493 3256 5534; x_wconf 87' lang='lat' dir='ltr'><strong>eum:</strong></span> <span class='ocrx_word' id='word_1_774' title='bbox 3309 5472 3440 5544; x_wconf 63' lang='lat' dir='ltr'><strong>Quae</strong></span> <span class='ocrx_word' id='word_1_775' title='bbox 3471 5474 3660 5530; x_wconf 87' lang='lat' dir='ltr'><strong>utilitas</strong></span> <span class='ocrx_word' id='word_1_776' title='bbox 3700 5466 3798 5526; x_wconf 71' lang='lat' dir='ltr'><strong>tibi.</strong></span> 
     </span>
    </p>
   </div>
   <div class='ocr_carea' id='block_1_116' title="bbox 2283 5565 3796 5641">
    <p class='ocr_par' dir='ltr' id='par_1_116' title="bbox 2283 5565 3796 5641">
     <span class='ocr_line' id='line_1_116' title="bbox 2283 5565 3796 5641; baseline -0.017 -8"><span class='ocrx_word' id='word_1_777' title='bbox 2283 5578 2467 5633; x_wconf 89' lang='lat' dir='ltr'><strong>senior</strong></span> <span class='ocrx_word' id='word_1_778' title='bbox 2518 5577 2679 5640; x_wconf 88' lang='lat' dir='ltr'><strong>bone,</strong></span> <span class='ocrx_word' id='word_1_779' title='bbox 2733 5573 2881 5628; x_wconf 88' lang='lat' dir='ltr'><strong>illius</strong></span> <span class='ocrx_word' id='word_1_780' title='bbox 2912 5571 3008 5626; x_wconf 87' lang='lat' dir='ltr'><strong>filii</strong></span> <span class='ocrx_word' id='word_1_781' title='bbox 3044 5571 3151 5625; x_wconf 86' lang='lat' dir='ltr'><strong>mei</strong></span> <span class='ocrx_word' id='word_1_782' title='bbox 3196 5569 3477 5641; x_wconf 87' lang='lat' dir='ltr'><strong>sanguine,</strong></span> <span class='ocrx_word' id='word_1_783' title='bbox 3517 5577 3662 5636; x_wconf 85' lang='lat' dir='ltr'><strong>quem</strong></span> <span class='ocrx_word' id='word_1_784' title='bbox 3704 5565 3796 5611; x_wconf 74' lang='lat' dir='ltr'><strong>mii—</strong></span> 
     </span>
    </p>
   </div>
   <div class='ocr_carea' id='block_1_117' title="bbox 2286 5658 3797 5741">
    <p class='ocr_par' dir='ltr' id='par_1_117' title="bbox 2286 5658 3797 5741">
     <span class='ocr_line' id='line_1_117' title="bbox 2286 5658 3797 5741; baseline -0.005 -16"><span class='ocrx_word' id='word_1_785' title='bbox 2286 5680 2471 5741; x_wconf 64' lang='lat' dir='ltr'><strong>tepere</strong></span> <span class='ocrx_word' id='word_1_786' title='bbox 2520 5668 2676 5739; x_wconf 88' lang='lat' dir='ltr'><strong>cupis</strong></span> <span class='ocrx_word' id='word_1_787' title='bbox 2720 5664 3062 5721; x_wconf 84' lang='lat' dir='ltr'><strong>interfectum</strong></span> <span class='ocrx_word' id='word_1_788' title='bbox 3114 5664 3177 5718; x_wconf 93' lang='lat' dir='ltr'><strong>iri</strong></span> <span class='ocrx_word' id='word_1_789' title='bbox 3228 5678 3256 5718; x_wconf 87' lang='lat' dir='ltr'><strong>a</strong></span> <span class='ocrx_word' id='word_1_790' title='bbox 3293 5663 3442 5718; x_wconf 84' lang='lat' dir='ltr'><strong>tuis?</strong></span> <span class='ocrx_word' id='word_1_791' title='bbox 3487 5658 3591 5730; x_wconf 76' lang='lat' dir='ltr'><strong>Ego</strong></span> <span class='ocrx_word' id='word_1_792' title='bbox 3639 5662 3797 5726; x_wconf 58' lang='lat' dir='ltr'><strong>paup&quot;</strong></span> 
     </span>
    </p>
   </div>
   <div class='ocr_carea' id='block_1_118' title="bbox 2358 5820 3151 5898">
    <p class='ocr_par' dir='ltr' id='par_1_118' title="bbox 2358 5820 3151 5898">
     <span class='ocr_line' id='line_1_118' title="bbox 2358 5820 3151 5898; baseline -0.009 -17"><span class='ocrx_word' id='word_1_793' title='bbox 2358 5826 2504 5898; x_wconf 63' lang='lat'><strong>(“268)</strong></span> <span class='ocrx_word' id='word_1_794' title='bbox 2548 5823 2574 5878; x_wconf 86' lang='grc' dir='ltr'><em>Ι</em></span> <span class='ocrx_word' id='word_1_795' title='bbox 2608 5823 2753 5877; x_wconf 82' lang='lat' dir='ltr'><strong>Pelr.</strong></span> <span class='ocrx_word' id='word_1_796' title='bbox 2791 5838 2870 5887; x_wconf 83' lang='lat' dir='ltr'><strong>tv;</strong></span> <span class='ocrx_word' id='word_1_797' title='bbox 2906 5820 3043 5875; x_wconf 82' lang='lat' dir='ltr'><strong>Prov</strong></span> <span class='ocrx_word' id='word_1_798' title='bbox 3097 5837 3151 5876; x_wconf 68' lang='grc' dir='ltr'><strong>ι.</strong></span> 
     </span>
    </p>
   </div>
  </div>
