4018 6382
206 332 350 419 rosa
440 386 443 387 ,

885 341 971 399 DE
1011 344 1389 404 MIRACUIJS
1428 351 1484 406 S.
1530 351 1785 407 EMMER.

1887 354 1959 408 Μι-
1991 356 2174 413 LIBRI
2213 358 2372 417 DUO.
2412 392 2483 403 -—-
2522 362 2649 420 LIB.
2690 364 2752 420 li.

3332 369 3471 425 1086

199 464 393 504 servus
428 464 711 507 servorum
745 450 839 508 Dei
868 464 922 509 et
944 464 1094 525 tuus,
1131 474 1263 530 rogo
1299 470 1350 516 te
1380 471 1442 517 ut
1487 479 1583 533 per
1617 466 1783 521 mise-
1809 468 1857 523 Α
1882 469 2133 542 conjugis
2192 473 2420 531 audiens
2478 478 2952 534 eorumanentibus
3010 482 3213 552 grande
3252 484 3471 553 pericu—
3530 540 3535 550 ,

197 538 494 595 ricordiam
537 540 749 596 Domini
775 545 949 600 nostri
981 544 1111 602 Jesu
1147 549 1391 606 animum
1417 559 1574 609 tuum
1608 555 1678 609 ab
1704 555 1790 609 in-

196 643 381 704 cmpto
415 635 692 691 retrahere
729 637 885 704 velis,
925 649 979 694 et
1001 640 1224 710 misero,
1260 643 1356 713 qui
1385 645 1635 716 dignitati
1684 655 1790 703 tuas

197 724 461 783 resistere
493 743 603 783 non
638 738 839 799 potest,
870 747 1094 802 parcere
1134 734 1395 805 digneris.
1428 736 1503 792 At
1532 739 1622 794 ille
1656 755 1787 795 ran-

194 834 328 873 core
363 820 630 890 superbire
677 822 875 889 elatus,
921 833 1085 895 atque
1130 825 1339 883 inimici
1376 829 1615 885 stimulis
1659 847 1790 887 εχει

195 920 471 979 speratus,
493 911 808 982 juramento
844 918 1172 974 sacramenti
1208 920 1441 976 atiirmat
1466 923 1633 978 vitam
1662 938 1791 993 pro—-

193 1002 375 1071 priam
407 1019 514 1058 non
538 1004 795 1063 libentius
820 1009 957 1064 velle
982 1010 1142 1078 tueri,
1165 1027 1332 1082 quam
1362 1014 1468 1071 hoc
1494 1016 1579 1070 vel
1609 1030 1707 1086 per
1731 1031 1791 1073 se

194 1096 285 1150 vel
318 1112 415 1167 per
441 1112 572 1153 suos
596 1098 826 1169 eilieere,
864 1110 925 1156 ut
956 1103 1077 1173 ejus
1130 1105 1241 1160 vita
1276 1122 1376 1177 pro
1416 1124 1527 1178 quo
1555 1120 1667 1164 tam
1693 1109 1791 1164 oh—

194 1188 328 1243 nixe
364 1189 529 1245 homo
554 1189 650 1245 Dei
688 1193 1050 1262 supplicabat,
1076 1197 1252 1265 possit
1275 1199 1584 1268 extorqueri
1612 1210 1669 1255 et
1690 1215 1790 1255 ex-

193 1276 424 1348 stingui.
459 1276 613 1335 Tunc
638 1280 862 1337 humilis
888 1284 1192 1340 monachus
1219 1286 1394 1356 magis
1415 1302 1513 1358 pro
1532 1303 1598 1343 eo
1624 1304 1789 1359 quam

191 1372 299 1439 pro
316 1369 447 1437 tilio,
463 1371 719 1443 lacrymis
741 1372 981 1442 infusus,
1004 1376 1082 1430 ait
1106 1395 1119 1431 :
1144 1375 1263 1445 Eia,
1286 1378 1369 1433 eia
1385 1420 1401 1446 ,
1424 1378 1643 1435 domine
1661 1379 1791 1452 Agi-

192 1457 371 1527 nulfe,
395 1477 560 1531 quam
592 1463 818 1520 libenter
857 1474 911 1520 et
946 1482 1110 1537 quam
1143 1469 1456 1524 necessario
1491 1470 1705 1537 vellem,
1743 1471 1790 1527 si

190 1554 438 1623 peccatis
457 1554 594 1611 meis
617 1553 906 1612 Dominum
926 1574 1121 1631 rogare
1136 1560 1414 1628 auderem,
1431 1570 1489 1617 ut
1511 1571 1569 1617 tu
1581 1563 1791 1625 videres

190 1643 348 1702 hunc
384 1646 542 1717 cujus
576 1663 672 1718 per
711 1651 1112 1721 suggestionem
1153 1652 1433 1710 homicidii
1485 1655 1792 1710 amaritudo

189 1736 337 1791 adeo
361 1738 750 1796 tibiduleorata
760 1752 863 1809 est,
880 1758 991 1813 quo
1016 1759 1117 1799 nec
1133 1744 1205 1799 ob
1230 1745 1658 1801 misericordiam
1672 1745 1789 1814 Dei,

191 1843 377 1898 neque
399 1829 468 1884 ob
493 1832 856 1889 reverentiam
879 1834 1025 1890 beati
1058 1834 1206 1891 Petri
1236 1851 1268 1891 a
1289 1844 1443 1893 tanto
1480 1837 1627 1893 malo
1654 1839 1790 1895 velis

191 1921 455 1977 inhiberi.
491 1921 719 1979 Conﬁdo
766 1926 825 1981 in
864 1925 1099 1983 Domino
1133 1929 1262 1999 quia
1293 1930 1340 1984 si
1369 1930 1522 1985 illum
1553 1930 1789 1998 videres,

189 2014 444 2069 animum
480 2015 598 2071 sine
627 2016 889 2074 dilatione
910 2019 1305 2081 mutares.,His
1333 2030 1389 2077 et
1409 2021 1788 2091 hujuscemodi

189 2103 357 2159 dictis
383 2112 439 2159 et
483 2105 706 2173 auditis,
746 2107 884 2163 abiit
922 2109 1017 2180 qui
1042 2119 1269 2166 vocatus
1310 2119 1556 2178 venerat,
1590 2112 1789 2167 mentis

190 2195 485 2252 obstinatae
543 2212 732 2252 secum
789 2214 933 2256 onus
978 2209 1228 2271 portans.
1280 2200 1485 2257 Verum
1541 2202 1789 2273 proxima

193 2297 360 2342 nocte
406 2288 578 2344 sensit
615 2305 710 2360 per
751 2292 1055 2363 principem
1099 2295 1446 2350 tenebrarum
1487 2296 1790 2364 mortisque

193 2379 516 2436 ministrum
573 2383 721 2455 quod
780 2383 1092 2440 faciendum
1154 2387 1478 2457 proterviter
1550 2388 1790 2443 decrevit

189 2488 361 2543 quam
388 2471 531 2530 foret
566 2474 875 2532 sinistrum.
916 2475 1056 2533 Nam
1090 2478 1148 2533 in
1175 2480 1352 2549 prima
1376 2480 1558 2551 vigilia
1585 2481 1785 2549 noctis,

188 2564 316 2635 ipso
350 2566 606 2637 Aginult’o
640 2584 767 2624 eum
796 2571 1029 2642 conjuge
1050 2588 1151 2627 sua
1184 2574 1240 2627 in
1282 2573 1427 2630 lecto
1459 2573 1785 2643 decuhante,

187 2664 247 2711 et
278 2657 623 2730 pedissequis
670 2661 1007 2732 puellaribus
1045 2663 1102 2718 in
1151 2666 1409 2721 conclave
1457 2666 1573 2736 jam
1616 2674 1787 2724 strata

190 2746 527 2817 foventibus,
550 2768 652 2808 nec
691 2770 802 2809 non
837 2771 949 2826 prae
981 2754 1193 2813 foribus
1235 2758 1588 2815 cubiculariis
1621 2775 1787 2816 excu-

189 2840 472 2911 bantibus,
501 2844 685 2900 subito
731 2848 986 2917 apparuit
1033 2848 1288 2920 Aithiops
1324 2851 1393 2906 ad
1441 2851 1786 2909 fornaculum

192 2942 371 3001 stans,
400 2935 496 3005 qui
540 2936 704 3007 lignis
734 2939 804 2993 ad
852 2955 1061 3009 prunas
1101 2940 1217 3011 jam
1263 2942 1462 3011 partim
1508 2952 1786 3001 emortuas

192 3027 462 3096 appositis
496 3028 675 3099 ignem
712 3030 945 3086 amando
982 3034 1285 3100 succendit,
1323 3044 1487 3106 atque
1522 3046 1786 3093 terrorem

191 3131 323 3171 cum
355 3126 580 3188 stupore
628 3119 963 3177 horribiliter
1006 3124 1092 3179 his
1136 3125 1230 3195 qui
1273 3127 1501 3183 aderant
1534 3129 1783 3195 incussit,

194 3223 300 3263 nec
346 3225 455 3264 non
500 3227 637 3281 pene
672 3214 920 3270 omnium
950 3217 1064 3273 haec
1092 3218 1424 3277 intuentium
1458 3222 1603 3278 vires
1629 3228 1786 3277 ener-

190 3316 332 3357 vans
358 3303 493 3359 adeo
519 3306 783 3375 excussit,
817 3316 896 3376 ut,
922 3324 1048 3364 eum
1072 3313 1387 3367 necessario
1426 3313 1579 3384 loqui
1619 3325 1785 3388 atque

192 3396 477 3466 signaculo
513 3399 694 3455 crucis
730 3402 814 3456 vel
841 3402 965 3458 ﬁdei
1006 3403 1306 3460 munimine
1332 3404 1550 3477 signare
1575 3423 1634 3463 se
1668 3410 1783 3464 vel~

192 3487 328 3556 lent,
360 3505 468 3544 non
496 3492 675 3546 solum
716 3493 822 3549 hoc
856 3495 1098 3565 proﬁcue
1127 3496 1310 3553 facere
1341 3499 1650 3569 nequirent,
1687 3502 1782 3557 sed

191 3594 297 3636 nec
323 3581 515 3639 saltem
546 3585 744 3639 mutire
782 3595 1031 3656 possent,
1055 3596 1284 3659 excepto
1312 3591 1462 3660 quod
1491 3607 1586 3660 per
1612 3600 1782 3649 totam

195 3681 416 3731 noctem
451 3676 838 3734 miserabiliter
882 3681 1185 3748 ululabant,
1215 3682 1581 3754 dentibusque
1603 3685 1783 3743 inces-

193 3776 382 3824 santer
410 3769 727 3825 stridebant.
764 3770 917 3827 Tunc
942 3772 1200 3829 dominus
1234 3774 1453 3843 domus,
1486 3775 1606 3847 ipse
1642 3778 1785 3833 vide-

192 3859 327 3916 licet
357 3860 672 3932 Aginult‘ns,
705 3864 893 3919 videns
914 3864 1191 3920 diabolum
1237 3868 1490 3924 cominus
1524 3877 1779 3939 stantem,

189 3962 249 4011 et
269 3954 430 4024 quasi
459 3955 527 4010 ad
554 3954 733 4011 focum
770 3974 828 4012 se
854 3957 1284 4026 ealel'acientcm,
1331 3960 1514 4016 timuit
1537 3961 1691 4017 valde
1714 3979 1783 4020 ne

192 4045 243 4099 is
273 4044 369 4115 qui
419 4061 486 4100 ex
535 4046 833 4119 improviso
881 4049 1234 4117 adveniebat,
1291 4051 1464 4122 niger,
1511 4053 1779 4124 hispidus,

191 4135 452 4191 horridus
487 4137 707 4208 hospes,
756 4150 1025 4210 potestate
1071 4143 1304 4213 desuper
1352 4144 1498 4211 data,
1539 4162 1597 4201 se
1640 4147 1782 4203 intra

189 4228 528 4285 domesticos
545 4232 783 4300 parietes
802 4248 832 4287 e
857 4234 1037 4290 medio
1061 4243 1295 4305 raperet,
1323 4245 1379 4292 et
1404 4237 1782 4296 infelicissima

190 4336 321 4375 cum
341 4320 467 4376 tiliis
495 4322 754 4393 gehennae
777 4340 934 4379 suum
962 4341 1030 4381 ex
1063 4326 1271 4383 advena
1295 4328 1663 4386 domesticum
1700 4330 1782 4388 fa-

192 4420 362 4467 ceret.
394 4411 787 4484 Quid-ageret?
834 4416 968 4486 quid
999 4418 1215 4473 consilii
1244 4422 1499 4490 caperet?
1528 4423 1782 4480 maximis

1890 560 2004 615 lum
2035 560 2351 621 incubuisse
2389 568 2641 622 nocturni
2667 568 2902 637 timoris,
2929 570 3065 625 dixit
3090 590 3103 625 :
3133 570 3252 627 Non
3278 573 3470 644 ignoro

1890 661 2113 722 propter
2148 663 2368 724 peccata
2394 672 2513 711 mea
2539 658 2743 713 malum
2772 660 2877 715 hoc
2905 661 3191 729 accidisse,
3218 664 3365 733 quod
3391 672 3472 735 tot

1890 742 2140 799 homines
2176 746 2402 818 contigit
2451 764 2548 818 per
2571 759 2742 806 totam
2785 760 2998 808 noctem
3040 755 3276 824 graviter
3316 756 3471 811 labo-

1890 839 2063 893 rando
2091 840 2317 897 insimul
2348 843 2571 900 vidisse.
2605 844 2814 901 Idcirco
2840 845 2910 900 ad
2948 846 3126 901 virum
3160 847 3275 914 Dei,
3304 864 3466 919 quem

1890 930 2142 1008 hesterna
2166 934 2254 990 die
2278 937 2510 1007 superbe
2535 938 2859 1008 contempsi,
2893 940 3053 994 hodie
3084 941 3218 996 mihi
3250 942 3471 996 humili-

1886 1006 1974 1079 ter
2021 1025 2388 1094 repedandum
2442 1029 2590 1085 novi.
2643 1028 2708 1084 Et
2748 1006 3039 1086 confestim
3086 1047 3312 1104 pergens
3357 1048 3473 1103 quo

1889 1121 2129 1177 eundum
2163 1124 2428 1193 decrevit,
2460 1127 2729 1183 advocato
2764 1127 2869 1183 viri
2902 1126 2997 1182 Dei
3035 1138 3181 1194 nato,
3222 1128 3341 1183 solo
3383 1136 3468 1182 te-

1890 1225 1996 1267 nus
2024 1228 2209 1269 coram
2254 1231 2320 1271 eo
2372 1229 2702 1287 prostratus,
2749 1218 3123 1289 pcenitentiam
3156 1220 3269 1291 egit
3306 1236 3472 1290 super

1890 1317 1957 1356 ea
1992 1306 2137 1373 quod
2188 1308 2359 1377 priori
2406 1310 2493 1366 die
2540 1312 2676 1366 adeo
2707 1311 3061 1366 inexorabilis
3096 1314 3326 1379 exstitit,
3369 1329 3471 1368 nec

1892 1408 2002 1448 non
2048 1412 2238 1467 pacem
2278 1401 2423 1456 ultro
2450 1403 2500 1457 ei
2549 1404 2768 1470 obtulit,
2810 1420 2936 1460 cum
2971 1419 3093 1458 eam
3133 1404 3263 1459 dare
3316 1405 3470 1475 prius

1891 1486 2054 1541 etiam
2086 1499 2311 1561 rogatus
2336 1495 2625 1549 recusavit.
2659 1494 2830 1565 Cujus
2872 1496 2953 1550 rei
2982 1496 3154 1564 gratia
3182 1496 3347 1552 homo
3376 1496 3471 1553 Dei

1892 1577 2215 1647 laatitieatus,
2252 1581 2621 1655 Omnipotenti
2666 1586 2984 1657 magniﬁcas
3029 1597 3211 1658 grates
3250 1588 3468 1656 retulit,

1893 1678 1948 1724 et
1982 1671 2339 1730 nihilominus
2368 1678 2550 1733 omnis
2599 1680 2773 1748 plebs,
2830 1688 2891 1733 ut
2942 1680 3167 1747 audivit,
3218 1680 3473 1737 humana:

1895 1762 2109 1819 duritiae
2142 1768 2507 1825 molliﬁcatori
2535 1771 2725 1828 laudes
2751 1773 2916 1827 dedit.
2951 1791 2971 1824 ›

2495 1862 2881 1919 Ammouicius.

1966 1969 1985 2002 ‹
2021 1950 2205 2007 Placet
2238 1953 2394 2021 mihi,
2445 1953 2638 2021 fateor,
2699 1957 2967 2016 sententia
3016 1974 3183 2031 quam
3224 1959 3295 2016 ob
3333 1975 3472 2031 pro-

1888 2040 2121 2099 dandam
2168 2044 2335 2099 simul
2359 2055 2417 2100 et
2442 2048 2739 2105 cavendam
2785 2052 3149 2123 suggestionis
3193 2053 3474 2109 diabolicae

1888 2134 2149 2190 malitiam
2179 2137 2428 2206 proximo
2453 2139 2795 2212 descripsisti
2827 2144 3090 2213 capitulo,
3122 2161 3265 2215 quae,
3310 2154 3370 2200 ut
3390 2145 3475 2199 vi—

1887 2226 2046 2282 detur
2073 2244 2206 2284 mere
2238 2230 2513 2300 parvitati,
2548 2249 2659 2289 non
2702 2235 3149 2293 inconvenienter
3184 2237 3328 2293 visio
3349 2236 3472 2291 viva

1885 2327 2063 2389 potest
2096 2320 2222 2387 dici,
2245 2322 2377 2391 quia
2410 2339 2505 2393 per
2550 2339 2671 2380 eam
2716 2326 2973 2382 inimicus
3008 2328 3175 2383 homo
3222 2344 3254 2383 a
3301 2338 3477 2383 morte

1885 2410 2121 2481 proximi
2158 2422 2245 2469 est
2297 2416 2628 2485 prohibitus,
2682 2427 2849 2489 atque
2904 2418 3060 2475 vivus
3088 2436 3217 2477 cum
3254 2420 3378 2475 vivo
3414 2420 3472 2474 in

1887 2500 2119 2570 gratiam
2149 2505 2464 2561 communis
2498 2506 2857 2565 humanitatis
2893 2510 3154 2565 vivaciter
3200 2518 3286 2565 est
3312 2510 3474 2566 redu-

1886 2598 2027 2645 ctus.
2059 2589 2133 2646 De
2160 2600 2379 2662 czetero,
2411 2596 2559 2666 quod
2587 2597 2784 2653 insidet
2821 2600 3026 2666 animo,
3061 2599 3340 2655 dilectioni
3365 2609 3477 2656 tuae

1886 2684 2180 2757 consilium
2220 2685 2311 2751 do,
2339 2697 2399 2740 ut
2426 2690 2717 2757 praesentis
2745 2691 2948 2763 dialogi
2983 2692 3208 2747 claudas
3245 2691 3471 2759 librum,

1887 2788 1955 2828 ne
1966 2772 2104 2829 forte
2116 2775 2282 2831 unius
2298 2777 2592 2834 voluminis
2606 2781 2939 2849 probabilem
2950 2780 3178 2837 excedat
3191 2781 3432 2836 modum.
3447 2799 3470 2833 ι

2506 2868 2863 2926 Collectitius.

1961 2976 1980 3009 ι
2016 2956 2279 3025 Quamvis
2306 2959 2444 3015 mihi
2472 2975 2585 3016 non
2617 2962 2689 3018 sit
2722 2978 2822 3033 pro
2845 2978 3045 3035 magno
3079 2963 3368 3034 dijudicari
3402 2963 3475 3017 ab

1888 3052 2112 3109 nomine
2138 3052 2223 3107 vel
2259 3053 2329 3107 ab
2355 3052 2597 3110 humano
2620 3055 2731 3121 die,
2754 3062 2937 3110 tamen
2967 3055 3040 3110 ita
3074 3063 3181 3110 tuae
3219 3053 3474 3110 charitati

1813 3176 1856 3234 ο
1888 3151 2100 3213 meapte
2121 3144 2351 3213 probum
2377 3144 2590 3199 videtur
2633 3160 2964 3200 consensum
3001 3146 3091 3212 iri,
3118 3153 3181 3200 ω
3207 3144 3476 3200 narratio-

1888 3234 1974 3289 nis
2003 3234 2284 3305 gressibus
2317 3235 2375 3289 in
2404 3235 2632 3291 Galliam
2660 3253 2912 3308 pergens,
2950 3237 3187 3307 primum
3214 3237 3270 3291 in
3300 3251 3363 3290 ea
3393 3235 3475 3291 fa-

1886 3337 2036 3383 ctum
2064 3335 2283 3398 tangam
2310 3327 2533 3398 aliquod
2552 3329 2698 3399 quod
2724 3329 3028 3401 legentibus
3051 3337 3105 3384 et
3125 3329 3474 3384 audientibus

1887 3418 2018 3472 utile
2043 3415 2134 3482 sit,
2164 3418 2289 3474 dein
2314 3418 2535 3474 tendam
2563 3418 2632 3473 ad
2665 3418 2960 3474 voluminis
2983 3418 3167 3485 tinem,
3199 3426 3473 3488 quatenus

1885 3507 1961 3562 ibi
1983 3507 2164 3565 fervor
2184 3509 2425 3565 dictandi
2452 3517 2506 3564 et
2530 3509 2805 3567 scribendi
2845 3510 2911 3565 ad
2938 3519 3155 3581 tempus
3199 3510 3469 3582 quiescat,

1885 3597 2000 3654 sive
2040 3599 2369 3668 decalescat,
2409 3598 2503 3655 ubi
2531 3599 2636 3666 soi,
2669 3600 2918 3670 quotidie
2951 3601 3019 3656 ad
3060 3615 3320 3656 occasum
3347 3616 3470 3656 ver-

1882 3702 2037 3758 gens,
2064 3690 2274 3744 mnndo
2300 3688 2550 3745 absentia
2579 3704 2679 3744 sua
2708 3690 2887 3745 noctis
2914 3691 3167 3745 tenebras
3189 3689 3474 3745 infunden-

1881 3779 1955 3834 do
1991 3779 2399 3850 quodammodo
2439 3780 2630 3835 ardere
2659 3795 2756 3836 seu
2783 3781 2964 3836 lucere
2990 3780 3316 3837 mortalibus
3353 3797 3473 3838 ces-

1884 3876 1992 3925 sat.
2508 3898 2511 3901 -
2870 3938 2880 3946 ,

1958 3979 1977 4013 ι
2010 3959 2143 4016 Erat
2161 3962 2383 4033 quidam
2410 3962 2609 4019 nobilis
2632 3964 2798 4020 homo
2819 3964 3075 4020 habitans
3095 3964 3149 4019 iu
3172 3963 3470 4020 Galliarum

1880 4069 2070 4126 regno,
2104 4056 2200 4125 qui
2241 4070 2300 4111 se
2327 4055 2550 4111 assidue
2594 4056 2652 4111 in
2681 4057 2972 4113 venatione
2994 4058 3148 4124 inter,
3171 4057 3277 4112 alia
3315 4073 3472 4113 exer-

1881 4161 2034 4213 cens,
2066 4147 2155 4202 die
2178 4148 2413 4218 quadam
2441 4164 2606 4218 quem
2649 4149 3024 4205 necessarium
3051 4149 3243 4204 habuit
3278 4149 3344 4204 ad
3373 4149 3472 4204 do-

1882 4248 2037 4289 mum
2066 4233 2302 4289 reditum
2339 4234 2607 4304 protraxit
2640 4249 2817 4305 usque
2844 4236 2912 4289 ad
2940 4235 3046 4290 diei
3072 4235 3319 4291 noctisve
3353 4252 3472 4290 cre-

1882 4325 2196 4395 pusculum.
2232 4324 2387 4381 Tunc
2412 4326 2561 4381 illius
2586 4326 2818 4383 canibus
2841 4327 3176 4398 vulpeculam
3209 4328 3368 4383 solito
3388 4329 3472 4384 in-

1883 4414 2240 4484 sequentibus
2275 4422 2329 4469 et
2366 4415 2632 4486 ingressis
2655 4417 2941 4487 cujusdam
2969 4418 3291 4473 cavernulas
3315 4434 3472 4473 mon—

192 4506 509 4576 implicatus
557 4509 851 4579 angustiis,
883 4510 1030 4579 quod
1074 4511 1409 4589 horrendum
1450 4514 1586 4570 vidit
1625 4515 1778 4571 effari

1887 4506 1978 4573 tis,
2010 4506 2266 4561 dominus
2298 4515 2351 4560 et
2395 4508 2581 4561 senior
2631 4508 2784 4563 valde
2810 4509 3002 4564 dolens
3053 4524 3219 4578 super
3248 4507 3469 4564 interitu

190 4596 420 4653 minime
449 4599 645 4669 quivit.
668 4596 872 4657 Omnes
910 4575 1175 4672 personae.
1190 4603 1335 4660 illius
1363 4605 1627 4662 clientelae
1669 4616 1782 4663 tre-

190 4699 408 4745 mentes
458 4692 715 4748 dolebant
757 4694 810 4747 in
848 4710 1159 4762 commune,
1209 4712 1376 4751 unam
1422 4699 1782 4770 eamdemque

188 4795 412 4850 pcenam
446 4783 792 4851 patiebantur
819 4784 1082 4852 universi,
1124 4787 1229 4842 sub
1252 4788 1446 4844 mortis
1472 4791 1778 4846 commina—

189 4870 360 4928 tione.
417 4872 660 4930 Tandem
708 4877 969 4934 interiore
1019 4879 1242 4934 homine
1291 4896 1554 4937 arcanum
1580 4899 1781 4942 .saeraa

191 4964 320 5020 ﬁdei
348 4978 769 5036 rememorante,
794 4970 959 5040 coepit
990 4971 1155 5026 corde
1187 4980 1345 5029 tenus
1375 4976 1636 5045 psallere;
1663 4977 1777 5048 jam

190 5055 343 5110 enim
390 5057 580 5113 didicit
615 5059 875 5128 psalmos,
915 5076 1026 5116 non
1056 5061 1146 5117 illa
1190 5072 1353 5119 nocte
1409 5081 1506 5134 per
1546 5066 1781 5125 ollieium

194 5148 312 5203 oris
354 5150 519 5205 verba
560 5150 865 5221 proferens,
918 5154 1012 5209 sed
1057 5162 1226 5209 totam
1272 5156 1383 5211 vim
1435 5161 1684 5229 corporis
1730 5172 1786 5217 et

195 5240 393 5296 anima:
421 5259 546 5298 cum
575 5243 796 5300 silentio
834 5260 1008 5316 usque
1037 5246 1105 5301 ad
1138 5246 1317 5302 lucem
1353 5248 1409 5303 in
1442 5248 1614 5306 Deum
1651 5268 1785 5307 con-

196 5341 436 5389 vertens.
487 5334 628 5390 Tum
673 5336 939 5393 Psalterio
986 5353 1099 5394 non
1158 5347 1381 5395 externa
1432 5342 1527 5397 sed
1571 5343 1782 5401 interna

199 5425 452 5480 cautione
483 5443 514 5481 a
547 5427 818 5499 principio
850 5444 1024 5501 usque
1055 5431 1122 5485 ad
1148 5430 1354 5487 calcem
1388 5434 1646 5502 perlecto,
1670 5437 1782 5492 cle-

199 5516 402 5571 utentia
449 5517 597 5574 illius
643 5521 738 5591 qui
793 5522 933 5576 tollit
992 5530 1215 5592 peccata
1273 5524 1485 5592 mundi,
1537 5527 1626 5581 vix
1658 5544 1783 5585 cum

200 5609 315 5665 suis
361 5610 432 5664 ab
479 5611 831 5669 infestatione
863 5614 1129 5671 diabolica
1181 5617 1381 5671 meruit
1416 5618 1656 5687 liberari,
1697 5632 1783 5678 at-

200 5716 307 5771 que
332 5701 631 5759 Christiani
660 5721 857 5761 sensus
884 5723 1079 5779 magna
1106 5709 1421 5780 potentique
1444 5713 1615 5780 gratia
1644 5716 1752 5769 revi
1780 5749 1785 5755 α

207 5790 383 5849 sitari.
411 5793 536 5863 Qui,
566 5797 697 5852 solis
713 5800 909 5869 juhare
933 5807 1103 5855 terras
1139 5799 1598 5874 relustrante,per
1619 5805 1781 5861 verba

1885 4598 2205 4654 eorumdem
2234 4613 2456 4663 canum,
2484 4598 2616 4668 quia
2654 4614 2765 4653 non
2810 4608 3060 4669 poterant
3092 4599 3263 4654 videri
3293 4614 3471 4668 neque

1882 4688 2082 4753 audiri,
2113 4688 2267 4742 misit
2303 4687 2369 4742 de
2399 4688 2517 4741 suis
2549 4687 2815 4742 militibus
2854 4696 3015 4758 atque
3050 4687 3341 4742 comitibus
3376 4689 3470 4757 qui

1881 4780 1986 4836 sibi
2025 4779 2091 4833 de
2116 4777 2382 4847 proximis
2415 4778 2559 4833 villis
2597 4778 2774 4848 ignem
2807 4793 2931 4833 cum
2957 4777 3163 4841 lumine
3191 4776 3468 4844 alien-rent,

1883 4869 2194 4941 pariterque
2247 4867 2407 4923 funes
2453 4884 2578 4922 cum
2626 4866 2806 4938 longis
2840 4866 3125 4922 ordinibus
3174 4864 3468 4933 deferrent,

1879 4961 2075 5032 quibus
2106 4959 2393 5015 cavitatem
2423 4958 2629 5014 montis
2656 4958 3047 5015 descendentes
3085 4957 3291 5046 intrare
3321 4957 3469 5013 valc-

1886 5062 2026 5109 rcnt.
2053 5053 2302 5123 Cumque
2331 5068 2473 5107 unus
2507 5067 2572 5105 ex
2604 5050 2711 5107 illis
2746 5052 2841 5123 qui
2876 5060 2997 5121 post
3038 5050 3216 5121 ignem
3243 5062 3296 5106 et
3325 5048 3471 5104 funi-

1885 5146 2039 5202 culos
2066 5145 2221 5200 missi
2243 5154 2398 5199 erant
2420 5160 2517 5215 per
2554 5143 2801 5199 foramen
2826 5144 3073 5210 intraret,
3116 5151 3171 5197 et
3200 5143 3348 5197 intus
3375 5142 3470 5198 diu

1885 5238 2225 5307 nimiumque
2258 5246 2486 5301 erraret,
2536 5236 2751 5290 tandem
2801 5236 2868 5290 ad
2903 5235 3192 5292 buecinam
3239 5234 3472 5290 cornici—

1888 5346 2041 5396 num,
2079 5346 2203 5400 qum
2247 5330 2461 5384 interim
2497 5327 2631 5383 foris
2666 5328 3025 5397 persultabat,
3057 5326 3148 5381 vix
3186 5326 3471 5382 reﬂectens

1885 5423 1988 5478 iter
2016 5423 2084 5476 ad
2113 5422 2393 5477 dominum
2427 5420 2702 5490 repedavit
2731 5436 2914 5487 suum,
2945 5428 3000 5475 ct
3028 5420 3167 5474 dixit
3195 5419 3264 5474 ad
3299 5436 3424 5475 eum
3455 5440 3468 5475 :

1879 5503 2137 5587 Domine,
2179 5516 2280 5571 ista
2302 5524 2559 5571 montana
2601 5522 2731 5569 sunt
2756 5514 2939 5570 omnia
2971 5530 3124 5581 cava,
3168 5530 3233 5570 ac
3272 5514 3469 5569 horum

1887 5609 2146 5665 interiora
2191 5609 2442 5663 videntur
2469 5608 2629 5678 quasi
2661 5608 2812 5678 regio
2834 5609 3072 5674 deserta,
3108 5616 3180 5673 et,
3200 5606 3305 5662 nisi
3336 5607 3469 5662 mihi

1885 5709 2071 5770 tuapte
2115 5700 2392 5770 adjutores
2421 5699 2619 5753 dentur
2681 5699 2776 5769 qui
2805 5698 2965 5755 funes
2995 5714 3120 5754 eum
3186 5697 3473 5753 ordinibus

1887 5792 2125 5861 trahant,
2159 5800 2209 5846 et
2240 5806 2335 5861 per
2380 5806 2638 5847 saxorum
2669 5789 2990 5862 asperitates
3017 5796 3327 5865 sustentare
3352 5786 3477 5844 illos
