4018 6382
569 336 708 392 1087

572 541 990 612 vigilantissima
1021 557 1108 597 me
1131 558 1259 598 cum
1289 543 1496 598 lumine
1540 545 1877 613 praecedente
1926 553 2159 617 praesto-

572 634 755 689 lentur
785 634 1057 702 custodia,
1091 651 1192 691 nec
1231 652 1395 707 quem
1449 636 1620 693 mittis
1657 636 1803 693 ultra
1836 638 2069 706 videbis,
2108 647 2163 694 et

567 735 756 781 tamen
788 727 1019 783 canibus
1046 727 1102 782 in
1130 737 1393 784 aeternum
1424 729 1657 784 carebis.
1678 727 1800 785 Non
1827 731 1974 786 enim
2003 746 2165 801 spero

570 835 662 875 me
688 836 756 875 ex
790 829 872 876 tot
904 819 1241 877 anfractibus
1270 838 1432 893 posse
1457 822 1655 889 redire,
1670 823 1798 891 nisi,
1831 822 1941 879 Deo
1963 840 2164 881 conce-

573 912 1049 984 dente,contingat
1079 914 1399 984 parvitatem
1430 931 1610 971 meam
1645 932 1772 972 cum
1796 915 2163 974 funiculorum

575 1006 958 1061 attrectatione
1016 1006 1278 1061 continua
1329 1008 1561 1063 salutem
1613 1010 1981 1066 concambire.
2025 1010 2167 1077 Quid

578 1100 791 1154 multa?
828 1098 1031 1155 Eodem
1071 1109 1350 1156 momento
1380 1113 1505 1157 cum
1554 1101 1640 1158 his
1684 1118 1825 1174 quos
1865 1103 1921 1157 in
1954 1103 2168 1174 adjuto-

558 1180 721 1247 ‘rium
751 1194 965 1264 petebat
994 1194 1276 1264 ingressus
1304 1202 1388 1250 est
1416 1194 1500 1248 vir
1517 1194 1719 1259 denuo,
1756 1204 1812 1251 et
1850 1196 2169 1267 aliquandiu

578 1286 803 1341 restium
840 1286 1039 1341 ducatu
1078 1286 1377 1343 incedendo
1400 1303 1586 1343 moras
1615 1304 1907 1358 perpessus
1925 1298 2010 1344 est
2034 1304 2167 1343 exoo

576 1396 690 1446 sas,
726 1380 998 1450 quamvis,
1028 1390 1088 1436 ut
1106 1383 1286 1438 exitus
1314 1382 1393 1437 rei
1433 1383 1703 1453 probavit,
1729 1400 1840 1438 non
1864 1382 2172 1439 infructuo-

579 1487 688 1526 sas.
721 1469 857 1526 Nam
884 1488 1009 1527 cum
1044 1474 1269 1549 luminis
1307 1474 1684 1544 deportatione
1723 1474 2032 1545 Oppidoque
2075 1490 2173 1530 ne-

580 1566 821 1621 cessaria
868 1566 925 1621 in
977 1567 1029 1622 id
1090 1575 1305 1638 tempus
1361 1568 1856 1636 administratione,
1910 1568 2172 1639 angulum

581 1658 875 1726 quemdam
947 1660 1234 1716 horridum
1293 1660 1590 1717 offenderet
1649 1677 1713 1716 ac
1778 1661 2128 1717 tenebrosum
2154 1702 2169 1729 ,

582 1748 793 1817 aspexit
817 1749 956 1805 duos
992 1750 1243 1806 homines
1277 1752 1531 1807 cominus
1561 1760 1767 1806 stantes
1796 1761 1851 1806 et
1893 1749 2172 1806 nihilomi-

580 1851 689 1892 nus
720 1838 927 1909 lapides
961 1855 1084 1895 cum
1112 1840 1330 1896 tribulis
1373 1838 1566 1896 ferreis
1615 1841 1961 1896 horribiliter-
1990 1840 2173 1912 ﬂagel-

590 1927 788 1985 lantes.
810 1928 966 1986 Tunc
989 1930 1344 2002 investigator
1370 1930 1675 1996 canum,ob
1697 1932 1974 1986 insolitam
2005 1932 2175 1988 visio-

587 2036 714 2076 nem
740 2022 1052 2088 exterritus,
1090 2038 1351 2093 moreque
1390 2023 1643 2079 humana:
1687 2023 1996 2095 fragilitatis
2037 2041 2176 2096 pene

588 2115 706 2173 Solo
730 2123 888 2170 tenus
923 2116 1218 2186 collapsus,
1247 2115 1429 2188 fugam
1466 2118 1603 2173 inire
1641 2120 1870 2189 paravit.
1911 2118 2016 2175 Sed
2048 2136 2176 2176 eum

590 2205 871 2275 prohibuit
904 2222 1049 2262 unus
1077 2222 1145 2262 ex
1168 2207 1605 2276 tribulatoribus,
1636 2209 1829 2265 dicens
1856 2229 1867 2264 :
1901 2209 1978 2265 Ne
2000 2209 2179 2282 fugias

592 2312 771 2367 neque
801 2313 1022 2367 paveas,
1056 2300 1319 2368 quoniam
1357 2316 1452 2370 per
1498 2301 1929 2359 misericordiam
1962 2301 2181 2361 Domini

595 2390 766 2444 nostri
802 2387 932 2445 Jesu
954 2389 1162 2447 Christi
1195 2393 1261 2447 ad
1291 2393 1396 2450 hoc
1433 2394 1538 2449 huc
1574 2395 1778 2450 missus
1812 2410 1872 2450 es
1909 2404 1969 2449 ut
2001 2392 2182 2451 dicam

597 2482 694 2536 tibi
722 2482 850 2552 quis
900 2482 1026 2550 sim,
1077 2496 1131 2539 et
1161 2501 1262 2539 cur
1282 2485 1370 2540 hic
1395 2486 1450 2540 in
1499 2494 1648 2541 tanta
1695 2486 2047 2542 tribulatione
2100 2496 2185 2542 tot

596 2590 872 2629 annorum
924 2576 1253 2642 evolutione,
1306 2578 1568 2633 steterim.
1613 2578 1660 2632 Α
1702 2595 1832 2649 quo,
1881 2597 1975 2651 qui
2022 2580 2184 2651 paulo

599 2675 725 2721 ante
782 2682 880 2736 per
950 2666 1377 2723 imbecillitatem
1432 2669 1640 2725 exstitit
1692 2672 1964 2755 pavidus,
2000 2671 2187 2725 audito

599 2757 804 2814 Christi
831 2759 1072 2825 nomine,
1116 2760 1293 2817 factus
1329 2761 1487 2818 fortis
1513 2773 1567 2818 et
1595 2764 1827 2829 validus,
1870 2763 2187 2818 sciscitaba-

603 2858 691 2900 tur
722 2848 1032 2917 hujusmodi
1061 2851 1241 2907 verbis
1274 2853 1605 2922 proloquens
1631 2871 1643 2906 :
1678 2852 1817 2918 Quid
1847 2862 1907 2907 tu
1942 2853 2065 2907 hic?
2092 2860 2187 2906 aut

598 2955 773 3008 quare
798 2941 923 2997 talis
954 2951 1009 2997 et
1032 2952 1218 3000 tantus
1247 2945 1431 3011 homo,
1453 2961 1615 3014 quem
1641 2945 1696 2999 in
1725 2945 1929 2999 saeculo
1950 2944 2187 3013 judicia-

603 3030 711 3085 lem
742 3040 797 3086 et
821 3033 1081 3088 curialem
1110 3036 1359 3106 cognovi,
1396 3051 1676 3106 nuperque
1715 3036 1768 3090 in
1803 3036 2036 3105 propriis
2061 3035 2189 3090 lari-

603 3122 709 3180 bus
738 3124 875 3180 bene
900 3126 1182 3189 Jalentem
1226 3127 1357 3193 vidi,
1393 3128 1683 3198 deputatus
1724 3143 1783 3182 es
1808 3127 1862 3181 in
1893 3127 2186 3197 pistrinum

605 3226 659 3272 et
705 3219 1048 3289 gurgustium
1092 3219 1322 3291 hujusce
1370 3221 1510 3276 loci?
1557 3218 1729 3276 Notus
1753 3229 1836 3275 est
1873 3220 2019 3274 enim
2053 3219 2187 3273 mihi

605 3310 762 3367 locus
813 3311 1166 3368 habitationis
1209 3322 1335 3377 tuae,
1370 3329 1536 3383 quam
1587 3313 1827 3368 habuisti
1862 3312 1918 3366 in
1964 3311 2189 3377 mundo,

608 3402 917 3472 saepiusque
944 3404 1150 3459 bonum
1179 3404 1491 3460 convivium
1520 3404 1698 3459 habui'
1714 3404 2060 3474 proprietatis
2088 3410 2192 3457 tua:

609 3491 664 3546 in
692 3490 879 3558 fundo,
909 3509 1009 3549 nec
1037 3510 1146 3549 non
1181 3495 1551 3551 haereditatem
1581 3494 1845 3549 natalium
1872 3501 2114 3557 tuorum,
2137 3499 2193 3547 et

609 3599 834 3638 uxorem
867 3594 1017 3640 tuam
1044 3602 1168 3641 cum
1192 3587 1319 3643 ﬁliis
1344 3603 1440 3658 per
1470 3586 1721 3641 notitiam
1753 3586 1888 3642 satis
1913 3600 2193 3641 commen-

610 3672 734 3727 davi
771 3674 907 3729 meis
935 3675 1161 3742 animis,
1190 3676 1235 3732 si
1273 3687 1329 3732 tu
1377 3693 1437 3733 es
1485 3677 1575 3731 illc
1614 3678 1777 3731 homo
1813 3676 1971 3746 cujus
2000 3690 2192 3745 perso-

611 3780 738 3818 nam
769 3765 905 3819 bene
933 3782 1020 3821 me
1044 3768 1362 3839 dignoscere
1391 3778 1539 3840 puto.
1585 3768 1835 3839 Cumque
1868 3768 2194 3822 vocabulum

612 3857 758 3924 quod
785 3856 841 3911 in
886 3858 1155 3927 baptismo
1190 3871 1471 3931 acceperat
1508 3862 1734 3926 diceret,
1756 3860 2197 3931 possessionum-

612 3964 678 4003 νδ
704 3950 927 4005 nomina
957 3952 1014 4005 in
1039 3952 1238 4022 quibus
1272 3954 1609 4009 habitaverat
1646 3954 1935 4024 adjiceret;
1965 3951 2059 4021 qui
2081 3959 2198 4006 erat

616 4041 982 4113 interrogatus
1031 4046 1330 4115 respondit,
1367 4055 1426 4101 ut
1474 4048 1541 4101 de
1591 4047 1694 4101 hac
1741 4047 1851 4101 vita
1906 4045 2195 4101 sublatus:

615 4130 709 4186 Ille
741 4134 855 4202 ipse
881 4135 1157 4204 quondam
1181 4152 1283 4207 ego
1311 4136 1411 4204 fui,
1447 4153 1610 4208 quem
1642 4146 1697 4191 tu
1729 4138 1889 4192 modo
1915 4150 2001 4189 me
2027 4133 2201 4192 fuisse

615 4223 849 4291 dixisti;
906 4226 1000 4280 sed
1049 4236 1268 4297 propter
1318 4237 1539 4297 peccata
1605 4244 1725 4283 mea
1782 4245 1882 4299 pro
1940 4241 2201 4304 purgato-

618 4317 702 4370 rio
746 4317 868 4387 igne
907 4328 1031 4373 ante
1084 4320 1285 4375 multos
1347 4336 1520 4376 annos
1581 4322 1688 4376 huc
1728 4338 1851 4378 sum
1888 4325 2196 4396 deputatus.

617 4408 776 4474 Quod
799 4419 982 4463 autem
1006 4410 1157 4466 vides
1188 4427 1296 4467 non
1324 4421 1410 4467 est
1432 4429 1581 4480 caro,
1611 4415 1705 4469 sed
1750 4416 1995 4486 spiritus.
2034 4417 2201 4473 Miror

1564 338 1862 396 ARNOLDI
1902 339 2499 399 EMMERAMMENSIS
2538 342 2843 402 MONACH!

571 447 755 503 minus
799 442 1103 515 fastidiant,
1151 447 1427 519 certisque
1485 450 1788 519 spatiorum
1835 452 1972 507 locis
2001 451 2163 508 divisi
2192 454 2239 510 Α
2265 469 2442 509 meam
2484 470 2712 526 spernas
2749 459 3064 515 miseriam:
3099 463 3193 518 sed
3226 468 3549 534 quantocius
3589 488 3647 528 ex

3672 476 3786 534 lcea-

2265 496 2442 509 ...νυ-ι...
2484 496 2712 526 arma...)
2749 496 3028 515 ωισυιωιιι
3053 505 3063 515 .
3099 496 3193 518 acu
3226 496 3549 534 quantuuus
3589 496 3647 528 ex
3672 496 3786 547 lega-

2262 544 2407 601 tione
2436 561 2557 601 mea
2595 549 2731 605 meis
2755 549 2910 607 dicas
2940 561 2992 607 et
3044 556 3334 614 annunties
3370 568 3450 625 ut,
3491 562 3537 617 si
3562 579 3639 619 me
3658 570 3788 626 velint

2259 635 2601 709 redemptum
2633 640 2723 709 iri,
2760 643 2994 699 reddant
3022 645 3187 716 justis
3241 648 3543 708 haeredibus
3572 657 3773 725 praediun

2260 729 2408 800 quod
2443 731 2573 786 olim
2611 748 2869 803 perverso
2908 737 3287 795 scabinionum
3316 742 3523 812 judicio
3550 748 3614 801 ab
3634 749 3787 806 invali-

2263 819 2509 879 dioribus
2541 824 2759 881 abstuli.
2803 826 2959 895 Quod
3005 830 3049 885 si
3095 847 3204 886 non
3254 833 3501 903 fecerint,
3545 855 3636 909 pro
3676 854 3791 900 certo

2264 914 2382 971 scio
2419 932 2507 972 me
2536 934 2710 989 usque
2738 920 2793 974 in
2821 920 2965 976 diem
3013 922 3207 993 judicii
3238 925 3304 981 de
3340 928 3515 998 poenis
3554 931 3682 987 haud
3717 952 3790 991 ex-

2264 1006 2470 1061 iturum
2498 1007 2631 1063 fore.
2654 1008 2749 1063 Sin
2781 1025 2910 1066 vero
2943 1012 3282 1069 satisfactum
3307 1015 3472 1072 fuerit
3494 1022 3789 1088 postulationi

2264 1114 2419 1164 meae,
2458 1115 2620 1170 spero
2668 1102 2883 1158 vincula
2928 1119 3048 1159 mea
3087 1122 3195 1161 non
3232 1108 3325 1162 diu
3374 1112 3563 1179 teneri,
3601 1114 3682 1168 sed
3716 1134 3790 1170 ex-
3830 1144 3833 1151 -

2265 1189 2467 1258 templo
2488 1190 2716 1247 absolvi.
2740 1191 2807 1247 Et
2822 1194 2925 1249 hoc
2955 1195 3061 1250 illis
3075 1205 3129 1251 et
3156 1198 3251 1251 tibi
3284 1198 3499 1270 signum
3522 1202 3796 1273 redemptio-

2268 1282 2356 1336 nis
2381 1297 2517 1337 mea:
2548 1284 2940 1353 certissimum,
2984 1288 3031 1342 si
3065 1304 3354 1346 recurrens
3396 1291 3504 1347 huc
3538 1294 3791 1363 adveneris,

2268 1380 2323 1426 ct
2348 1387 2435 1426 me
2457 1372 2545 1427 hic
2571 1389 2681 1428 non
2709 1373 3018 1442 inveneris;
3054 1378 3243 1450 sicque
3272 1397 3395 1434 rum
3421 1383 3589 1438 salute
3612 1386 3669 1438 ad
3695 1403 3793 1456 pro-

2269 1463 2388 1534 pria
2420 1466 2764 1534 regredieris.
2809 1465 2905 1521 Est
2930 1476 2983 1522 et
3012 1470 3158 1524 aliud
3188 1472 3404 1542 signum
3436 1490 3541 1545 pra:
3569 1478 3790 1543 manibus,

2271 1554 2418 1625 quod
2445 1556 2543 1611 tibi
2575 1557 2782 1628 absque
2827 1558 3091 1617 dilatione
3137 1564 3475 1620 monstratur
3513 1568 3565 1622 in
3592 1571 3791 1627 canibus.

2271 1644 2409 1701 Nam
2435 1648 2663 1703 habebis
2686 1664 2783 1705 eos
2803 1666 2970 1720 penes
2992 1660 3063 1720 te,
3092 1654 3186 1724 qui
3218 1655 3272 1709 in
3297 1658 3489 1727 primis
3521 1661 3701 1715 reversi
3730 1648 3815 1718 es:

2275 1747 2415 1807 sent,
2453 1741 2561 1796 nisi
2600 1741 2668 1796 ad
2716 1752 2907 1798 nutum
2940 1743 3156 1801 Domini
3194 1748 3248 1802 in
3296 1750 3404 1805 hoc
3437 1752 3554 1807 loco
3578 1754 3795 1813 subsiste:

2275 1842 2416 1889 rent.
2454 1833 2656 1891 Eadem
2685 1836 2819 1892 hora
2847 1854 2969 1893 cum
2999 1855 3163 1895 canes
3200 1841 3608 1911 adventassent,
3634 1861 3795 1916 regres-

2274 1943 2371 1983 sus
2393 1938 2478 1984 est
2505 1929 2669 1985 homo
2692 1938 2747 1985 et
2775 1932 3061 1999 praesentia
3097 1948 3291 1988 canum
3325 1936 3545 2004 plaeans
3571 1937 3794 1991 dominum

2275 2036 2459 2087 suum,
2490 2037 2614 2076 cum
2648 2021 2998 2079 festinatione
3024 2024 3136 2079 ibat
3184 2025 3251 2080 ad
3279 2027 3501 2082 viduam
3543 2037 3591 2083 et
3614 2027 3671 2082 ad
3692 2028 3796 2085 filios

2277 2111 2426 2167 illius
2473 2126 2638 2182 quem
2678 2113 2893 2167 noviter
2930 2112 3200 2170 allocutus
3229 2125 3315 2172 est
3343 2116 3596 2184 defuncti,
3618 2119 3795 2173 acindi-

2276 2202 2437 2257 cabat
2498 2202 2607 2260 illis
2630 2219 2755 2275 qua:
2779 2204 3030 2259 audierat
3056 2214 3112 2261 et
3143 2207 3350 2263 viderat
3382 2208 3437 2262 in
3471 2209 3654 2265 abditis
3684 2226 3797 2265 mon-

2278 2294 2369 2351 tis.
2387 2295 2490 2363 Qui
2519 2313 2665 2363 mox,
2690 2297 2882 2355 ﬂentes
2909 2315 3007 2370 pro
3040 2299 3185 2357 malo
3210 2301 3358 2372 quod
3385 2300 3581 2357 factum
3605 2314 3692 2368 est,
3712 2320 3795 2373 po:-

2280 2388 2566 2443 nitentiam
2611 2398 2859 2461 egerunt,
2912 2408 3016 2447 nec
3056 2409 3168 2449 non
3215 2394 3571 2467 eleemosynis
3612 2397 3797 2449 animam

2279 2479 2548 2535 redimere
2574 2480 2927 2549 festinarunt,
2956 2484 3246 2540 reddentes
3268 2486 3533 2555 pnedium
3555 2489 3628 2543 eis
3643 2487 3699 2542 de
3714 2487 3798 2557 qui-

2283 2571 2386 2627 bus
2432 2573 2784 2629 mandaverat
2830 2577 2926 2646 qui
2978 2586 3096 2632 erat
3134 2577 3187 2631 in
3234 2579 3437 2648 pmnis.
3475 2578 3615 2634 Tunc
3654 2589 3795 2649 rogatu

2284 2662 2530 2717 omnium
2566 2680 2858 2720 recurrens
2905 2667 3071 2723 homo
3115 2669 3181 2722 ad
3210 2680 3452 2724 montem
3502 2671 3586 2725 ubi
3618 2672 3797 2740 promis-

2286 2770 2409 2809 sum
2441 2765 2671 2826 speratae
2693 2757 3055 2813 absolutionis
3076 2761 3302 2830 accepit,
3338 2777 3438 2831 per
3462 2762 3707 2816 immensa:
3722 2761 3799 2831 pie-

2285 2847 2415 2901 tatis
2440 2846 2665 2914 fontem,
2702 2863 2769 2903 ne
2799 2848 2903 2904 sibi
2936 2844 3173 2906 solitudo
3208 2860 3263 2906 et
3291 2853 3527 2908 tenebrte
3553 2853 3713 2908 terrori
3733 2868 3796 2906 es-

2289 2948 2410 2995 sent
2435 2948 2491 2994 et
2536 2940 2769 3007 horrori,
2822 2943 3121 3011 assumptis
3168 2942 3464 2999 comitibus
3503 2960 3617 2999 cum
3647 2944 3798 2997 lumine

2290 3029 2532 3094 intravit,
2556 3037 2612 3084 et
2637 3029 2867 3084 alterum
2899 3030 3158 3099 praedicto
3188 3032 3348 3102 signo
3378 3032 3661 3088 absolutum
3685 3032 3795 3085 inve-

2292 3124 2391 3190 nit,
2426 3131 2480 3179 et
2506 3124 2735 3178 alterum
2770 3123 2822 3177 in
2854 3124 3212 3195 castigatione
3251 3124 3566 3181 derelictum
3603 3140 3692 3179 non
3734 3137 3798 3177 so-

2291 3217 2405 3271 lum
2434 3217 2573 3271 vidit
2613 3217 2712 3272 sed
2743 3217 2906 3271 etiam
2946 3217 3156 3272 invidit.
3186 3209 3392 3275 Exiehs
3418 3236 3541 3275 vero
3574 3218 3681 3273 inde
3698 3218 3799 3271 inter

2291 3308 2478 3365 fideles
2511 3308 2793 3380 divulgare
2816 3309 3025 3365 studuit
3050 3310 3350 3380 gratiarum
3380 3312 3623 3366 actiones.
3652 3329 3665 3359 ι

2898 3401 3277 3456 Ammonicius.

2371 3512 2389 3544 ι
2416 3492 2556 3559 Quid
2606 3494 2710 3548 sibi
2741 3494 2858 3548 vult
2900 3494 3005 3548 hoc
3023 3492 3171 3563 quod
3204 3495 3259 3549 in
3289 3495 3594 3567 purgatoria
3626 3491 3799 3559 castiga-

2292 3586 2441 3641 tione
2473 3587 2689 3641 tribula:
2710 3585 2902 3641 ferrea:
2934 3592 3065 3640 sunt
3090 3586 3242 3651 visae,
3276 3601 3341 3641 ac
3369 3585 3595 3641 exhibita
3616 3580 3797 3652 lapidum

2293 3676 2524 3748 ﬂagella,
2553 3693 2653 3732 nec
2681 3694 2789 3732 non
2818 3676 3052 3731 duorum
3098 3678 3312 3746 parium
3374 3677 3505 3731 alter
3528 3683 3603 3730 est
3629 3674 3689 3728 ibi
3712 3671 3800 3724 reli-

2294 3780 2436 3836 ctus,
2470 3773 2606 3827 alter
2643 3770 2863 3841 quidem
2904 3785 3001 3839 per
3038 3770 3440 3825 absolutionem
3475 3778 3553 3823 est
3574 3765 3678 3821 inde
3705 3761 3799 3818 sub-

2296 3864 2473 3919 latus?
2509 3862 2751 3929 Quazstio
2785 3862 3057 3931 siquidem
3086 3872 3140 3917 et
3179 3863 3469 3917 admiratio
3496 3875 3642 3930 super
3663 3855 3800 3924 hujus-

2297 3955 2447 4009 modi
2471 3954 2638 4008 rebus
2710 3951 2904 4022 digna,
2966 3962 3114 4007 certa
3178 3962 3458 4023 exspectat
3518 3944 3800 4005 absolutionis

2298 4046 2474 4117 signa.
2510 4063 2529 4095 ι

2915 4133 3263 4189 Collectitins.

2378 4246 2396 4279 ι
2430 4226 2488 4281 Si
2515 4225 2701 4291 velles,
2735 4241 2769 4281 ο
2793 4224 3124 4290 Ammonici,
3162 4233 3454 4279 contentus
3484 4238 3596 4278 esse
3622 4228 3800 4286 tempore

2300 4320 2485 4391 prisco
2519 4320 2761 4390 scriptis,
2787 4319 2945 4374 lectis
2980 4331 3034 4373 et
3059 4318 3224 4373 dictis
3251 4318 3305 4372 in
3335 4320 3481 4383 talia,
3511 4331 3620 4386 qua:
3640 4312 3694 4366 de
3712 4307 3800 4363 tali-

2303 4413 2407 4468 bus
2443 4413 2608 4468 rebus
2630 4413 2983 4467 inveniuntur
3012 4411 3177 4477 edita,
3204 4410 3369 4467 credo
3398 4410 3490 4465 tibi
3524 4420 3661 4478 posse
3691 4401 3798 4456 abso

617 4518 748 4557 vero
791 4504 945 4558 valde
974 4504 1046 4559 'si
1093 4505 1272 4560 adhuc
1315 4506 1516 4577 aliquis
1569 4524 1816 4563 meorum
1872 4510 2053 4577 vivat,
2106 4520 2200 4566 aut
2233 4526 2278 4585 υ
2303 4507 2566 4562 lutionem
2595 4504 2863 4571 suilicere,
2891 4521 3058 4609 (Eram
3084 4505 3279 4559 beatus
3305 4502 3585 4573 Gregorius
3607 4498 3652 4551 in
3676 4491 3787 4609 Illialo

620 4593 676 4647 in
709 4595 929 4661 saeculo,
975 4596 1033 4650 in
1076 4612 1187 4667 quo
1230 4606 1427 4653 cuncta
1453 4608 1798 4655 veterascunt
1827 4611 1881 4656 et
1915 4602 2197 4671 deﬁciunt,

620 4699 900 4758 superstes
947 4704 1068 4745 esse
1125 4692 1318 4745 valeat.
1378 4691 1581 4747 Contra
1641 4695 1996 4763 subjunctum
2033 4705 2121 4751 est
2165 4711 2196 4751 a

620 4780 1019 4849 respondente,
1079 4785 1348 4839 sermonis
1420 4786 1683 4855 complice
1738 4806 1750 4840 :
1817 4787 1930 4858 Ego
1983 4804 2203 4859 quoque

621 4869 758 4924 satis
784 4869 973 4924 mirari
1009 4887 1221 4941 nequeo
1280 4888 1379 4928 cur
1412 4890 1587 4930 annos
1628 4876 1851 4942 dixeris,
1888 4894 2014 4932 cum
2041 4879 2201 4934 hodie

620 4960 804 5016 obitus
841 4962 917 5015 tui
950 4962 1020 5016 sit
1040 4962 1156 5018 dies
1180 4965 1429 5034 septima,
1454 4975 1505 5020 et
1530 4982 1653 5022 cras
1678 4968 1959 5023 illucescat
1985 4978 2196 5025 octava.

623 5052 774 5108 Uxor
800 5062 893 5109 tua
920 5055 1050 5110 vivit
1075 5066 1130 5111 et
1174 5057 1271 5111 filii
1314 5058 1394 5113 tui
1426 5059 1479 5113 in
1516 5061 1746 5117 sanitate
1777 5072 2018 5129 manent,
2056 5064 2202 5134 quod

625 5163 735 5202 non
764 5147 926 5203 fallax
958 5149 1196 5220 profero,
1228 5152 1322 5205 sed
1353 5152 1645 5219 veridicos,
1676 5155 1802 5224 quia
1828 5172 1923 5211 eos
1953 5157 2065 5210 vidi
2099 5172 2201 5211 nu-

621 5237 963 5294 diustertius.
1026 5237 1096 5293 At
1151 5239 1442 5296 defunctus
1504 5244 1837 5312 respondens
1900 5245 2048 5300 infit:
2088 5244 2205 5301 Non

624 5328 758 5381 mihi
825 5330 1076 5384 videntur
1118 5342 1323 5401 septem
1371 5332 1455 5386 vel
1499 5340 1623 5387 octo
1670 5333 1785 5389 dies
1821 5350 1995 5405 usque
2043 5335 2206 5390 modo

628 5427 755 5489 post
788 5420 981 5476 mortis
1007 5422 1320 5484 articulum,
1350 5423 1444 5477 sed
1472 5424 1635 5477 credo
1665 5424 1717 5478 in
1743 5439 1827 5479 me
1858 5425 2079 5480 saevisse
2112 5441 2209 5479 an-

626 5527 823 5565 norum
865 5515 1142 5584 octoginta
1178 5517 1391 5585 ptenalc
1439 5517 1761 5585 perieulum.
1803 5517 2034 5572 Perinde
2073 5533 2205 5588 rogo

628 5602 762 5655 tein
800 5605 1021 5659 nomine
1053 5605 1181 5661 Jesu
1219 5608 1425 5662 Christi
1477 5607 1772 5663 Salvatoris
1820 5610 2085 5676 omnium,
2140 5625 2206 5663 ne

704 5783 852 5856 (269)
895 5783 1053 5855 Soph.
1086 5804 1120 5840 ι.

2305 4614 2497 4671 gorum
2516 4598 2674 4664 libro,
2688 4585 3151 4653 sciscitaﬁonibus
3172 4595 3317 4650 Petri
3336 4592 3667 4653 satisfacimus,
3677 4585 3729 4639 de
3744 4592 3800 4635 ιιι

2306 4693 2451 4747 libus
2475 4690 2781 4746 visionibus
2812 4690 2978 4760 plano
3025 4704 3276 4745 sermone
3316 4688 3441 4743 olim
3468 4679 3711 4740 scribendo
3732 4689 3799 4727 et-

2308 4785 2510 4857 posuit.
2552 4783 2708 4839 Nunc
2753 4798 2884 4837 vero
2933 4781 3063 4851 quia
3107 4780 3497 4851 improbitatem
3528 4784 3654 4830 tuam
3688 4767 3798 4863 alilfl

2308 4885 2552 4933 avertere
2582 4892 2690 4931 non
2716 4891 2964 4946 possum,
2989 4874 3167 4929 dicam
3207 4873 3442 4927 breviter
3476 4866 3592 4939 quid
3627 4859 3730 4917 mihi
3754 4859 3793 4946 te

2308 4971 2394 5025 his
2423 4969 2686 5023 videatur.
2720 4945 2877 5021 iBene
2912 4981 3132 5036 quoque
3169 4974 3224 5019 et
3265 4962 3621 5020 convenienter
3644 4945 3795 5046 tribuli

2308 5062 2439 5117 visa:
2467 5069 2614 5125 sunt,
2640 5060 2941 5114 secundum
2968 5058 3021 5111 id
3052 5057 3198 5127 quod
3226 5055 3479 5126 propheta
3504 5056 3714 5106 testatur,
3738 5038 3788 5091 ἀί·

2310 5169 2441 5207 cens
2463 5172 2473 5206 :
2507 5150 2882 5205 Tribulabitur
2911 5149 2983 5203 ibi
3009 5148 3168 5202 fortis
3194 5147 3362 5215 (269).
3388 5142 3531 5211 Quod
3554 5147 3699 5195 autem
3711 5141 3784 5200 pec

2311 5254 2524 5299 catores
2548 5243 2796 5296 laborare
2830 5240 2933 5295 visi
2970 5247 3100 5295 sunt
3126 5240 3180 5293 iu
3203 5252 3455 5293 saxorum
3494 5227 3694 5303 flagellis.
3716 5234 3775 5321 ῐιξπ

2311 5335 2665 5391 nifestissime
2705 5334 2949 5402 increpat
2982 5331 3239 5387 duritiam
3294 5333 3532 5386 humanze
3567 5317 3791 5393 pravitatis-

2309 5425 2411 5480 Cui
2453 5424 2745 5478 Psalmista
2777 5423 3017 5476 minatur
3050 5423 3238 5477 dicens
3269 5441 3281 5475 :
3320 5419 3473 5474 Multa
3502 5410 3673 5483 flagella
3709 5416 3787 5472 P’C’

2312 5517 2513 5571 catoris
2544 5514 2712 5577 (270).
2753 5513 2909 5580 Quod
2943 5531 3073 5569 vero
3110 5530 3254 5569 unus
3285 5530 3377 5583 per
3406 5508 3608 5581 gratiam
3642 5504 3703 5554 est
3733 5506 3775 5544 35

2313 5619 2565 5679 sumptus
2588 5618 2639 5661 et
2665 5610 2802 5661 alter
2837 5624 2931 5677 per
2967 5607 3168 5676 judieis
3209 5606 3465 5676 justitiam
3497 5604 3543 5654 in
3585 5606 3707 5666 pd?!”
3737 5591 3787 5634 “5'

2390 5789 2536 5858 (“270)
2584 5787 2731 5841 Psal.
2774 5804 2920 5841 xxxi.
