4018 6442
193 385 216 439 ι
226 380 335 439 089

1212 366 1493 422 HOMILIA
1532 363 1620 418 DE
1654 362 1835 419 OCTO
1874 354 2469 417 BEATiTUDlNIBUS.

3331 349 3473 408 i090

190 496 504 559 derelictus,
550 491 749 562 optimc
796 486 1050 543 convenit
1095 485 1419 556 evangelicm
1474 482 1778 548 sententiae,
1811 486 1856 543 Α
1885 493 2053 550 quam
2084 493 2180 547 per
2208 475 2501 530 utilitatem
2545 472 2629 527 sui
2679 469 2971 526 admodum
2998 468 3175 541 placet
3216 468 3477 524 sensibus

189 606 301 661 qua
326 588 642 658 designatur
676 581 946 637 trifarium
974 594 1144 650 genus
1190 577 1498 644 hominum,
1545 575 1777 631 Domino

187 679 407 737 dicente
434 695 446 731 ε
477 675 652 729 Erunt
672 673 782 728 duo
805 673 859 726 in
892 671 1033 725 lecto
1060 685 1194 735 uno,
1221 684 1365 724 unus
1388 675 1701 724 assumetur
1725 675 1775 723 et

186 772 327 825 alter
349 769 706 838 relinquetur.
735 764 912 818 Erunt
934 763 1056 819 dua:
1081 761 1348 817 molentes
1369 762 1425 843 in
1451 777 1642 827 unum,
1670 774 1779 818 una

188 869 504 918 assumetur
532 868 585 915 et
614 860 784 913 altera
819 857 1175 927 relinquetur.
1206 853 1383 909 Erunt
1402 855 1511 910 duo
1534 854 1589 909 in
1622 869 1775 926 agro,

190 970 339 1010 unus
361 962 678 1011 assumetur
701 960 754 1005 et
788 950 924 1005 alter
955 949 1295 1019 relinquetur
1335 948 1506 1020 (271).
1540 966 1558 999 ι

802 1043 1186 1097 Ammonicius.

272 1154 290 1189 ι
316 1135 531 1190 Salutio
563 1132 795 1203 triplicis
818 1130 1137 1202 quaestionis
1182 1139 1294 1184 tam
1325 1145 1423 1199 per
1454 1127 1775 1182 brevitatem

629 1277 878 1289 —-

457 1270 2295 1304 ﬂ

192 1278 623 1305 ==

1885 572 2042 627 meis.
2083 590 2102 623 ›
2598 610 2613 617 -

2497 657 2831 713 Collectitms

1963 775 1982 810 ς
2014 757 2080 812 Ει
2100 755 2397 811 humilitati
2426 768 2563 808 meae
2585 752 2784 823 placet,
2804 750 2858 804 in
2882 762 3108 805 nomine
3130 754 3336 803 sancta:
3355 743 3479 803 Trf~

1885 853 2072 908 nitatis
2097 851 2352 907 claudere
2370 849 2595 913 librum,
2617 847 2745 917 quia
2766 846 2850 901 sol
2874 859 3001 901 cum
3032 842 3140 897 ﬁne
3164 840 3347 896 brevis
3368 839 3480 895 ἀεθ-

1883 944 2022 999 culze
2052 943 2166 1014 jam
2199 943 2334 1012 petit
2356 955 2637 995 occasum.
2671 956 2689 989 ι

2487 1029 2874 1086 Ammonicius.

1959 1146 1976 1178 ι
2013 1108 2283 1181 Feliciter.
2322 1123 2516 1178 Amen.
2553 1142 2570 1174 ι

2303 1248 3471 1290 #5

1403 1421 2244 1538 ARNOLDI

387 1643 479 1699 EX
512 1643 769 1701 COMITE
807 1638 1297 1708 VOHBURGENSI
1326 1636 1636 1710 MONACIII
1674 1635 1763 1691 ET
1797 1634 2051 1692 DECANI
2088 1631 2694 1690 EMMERAMMENSIS
2731 1630 2891 1687 0RD.
2936 1628 2994 1685 S.
3031 1627 3278 1684 ΒΕΝΕῙ).

1562 1807 2082 1903 HOMILIA

830 2030 1007 2142 DF
1101 2026 1482 2141 OCTO
1569 1966 2788 2139 BEATITUDINIBUS

1165 2271 1295 2349 ET
1355 2269 1398 2347 S
1416 2266 1755 2346 ANCTO
1812 2264 2505 2343 EMMERAMMO.

423 2448 597 2524 (Apud
623 2448 772 2504 P.R.
804 2447 934 2515 Pnz,
969 2447 1118 2501 Thes.
1146 2444 1367 2512 Anecd.,
1391 2452 1523 2499 tom.
1550 2439 1640 2509 1V,
1671 2458 1724 2513 p.
1755 2458 1816 2510 ιι,
1843 2457 1897 2513 p.
1930 2440 2023 2507 29,
2052 2457 2119 2497 ex
2142 2457 2247 2497 ms.
2276 2442 2397 2497 cod.
2434 2440 2777 2497 bibliotaecee
2818 2438 3235 2512 Emmeramm.)

278 2718 461 2775 uectio
484 2715 540 2771 S.
570 2712 846 2786 Evangelii
870 2712 1171 2768 secundum
1196 2709 1509 2766 Malthzeum
1550 2728 1562 2763 :
1600 2707 1668 2762 In
1693 2684 1793 2761 illo
1820 2712 1864 2770 Β
1895 2716 1969 2763 tes
2000 2709 2078 2762 tui
2118 2707 2287 2778 foras,
2310 2716 2359 2759 et
2403 2707 2457 2758 in
2480 2706 2673 2776 plateis
2707 2722 2872 2779 aquas
2905 2716 3025 2758 tuas
3056 2704 3248 2760 divide.
3274 2703 3484 2760 Habeto

198 2821 449 2881 tempore,
478 2824 596 2862 cum
631 2816 880 2873 montem,
904 2812 958 2859 et
992 2803 1146 2874 reliq.

577 2960 797 3001 HOIILIA
836 2958 1118 2998 LECTIONIS
1150 2948 1405 2997 missusa.

270 3083 503 3138 Creator
527 3089 582 3137 et
601 3080 933 3152 Redemptor
952 3079 1167 3151 generis
1188 3077 1417 3133 immani
1446 3068 1607 3133 Je‘sus
1637 3075 1795 3133 Chri.

200 3184 324 3234 stus
355 3175 621 3231 Dominus
654 3182 844 3229 noster
875 3189 1068 3228 omnes
1092 3171 1345 3228 homines
1376 3171 1495 3227 sine
1529 3186 1792 3243 persona-

203 3284 329 3324 rum
354 3267 668 3337 acceptione
698 3266 779 3320 at?
814 3280 927 3319 suae
962 3265 1168 3319 donum
1203 3263 1559 3335 benignitatis
1596 3264 1793 3318 invitat

201 3363 549 3434 generaliter,
570 3360 757 3415 dicens
787 3376 800 3411 :
835 3357 895 3412 Si
917 3358 1035 3430 quis
1058 3358 1196 3423 sitit,
1233 3357 1406 3411 veniat
1438 3357 1508 3410 ad
1532 3374 1612 3411 me
1636 3365 1684 3411 et
1712 3356 1791 3409 bi-

200 3456 313 3510 bat.
352 3451 509 3509 Unde
529 3461 583 3507 et
625 3452 908 3523 apostolus
935 3448 1130 3505 Petrus
1160 3468 1172 3503 :
1210 3448 1275 3502 In
1318 3450 1557 3515 veritate,
1591 3449 1788 3520 inquit,

200 3547 433 3617 comperi
464 3546 589 3618 quia
618 3561 722 3599 non
742 3553 818 3598 est
852 3558 1197 3614 personarum
1227 3551 1470 3612 acceptor
1493 3541 1666 3606 Deus;
1700 3540 1791 3595 sed

199 3639 259 3692 in
281 3638 425 3691 omni
445 3644 614 3707 gente,
639 3635 728 3706 qui
756 3634 903 3688 timet
940 3632 1107 3687 Deum
1131 3641 1181 3686 et
1222 3640 1472 3702 operatur
1494 3631 1789 3701 justitiam,

201 3737 449 3798 acceptus
489 3736 569 3781 est
596 3725 700 3781 illi.
745 3724 878 3781 Sitis
907 3725 1025 3779 haec
1068 3740 1174 3779 non
1217 3723 1506 3778 exterioris
1552 3721 1792 3777 hominis

201 3830 291 3875 est
311 3818 647 3890 accipienda,
692 3817 787 3873 sed
836 3815 1133 3881 interioris,
1161 3816 1255 3886 qui
1287 3813 1611 3871 exteriorem
1640 3821 1793 3868 tanto

202 3912 464 3983 prmcellit
492 3912 687 3967 decore
722 3925 1045 3982 gemmaque
1091 3908 1423 3974 nobilitatis,
1478 3916 1538 3962 ut
1575 3907 1789 3972 merito,

207 4013 321 4060 tam
347 4006 402 4059 in
439 4006 598 4062 nobis
629 4020 795 4075 quam
838 4003 891 4057 in
925 4002 1069 4070 aliis,
1098 4002 1186 4056 ille
1228 4001 1404 4072 magis
1446 4017 1609 4071 quam
1639 4008 1791 4055 exte-

204 4098 323 4153 rior
345 4098 620 4170 diligatur,
666 4097 794 4168 quia
851 4096 919 4151 ab
960 4095 1219 4149 interiore
1263 4094 1375 4149 vita
1410 4094 1666 4149 exteriori
1711 4102 1793 4148 at-

204 4191 486 4246 tribuitur.
513 4189 667 4245 Sicut
686 4189 832 4243 enim
863 4187 1149 4243 exterioris
1184 4186 1424 4241 hominis
1448 4185 1569 4241 sitis
1596 4202 1692 4256 per
1709 4186 1793 4241 di-

204 4296 397 4337 versas
424 4281 701 4352 liquorum
728 4279 1092 4350 exstinguitur
1127 4277 1409 4343 materias,
1436 4276 1508 4332 ita
1536 4278 1656 4333 sitis
1692 4277 1792 4333 ho-

206 4375 378 4431 minis
424 4374 701 4429 intcrioris
750 4388 848 4444 per
871 4372 1040 4427 divini
1075 4370 1225 4426 verbi
1279 4372 1461 4426 varias
1513 4379 1792 4426 recreatur

207 4466 530 4523 sententias.
567 4464 624 4519 Si
648 4465 742 4536 qui
774 4473 956 4519 autem
978 4472 1230 4518 nostrum
1258 4462 1507 4518 ariditate
1529 4462 1791 4517 invisibili

204 4558 482 4624 laborant,
512 4557 578 4613 ad
628 4555 964 4612 Salvatorem
996 4555 1267 4612 credendo
1288 4554 1543 4620 veniant;
1573 4569 1637 4608 ac
1670 4554 1791 4624 ejus

203 4649 495 4721 praeceptis
517 4649 859 4705 obaudiendo
880 4648 1090 4716 bibant,
1111 4657 1164 4703 et
1185 4646 1445 4712 bibendo,
1471 4645 1524 4700 id
1549 4654 1635 4700 est
1652 4646 1793 4701 bene

203 4741 462 4807 vivendo,
489 4741 814 4796 :eternaliter
841 4740 1046 4795 vivant.

307 4833 390 4888 Ad
433 4849 598 4903 quam
639 4833 802 4903 hujus
858 4841 1019 4904 potus
1060 4839 1253 4905 gustus
1315 4831 1621 4887 mercedem
1663 4846 1789 4901 per-

203 4928 433 4993 veniat,
524 4928 639 4999 ipse
704 4927 969 4983 Dominus
1019 4925 1330 4996 evangelica
1378 4939 1512 4979 voce
1558 4924 1791 4979 demon~

205 5028 345 5077 strat
382 5037 393 5072 :
438 5019 541 5086 Qui
573 5020 768 5086 credit,
795 5019 990 5091 inquit,
1018 5020 1075 5074 in
1102 5035 1201 5084 me,
1255 5017 1480 5087 [Iumina
1509 5017 1573 5071 de
1619 5026 1792 5072 ventre

202 5111 321 5181 ejus
362 5113 526 5182 fluent
569 5129 720 5184 aqum
770 5113 916 5167 vim.
965 5108 1195 5176 Venter,
1230 5109 1299 5164 de
1347 5124 1458 5179 quo
1502 5109 1793 5180 egrediun-

204 5214 300 5259 tur
334 5221 491 5276 aquzc
526 5206 682 5273 vivae,
710 5216 795 5262 est
820 5206 1128 5260 intellectus
1169 5202 1448 5257 sensibilis
1474 5202 1689 5256 animae.
1715 5199 1791 5255 De

1891 2816 1981 2853 eas
2010 2797 2175 2863 solus,
2209 2813 2300 2850 nec
2322 2796 2427 2849 sint
2452 2797 2615 2862 alieni
2638 2796 2923 2867 participes
2963 2796 3060 2848 tui.
3092 2793 3485 2867 Unusquisque

1891 2893 2067 2948 ﬁdelis
2108 2905 2306 2961 aquam
2341 2891 2409 2945 de
2454 2891 2692 2944 cisterna
2740 2904 2839 2943 sua
2875 2897 2929 2943 et
2972 2887 3172 2943 ﬂuenta
3208 2889 3355 2960 putei
3397 2887 3486 2944 sui

1890 2986 2047 3051 bibit,
2074 3000 2199 3040 eum
2224 2983 2486 3055 spiritalis
2511 2983 2719 3038 donum
2744 2982 3118 3053 intelligentia
3153 2980 3485 3053 sibimetipsi

1892 3084 2046 3154 prius
2092 3081 2351 3148 infundit,
2374 3097 2438 3135 ea
2461 3080 2671 3136 scilicet
2696 3078 2954 3150 operibus
2986 3077 3331 3148 adimplendo
3359 3093 3483 3148 quae

1893 3193 1952 3234 se
1986 3178 2187 3232 habere
2218 3176 2469 3247 intelligit
2492 3190 2719 3230 munere
2754 3173 2960 3229 divino.
2996 3171 3201 3228 Deinde
3230 3172 3488 3228 derivan-

1892 3278 1982 3325 tur
2005 3268 2154 3324 foras
2180 3267 2359 3323 fontes
2382 3267 2524 3338 ejus,
2557 3282 2680 3321 cum
2707 3265 3020 3320 divinorum
3045 3264 3281 3335 gratiam
3309 3262 3486 3317 dono-

1890 3377 2015 3417 rum
2044 3362 2169 3416 aliis
2194 3359 2579 3431 subministrat
2614 3358 2879 3414 exterius.
2914 3356 2974 3411 In
3011 3356 3207 3428 plateis
3236 3372 3365 3410 vero
3393 3354 3481 3410 di-

1892 3456 2155 3510 viduntur
2173 3464 2227 3510 et
2257 3470 2434 3525 aquae,
2467 3470 2616 3522 cum,
2638 3453 2796 3524 juxta
2825 3452 3147 3523 qualitatem
3172 3458 3226 3506 et
3262 3449 3485 3520 capaci-

1893 3556 2058 3602 tatem
2085 3546 2252 3601 unius
2299 3545 2570 3617 cujusque
2602 3544 2893 3611 auditoris,
2922 3544 3068 3598 viam
3104 3542 3353 3598 veritatis
3377 3542 3492 3597 latc-

1894 3637 2187 3693 innotescit
2208 3636 2389 3692 verbis
2415 3645 2470 3691 et
2505 3635 2790 3706 exemplis.
2835 3632 2992 3688 Tunc
3026 3632 3174 3688 enim
3204 3630 3368 3686 habet
3390 3646 3485 3687 eas

1895 3730 2070 3796 solus,
2104 3744 2206 3785 nec
2249 3735 2380 3783 sunt
2409 3727 2595 3794 alieni,
2626 3728 2680 3784 id
2726 3735 2810 3782 est
2840 3727 3138 3791 daemones,
3185 3724 3486 3794 participes

1844 3880 1849 3887 ,
1894 3823 2036 3894 ejus,
2059 3838 2182 3878 cum
2209 3837 2310 3877 nec
2341 3836 2436 3891 per
2463 3820 2662 3875 vitium
2691 3819 2947 3875 elationis
2969 3818 3243 3889 malignze,
3267 3817 3362 3873 sed
3389 3832 3487 3887 per

1896 3915 2150 3986 spiritum
2197 3913 2531 3969 humilitatis
2556 3928 2722 3980 verae,
2766 3911 3033 3982 spiritalis
3053 3911 3241 3982 gratiae
3270 3920 3485 3981 potum,

1895 4018 2058 4079 prout
2088 4015 2287 4080 potest,
2328 4006 2509 4063 studet
2533 4006 2658 4062 aliis
2689 4008 2930 4063 exterius
2960 4006 3269 4076 propinare.

1967 4100 2125 4156 iiunc
2182 4101 2380 4156 salutis
2437 4110 2628 4170 potum
2678 4099 2947 4154 Dominus
2990 4098 3154 4155 Jesus
3197 4098 3493 4170 discipulis

1895 4193 2013 4248 suis
2060 4193 2391 4264 porrigebat,
2425 4202 2699 4262 quatenus
2746 4191 2852 4262 ipsi
2896 4191 3165 4259 biberent,
3212 4202 3265 4248 et
3295 4192 3362 4248 de
3392 4208 3490 4248 eo-
3546 4224 3578 4253 ι

1891 4300 2013 4338 rum
2046 4293 2265 4354 pectore
2289 4298 2446 4352 aqua:
2467 4283 2605 4337 vivae
2629 4290 2972 4350 emanarent,
3001 4299 3124 4338 eum
3153 4292 3276 4338 octo
3306 4284 3485 4339 beati-

1892 4378 2146 4432 tudinum
2200 4378 2432 4448 gratiam
2483 4376 2550 4431 ad
2589 4392 2780 4431 eorum
2827 4376 3088 4448 dignatus
3118 4385 3203 4432 est
3246 4376 3489 4448 proferre

1892 4470 2180 4536 notitiam;
2220 4485 2344 4539 quze
2388 4470 2512 4524 vita:
2562 4469 2913 4523 currentibus
2956 4468 3217 4533 stadium,
3250 4467 3489 4525 liberum

1891 4562 2044 4630 regni
2073 4561 2313 4616 cmlestis
2345 4560 2592 4633 pandunt
2622 4561 2930 4615 introitum.
2961 4559 3052 4613 Ait
3072 4560 3220 4614 enim
3257 4577 3275 4612 :

1962 4655 2119 4709 Beati
2155 4671 2408 4725 pauperes
2432 4654 2647 4724 spiritu.
2679 4652 3028 4723 Paupertatis
3068 4638 3235 4723 igitur
3264 4651 3491 4707 aﬂlietio

1890 4763 1982 4804 res
2004 4756 2089 4803 est
2112 4746 2292 4801 media
2317 4747 2371 4801 in
2402 4747 2509 4801 hoc
2541 4746 2742 4802 sazculo
2770 4763 2781 4799 :
2811 4760 2933 4815 qum
2956 4760 3054 4814 pro
3085 4743 3488 4798 sustinentium

1893 4841 2159 4911 qualitate
2183 4848 2238 4896 et
2266 4839 2495 4895 arbitrio
2534 4838 2695 4895 beata
2739 4853 2836 4893 seu
2870 4852 2981 4892 non
3020 4836 3180 4891 beata
3203 4835 3491 4905 judicabi-

1892 4942 1983 4989 tur
2023 4935 2078 4988 in
2127 4932 2334 4987 futuro.
2391 4930 2545 4987 Multi
2591 4940 2722 4987 sunt
2759 4929 2908 4986 enim
2943 4944 3085 4999 quos
3140 4925 3489 4997 paupertatis

1893 5027 2119 5082 miseria
2142 5026 2381 5097 stringit,
2416 5024 2510 5081 sed
2539 5024 2782 5080 ccclesiis
2820 5022 3031 5094 praamii
3055 5020 3351 5092 promissio
3373 5033 3487 5072 non

1893 5118 2110 5184 ditabit,
2149 5118 2279 5189 quia
2321 5116 2629 5172 molestiam
2668 5114 2866 5185 inopiae
2897 5112 3054 5167 freno
3079 5108 3359 5182 patientia:
3386 5124 3491 5163 ne-

1895 5212 2079 5267 sciunt
2103 5218 2315 5273 tenere;
2346 5218 2400 5263 et
2441 5223 2565 5279 qua:
2593 5214 2875 5277 nequeunt
2919 5202 3329 5275 apprehendere
3356 5214 3489 5272 pos-

202 5314 319 5368 quo
357 5307 544 5353 ventre
572 5299 774 5354 ﬂumen
810 5298 1083 5371 egreditur
1134 5311 1289 5367 aqua:
1329 5294 1484 5361 vivae,
1519 5310 1644 5349 cum
1690 5294 1789 5347 do-

1898 5304 2146 5371 sidendo,
2176 5319 2273 5375 per
2306 5303 2552 5358 avaritire
2586 5302 2794 5357 malum
2822 5300 3224 5370 concupiscunt
3269 5298 3325 5352 in
3357 5297 3483 5353 ani-

203 5406 362 5457 num,
407 5391 551 5460 quod
591 5407 620 5446 a
663 5391 775 5446 Deo
816 5390 1147 5461 percipimus
1171 5431 1185 5453 ,
1232 5386 1475 5459 spiritale
1524 5385 1791 5457 proximis
1824 5413 1869 5467 D
1895 5410 2003 5451 mo,
2038 5394 2305 5464 Pauperes
2339 5403 2468 5448 sum,
2493 5393 2710 5463 spiritu,
2742 5392 2837 5463 qui
2861 5408 2956 5462 per
2984 5391 3217 5462 gratiam
3244 5388 3484 5462 Spiritus

205 5482 413 5537 nostris
453 5482 733 5538 humiliter
770 5481 1063 5553 fat’agimus
1094 5479 1496 5536 administrare.
1547 5475 1698 5531 Unde
1738 5485 1793 5532 ει
1896 5487 2074 5543 sancti
2100 5503 2158 5542 se
2183 5486 2513 5542 submittunt
2546 5494 2863 5555 spontancgg
2888 5483 3216 5554 paupertati.
3248 5481 3481 5547 Idcirco,

204 5591 299 5646 per
327 5573 671 5630 Salomonem
689 5574 985 5644 unicuique
1012 5572 1153 5629 fideli
1180 5572 1382 5628 dicitur
1408 5590 1419 5624 :
1444 5569 1575 5623 Bibe
1595 5585 1789 5640 aquam

1898 5581 2046 5652 iuxta
2082 5579 2411 5635 sententiam
2451 5575 2773 5639 Salvatoris,
2804 5575 2894 5629 illa
2925 5584 3221 5644 paupertas
3257 5580 3345 5628 est
3365 5572 3485 5626 lau-

202 5666 272 5719 de
290 5667 522 5720 cisterna
566 5675 680 5733 tua,
711 5676 759 5719 et
800 5667 999 5736 ﬂuenta
1030 5667 1174 5720 D'éiei
1196 5665 1306 5729 tui;
1338 5663 1642 5717 deriventur
1668 5661 1789 5731 fon-

1898 5674 2095 5729 dabilis
2125 5688 2246 5743 qua:
2276 5680 2370 5726 aut
2397 5670 2599 5724 habere
2622 5684 2731 5723 non
2755 5668 2926 5737 cupit,
2954 5676 3050 5721 aut
3081 5666 3127 5722 si
3155 5665 3336 5731 habet,
3364 5679 3486 5735 pro-

281 5824 432 5895 (Q'il)
476 5823 605 5877 Luc.
645 5839 777 5877 xvn.
