4018 6410
604 329 734 385 1091

932 329 1237 385 ARNOLDI
1278 326 1879 386 EMMERAMMENSIS
1915 323 2225 382 MONACIII
2246 319 2532 379 HOMILIA
2571 321 2659 376 DE
2696 320 2879 378 ΟΕΤο
2913 317 3484 377 BEATiTUDINIBUS
3702 325 3807 384 ωω

598 453 716 514 pter
734 442 908 499 Deum
921 442 1839 517 erogandorelinquit.—-Quoniam
1850 444 2086 514 ipsorum
2110 448 2187 496 est
2215 452 2264 509 Α
2292 435 2645 493 sustinebunt
2685 435 2939 505 justitiaa,
2978 433 3176 488 merito
3208 432 3379 489 beata
3404 432 3658 488 satietatis
3680 436 3807 492 verba

600 552 815 605 regnum
849 536 1120 590 ctelorum.
1160 535 1313 591 Licet
1357 543 1762 606 contemptores
1793 534 1959 604 hujus
1991 531 2178 588 saeculi

598 626 778 680 adhuc
824 637 1118 696 graventur
1165 627 1310 682 mole
1354 626 1585 692 carnali,
1613 634 1801 680 tamen
1834 624 1950 695 jam
1974 622 2100 678 fidei
2125 629 2181 676 et

598 716 714 784 spei
744 717 918 785 gratia
940 717 1092 787 regni
1121 717 1362 772 caelestis
1395 716 1755 787 possidebunt
1779 715 1997 787 gaudia.

668 806 823 860 Beati
849 809 1018 862 mites.
1053 807 1212 862 Mitcs
1257 818 1388 862 sunt
1423 809 1721 874 mansueti,
1754 807 1851 877 qui
1883 806 2177 861 Dominum

595 899 1042 954 mansuetudinis
1087 899 1311 954 student
1341 900 1565 967 imitari,
1589 900 1685 970 qui
1707 899 1878 954 dicit:
1911 898 2114 953 Discite
2147 915 2180 952 a

598 1005 679 1041 me
719 990 843 1058 quia
878 990 1023 1042 mitis
1050 1006 1167 1042 sum
1196 999 1245 1042 et
1266 989 1486 1044 humilis
1523 989 1697 1044 corde.
1741 988 1895 1044 Sicut
1940 989 2029 1043 ille
2059 1003 2180 1041 om-

599 1079 763 1134 nibus
792 1081 1016 1135 omnino
1050 1081 1367 1136 hominibus
1406 1082 1810 1152 sum-gratuitae
1842 1080 2049 1136 donum
2078 1081 2179 1135 tri-

598 1172 721 1227 buit
748 1174 987 1245 pietatis,
1018 1174 1115 1240 ita,
1147 1184 1309 1244 prout
1339 1184 1590 1245 possunt,
1614 1184 1669 1230 et
1696 1176 1858 1230 mites
1880 1174 2177 1244 unicuique

597 1272 854 1336 satagunt
872 1264 1130 1335 prodesse
1151 1265 1358 1335 absque
1380 1264 1504 1321 felle
1533 1265 2013 1321 amaritudinis.—
2028 1264 2176 1330 Quo-

597 1357 741 1409 niam
772 1357 874 1425 ipsi
906 1355 1244 1425 possidebunt
1290 1344 1505 1413 terram.
1543 1357 1665 1414 Non
1707 1374 1832 1428 quae
1866 1358 2175 1413 visibilibus

595 1449 801 1503 nostris
830 1448 1112 1505 obtutibus
1161 1459 1387 1520 apparet
1426 1458 1590 1517 terra,
1621 1460 1675 1506 et
1707 1450 1982 1506 diversam
2010 1450 2175 1505 arbo-

594 1554 717 1593 rum
742 1540 1143 1611 herbarumque
1171 1538 1346 1613 gignit
1377 1543 1685 1609 materiam,
1720 1543 1814 1599 sed
1839 1543 1983 1597 illam
2008 1560 2175 1614 quam

595 1630 957 1700 spiritualiter
1004 1632 1322 1687 intuebatur
1352 1631 1646 1689 Psalmista
1697 1633 2052 1700 invisibilem,
2093 1633 2177 1687 di-

595 1737 725 1776 cens
755 1741 767 1775 :
805 1721 972 1776 Credo
1005 1723 1179 1776 videre
1218 1721 1352 1777 bona
1380 1723 1594 1778 Domini
1622 1725 1676 1777 in
1703 1733 1841 1777 terra
1871 1723 2172 1778 virentium.

2281 538 2559 584 merentur
2589 527 2810 582 audire:
2834 557 2902 567 ~—
2924 525 3177 596 quoniam
3202 524 3305 594 ipsi
3324 524 3703 594 saturabnntur,
3725 544 3807 584 non

2279 620 2373 676 illa
2399 619 2686 676 saturitate
2711 633 2876 688 quam
2905 617 3157 687 sequitur
3176 615 3339 671 famis
3361 616 3558 687 inopia,
3576 618 3660 671 sel
3678 634 3808 688 quam

2278 712 2595 784 suspirabat
2638 709 2932 764 Psalmista
2984 725 3113 765 cum
3164 709 3347 764 adhuc
3400 710 3734 779 requievisset
3766 713 3808 769 in

2278 812 2424 860 terra
2457 821 2472 858 :
2502 802 2617 874 Ego
2664 812 2841 856 autem
2893 802 2952 855 in
2989 801 3212 870 justitia
3258 800 3514 871 apparebo
3561 807 3809 873 conspectui

2280 904 2369 950 tuo
2398 910 2416 948 :
2445 893 2706 963 satiabor,
2748 893 2875 947 dum
2909 893 3344 963 manifestabitur
3372 893 3542 963 gloria
3569 904 3669 949 tua.

2348 988 2502 1043 Beati
2528 985 2912 1042 misericordes.
2937 984 3250 1042 Misericors
3276 985 3479 1040 dicitur
3505 988 3595 1056 qui
3620 989 3809 1045 aliorum

2277 1081 2704 1138 necessitatibus
2760 1080 3110 1150 compatitur.
3154 1078 3480 1150 Quicunque
3523 1081 3662 1135 enim
3703 1098 3812 1139 vere

2278 1171 2484 1227 bonum
2520 1170 2915 1228 misericordia:
2940 1170 3215 1225 desiderat
3250 1171 3507 1242 adipisci,
3532 1188 3733 1229 necesse
3750 1184 3813 1231 est

2277 1274 2338 1319 ut
2365 1265 2730 1331 misereatur;
2757 1263 2937 1333 primo
2960 1263 3313 1335 sibimetipsi,
3340 1280 3408 1319 ne
3432 1264 3582 1335 quid,
3604 1269 3812 1337 operibus

2277 1354 2679 1411 consentiendo
2714 1354 2896 1422 malis,
2925 1353 3181 1427 admittat
3204 1356 3351 1427 quod
3383 1358 3438 1412 in
3470 1357 3645 1414 futuro
3668 1360 3809 1416 sinum

2276 1444 2557 1501 cruciatus
2589 1445 2832 1515 aperiat;
2866 1453 2919 1500 et
2948 1454 3081 1500 tunc
3103 1446 3538 1502 misericordiam
3565 1451 3677 1505 aliis
3695 1452 3811 1521 juxta

2276 1538 2423 1592 vires
2455 1537 2755 1610 impendat,
2798 1554 2964 1609 quam
2997 1538 3153 1608 prius
3191 1539 3246 1593 in
3279 1542 3573 1612 semetipso
3595 1544 3811 1600 bonorum

2278 1642 2503 1696 operum
2530 1627 2885 1683 exsecutione
2914 1627 3555 1695 didicerat.—Quoniam
3583 1632 3674 1701 ipsi
3695 1636 3812 1688 mite-

2279 1719 2569 1773 ricordinm
2622 1728 3002 1790 consequentur
3037 1736 3049 1771 :
3080 1736 3188 1774 non
3221 1720 3370 1776 illam
3416 1739 3540 1794 quae
3564 1728 3726 1795 augeri
3749 1728 3811 1781 vel

595 1813 722 1870 Ideo
757 1815 960 1870 dicitur
999 1825 1144 1871 terra
1187 1816 1473 1872 beatorum
1524 1818 1745 1889 requies
1780 1826 2004 1885 aeterna,
2046 1818 2174 1888 quia
2209 1825 2251 1880 Β
2279 1810 2454 1865 minui
2484 1810 2628 1865 valet
2674 1826 2774 1881 pro
2820 1810 3141 1866 diversitate
3176 1819 3517 1884 temporum;
3551 1817 3639 1871 sed
3658 1832 3756 1889 qute
3770 1818 3811 1873 in

596 1907 741 1962 sicut
763 1915 905 1961 terra
949 1907 1224 1963 soliditate
1250 1918 1448 1964 cuncta
1490 1910 1750 1979 praecellit
1782 1910 2071 1975 elementa,
2100 1910 2177 1963 ita

596 1997 874 2053 beatitudo
920 1998 1162 2054 etelestis
1209 2000 1553 2069 permanebit
1604 1999 1779 2057 solida
1809 2009 1864 2056 et
1891 2013 2173 2072 perpetua.

595 2088 661 2144 Et
693 2105 886 2145 revera
916 2097 1047 2147 tunc
1095 2091 1259 2146 mites
1311 2099 1511 2147 terram
1538 2092 1843 2162 possident,
1871 2091 2091 2164 quando
2119 2093 2175 2147 in

594 2180 684 2237 die
729 2181 925 2251 judicii
973 2184 1330 2254 corporaliter
1380 2192 1691 2256 resurgent,
1730 2194 1790 2241 ut
1818 2185 1962 2241 sicut
1990 2184 2175 2240 divina

595 2290 822 2346 corpore
847 2285 901 2330 et
931 2277 1116 2331 anima
1157 2277 1589 2333 observaverunt
1615 2277 1892 2346 mandata,
1920 2279 1994 2334 ita
2019 2287 2177 2334 teter-

595 2368 792 2423 naliter
820 2378 1150 2424 coronentur
1177 2370 1428 2441 corporis
1457 2378 1512 2426 et
1540 2371 1737 2425 anima:
1781 2371 1919 2426 stola
1950 2371 2102 2427 bina.

663 2458 818 2513 Beati
852 2463 941 2530 qui
965 2460 1161 2531 lugent.
1189 2460 1309 2517 Non
1331 2464 1609 2518 communi
1635 2464 1916 2519 saecularis
1939 2465 2177 2521 tristitia:

593 2550 781 2618 ductu,
808 2552 905 2607 sed
934 2554 1269 2623 paenitentia:
1311 2555 1599 2623 instinctu,
1640 2572 1869 2612 suorum
1909 2558 2169 2613 aliorum-

594 2660 703 2715 que
730 2644 1058 2701 detrimenta
1082 2662 1308 2717 operum
1341 2648 1634 2702 bonorum.
1662 2646 1802 2705 Sunt
1824 2666 2063 2720 namque
2095 2651 2176 2705 la-

593 2752 793 2808 crymm
815 2744 1053 2806 quatuor
1086 2738 1172 2794 his
1213 2739 1504 2809 speciebus
1544 2739 1838 2796 distinctae.
1889 2740 2031 2796 Sunt
2070 2742 2176 2797 hu—

594 2826 777 2894 midae,
803 2828 962 2882 salsae
993 2836 1048 2883 et
1091 2843 1311 2896 amarae,
1349 2830 1560 2895 calidae,
1600 2847 1769 2901 purae.
1807 2830 1946 2887 Sunt
1988 2834 2173 2887 humi-

593 2917 698 2985 dae,
726 2934 837 2989 quo
859 2919 1048 2974 sordes
1068 2929 1417 2990 peccatorum
1442 2922 1656 2991 possint
1685 2923 1927 2991 abluere,
1949 2933 2003 2979 ct
2029 2927 2172 2981 sacri

593 3009 810 3080 lapsum
842 3010 1188 3080 baptismatis
1216 3013 1271 3066 in
1295 3013 1527 3084 gradum
1553 3015 1846 3070 restituere
1867 3016 2045 3088 digna:
2082 3034 2171 3074 re—

594 3102 1018 3157 conciliationis.
1064 3100 1219 3159 Unde
1259 3102 1432 3162 Isaias
1471 3124 1484 3159 :
1527 3105 1831 3176 Lavamini,
1874 3107 2073 3180 inquit,
2122 3119 2174 3167 et

2277 1901 2464 1956 divina
2497 1903 2958 1973 contemplatione
2984 1903 3314 1960 detrimenta
3350 1922 3463 1961 non
3494 1910 3751 1964 sustinebit
3770 1910 3811 1966 in

2277 2002 2540 2049 aeternum
2551 2035 2565 2049 .

2349 2084 2507 2139 Beati
2531 2087 2726 2140 mundo
2750 2088 2926 2142 corde.
2960 2085 3099 2142 Illud
3128 2089 3331 2143 etenim
3361 2098 3450 2145 est
3478 2105 3570 2146 cor
3598 2091 3810 2147 mundum

2278 2178 2422 2247 quod
2452 2178 2522 2233 ab
2567 2179 2718 2233 omni
2746 2179 3014 2251 spurcitia
3062 2180 3324 2235 vitiorum
3352 2182 3463 2236 erit
3486 2193 3809 2254 expurgatum,

2277 2278 2332 2324 et
2357 2270 2507 2341 quod
2536 2287 2646 2327 non
2678 2274 2858 2343 turpis
2893 2274 3258 2341 conscientia,
3289 2271 3390 2330 nec
3423 2277 3676 2332 malarum
3696 2279 3810 2350 cogi.

2278 2362 2547 2417 tationum
2571 2362 2894 2434 coinquinat
2919 2363 3248 2436 frequentia.
3276 2365 3353 2421 De
3378 2383 3493 2438 qua
3514 2370 3681 2424 cordis
3698 2385 3812 2423 mun-

2277 2454 2412 2509 ditia
2461 2456 2725 2510 exorabat
2772 2455 3067 2511 Dominum
3124 2457 3427 2513 Psalmista
3480 2459 3700 2515 dicens:
3735 2459 3811 2515 Cor

2278 2545 2532 2599 mundum
2561 2563 2682 2601 crea
2715 2546 2771 2599 in
2828 2563 2929 2613 me,
2959 2545 3121 2602 Deus.
3153 2577 3225 2588 —
3255 2547 3525 2614 Quoniam
3564 2551 3658 2620 ipsi
3683 2549 3809 2603 Deum

2277 2637 2545 2692 ridebunt.
2583 2637 2731 2693 Deus
2760 2639 2908 2695 enim
2931 2639 3162 2710 spiritus
3186 2649 3288 2696 est.
3320 2638 3498 2697 Nemo
3518 2642 3653 2698 enim
3680 2641 3808 2700 Deum

2276 2740 2454 2801 potest
2476 2732 2677 2787 intueri
2708 2733 2819 2789 nisi
2847 2748 2941 2803 per
2967 2734 3242 2803 spiritales
3273 2738 3472 2793 oculos
3493 2738 3661 2793 cordis
3685 2753 3809 2791 mun-

2276 2820 2353 2875 di.
2378 2820 2479 2877 Hic
2510 2823 2785 2878 videbitur
2818 2839 2915 2894 per
2948 2826 3177 2895 gratiam
3219 2829 3551 2897 specialem;
3590 2829 3641 2883 in
3667 2828 3809 2885 fututa

2275 2922 2457 2969 autem
2503 2914 2645 2971 facie
2677 2916 2744 2970 ad
2778 2915 2998 2983 faciem,
3029 2916 3090 2974 u't
3118 2916 3361 2975 Joannes
3387 2922 3470 2976 ait
3504 2942 3517 2976 :
3556 2922 3675 2978 Cum
3701 2923 3807 2976 enim

2275 3012 2604 3082 apparuerit,
2645 3010 2851 3067 similes
2882 3012 2933 3067 ei
2961 3013 3179 3081 erimus,
3216 3022 3267 3069 et
3302 3015 3589 3072 ridebimus
3626 3033 3723 3070 eum
3754 3014 3808 3068 si-

2277 3101 2388 3153 cuti
2412 3108 2509 3155 est.

592 3193 778 3248 mundi
814 3201 988 3247 2stote.
1016 3190 1171 3249 Sicut
1208 3196 1357 3251 enim
1385 3197 1612 3251 materia
1651 3173 1923 3268 aquarum
1944 3173 2169 3267 visibili,
2201 3173 2244 3233 (ἶ
2348 3190 2503 3245 Beati
2537 3191 2769 3262 paciﬁci.
2808 3190 3031 3247 Paciﬁci
3081 3192 3226 3249 enim
3270 3204 3403 3262 sunt
3434 3211 3528 3266 qm
3568 3208 3731 3264 pacem
3749 3190 3807 3246 fa-

592 3285 779 3340 carnis
810 3285 1177 3354 immunditia,
1205 3287 1283 3342 ita
1330 3288 1697 3360 lacrymarum
1741 3291 1987 3348 ubertate
2026 3292 2175 3347 lava-

594 3386 683 3431 tur
736 3377 1094 3447 spiritualiter
1139 3386 1196 3433 et
1243 3380 1446 3434 anima.
1478 3377 1620 3436 Sunt
1667 3382 1829 3438 salsae
1867 3391 1921 3438 et
1949 3399 2170 3453 amarae,

594 3467 727 3536 quia
769 3482 865 3536 per
908 3482 1061 3537 spem
1123 3469 1300 3523 veniae
1345 3476 1401 3524 et
1445 3478 1708 3526 terrorem
1745 3472 1888 3543 ignis
1913 3472 2175 3545 gehennae

592 3557 1034 3629 uniuscujusque
1063 3560 1309 3616 animum
1339 3561 1514 3617 fidelis
1558 3564 1897 3635 restringunt
1943 3581 1976 3621 a
2015 3566 2173 3637 culpa

593 3650 826 3705 luxuriae
859 3652 1117 3719 carnalis,
1147 3653 1291 3708 sicut
1308 3650 1575 3709 Dominus
1599 3654 1677 3709 ait
1709 3672 1723 3709 :
1761 3653 1880 3711 Sint
1909 3655 2074 3712 lumbi
2098 3675 2175 3713 vc-

593 3752 692 3795 strt
717 3743 989 3811 prtecincti
1004 3760 1023 3810 ;
1062 3753 1117 3798 et
1162 3744 1459 3814 Apostolus
1490 3764 1503 3799 :
1532 3743 1658 3801 Sine
1686 3763 1814 3818 pace
1843 3756 1892 3802 et
1918 3750 2171 3804 castimo-

592 3834 685 3886 nia
708 3851 857 3888 nemo
892 3835 1082 3890 ridebit
1110 3834 1296 3888 Deum.
1332 3833 1472 3889 Sunt
1496 3835 1685 3891 calida:
1704 3835 1773 3891 ad
1800 3838 2170 3907 repellendum

593 3924 767 3996 frigus
825 3926 1187 3993 inﬁdelitatis,
1244 3936 1297 3981 ct
1345 3925 1412 3980 ad
1461 3927 1870 3984 accendendum
1920 3930 2170 3986 ardorem

592 4020 899 4076 cliaritatis.
952 4021 1109 4076 Sicut
1144 4021 1262 4075 sine
1312 4020 1433 4076 oleo
1475 4019 1718 4088 lucerna,
1769 4023 1842 4077 ita
1890 4022 2024 4079 fides
2054 4025 2172 4081 sine

593 4113 881 4169 charitatis
931 4114 1203 4184 lampada.
1251 4113 1391 4169 Sunt
1432 4130 1603 4184 purm,
1631 4131 1754 4170 cum
1796 4117 1920 4187 quis
1947 4117 2170 4174 assidua

528 4226 537 4235 -
593 4200 756 4257 flendi
787 4204 1185 4259 consuetudine
1214 4205 1420 4275 peccati
1459 4205 1546 4259 sui
1590 4207 1822 4277 gratiam
1871 4212 2170 4279 speraverit

593 4298 796 4363 venim;
848 4306 905 4351 et
941 4299 1056 4368 jam
1096 4314 1203 4351 non
1251 4298 1445 4352 timore
1483 4298 1625 4368 ignis
1649 4301 1927 4371 gehennae,
1953 4304 2045 4375 sed
2072 4321 2171 4375 pro

593 4388 998 4457 exspectatione
1026 4397 1241 4443 teterme
1258 4388 1614 4446 beatitudinis
1642 4391 1832 4462 incipit
1860 4392 2007 4461 flere,
2040 4411 2171 4449 can-

595 4487 717 4534 tans
745 4480 988 4551 quotidie
1011 4496 1138 4536 cum
1160 4480 1455 4538 Psalmista
1484 4482 1539 4537 in
1573 4482 2038 4556 oratione:Super
2062 4487 2169 4557 ﬂu-

592 4572 738 4626 mina
758 4571 1070 4643 Babylonis.
1103 4571 1214 4625 illic
1240 4571 1468 4625 sedimus
1489 4581 1536 4626 et
1562 4573 1823 4643 fleuimus,
1844 4575 1971 4628 dum
1997 4592 2170 4630 recor-

590 4661 840 4716 daremur
886 4663 983 4728 tui,
1021 4660 1171 4717 Sion.
1209 4661 1274 4715 Hi
1303 4662 1438 4718 tales
1469 4663 1667 4718 divinae
1698 4663 1895 4736 gaudia
1918 4667 2167 4721 consola-

592 4756 759 4813 tionis
784 4764 1155 4829 mc‘rentur,ut
1175 4754 1885 4827 subinferturz—quoniam
1912 4757 2014 4826 ipsi
2044 4774 2170 4813 con-

590 4844 923 4911 solabuntur,
957 4845 1045 4900 illa
1061 4843 1316 4899 videlicet
1338 4844 1713 4899 consolatione
1735 4860 1856 4914 qua:
1877 4854 2002 4916 post
2025 4847 2168 4903 hanc

590 4938 756 4992 vitam
788 4938 995 4993 sanctis
1017 4936 1239 4991 dabitur
1265 4935 1318 4989 in
1342 4945 1542 4990 aeterna
1577 4936 1785 5006 requie.

660 5030 815 5085 Beati
844 5030 932 5101 qui
963 5029 1201 5083 esuriant
1251 5035 1302 5081 et
1345 5027 1532 5080 sitiunt
1564 5028 1856 5098 justitiam.
1889 5026 2167 5085 Justitiam

587 5124 800 5178 esurire
839 5130 893 5177 et
943 5121 1118 5186 sitire,
1143 5129 1226 5173 est
1252 5128 1516 5189 przeeepta
1546 5117 1829 5174 Dominica
1868 5121 2071 5176 animo
2102 5121 2170 5175 li-

589 5215 736 5269 benti
790 5212 1001 5279 audirc,
1041 5221 1095 5266 et
1124 5212 1229 5266 sub
1259 5211 1408 5266 omni
1435 5204 1753 5266 festinantia
1795 5212 2051 5281 operibus
2070 5213 2169 5268 ad-

590 5308 837 5376 implere.
867 5304 922 5361 In
958 5307 1062 5361 hoc
1082 5305 1229 5360 enim
1255 5304 1374 5359 loco
1393 5302 1610 5374 justitia
1634 5302 1848 5360 duobus
1875 5305 2054 5361 modis
2085 5314 2169 5362 est

592 5396 959 5467 intelligenda.
984 5395 1207 5453 Justitia
1226 5390 1227 5393 “
1243 5395 1536 5451 Dominum
1558 5393 1837 5455 Christum
1878 5399 2164 5469 significat,

589 5492 658 5546 de
680 5505 790 5562 quo
823 5490 1103 5560 apostolus
1128 5488 1333 5545 Paulus
1362 5489 1496 5545 dicit
1526 5507 1539 5542 :
1571 5487 1675 5555 Qui
1710 5490 1883 5560 factus
1913 5501 1989 5546 est
2018 5493 2165 5548 nobis

582 5582 904 5656 justiﬁcatio
936 5591 986 5635 et
1013 5582 1387 5652 sanctiﬁcatio.
1421 5580 1487 5637 Et
1529 5582 1658 5637 item
1696 5583 1846 5653 justa
1870 5583 1964 5640 Dei
2006 5602 2167 5641 man-

588 5675 716 5731 data
744 5690 1038 5745 possumus
1065 5674 1339 5745 justitiam
1386 5674 1710 5747 intelligere,
1753 5691 1877 5746 quae
1907 5693 2039 5733 suos
2080 5678 2171 5735 ob-

589 5778 893 5824 servatores
922 5766 1220 5824 creduntur
1241 5766 1562 5839 justificare.
1596 5766 1701 5833 Qui
1727 5769 1889 5824 talem
1928 5771 2166 5827 esuriem

2276 3299 2395 3339 cere
2422 3292 2711 3355 satagunt;
2756 3284 2997 3355 primum
3048 3285 3102 3338 in
3145 3287 3486 3357 semetipsis,
3526 3288 3668 3358 juxta
3704 3286 3809 3356 Apo-

2276 3378 2401 3433 stoli
2444 3394 2633 3434 vocem
2669 3377 2952 3433 dicentis:
3004 3378 3079 3434 Νι
3130 3396 3252 3450 ergo
3301 3392 3482 3452 regnet
3511 3381 3806 3453 peccatumia

2276 3479 2444 3523 vestro
2479 3470 2699 3526 mortali
2748 3486 2985 3541 corpore,
3018 3479 3075 3543 ut
3117 3472 3375 3526 obediatis
3434 3472 3806 3546 concupiscentiis

2273 3558 2407 3631 ejus.
2442 3560 2647 3616 Deinde
2670 3577 2801 3617 vero
2822 3560 3212 3618 dissidentium
3234 3564 3401 3619 corda
3427 3565 3495 3621 ad
3519 3564 3805 3621 concordiam

2274 3668 2571 3722 provocare
2621 3668 2749 3707 cum
2802 3652 3248 3707 mansuetudinis
3283 3655 3485 3724 gratia.
3524 3642 3663 3709 Unde
3690 3651 3807 3707 Psal-

2273 3751 2438 3806 mista
2474 3767 2486 3800 :
2517 3748 2651 3805 Cum
2693 3750 2797 3817 his,
2844 3748 3058 3820 inquit,
3101 3750 3192 3820 qui
3238 3750 3467 3804 oderunt
3501 3766 3666 3821 pacem
3695 3763 3803 3801 erant

2272 3841 2551 3909 paciﬁcus.
2585 3870 2653 3879 —-
2684 3838 2947 3904 Quoniam
2985 3838 3087 3908 ﬁlii
3135 3838 3233 3893 Dei
3285 3841 3621 3894 iocabuntur.
3661 3836 3804 3891 Merito

2272 3947 2401 4004 ergo
2428 3931 2523 3985 filii
2553 3929 2649 3985 Dei
2685 3929 3031 3986 vocabuntur
3059 3930 3293 4000 pacifici,
3319 3931 3419 4001 qui
3453 3930 3804 3996 Dominumpa-

2272 4022 2354 4077 cis
2381 4021 2605 4077 student
2626 4020 2852 4076 imitari.
2888 4019 3029 4087 Quia
3060 4020 3235 4077 Filius
3266 4020 3361 4076 Dei
3397 4020 3468 4076 ad
3497 4022 3595 4077 hoc
3629 4024 3804 4074 venerat

2274 4116 2329 4171 in
2356 4114 2622 4171 mundum
2655 4124 2717 4171 ut
2762 4114 2876 4170 Deo
2902 4113 3050 4177 Patri
3088 4132 3189 4172 suo
3217 4116 3535 4187 pacificaret
3561 4130 3712 4187 genus
3728 4114 3803 4167 hu-

2273 4223 2520 4274 manum,
2551 4216 2604 4263 et
2629 4222 2725 4278 per
2760 4222 2876 4262 suae
2918 4208 3149 4279 gratiam
3191 4209 3474 4279 passionis
3513 4208 3720 4280 aperiret
3737 4203 3802 4273 ja-

2274 4314 2440 4354 nuam
2497 4298 2652 4369 regni
2709 4298 2971 4355 caelestis.
3018 4297 3288 4355 Nascente
3355 4300 3647 4365 Salvatore,
3705 4295 3802 4351 huic

2274 4391 2480 4448 mundo
2502 4391 2836 4463 angelorum
2875 4407 3064 4463 pacem
3102 4393 3431 4448 decantabat
3460 4388 3721 4448 multitudo
3740 4386 3801 4441 di-

2273 4498 2406 4538 cens
2436 4500 2448 4536 :
2477 4478 2662 4535 Gloria
2695 4482 2751 4535 in
2783 4481 3005 4536 excelsis
3041 4481 3173 4549 Deo,
3200 4493 3249 4537 et
3289 4484 3343 4536 in
3386 4491 3527 4537 terra
3557 4497 3651 4553 paa:
3671 4477 3801 4531 homi-

2279 4572 2451 4632 nibus.
2485 4570 2552 4626 Et
2608 4571 2728 4642 ipse
2776 4569 3046 4641 Salvator,
3097 4572 3453 4629 discessurus
3508 4573 3572 4628 de
3618 4566 3799 4627 mundo.

2274 4664 2523 4719 eamdem
2570 4663 2860 4734 discipulis
2905 4665 3326 4720 commendabat
3359 4664 3585 4722 dicendo
3613 4662 3799 4716 :Pacem

2275 4757 2511 4828 relinquo
2548 4757 2714 4823 vobis,
2757 4774 2940 4827 pacem
2989 4774 3159 4811 meam
3208 4759 3275 4812 do
3310 4760 3472 4814 robis.
3518 4750 3796 4815 Nihilaliutl,

2276 4848 2494 4914 fratres,
2525 4848 2580 4901 in
2612 4848 2765 4918 pacis
2802 4849 3047 4915 nomine,
3080 4849 3191 4905 nisi
3218 4866 3275 4907 se
3310 4851 3489 4922 ipsum
3526 4847 3712 4904 curavit
3731 4858 3797 4897 re-

2274 4941 2540 5010 linquere,
2574 4948 2633 4995 ut
2672 4938 2879 4995 Paulus
2902 4941 2978 4995 ait
3011 4959 3024 4995 :
3064 4939 3185 5011 Ipse
3224 4952 3301 4997 est
3344 4944 3483 4997 enim
3510 4957 3610 5012 pax
3637 4944 3793 4993 nostra,

2273 5033 2364 5103 qui
2400 5033 2523 5102 fecit
2567 5041 2790 5103 utraque
2838 5049 3021 5086 unum.
3052 5031 3262 5088 Idcirco
3288 5035 3390 5089 sub
3419 5033 3563 5088 omni
3586 5031 3794 5086 debemus

2275 5124 2564 5180 devotione
2610 5140 2796 5195 pacem
2846 5124 3096 5195 diligere,
3126 5125 3173 5180 si
3217 5124 3387 5182 Deum
3421 5125 3567 5196 pacis
3591 5122 3793 5176 volumus

2271 5216 2469 5273 habere
2497 5217 2791 5287 placatum.

2340 5308 2496 5364 Beati
2529 5310 2619 5380 qui
2652 5308 3063 5380 persecutionem
3105 5310 3391 5380 patiuntur
3434 5315 3634 5378 propter
3656 5299 3788 5373 justi-

2271 5402 2423 5459 tiam.
2451 5400 2737 5457 Sustinent
2773 5403 2918 5459 enim
2943 5401 3353 5471 persecutiones
3376 5400 3546 5463 multi,
3576 5404 3630 5452 ut
3653 5389 3788 5449 horni-

2274 5496 2430 5563 cidaa,
2470 5495 2620 5552 fures
2648 5504 2702 5551 et
2728 5495 2981 5561 adulteri,
3012 5512 3113 5551 nec
3142 5503 3325 5551 tamen
3354 5492 3666 5550 beatitudine
3688 5498 3786 5541 eon-

2276 5586 2596 5643 solabuntur
2617 5586 2845 5642 caelesti.
2870 5585 3027 5642 Unde
3048 5587 3330 5657 apostolus
3364 5585 3550 5640 Petrus
3572 5581 3640 5637 ait
3662 5592 3679 5633 :
3699 5572 3781 5629 Νε-

2278 5694 2361 5733 mo
2401 5688 2629 5733 vestrum
2673 5680 2915 5749 patiatur
2949 5679 3103 5749 quasi
3154 5678 3437 5743 homicida,
3472 5683 3558 5730 aut
3602 5673 3780 5742 {nam

2276 5772 2504 5841 adulter,
2535 5780 2625 5826 aut
2655 5787 2821 5842 rapax
2861 5770 2969 5826 Sed
2994 5771 3088 5844 qui
3112 5771 3533 5841 persecutionem
3553 5763 3778 5839 patiuntur
