  <div class='ocr_page' id='page_1' title='image "/cluster/home/n/w/nwhite01/storage/ocr_20150623/141/hvd.32044015471790/552.png"; bbox 0 0 4018 6436; ppageno 0'>
   <div class='ocr_carea' id='block_1_1' title="bbox 200 359 345 417">
    <p class='ocr_par' dir='ltr' id='par_1_1' title="bbox 200 359 345 417">
     <span class='ocr_line' id='line_1_1' title="bbox 200 359 345 417; baseline 0.014 -2"><span class='ocrx_word' id='word_1_1' title='bbox 200 359 345 417; x_wconf 72' lang='grc' dir='ltr'><strong>ιοθδ</strong></span> 
     </span>
    </p>
   </div>
   <div class='ocr_carea' id='block_1_2' title="bbox 486 344 3238 419">
    <p class='ocr_par' dir='ltr' id='par_1_2' title="bbox 486 344 3238 419">
     <span class='ocr_line' id='line_1_2' title="bbox 486 344 3238 419; baseline 0.001 -5"><span class='ocrx_word' id='word_1_2' title='bbox 486 358 830 415; x_wconf 76' lang='lat' dir='ltr'><strong>APPENDIX</strong></span> <span class='ocrx_word' id='word_1_3' title='bbox 868 361 960 415; x_wconf 78' lang='lat' dir='ltr'><strong>AD</strong></span> <span class='ocrx_word' id='word_1_4' title='bbox 998 360 1403 417; x_wconf 73' lang='lat' dir='ltr'><strong>ARNOLDUM.</strong></span> <span class='ocrx_word' id='word_1_5' title='bbox 1436 391 1498 400; x_wconf 87' lang='lat'><strong>-</strong></span> <span class='ocrx_word' id='word_1_6' title='bbox 1546 344 1953 419; x_wconf 72' lang='lat' dir='ltr'><strong>DESCRIPTIO</strong></span> <span class='ocrx_word' id='word_1_7' title='bbox 1990 358 2322 419; x_wconf 80' lang='lat' dir='ltr'><strong>CENSUUM</strong></span> <span class='ocrx_word' id='word_1_8' title='bbox 2354 359 2656 418; x_wconf 55' lang='lat' dir='ltr'><strong>MONAS’I‘.</strong></span> <span class='ocrx_word' id='word_1_9' title='bbox 2697 360 2755 416; x_wconf 88' lang='lat' dir='ltr'><strong>S.</strong></span> <span class='ocrx_word' id='word_1_10' title='bbox 2798 360 3238 419; x_wconf 75' lang='lat' dir='ltr'><strong>EMMERAMMI.</strong></span> 
     </span>
    </p>
   </div>
   <div class='ocr_carea' id='block_1_3' title="bbox 3329 318 3485 420">
    <p class='ocr_par' dir='ltr' id='par_1_3' title="bbox 3329 318 3485 420">
     <span class='ocr_line' id='line_1_3' title="bbox 3329 318 3485 420; baseline 0 -1"><span class='ocrx_word' id='word_1_11' title='bbox 3329 318 3485 420; x_wconf 49' lang='lat' dir='ltr'><strong>.i095</strong></span> 
     </span>
    </p>
   </div>
   <div class='ocr_carea' id='block_1_4' title="bbox 200 469 3485 551">
    <p class='ocr_par' dir='ltr' id='par_1_4' title="bbox 200 469 3485 551">
     <span class='ocr_line' id='line_1_4' title="bbox 200 469 3485 551; baseline 0.002 -24"><span class='ocrx_word' id='word_1_12' title='bbox 200 480 424 542; x_wconf 76' lang='lat' dir='ltr'><strong>propter</strong></span> <span class='ocrx_word' id='word_1_13' title='bbox 466 469 858 540; x_wconf 85' lang='lat' dir='ltr'><strong>Christum,-——</strong></span> <span class='ocrx_word' id='word_1_14' title='bbox 878 475 1113 544; x_wconf 80' lang='lat' dir='ltr'><strong>ipsorum</strong></span> <span class='ocrx_word' id='word_1_15' title='bbox 1160 482 1236 529; x_wconf 85' lang='lat' dir='ltr'><strong>est</strong></span> <span class='ocrx_word' id='word_1_16' title='bbox 1277 491 1489 545; x_wconf 83' lang='lat' dir='ltr'><strong>regnum</strong></span> <span class='ocrx_word' id='word_1_17' title='bbox 1522 474 1790 529; x_wconf 74' lang='lat' dir='ltr'><strong>caelorum.</strong></span> <span class='ocrx_word' id='word_1_18' title='bbox 1824 483 1871 538; x_wconf 75' lang='grc' dir='ltr'>Α</span> <span class='ocrx_word' id='word_1_19' title='bbox 1896 475 2147 547; x_wconf 86' lang='lat' dir='ltr'><strong>flagranti</strong></span> <span class='ocrx_word' id='word_1_20' title='bbox 2171 475 2390 530; x_wconf 74' lang='lat' dir='ltr'><strong>sitiebat</strong></span> <span class='ocrx_word' id='word_1_21' title='bbox 2424 475 2492 531; x_wconf 88' lang='lat' dir='ltr'><strong>ab</strong></span> <span class='ocrx_word' id='word_1_22' title='bbox 2524 474 2754 530; x_wconf 76' lang='lat' dir='ltr'><strong>infantia</strong></span> <span class='ocrx_word' id='word_1_23' title='bbox 2783 476 2886 531; x_wconf 86' lang='lat' dir='ltr'><strong>sub</strong></span> <span class='ocrx_word' id='word_1_24' title='bbox 2907 476 3095 533; x_wconf 77' lang='lat' dir='ltr'><strong>solerti</strong></span> <span class='ocrx_word' id='word_1_25' title='bbox 3126 472 3329 551; x_wconf 82' lang='lat' dir='ltr'><strong>d&#39;egens</strong></span> <span class='ocrx_word' id='word_1_26' title='bbox 3352 495 3485 535; x_wconf 87' lang='lat' dir='ltr'><strong>cura</strong></span> 
     </span>
    </p>
   </div>
   <div class='ocr_carea' id='block_1_5' title="bbox 203 562 1787 638">
    <p class='ocr_par' dir='ltr' id='par_1_5' title="bbox 203 562 1787 638">
     <span class='ocr_line' id='line_1_5' title="bbox 203 562 1787 638; baseline 0.001 -18"><span class='ocrx_word' id='word_1_27' title='bbox 203 562 363 620; x_wconf 79' lang='lat' dir='ltr'><strong>Unde</strong></span> <span class='ocrx_word' id='word_1_28' title='bbox 394 563 659 620; x_wconf 87' lang='lat' dir='ltr'><strong>Dominus</strong></span> <span class='ocrx_word' id='word_1_29' title='bbox 683 566 813 620; x_wconf 83' lang='lat' dir='ltr'><strong>alibi</strong></span> <span class='ocrx_word' id='word_1_30' title='bbox 834 567 910 621; x_wconf 88' lang='lat' dir='ltr'><strong>ait</strong></span> <span class='ocrx_word' id='word_1_31' title='bbox 935 585 946 621; x_wconf 90' lang='lat'><strong>:</strong></span> <span class='ocrx_word' id='word_1_32' title='bbox 979 565 1038 622; x_wconf 89' lang='lat' dir='ltr'><strong>Si</strong></span> <span class='ocrx_word' id='word_1_33' title='bbox 1069 584 1148 621; x_wconf 86' lang='lat' dir='ltr'><strong>me</strong></span> <span class='ocrx_word' id='word_1_34' title='bbox 1176 567 1435 638; x_wconf 85' lang='lat' dir='ltr'><strong>persecuti</strong></span> <span class='ocrx_word' id='word_1_35' title='bbox 1457 576 1600 632; x_wconf 84' lang='lat' dir='ltr'><strong>sunt,</strong></span> <span class='ocrx_word' id='word_1_36' title='bbox 1628 578 1676 621; x_wconf 88' lang='lat' dir='ltr'><strong>et</strong></span> <span class='ocrx_word' id='word_1_37' title='bbox 1700 585 1787 621; x_wconf 82' lang='lat' dir='ltr'><strong>vos</strong></span> 
     </span>
    </p>
   </div>
   <div class='ocr_carea' id='block_1_6' title="bbox 200 657 1786 732">
    <p class='ocr_par' dir='ltr' id='par_1_6' title="bbox 200 657 1786 732">
     <span class='ocr_line' id='line_1_6' title="bbox 200 657 1786 732; baseline 0.003 -19"><span class='ocrx_word' id='word_1_38' title='bbox 200 668 598 730; x_wconf 78' lang='lat' dir='ltr'><strong>persequentur.</strong></span> <span class='ocrx_word' id='word_1_39' title='bbox 627 657 752 715; x_wconf 77' lang='lat' dir='ltr'><strong>llzec</strong></span> <span class='ocrx_word' id='word_1_40' title='bbox 771 670 856 715; x_wconf 91' lang='lat' dir='ltr'><strong>est</strong></span> <span class='ocrx_word' id='word_1_41' title='bbox 879 661 1114 732; x_wconf 81' lang='lat' dir='ltr'><strong>gratuita</strong></span> <span class='ocrx_word' id='word_1_42' title='bbox 1150 661 1430 717; x_wconf 85' lang='lat' dir='ltr'><strong>miseratio</strong></span> <span class='ocrx_word' id='word_1_43' title='bbox 1463 660 1786 727; x_wconf 86' lang='lat' dir='ltr'><strong>Salvatoris,</strong></span> 
     </span>
    </p>
   </div>
   <div class='ocr_carea' id='block_1_7' title="bbox 202 752 1791 825">
    <p class='ocr_par' dir='ltr' id='par_1_7' title="bbox 202 752 1791 825">
     <span class='ocr_line' id='line_1_7' title="bbox 202 752 1791 825; baseline 0.003 -20"><span class='ocrx_word' id='word_1_44' title='bbox 202 760 267 806; x_wconf 90' lang='lat' dir='ltr'><strong>ut</strong></span> <span class='ocrx_word' id='word_1_45' title='bbox 295 767 428 808; x_wconf 92' lang='lat' dir='ltr'><strong>suos</strong></span> <span class='ocrx_word' id='word_1_46' title='bbox 451 760 746 807; x_wconf 78' lang='lat' dir='ltr'><strong>sectatores</strong></span> <span class='ocrx_word' id='word_1_47' title='bbox 783 753 1026 809; x_wconf 85' lang='lat' dir='ltr'><strong>haeredes</strong></span> <span class='ocrx_word' id='word_1_48' title='bbox 1062 752 1227 808; x_wconf 87' lang='lat' dir='ltr'><strong>faciat</strong></span> <span class='ocrx_word' id='word_1_49' title='bbox 1259 755 1412 825; x_wconf 91' lang='lat' dir='ltr'><strong>regni</strong></span> <span class='ocrx_word' id='word_1_50' title='bbox 1438 755 1712 820; x_wconf 75' lang='lat' dir='ltr'><strong>cmlestis,</strong></span> <span class='ocrx_word' id='word_1_51' title='bbox 1736 765 1791 809; x_wconf 90' lang='lat' dir='ltr'><strong>et</strong></span> 
     </span>
    </p>
   </div>
   <div class='ocr_carea' id='block_1_8' title="bbox 198 844 1785 916">
    <p class='ocr_par' dir='ltr' id='par_1_8' title="bbox 198 844 1785 916">
     <span class='ocr_line' id='line_1_8' title="bbox 198 844 1785 916; baseline 0.003 -19"><span class='ocrx_word' id='word_1_52' title='bbox 198 844 299 913; x_wconf 90' lang='lat' dir='ltr'><strong>qui</strong></span> <span class='ocrx_word' id='word_1_53' title='bbox 326 852 544 914; x_wconf 86' lang='lat' dir='ltr'><strong>propter</strong></span> <span class='ocrx_word' id='word_1_54' title='bbox 578 844 758 914; x_wconf 89' lang='lat' dir='ltr'><strong>ipsum</strong></span> <span class='ocrx_word' id='word_1_55' title='bbox 804 854 1251 916; x_wconf 89' lang='lat' dir='ltr'><strong>contempserunt</strong></span> <span class='ocrx_word' id='word_1_56' title='bbox 1273 847 1415 902; x_wconf 88' lang='lat' dir='ltr'><strong>bona</strong></span> <span class='ocrx_word' id='word_1_57' title='bbox 1447 846 1785 916; x_wconf 86' lang='lat' dir='ltr'><strong>temporalia,</strong></span> 
     </span>
    </p>
   </div>
   <div class='ocr_carea' id='block_1_9' title="bbox 200 935 1398 1017">
    <p class='ocr_par' dir='ltr' id='par_1_9' title="bbox 200 935 1398 1017">
     <span class='ocr_line' id='line_1_9' title="bbox 200 935 1398 1017; baseline 0.003 -27"><span class='ocrx_word' id='word_1_58' title='bbox 200 937 325 991; x_wconf 86' lang='lat' dir='ltr'><strong>sine</strong></span> <span class='ocrx_word' id='word_1_59' title='bbox 349 935 456 991; x_wconf 85' lang='lat' dir='ltr'><strong>ﬁne</strong></span> <span class='ocrx_word' id='word_1_60' title='bbox 478 937 799 1017; x_wconf 70' lang='lat' dir='ltr'><strong>possideant</strong></span> <span class='ocrx_word' id='word_1_61' title='bbox 819 937 1017 1009; x_wconf 87' lang='lat' dir='ltr'><strong>gaudia</strong></span> <span class='ocrx_word' id='word_1_62' title='bbox 1048 939 1398 1009; x_wconf 89' lang='lat' dir='ltr'><strong>sempiterna.</strong></span> 
     </span>
    </p>
   </div>
   <div class='ocr_carea' id='block_1_10' title="bbox 274 1024 1786 1099">
    <p class='ocr_par' dir='ltr' id='par_1_10' title="bbox 274 1024 1786 1099">
     <span class='ocr_line' id='line_1_10' title="bbox 274 1024 1786 1099; baseline 0.002 -19"><span class='ocrx_word' id='word_1_63' title='bbox 274 1024 370 1081; x_wconf 65' lang='lat' dir='ltr'><strong>lia:</strong></span> <span class='ocrx_word' id='word_1_64' title='bbox 391 1035 516 1081; x_wconf 90' lang='lat' dir='ltr'><strong>octo</strong></span> <span class='ocrx_word' id='word_1_65' title='bbox 538 1026 925 1095; x_wconf 70' lang='lat' dir='ltr'><strong>beatitudines,’</strong></span> <span class='ocrx_word' id='word_1_66' title='bbox 947 1042 978 1082; x_wconf 88' lang='lat' dir='ltr'><strong>a</strong></span> <span class='ocrx_word' id='word_1_67' title='bbox 1008 1026 1243 1083; x_wconf 90' lang='lat' dir='ltr'><strong>Domino</strong></span> <span class='ocrx_word' id='word_1_68' title='bbox 1274 1029 1520 1099; x_wconf 66' lang='lat' dir='ltr'><strong>prolata},</strong></span> <span class='ocrx_word' id='word_1_69' title='bbox 1563 1027 1632 1082; x_wconf 89' lang='lat' dir='ltr'><strong>ad</strong></span> <span class='ocrx_word' id='word_1_70' title='bbox 1656 1045 1786 1083; x_wconf 90' lang='lat' dir='ltr'><strong>san-</strong></span> 
     </span>
    </p>
   </div>
   <div class='ocr_carea' id='block_1_11' title="bbox 199 1116 1785 1190">
    <p class='ocr_par' dir='ltr' id='par_1_11' title="bbox 199 1116 1785 1190">
     <span class='ocr_line' id='line_1_11' title="bbox 199 1116 1785 1190; baseline 0 -17"><span class='ocrx_word' id='word_1_71' title='bbox 199 1126 420 1173; x_wconf 75' lang='lat' dir='ltr'><strong>ctorum</strong></span> <span class='ocrx_word' id='word_1_72' title='bbox 469 1116 791 1173; x_wconf 90' lang='lat' dir='ltr'><strong>electionem</strong></span> <span class='ocrx_word' id='word_1_73' title='bbox 834 1118 1109 1189; x_wconf 86' lang='lat' dir='ltr'><strong>pertinent</strong></span> <span class='ocrx_word' id='word_1_74' title='bbox 1159 1119 1399 1190; x_wconf 83' lang='lat' dir='ltr'><strong>generali</strong></span> <span class='ocrx_word' id='word_1_75' title='bbox 1456 1119 1785 1174; x_wconf 88' lang='lat' dir='ltr'><strong>vocatione:</strong></span> 
     </span>
    </p>
   </div>
   <div class='ocr_carea' id='block_1_12' title="bbox 199 1208 1791 1279">
    <p class='ocr_par' dir='ltr' id='par_1_12' title="bbox 199 1208 1791 1279">
     <span class='ocr_line' id='line_1_12' title="bbox 199 1208 1791 1279; baseline 0.001 -16"><span class='ocrx_word' id='word_1_76' title='bbox 199 1224 327 1279; x_wconf 78' lang='lat' dir='ltr'><strong>qua:</strong></span> <span class='ocrx_word' id='word_1_77' title='bbox 359 1223 488 1263; x_wconf 91' lang='lat' dir='ltr'><strong>suos</strong></span> <span class='ocrx_word' id='word_1_78' title='bbox 538 1208 919 1263; x_wconf 81' lang='lat' dir='ltr'><strong>observatores</strong></span> <span class='ocrx_word' id='word_1_79' title='bbox 960 1208 1301 1278; x_wconf 83' lang='lat' dir='ltr'><strong>justiﬁcant,</strong></span> <span class='ocrx_word' id='word_1_80' title='bbox 1358 1217 1414 1263; x_wconf 88' lang='lat' dir='ltr'><strong>et</strong></span> <span class='ocrx_word' id='word_1_81' title='bbox 1467 1209 1536 1263; x_wconf 88' lang='lat' dir='ltr'><strong>ad</strong></span> <span class='ocrx_word' id='word_1_82' title='bbox 1574 1218 1791 1265; x_wconf 65' lang='lat' dir='ltr'><strong>aeternae</strong></span> 
     </span>
    </p>
   </div>
   <div class='ocr_carea' id='block_1_13' title="bbox 200 1301 1068 1374">
    <p class='ocr_par' dir='ltr' id='par_1_13' title="bbox 200 1301 1068 1374">
     <span class='ocr_line' id='line_1_13' title="bbox 200 1301 1068 1374; baseline 0.002 -18"><span class='ocrx_word' id='word_1_83' title='bbox 200 1301 481 1358; x_wconf 88' lang='lat' dir='ltr'><strong>felicitatis</strong></span> <span class='ocrx_word' id='word_1_84' title='bbox 516 1301 713 1374; x_wconf 77' lang='lat' dir='ltr'><strong>gaudia</strong></span> <span class='ocrx_word' id='word_1_85' title='bbox 743 1303 1068 1373; x_wconf 88' lang='lat' dir='ltr'><strong>perducunt.</strong></span> 
     </span>
    </p>
   </div>
   <div class='ocr_carea' id='block_1_14' title="bbox 274 1391 1790 1466">
    <p class='ocr_par' dir='ltr' id='par_1_14' title="bbox 274 1391 1790 1466">
     <span class='ocr_line' id='line_1_14' title="bbox 274 1391 1790 1466; baseline 0.005 -19"><span class='ocrx_word' id='word_1_86' title='bbox 274 1391 398 1449; x_wconf 70' lang='lat' dir='ltr'><strong>&quot;CCC</strong></span> <span class='ocrx_word' id='word_1_87' title='bbox 419 1408 563 1448; x_wconf 91' lang='lat' dir='ltr'><strong>nona</strong></span> <span class='ocrx_word' id='word_1_88' title='bbox 597 1410 749 1461; x_wconf 86' lang='lat' dir='ltr'><strong>vero,</strong></span> <span class='ocrx_word' id='word_1_89' title='bbox 788 1411 910 1465; x_wconf 78' lang='lat' dir='ltr'><strong>qua:</strong></span> <span class='ocrx_word' id='word_1_90' title='bbox 946 1395 1215 1466; x_wconf 89' lang='lat' dir='ltr'><strong>sequitur,</strong></span> <span class='ocrx_word' id='word_1_91' title='bbox 1247 1396 1555 1466; x_wconf 82' lang='lat' dir='ltr'><strong>specialiter</strong></span> <span class='ocrx_word' id='word_1_92' title='bbox 1584 1398 1790 1454; x_wconf 90' lang='lat' dir='ltr'><strong>sanctis</strong></span> 
     </span>
    </p>
   </div>
   <div class='ocr_carea' id='block_1_15' title="bbox 200 1488 1786 1560">
    <p class='ocr_par' dir='ltr' id='par_1_15' title="bbox 200 1488 1786 1560">
     <span class='ocr_line' id='line_1_15' title="bbox 200 1488 1786 1560; baseline 0.002 -17"><span class='ocrx_word' id='word_1_93' title='bbox 200 1488 467 1559; x_wconf 82' lang='lat' dir='ltr'><strong>apostolis</strong></span> <span class='ocrx_word' id='word_1_94' title='bbox 508 1498 561 1543; x_wconf 90' lang='lat' dir='ltr'><strong>et</strong></span> <span class='ocrx_word' id='word_1_95' title='bbox 597 1489 931 1560; x_wconf 87' lang='lat' dir='ltr'><strong>martyribus</strong></span> <span class='ocrx_word' id='word_1_96' title='bbox 966 1490 1279 1556; x_wconf 87' lang='lat' dir='ltr'><strong>ascribitur,</strong></span> <span class='ocrx_word' id='word_1_97' title='bbox 1304 1501 1362 1546; x_wconf 91' lang='lat' dir='ltr'><strong>ut</strong></span> <span class='ocrx_word' id='word_1_98' title='bbox 1402 1490 1742 1546; x_wconf 87' lang='lat' dir='ltr'><strong>subinfertur</strong></span> <span class='ocrx_word' id='word_1_99' title='bbox 1774 1510 1786 1545; x_wconf 90' lang='lat'><strong>:</strong></span> 
     </span>
    </p>
   </div>
   <div class='ocr_carea' id='block_1_16' title="bbox 198 1577 1789 1651">
    <p class='ocr_par' dir='ltr' id='par_1_16' title="bbox 198 1577 1789 1651">
     <span class='ocr_line' id='line_1_16' title="bbox 198 1577 1789 1651; baseline 0.003 -19"><span class='ocrx_word' id='word_1_100' title='bbox 198 1577 358 1632; x_wconf 87' lang='lat' dir='ltr'><strong>Beati</strong></span> <span class='ocrx_word' id='word_1_101' title='bbox 387 1578 513 1633; x_wconf 69' lang='lat' dir='ltr'><strong>estis</strong></span> <span class='ocrx_word' id='word_1_102' title='bbox 542 1595 662 1631; x_wconf 87' lang='lat' dir='ltr'><strong>cum</strong></span> <span class='ocrx_word' id='word_1_103' title='bbox 698 1577 1077 1633; x_wconf 72' lang='lat' dir='ltr'><strong>maledixerint</strong></span> <span class='ocrx_word' id='word_1_104' title='bbox 1123 1580 1266 1634; x_wconf 76' lang='lat' dir='ltr'><strong>vobis</strong></span> <span class='ocrx_word' id='word_1_105' title='bbox 1314 1589 1365 1634; x_wconf 92' lang='lat' dir='ltr'><strong>et</strong></span> <span class='ocrx_word' id='word_1_106' title='bbox 1405 1583 1663 1651; x_wconf 73' lang='lat' dir='ltr'><strong>persecuti</strong></span> <span class='ocrx_word' id='word_1_107' title='bbox 1703 1598 1789 1636; x_wconf 81' lang='lat' dir='ltr'><strong>vos</strong></span> 
     </span>
    </p>
   </div>
   <div class='ocr_carea' id='block_1_17' title="bbox 202 1668 1790 1745">
    <p class='ocr_par' dir='ltr' id='par_1_17' title="bbox 202 1668 1790 1745">
     <span class='ocr_line' id='line_1_17' title="bbox 202 1668 1790 1745; baseline 0.004 -24"><span class='ocrx_word' id='word_1_108' title='bbox 202 1669 419 1739; x_wconf 57' lang='lat' dir='ltr'><strong>fuerint.</strong></span> <span class='ocrx_word' id='word_1_109' title='bbox 447 1668 596 1724; x_wconf 88' lang='lat' dir='ltr'><strong>Beati</strong></span> <span class='ocrx_word' id='word_1_110' title='bbox 631 1685 762 1740; x_wconf 87' lang='lat' dir='ltr'><strong>ergo</strong></span> <span class='ocrx_word' id='word_1_111' title='bbox 787 1670 1017 1740; x_wconf 89' lang='lat' dir='ltr'><strong>apostoli</strong></span> <span class='ocrx_word' id='word_1_112' title='bbox 1047 1678 1100 1725; x_wconf 91' lang='lat' dir='ltr'><strong>et</strong></span> <span class='ocrx_word' id='word_1_113' title='bbox 1127 1680 1395 1745; x_wconf 82' lang='lat' dir='ltr'><strong>martyres</strong></span> <span class='ocrx_word' id='word_1_114' title='bbox 1416 1690 1523 1728; x_wconf 88' lang='lat' dir='ltr'><strong>non</strong></span> <span class='ocrx_word' id='word_1_115' title='bbox 1549 1674 1724 1728; x_wconf 89' lang='lat' dir='ltr'><strong>solum</strong></span> <span class='ocrx_word' id='word_1_116' title='bbox 1758 1689 1790 1729; x_wconf 90' lang='lat' dir='ltr'><strong>a</strong></span> 
     </span>
    </p>
   </div>
   <div class='ocr_carea' id='block_1_18' title="bbox 199 1761 1789 1831">
    <p class='ocr_par' dir='ltr' id='par_1_18' title="bbox 199 1761 1789 1831">
     <span class='ocr_line' id='line_1_18' title="bbox 199 1761 1789 1831; baseline 0.004 -18"><span class='ocrx_word' id='word_1_117' title='bbox 199 1761 564 1831; x_wconf 64' lang='lat' dir='ltr'><strong>praesentibus</strong></span> <span class='ocrx_word' id='word_1_118' title='bbox 590 1777 837 1817; x_wconf 90' lang='lat' dir='ltr'><strong>carceres</strong></span> <span class='ocrx_word' id='word_1_119' title='bbox 877 1771 932 1817; x_wconf 91' lang='lat' dir='ltr'><strong>et</strong></span> <span class='ocrx_word' id='word_1_120' title='bbox 976 1762 1217 1828; x_wconf 90' lang='lat' dir='ltr'><strong>vincula,</strong></span> <span class='ocrx_word' id='word_1_121' title='bbox 1244 1764 1338 1819; x_wconf 90' lang='lat' dir='ltr'><strong>sed</strong></span> <span class='ocrx_word' id='word_1_122' title='bbox 1371 1763 1438 1819; x_wconf 89' lang='lat' dir='ltr'><strong>de</strong></span> <span class='ocrx_word' id='word_1_123' title='bbox 1471 1765 1789 1820; x_wconf 87' lang='lat' dir='ltr'><strong>absentibus</strong></span> 
     </span>
    </p>
   </div>
   <div class='ocr_carea' id='block_1_19' title="bbox 1892 567 3484 642">
    <p class='ocr_par' dir='ltr' id='par_1_19' title="bbox 1892 567 3484 642">
     <span class='ocr_line' id='line_1_19' title="bbox 1892 567 3484 642; baseline 0.003 -21"><span class='ocrx_word' id='word_1_124' title='bbox 1892 567 2303 638; x_wconf 86' lang='lat' dir='ltr'><strong>magistrorum,</strong></span> <span class='ocrx_word' id='word_1_125' title='bbox 2348 583 2641 638; x_wconf 89' lang='lat' dir='ltr'><strong>quousque</strong></span> <span class='ocrx_word' id='word_1_126' title='bbox 2688 568 2882 624; x_wconf 67' lang='lat' dir='ltr'><strong>litterae</strong></span> <span class='ocrx_word' id='word_1_127' title='bbox 2929 567 3303 641; x_wconf 72' lang='lat' dir='ltr'><strong>Pythagorica:</strong></span> <span class='ocrx_word' id='word_1_128' title='bbox 3333 571 3484 642; x_wconf 73' lang='lat'><strong>(272)</strong></span> 
     </span>
    </p>
   </div>
   <div class='ocr_carea' id='block_1_20' title="bbox 1890 658 3485 730">
    <p class='ocr_par' dir='ltr' id='par_1_20' title="bbox 1890 658 3485 730">
     <span class='ocr_line' id='line_1_20' title="bbox 1890 658 3485 730; baseline 0.003 -17"><span class='ocrx_word' id='word_1_129' title='bbox 1890 658 2286 713; x_wconf 82' lang='lat' dir='ltr'><strong>conscenderat</strong></span> <span class='ocrx_word' id='word_1_130' title='bbox 2329 658 2558 725; x_wconf 80' lang='lat' dir='ltr'><strong>bivium,</strong></span> <span class='ocrx_word' id='word_1_131' title='bbox 2598 675 2743 730; x_wconf 72' lang='lat' dir='ltr'><strong>qum,</strong></span> <span class='ocrx_word' id='word_1_132' title='bbox 2777 675 2875 730; x_wconf 89' lang='lat' dir='ltr'><strong>per</strong></span> <span class='ocrx_word' id='word_1_133' title='bbox 2903 662 3249 717; x_wconf 88' lang='lat' dir='ltr'><strong>ramusculos</strong></span> <span class='ocrx_word' id='word_1_134' title='bbox 3281 678 3312 717; x_wconf 91' lang='lat' dir='ltr'><strong>a</strong></span> <span class='ocrx_word' id='word_1_135' title='bbox 3350 664 3485 718; x_wconf 79' lang='lat' dir='ltr'><strong>dex-</strong></span> 
     </span>
    </p>
   </div>
   <div class='ocr_carea' id='block_1_21' title="bbox 1893 747 3489 819">
    <p class='ocr_par' dir='ltr' id='par_1_21' title="bbox 1893 747 3489 819">
     <span class='ocr_line' id='line_1_21' title="bbox 1893 747 3489 819; baseline 0.003 -16"><span class='ocrx_word' id='word_1_136' title='bbox 1893 747 1993 803; x_wconf 88' lang='lat' dir='ltr'><strong>tris</strong></span> <span class='ocrx_word' id='word_1_137' title='bbox 2019 756 2298 819; x_wconf 86' lang='lat' dir='ltr'><strong>turgentes</strong></span> <span class='ocrx_word' id='word_1_138' title='bbox 2328 758 2381 803; x_wconf 92' lang='lat' dir='ltr'><strong>et</strong></span> <span class='ocrx_word' id='word_1_139' title='bbox 2419 763 2452 803; x_wconf 89' lang='lat' dir='ltr'><strong>a</strong></span> <span class='ocrx_word' id='word_1_140' title='bbox 2482 749 2743 816; x_wconf 86' lang='lat' dir='ltr'><strong>sinistris,</strong></span> <span class='ocrx_word' id='word_1_141' title='bbox 2777 750 2924 805; x_wconf 90' lang='lat' dir='ltr'><strong>viam</strong></span> <span class='ocrx_word' id='word_1_142' title='bbox 2967 753 3091 806; x_wconf 71' lang='lat' dir='ltr'><strong>vita:</strong></span> <span class='ocrx_word' id='word_1_143' title='bbox 3124 751 3389 807; x_wconf 87' lang='lat' dir='ltr'><strong>discernit</strong></span> <span class='ocrx_word' id='word_1_144' title='bbox 3431 760 3489 808; x_wconf 81' lang='lat' dir='ltr'><strong>rt</strong></span> 
     </span>
    </p>
   </div>
   <div class='ocr_carea' id='block_1_22' title="bbox 1890 841 3485 915">
    <p class='ocr_par' dir='ltr' id='par_1_22' title="bbox 1890 841 3485 915">
     <span class='ocr_line' id='line_1_22' title="bbox 1890 841 3485 915; baseline 0.002 -19"><span class='ocrx_word' id='word_1_145' title='bbox 1890 841 2104 897; x_wconf 89' lang='lat' dir='ltr'><strong>mortis.</strong></span> <span class='ocrx_word' id='word_1_146' title='bbox 2132 842 2377 897; x_wconf 86' lang='lat' dir='ltr'><strong>Ascenso</strong></span> <span class='ocrx_word' id='word_1_147' title='bbox 2399 857 2618 912; x_wconf 89' lang='lat' dir='ltr'><strong>quoque</strong></span> <span class='ocrx_word' id='word_1_148' title='bbox 2637 842 2803 913; x_wconf 85' lang='lat' dir='ltr'><strong>hujus</strong></span> <span class='ocrx_word' id='word_1_149' title='bbox 2824 843 3017 898; x_wconf 69' lang='lat' dir='ltr'><strong>littera:</strong></span> <span class='ocrx_word' id='word_1_150' title='bbox 3048 843 3212 910; x_wconf 80' lang='lat' dir='ltr'><strong>bivio,</strong></span> <span class='ocrx_word' id='word_1_151' title='bbox 3248 845 3485 915; x_wconf 73' lang='lat' dir='ltr'><strong>spiritali</strong></span> 
     </span>
    </p>
   </div>
   <div class='ocr_carea' id='block_1_23' title="bbox 1891 934 3485 1006">
    <p class='ocr_par' dir='ltr' id='par_1_23' title="bbox 1891 934 3485 1006">
     <span class='ocr_line' id='line_1_23' title="bbox 1891 934 3485 1006; baseline 0 -16"><span class='ocrx_word' id='word_1_152' title='bbox 1891 951 1919 990; x_wconf 87' lang='lat' dir='ltr'><strong>a</strong></span> <span class='ocrx_word' id='word_1_153' title='bbox 1944 934 2150 990; x_wconf 74' lang='lat' dir='ltr'><strong>dextris</strong></span> <span class='ocrx_word' id='word_1_154' title='bbox 2172 942 2227 988; x_wconf 86' lang='lat' dir='ltr'><strong>et</strong></span> <span class='ocrx_word' id='word_1_155' title='bbox 2267 950 2298 989; x_wconf 89' lang='lat' dir='ltr'><strong>a</strong></span> <span class='ocrx_word' id='word_1_156' title='bbox 2342 934 2583 990; x_wconf 88' lang='lat' dir='ltr'><strong>sinistris</strong></span> <span class='ocrx_word' id='word_1_157' title='bbox 2609 936 2950 1006; x_wconf 88' lang='lat' dir='ltr'><strong>prospiciens</strong></span> <span class='ocrx_word' id='word_1_158' title='bbox 2982 936 3163 1003; x_wconf 83' lang='lat' dir='ltr'><strong>oculo,</strong></span> <span class='ocrx_word' id='word_1_159' title='bbox 3200 937 3485 992; x_wconf 86' lang='lat' dir='ltr'><strong>sinistram</strong></span> 
     </span>
    </p>
   </div>
   <div class='ocr_carea' id='block_1_24' title="bbox 1890 1027 3482 1100">
    <p class='ocr_par' dir='ltr' id='par_1_24' title="bbox 1890 1027 3482 1100">
     <span class='ocr_line' id='line_1_24' title="bbox 1890 1027 3482 1100; baseline 0.001 -17"><span class='ocrx_word' id='word_1_160' title='bbox 1890 1028 2059 1095; x_wconf 89' lang='lat' dir='ltr'><strong>viam,</strong></span> <span class='ocrx_word' id='word_1_161' title='bbox 2084 1043 2208 1098; x_wconf 79' lang='lat' dir='ltr'><strong>qua:</strong></span> <span class='ocrx_word' id='word_1_162' title='bbox 2230 1043 2363 1083; x_wconf 87' lang='lat' dir='ltr'><strong>voce</strong></span> <span class='ocrx_word' id='word_1_163' title='bbox 2404 1027 2690 1082; x_wconf 87' lang='lat' dir='ltr'><strong>Dominiea</strong></span> <span class='ocrx_word' id='word_1_164' title='bbox 2735 1028 2849 1082; x_wconf 86' lang='lat' dir='ltr'><strong>lata</strong></span> <span class='ocrx_word' id='word_1_165' title='bbox 2878 1037 2929 1083; x_wconf 85' lang='lat' dir='ltr'><strong>et</strong></span> <span class='ocrx_word' id='word_1_166' title='bbox 2970 1030 3203 1100; x_wconf 81' lang='lat' dir='ltr'><strong>spatiosa</strong></span> <span class='ocrx_word' id='word_1_167' title='bbox 3230 1030 3482 1085; x_wconf 82' lang='lat' dir='ltr'><strong>nomina-</strong></span> 
     </span>
    </p>
   </div>
   <div class='ocr_carea' id='block_1_25' title="bbox 1870 1118 3476 1187">
    <p class='ocr_par' dir='ltr' id='par_1_25' title="bbox 1870 1118 3476 1187">
     <span class='ocr_line' id='line_1_25' title="bbox 1870 1118 3476 1187; baseline 0.001 -13"><span class='ocrx_word' id='word_1_168' title='bbox 1870 1130 2000 1186; x_wconf 87' lang='lat' dir='ltr'><strong>&#39;tur,</strong></span> <span class='ocrx_word' id='word_1_169' title='bbox 2036 1119 2139 1175; x_wconf 90' lang='lat' dir='ltr'><strong>sub</strong></span> <span class='ocrx_word' id='word_1_170' title='bbox 2184 1120 2332 1174; x_wconf 90' lang='lat' dir='ltr'><strong>omni</strong></span> <span class='ocrx_word' id='word_1_171' title='bbox 2386 1118 2704 1175; x_wconf 78' lang='lat' dir='ltr'><strong>festinantia</strong></span> <span class='ocrx_word' id='word_1_172' title='bbox 2737 1119 3021 1187; x_wconf 86' lang='lat' dir='ltr'><strong>deseruit;</strong></span> <span class='ocrx_word' id='word_1_173' title='bbox 3054 1129 3109 1176; x_wconf 89' lang='lat' dir='ltr'><strong>et</strong></span> <span class='ocrx_word' id='word_1_174' title='bbox 3154 1122 3432 1177; x_wconf 75' lang='lat' dir='ltr'><strong>dexteram</strong></span> <span class='ocrx_word' id='word_1_175' title='bbox 3461 1163 3476 1186; x_wconf 90' lang='lat'><strong>,</strong></span> 
     </span>
    </p>
   </div>
   <div class='ocr_carea' id='block_1_26' title="bbox 1891 1212 3487 1284">
    <p class='ocr_par' dir='ltr' id='par_1_26' title="bbox 1891 1212 3487 1284">
     <span class='ocr_line' id='line_1_26' title="bbox 1891 1212 3487 1284; baseline 0 -17"><span class='ocrx_word' id='word_1_176' title='bbox 1891 1228 2013 1283; x_wconf 67' lang='lat' dir='ltr'><strong>qua:</strong></span> <span class='ocrx_word' id='word_1_177' title='bbox 2033 1221 2183 1266; x_wconf 85' lang='lat' dir='ltr'><strong>arcta</strong></span> <span class='ocrx_word' id='word_1_178' title='bbox 2206 1221 2255 1266; x_wconf 85' lang='lat' dir='ltr'><strong>et</strong></span> <span class='ocrx_word' id='word_1_179' title='bbox 2277 1221 2503 1283; x_wconf 84' lang='lat' dir='ltr'><strong>angusta</strong></span> <span class='ocrx_word' id='word_1_180' title='bbox 2523 1212 2743 1278; x_wconf 89' lang='lat' dir='ltr'><strong>dicitur,</strong></span> <span class='ocrx_word' id='word_1_181' title='bbox 2768 1212 2930 1267; x_wconf 87' lang='lat' dir='ltr'><strong>sicuti</strong></span> <span class='ocrx_word' id='word_1_182' title='bbox 2950 1221 3053 1279; x_wconf 89' lang='lat' dir='ltr'><strong>est,</strong></span> <span class='ocrx_word' id='word_1_183' title='bbox 3078 1212 3289 1268; x_wconf 63' lang='lat' dir='ltr'><strong>idoneae</strong></span> <span class='ocrx_word' id='word_1_184' title='bbox 3312 1212 3487 1284; x_wconf 82' lang='lat' dir='ltr'><strong>gratia</strong></span> 
     </span>
    </p>
   </div>
   <div class='ocr_carea' id='block_1_27' title="bbox 1891 1303 3485 1375">
    <p class='ocr_par' dir='ltr' id='par_1_27' title="bbox 1891 1303 3485 1375">
     <span class='ocr_line' id='line_1_27' title="bbox 1891 1303 3485 1375; baseline 0 -16"><span class='ocrx_word' id='word_1_185' title='bbox 1891 1303 2211 1360; x_wconf 88' lang='lat' dir='ltr'><strong>intentionis</strong></span> <span class='ocrx_word' id='word_1_186' title='bbox 2237 1305 2489 1375; x_wconf 88' lang='lat' dir='ltr'><strong>arripuit,</strong></span> <span class='ocrx_word' id='word_1_187' title='bbox 2522 1313 2582 1359; x_wconf 89' lang='lat' dir='ltr'><strong>ut</strong></span> <span class='ocrx_word' id='word_1_188' title='bbox 2610 1313 2798 1375; x_wconf 89' lang='lat' dir='ltr'><strong>postea</strong></span> <span class='ocrx_word' id='word_1_189' title='bbox 2833 1306 2959 1360; x_wconf 65' lang='lat' dir='ltr'><strong>vita:</strong></span> <span class='ocrx_word' id='word_1_190' title='bbox 2986 1320 3101 1361; x_wconf 71' lang='lat' dir='ltr'><strong>sua:</strong></span> <span class='ocrx_word' id='word_1_191' title='bbox 3137 1305 3485 1360; x_wconf 74' lang='lat' dir='ltr'><strong>conversatio</strong></span> 
     </span>
    </p>
   </div>
   <div class='ocr_carea' id='block_1_28' title="bbox 1844 1396 3487 1468">
    <p class='ocr_par' dir='ltr' id='par_1_28' title="bbox 1844 1396 3487 1468">
     <span class='ocr_line' id='line_1_28' title="bbox 1844 1396 3487 1468; baseline -0.002 -14"><span class='ocrx_word' id='word_1_192' title='bbox 1844 1414 1847 1420; x_wconf 54' lang='grc' dir='ltr'>λ</span> <span class='ocrx_word' id='word_1_193' title='bbox 1891 1398 2285 1467; x_wconf 86' lang='lat' dir='ltr'><strong>comprobavit.</strong></span> <span class='ocrx_word' id='word_1_194' title='bbox 2323 1396 2590 1468; x_wconf 87' lang='lat' dir='ltr'><strong>Suscepta</strong></span> <span class='ocrx_word' id='word_1_195' title='bbox 2631 1413 2763 1453; x_wconf 82' lang='lat' dir='ltr'><strong>vero</strong></span> <span class='ocrx_word' id='word_1_196' title='bbox 2787 1398 2925 1453; x_wconf 86' lang='lat' dir='ltr'><strong>bene</strong></span> <span class='ocrx_word' id='word_1_197' title='bbox 2959 1397 3322 1454; x_wconf 85' lang='lat' dir='ltr'><strong>conversandi</strong></span> <span class='ocrx_word' id='word_1_198' title='bbox 3350 1398 3487 1453; x_wconf 82' lang='lat' dir='ltr'><strong>deli-</strong></span> 
     </span>
    </p>
   </div>
   <div class='ocr_carea' id='block_1_29' title="bbox 1891 1489 3483 1561">
    <p class='ocr_par' dir='ltr' id='par_1_29' title="bbox 1891 1489 3483 1561">
     <span class='ocr_line' id='line_1_29' title="bbox 1891 1489 3483 1561; baseline -0.002 -16"><span class='ocrx_word' id='word_1_199' title='bbox 1891 1491 2194 1557; x_wconf 88' lang='lat' dir='ltr'><strong>berationc,</strong></span> <span class='ocrx_word' id='word_1_200' title='bbox 2231 1489 2301 1545; x_wconf 90' lang='lat' dir='ltr'><strong>de</strong></span> <span class='ocrx_word' id='word_1_201' title='bbox 2325 1490 2528 1545; x_wconf 88' lang='lat' dir='ltr'><strong>virtute</strong></span> <span class='ocrx_word' id='word_1_202' title='bbox 2556 1490 2613 1545; x_wconf 89' lang='lat' dir='ltr'><strong>in</strong></span> <span class='ocrx_word' id='word_1_203' title='bbox 2640 1491 2899 1545; x_wconf 90' lang='lat' dir='ltr'><strong>virtutem</strong></span> <span class='ocrx_word' id='word_1_204' title='bbox 2936 1489 3230 1561; x_wconf 81' lang='lat' dir='ltr'><strong>proficiens</strong></span> <span class='ocrx_word' id='word_1_205' title='bbox 3264 1489 3353 1545; x_wconf 88' lang='lat' dir='ltr'><strong>die</strong></span> <span class='ocrx_word' id='word_1_206' title='bbox 3384 1505 3483 1543; x_wconf 86' lang='lat' dir='ltr'><strong>no-</strong></span> 
     </span>
    </p>
   </div>
   <div class='ocr_carea' id='block_1_30' title="bbox 1892 1581 3486 1653">
    <p class='ocr_par' dir='ltr' id='par_1_30' title="bbox 1892 1581 3486 1653">
     <span class='ocr_line' id='line_1_30' title="bbox 1892 1581 3486 1653; baseline -0.001 -15"><span class='ocrx_word' id='word_1_207' title='bbox 1892 1591 2115 1653; x_wconf 87' lang='lat' dir='ltr'><strong>ctuque,</strong></span> <span class='ocrx_word' id='word_1_208' title='bbox 2144 1582 2536 1638; x_wconf 83' lang='lat' dir='ltr'><strong>acclamatione</strong></span> <span class='ocrx_word' id='word_1_209' title='bbox 2558 1583 2816 1638; x_wconf 88' lang='lat' dir='ltr'><strong>concordi</strong></span> <span class='ocrx_word' id='word_1_210' title='bbox 2839 1583 3219 1638; x_wconf 90' lang='lat' dir='ltr'><strong>universorum</strong></span> <span class='ocrx_word' id='word_1_211' title='bbox 3242 1581 3486 1637; x_wconf 87' lang='lat' dir='ltr'><strong>elevatus</strong></span> 
     </span>
    </p>
   </div>
   <div class='ocr_carea' id='block_1_31' title="bbox 1891 1673 3487 1747">
    <p class='ocr_par' dir='ltr' id='par_1_31' title="bbox 1891 1673 3487 1747">
     <span class='ocr_line' id='line_1_31' title="bbox 1891 1673 3487 1747; baseline -0.002 -16"><span class='ocrx_word' id='word_1_212' title='bbox 1891 1675 2050 1731; x_wconf 88' lang='lat' dir='ltr'><strong>estin</strong></span> <span class='ocrx_word' id='word_1_213' title='bbox 2078 1675 2403 1745; x_wconf 86' lang='lat' dir='ltr'><strong>episcopalis</strong></span> <span class='ocrx_word' id='word_1_214' title='bbox 2447 1674 2731 1747; x_wconf 78' lang='lat' dir='ltr'><strong>dignitatis</strong></span> <span class='ocrx_word' id='word_1_215' title='bbox 2759 1676 3075 1745; x_wconf 87' lang='lat' dir='ltr'><strong>primatum,</strong></span> <span class='ocrx_word' id='word_1_216' title='bbox 3113 1676 3269 1745; x_wconf 76' lang='lat' dir='ltr'><strong>juxta</strong></span> <span class='ocrx_word' id='word_1_217' title='bbox 3310 1673 3487 1729; x_wconf 80' lang='lat' dir='ltr'><strong>eccle—</strong></span> 
     </span>
    </p>
   </div>
   <div class='ocr_carea' id='block_1_32' title="bbox 1893 1767 3483 1839">
    <p class='ocr_par' dir='ltr' id='par_1_32' title="bbox 1893 1767 3483 1839">
     <span class='ocr_line' id='line_1_32' title="bbox 1893 1767 3483 1839; baseline -0.003 -15"><span class='ocrx_word' id='word_1_218' title='bbox 1893 1769 2132 1825; x_wconf 74' lang='lat' dir='ltr'><strong>siastica:</strong></span> <span class='ocrx_word' id='word_1_219' title='bbox 2151 1768 2367 1823; x_wconf 89' lang='lat' dir='ltr'><strong>decreta</strong></span> <span class='ocrx_word' id='word_1_220' title='bbox 2419 1767 2555 1839; x_wconf 83' lang='lat' dir='ltr'><strong>legis</strong></span> <span class='ocrx_word' id='word_1_221' title='bbox 2585 1768 2738 1838; x_wconf 90' lang='lat' dir='ltr'><strong>prius</strong></span> <span class='ocrx_word' id='word_1_222' title='bbox 2763 1767 2975 1823; x_wconf 90' lang='lat' dir='ltr'><strong>ordinis</strong></span> <span class='ocrx_word' id='word_1_223' title='bbox 2996 1774 2997 1777; x_wconf 71' lang='lat'>‘</span> <span class='ocrx_word' id='word_1_224' title='bbox 3018 1767 3312 1823; x_wconf 86' lang='lat' dir='ltr'><strong>clericatus</strong></span> <span class='ocrx_word' id='word_1_225' title='bbox 3354 1780 3483 1838; x_wconf 82' lang='lat' dir='ltr'><strong>gra-</strong></span> 
     </span>
    </p>
   </div>
   <div class='ocr_carea' id='block_1_33' title="bbox 202 1834 2341 1927">
    <p class='ocr_par' dir='ltr' id='par_1_33' title="bbox 202 1834 2341 1927">
     <span class='ocr_line' id='line_1_33' title="bbox 202 1834 2341 1927; baseline 0.003 -22"><span class='ocrx_word' id='word_1_226' title='bbox 202 1851 603 1907; x_wconf 80' lang='lat' dir='ltr'><strong>maledictionis</strong></span> <span class='ocrx_word' id='word_1_227' title='bbox 658 1860 712 1907; x_wconf 89' lang='lat' dir='ltr'><strong>et</strong></span> <span class='ocrx_word' id='word_1_228' title='bbox 758 1852 1112 1910; x_wconf 88' lang='lat' dir='ltr'><strong>detractionis</strong></span> <span class='ocrx_word' id='word_1_229' title='bbox 1164 1856 1545 1911; x_wconf 87' lang='lat' dir='ltr'><strong>sustinuerunt</strong></span> <span class='ocrx_word' id='word_1_230' title='bbox 1588 1872 1789 1927; x_wconf 81' lang='lat' dir='ltr'><strong>Oppro-</strong></span> <span class='ocrx_word' id='word_1_231' title='bbox 1823 1834 1866 1893; x_wconf 73' lang='grc' dir='ltr'>Β</span> <span class='ocrx_word' id='word_1_232' title='bbox 1893 1863 2055 1918; x_wconf 78' lang='lat' dir='ltr'><strong>dibus</strong></span> <span class='ocrx_word' id='word_1_233' title='bbox 2076 1860 2341 1916; x_wconf 80' lang='lat' dir='ltr'><strong>ascensis.</strong></span> 
     </span>
    </p>
   </div>
   <div class='ocr_carea' id='block_1_34' title="bbox 201 1941 1789 1999">
    <p class='ocr_par' dir='ltr' id='par_1_34' title="bbox 201 1941 1789 1999">
     <span class='ocr_line' id='line_1_34' title="bbox 201 1941 1789 1999; baseline 0.002 -3"><span class='ocrx_word' id='word_1_234' title='bbox 201 1941 321 1996; x_wconf 89' lang='lat' dir='ltr'><strong>brie</strong></span> <span class='ocrx_word' id='word_1_235' title='bbox 352 1960 365 1996; x_wconf 90' lang='lat'><strong>:</strong></span> <span class='ocrx_word' id='word_1_236' title='bbox 392 1972 461 1980; x_wconf 91' lang='lat'><strong><em>—</em></strong></span> <span class='ocrx_word' id='word_1_237' title='bbox 482 1951 533 1996; x_wconf 89' lang='lat' dir='ltr'><strong>et</strong></span> <span class='ocrx_word' id='word_1_238' title='bbox 562 1942 798 1997; x_wconf 74' lang='lat' dir='ltr'><strong>dixerint</strong></span> <span class='ocrx_word' id='word_1_239' title='bbox 818 1960 969 1997; x_wconf 84' lang='lat' dir='ltr'><strong>omne</strong></span> <span class='ocrx_word' id='word_1_240' title='bbox 989 1943 1189 1999; x_wconf 84' lang='lat' dir='ltr'><strong>malum</strong></span> <span class='ocrx_word' id='word_1_241' title='bbox 1216 1944 1493 1999; x_wconf 79' lang='lat' dir='ltr'><strong>adversum</strong></span> <span class='ocrx_word' id='word_1_242' title='bbox 1527 1962 1614 1999; x_wconf 78' lang='lat' dir='ltr'><strong>ros</strong></span> <span class='ocrx_word' id='word_1_243' title='bbox 1642 1962 1789 1999; x_wconf 84' lang='lat' dir='ltr'><strong>uten-</strong></span> 
     </span>
    </p>
   </div>
   <div class='ocr_carea' id='block_1_35' title="bbox 202 2032 1791 2108">
    <p class='ocr_par' dir='ltr' id='par_1_35' title="bbox 202 2032 1791 2108">
     <span class='ocr_line' id='line_1_35' title="bbox 202 2032 1791 2108; baseline 0.004 -22"><span class='ocrx_word' id='word_1_244' title='bbox 202 2034 408 2088; x_wconf 81' lang='lat' dir='ltr'><strong>tientes.</strong></span> <span class='ocrx_word' id='word_1_245' title='bbox 436 2032 561 2090; x_wconf 89' lang='lat' dir='ltr'><strong>Ideo</strong></span> <span class='ocrx_word' id='word_1_246' title='bbox 592 2044 783 2091; x_wconf 90' lang='lat' dir='ltr'><strong>contra</strong></span> <span class='ocrx_word' id='word_1_247' title='bbox 809 2036 1196 2106; x_wconf 74' lang='lat' dir='ltr'><strong>prtedicatores</strong></span> <span class='ocrx_word' id='word_1_248' title='bbox 1223 2046 1637 2108; x_wconf 90' lang='lat' dir='ltr'><strong>persecutorum</strong></span> <span class='ocrx_word' id='word_1_249' title='bbox 1670 2055 1791 2094; x_wconf 89' lang='lat' dir='ltr'><strong>ver-</strong></span> 
     </span>
    </p>
   </div>
   <div class='ocr_carea' id='block_1_36' title="bbox 200 2124 1788 2202">
    <p class='ocr_par' dir='ltr' id='par_1_36' title="bbox 200 2124 1788 2202">
     <span class='ocr_line' id='line_1_36' title="bbox 200 2124 1788 2202; baseline 0.003 -21"><span class='ocrx_word' id='word_1_250' title='bbox 200 2125 344 2181; x_wconf 88' lang='lat' dir='ltr'><strong>sutia</strong></span> <span class='ocrx_word' id='word_1_251' title='bbox 369 2124 524 2180; x_wconf 79' lang='lat' dir='ltr'><strong>ﬁnxit</strong></span> <span class='ocrx_word' id='word_1_252' title='bbox 551 2125 858 2193; x_wconf 89' lang='lat' dir='ltr'><strong>mendacia,</strong></span> <span class='ocrx_word' id='word_1_253' title='bbox 886 2126 1014 2197; x_wconf 90' lang='lat' dir='ltr'><strong>quia</strong></span> <span class='ocrx_word' id='word_1_254' title='bbox 1056 2129 1268 2182; x_wconf 90' lang='lat' dir='ltr'><strong>nullum</strong></span> <span class='ocrx_word' id='word_1_255' title='bbox 1298 2128 1352 2182; x_wconf 89' lang='lat' dir='ltr'><strong>in</strong></span> <span class='ocrx_word' id='word_1_256' title='bbox 1385 2128 1466 2184; x_wconf 90' lang='lat' dir='ltr'><strong>eis</strong></span> <span class='ocrx_word' id='word_1_257' title='bbox 1500 2131 1788 2202; x_wconf 81' lang='lat' dir='ltr'><strong>vestigium</strong></span> 
     </span>
    </p>
   </div>
   <div class='ocr_carea' id='block_1_37' title="bbox 199 2216 1790 2291">
    <p class='ocr_par' dir='ltr' id='par_1_37' title="bbox 199 2216 1790 2291">
     <span class='ocr_line' id='line_1_37' title="bbox 199 2216 1790 2291; baseline 0.004 -20"><span class='ocrx_word' id='word_1_258' title='bbox 199 2216 393 2272; x_wconf 85' lang='lat' dir='ltr'><strong>habuit</strong></span> <span class='ocrx_word' id='word_1_259' title='bbox 426 2217 652 2272; x_wconf 89' lang='lat' dir='ltr'><strong>malitia.</strong></span> <span class='ocrx_word' id='word_1_260' title='bbox 701 2216 818 2284; x_wconf 85' lang='lat' dir='ltr'><strong>Qua</strong></span> <span class='ocrx_word' id='word_1_261' title='bbox 848 2220 1292 2290; x_wconf 70' lang='lat' dir='ltr'><strong>praesumptionis</strong></span> <span class='ocrx_word' id='word_1_262' title='bbox 1323 2236 1491 2275; x_wconf 89' lang='lat' dir='ltr'><strong>causa</strong></span> <span class='ocrx_word' id='word_1_263' title='bbox 1531 2221 1790 2291; x_wconf 90' lang='lat' dir='ltr'><strong>hujusce-</strong></span> 
     </span>
    </p>
   </div>
   <div class='ocr_carea' id='block_1_38' title="bbox 199 2308 1792 2383">
    <p class='ocr_par' dir='ltr' id='par_1_38' title="bbox 199 2308 1792 2383">
     <span class='ocr_line' id='line_1_38' title="bbox 199 2308 1792 2383; baseline 0.002 -18"><span class='ocrx_word' id='word_1_264' title='bbox 199 2310 347 2365; x_wconf 84' lang='lat' dir='ltr'><strong>modi</strong></span> <span class='ocrx_word' id='word_1_265' title='bbox 390 2308 651 2366; x_wconf 88' lang='lat' dir='ltr'><strong>fecissent</strong></span> <span class='ocrx_word' id='word_1_266' title='bbox 686 2312 849 2379; x_wconf 87' lang='lat' dir='ltr'><strong>mala,</strong></span> <span class='ocrx_word' id='word_1_267' title='bbox 880 2312 997 2382; x_wconf 90' lang='lat' dir='ltr'><strong>ipse</strong></span> <span class='ocrx_word' id='word_1_268' title='bbox 1031 2311 1297 2368; x_wconf 91' lang='lat' dir='ltr'><strong>Dominus</strong></span> <span class='ocrx_word' id='word_1_269' title='bbox 1333 2313 1639 2383; x_wconf 81' lang='lat' dir='ltr'><strong>subjunxit,</strong></span> <span class='ocrx_word' id='word_1_270' title='bbox 1680 2314 1792 2370; x_wconf 90' lang='lat' dir='ltr'><strong>sci-</strong></span> 
     </span>
    </p>
   </div>
   <div class='ocr_carea' id='block_1_39' title="bbox 197 2400 1791 2474">
    <p class='ocr_par' dir='ltr' id='par_1_39' title="bbox 197 2400 1791 2474">
     <span class='ocr_line' id='line_1_39' title="bbox 197 2400 1791 2474; baseline 0.005 -20"><span class='ocrx_word' id='word_1_271' title='bbox 197 2400 320 2457; x_wconf 89' lang='lat' dir='ltr'><strong>licet</strong></span> <span class='ocrx_word' id='word_1_272' title='bbox 350 2412 561 2472; x_wconf 85' lang='lat' dir='ltr'><strong>propter</strong></span> <span class='ocrx_word' id='word_1_273' title='bbox 590 2419 700 2469; x_wconf 88' lang='lat' dir='ltr'><strong>me;</strong></span> <span class='ocrx_word' id='word_1_274' title='bbox 725 2404 884 2474; x_wconf 87' lang='lat' dir='ltr'><strong>quasi</strong></span> <span class='ocrx_word' id='word_1_275' title='bbox 909 2404 1116 2460; x_wconf 83' lang='lat' dir='ltr'><strong>diceret</strong></span> <span class='ocrx_word' id='word_1_276' title='bbox 1145 2423 1157 2458; x_wconf 89' lang='lat'><strong>:</strong></span> <span class='ocrx_word' id='word_1_277' title='bbox 1184 2403 1311 2460; x_wconf 67' lang='lat' dir='ltr'><strong>Haec</strong></span> <span class='ocrx_word' id='word_1_278' title='bbox 1331 2405 1514 2459; x_wconf 89' lang='lat' dir='ltr'><strong>omnia</strong></span> <span class='ocrx_word' id='word_1_279' title='bbox 1533 2420 1640 2459; x_wconf 92' lang='lat' dir='ltr'><strong>non</strong></span> <span class='ocrx_word' id='word_1_280' title='bbox 1666 2406 1791 2462; x_wconf 88' lang='lat' dir='ltr'><strong>odio</strong></span> 
     </span>
    </p>
   </div>
   <div class='ocr_carea' id='block_1_40' title="bbox 197 2494 1792 2568">
    <p class='ocr_par' dir='ltr' id='par_1_40' title="bbox 197 2494 1792 2568">
     <span class='ocr_line' id='line_1_40' title="bbox 197 2494 1792 2568; baseline 0.004 -21"><span class='ocrx_word' id='word_1_281' title='bbox 197 2495 388 2561; x_wconf 85' lang='lat' dir='ltr'><strong>vestri,</strong></span> <span class='ocrx_word' id='word_1_282' title='bbox 408 2494 504 2550; x_wconf 90' lang='lat' dir='ltr'><strong>sed</strong></span> <span class='ocrx_word' id='word_1_283' title='bbox 532 2512 697 2551; x_wconf 86' lang='lat' dir='ltr'><strong>causa</strong></span> <span class='ocrx_word' id='word_1_284' title='bbox 722 2497 977 2568; x_wconf 80' lang='lat' dir='ltr'><strong>ingerunt</strong></span> <span class='ocrx_word' id='word_1_285' title='bbox 994 2497 1232 2554; x_wconf 90' lang='lat' dir='ltr'><strong>nominis</strong></span> <span class='ocrx_word' id='word_1_286' title='bbox 1261 2498 1367 2553; x_wconf 91' lang='lat' dir='ltr'><strong>mei</strong></span> <span class='ocrx_word' id='word_1_287' title='bbox 1384 2498 1716 2554; x_wconf 81' lang='lat' dir='ltr'><strong>.—Gaudete</strong></span> <span class='ocrx_word' id='word_1_288' title='bbox 1742 2508 1792 2553; x_wconf 88' lang='lat' dir='ltr'><strong>et</strong></span> 
     </span>
    </p>
   </div>
   <div class='ocr_carea' id='block_1_41' title="bbox 194 2586 1791 2663">
    <p class='ocr_par' dir='ltr' id='par_1_41' title="bbox 194 2586 1791 2663">
     <span class='ocr_line' id='line_1_41' title="bbox 194 2586 1791 2663; baseline 0.004 -24"><span class='ocrx_word' id='word_1_289' title='bbox 194 2586 503 2663; x_wconf 69' lang='lat' dir='ltr'><strong>exsultate,</strong></span> <span class='ocrx_word' id='word_1_290' title='bbox 552 2589 994 2660; x_wconf 86' lang='lat' dir='ltr'><strong>quandoquidem</strong></span> <span class='ocrx_word' id='word_1_291' title='bbox 1053 2590 1513 2647; x_wconf 85' lang='lat' dir='ltr'><strong>remunerationis</strong></span> <span class='ocrx_word' id='word_1_292' title='bbox 1558 2592 1791 2663; x_wconf 81' lang='lat' dir='ltr'><strong>gratiam</strong></span> 
     </span>
    </p>
   </div>
   <div class='ocr_carea' id='block_1_42' title="bbox 194 2657 1788 2754">
    <p class='ocr_par' dir='ltr' id='par_1_42' title="bbox 194 2657 1788 2754">
     <span class='ocr_line' id='line_1_42' title="bbox 194 2657 1788 2754; baseline 0.003 -21"><span class='ocrx_word' id='word_1_293' title='bbox 194 2657 474 2750; x_wconf 55' lang='lat' dir='ltr'><strong>perpetua?</strong></span> <span class='ocrx_word' id='word_1_294' title='bbox 504 2657 603 2751; x_wconf 81' lang='lat' dir='ltr'><strong>pro</strong></span> <span class='ocrx_word' id='word_1_295' title='bbox 650 2657 819 2737; x_wconf 80' lang='lat' dir='ltr'><strong>vestri</strong></span> <span class='ocrx_word' id='word_1_296' title='bbox 861 2684 1180 2738; x_wconf 89' lang='lat' dir='ltr'><strong>certaminis</strong></span> <span class='ocrx_word' id='word_1_297' title='bbox 1226 2683 1536 2754; x_wconf 89' lang='lat' dir='ltr'><strong>percipietis</strong></span> <span class='ocrx_word' id='word_1_298' title='bbox 1561 2657 1788 2740; x_wconf 42' lang='lat' dir='ltr'><strong>&#39;labore.</strong></span> 
     </span>
    </p>
   </div>
   <div class='ocr_carea' id='block_1_43' title="bbox 195 2770 1792 2838">
    <p class='ocr_par' dir='ltr' id='par_1_43' title="bbox 195 2770 1792 2838">
     <span class='ocr_line' id='line_1_43' title="bbox 195 2770 1792 2838; baseline 0.006 -14"><span class='ocrx_word' id='word_1_299' title='bbox 195 2804 266 2812; x_wconf 96' lang='lat'><strong>—</strong></span> <span class='ocrx_word' id='word_1_300' title='bbox 289 2770 555 2838; x_wconf 82' lang='lat' dir='ltr'><strong>Quoniam</strong></span> <span class='ocrx_word' id='word_1_301' title='bbox 585 2791 778 2829; x_wconf 80' lang='lat' dir='ltr'><strong>merces</strong></span> <span class='ocrx_word' id='word_1_302' title='bbox 802 2786 973 2829; x_wconf 81' lang='lat' dir='ltr'><strong>vestra</strong></span> <span class='ocrx_word' id='word_1_303' title='bbox 998 2774 1167 2830; x_wconf 88' lang='lat' dir='ltr'><strong>multa</strong></span> <span class='ocrx_word' id='word_1_304' title='bbox 1192 2785 1270 2829; x_wconf 84' lang='lat' dir='ltr'><strong>est</strong></span> <span class='ocrx_word' id='word_1_305' title='bbox 1308 2777 1363 2830; x_wconf 90' lang='lat' dir='ltr'><strong>in</strong></span> <span class='ocrx_word' id='word_1_306' title='bbox 1385 2775 1549 2830; x_wconf 76' lang='lat' dir='ltr'><strong>cazlis.</strong></span> <span class='ocrx_word' id='word_1_307' title='bbox 1587 2776 1792 2833; x_wconf 83' lang='lat' dir='ltr'><strong>Merces</strong></span> 
     </span>
    </p>
   </div>
   <div class='ocr_carea' id='block_1_44' title="bbox 197 2866 1791 2939">
    <p class='ocr_par' dir='ltr' id='par_1_44' title="bbox 197 2866 1791 2939">
     <span class='ocr_line' id='line_1_44' title="bbox 197 2866 1791 2939; baseline 0.005 -22"><span class='ocrx_word' id='word_1_308' title='bbox 197 2872 517 2920; x_wconf 85' lang='lat' dir='ltr'><strong>sanctorum</strong></span> <span class='ocrx_word' id='word_1_309' title='bbox 547 2867 742 2921; x_wconf 91' lang='lat' dir='ltr'><strong>merito</strong></span> <span class='ocrx_word' id='word_1_310' title='bbox 772 2866 943 2921; x_wconf 81' lang='lat' dir='ltr'><strong>multa</strong></span> <span class='ocrx_word' id='word_1_311' title='bbox 965 2867 1188 2933; x_wconf 90' lang='lat' dir='ltr'><strong>dicitur,</strong></span> <span class='ocrx_word' id='word_1_312' title='bbox 1225 2884 1349 2923; x_wconf 91' lang='lat' dir='ltr'><strong>cum</strong></span> <span class='ocrx_word' id='word_1_313' title='bbox 1386 2884 1417 2923; x_wconf 89' lang='lat' dir='ltr'><strong>a</strong></span> <span class='ocrx_word' id='word_1_314' title='bbox 1440 2867 1671 2924; x_wconf 91' lang='lat' dir='ltr'><strong>Domino</strong></span> <span class='ocrx_word' id='word_1_315' title='bbox 1693 2885 1791 2939; x_wconf 80' lang='lat' dir='ltr'><strong>pro</strong></span> 
     </span>
    </p>
   </div>
   <div class='ocr_carea' id='block_1_45' title="bbox 197 2957 1790 3032">
    <p class='ocr_par' dir='ltr' id='par_1_45' title="bbox 197 2957 1790 3032">
     <span class='ocr_line' id='line_1_45' title="bbox 197 2957 1790 3032; baseline 0.004 -22"><span class='ocrx_word' id='word_1_316' title='bbox 197 2957 526 3012; x_wconf 89' lang='lat' dir='ltr'><strong>meritorum</strong></span> <span class='ocrx_word' id='word_1_317' title='bbox 564 2959 825 3031; x_wconf 88' lang='lat' dir='ltr'><strong>qualitate</strong></span> <span class='ocrx_word' id='word_1_318' title='bbox 853 2960 908 3015; x_wconf 90' lang='lat' dir='ltr'><strong>in</strong></span> <span class='ocrx_word' id='word_1_319' title='bbox 953 2960 1093 3016; x_wconf 77' lang='lat' dir='ltr'><strong>ctelo</strong></span> <span class='ocrx_word' id='word_1_320' title='bbox 1119 2961 1439 3032; x_wconf 90' lang='lat' dir='ltr'><strong>centuplum</strong></span> <span class='ocrx_word' id='word_1_321' title='bbox 1466 2976 1790 3017; x_wconf 89' lang='lat' dir='ltr'><strong>remunera-</strong></span> 
     </span>
    </p>
   </div>
   <div class='ocr_carea' id='block_1_46' title="bbox 195 3048 1793 3125">
    <p class='ocr_par' dir='ltr' id='par_1_46' title="bbox 195 3048 1793 3125">
     <span class='ocr_line' id='line_1_46' title="bbox 195 3048 1793 3125; baseline 0.004 -22"><span class='ocrx_word' id='word_1_322' title='bbox 195 3048 369 3117; x_wconf 78' lang='lat' dir='ltr'><strong>bitur,</strong></span> <span class='ocrx_word' id='word_1_323' title='bbox 396 3059 450 3105; x_wconf 91' lang='lat' dir='ltr'><strong>et</strong></span> <span class='ocrx_word' id='word_1_324' title='bbox 473 3051 588 3107; x_wconf 75' lang='lat' dir='ltr'><strong>vita</strong></span> <span class='ocrx_word' id='word_1_325' title='bbox 635 3051 891 3123; x_wconf 88' lang='lat' dir='ltr'><strong>perennis</strong></span> <span class='ocrx_word' id='word_1_326' title='bbox 913 3054 1109 3125; x_wconf 82' lang='lat' dir='ltr'><strong>gaudia</strong></span> <span class='ocrx_word' id='word_1_327' title='bbox 1158 3053 1519 3125; x_wconf 87' lang='lat' dir='ltr'><strong>possidebunt</strong></span> <span class='ocrx_word' id='word_1_328' title='bbox 1563 3054 1620 3109; x_wconf 92' lang='lat' dir='ltr'><strong>in</strong></span> <span class='ocrx_word' id='word_1_329' title='bbox 1659 3070 1793 3111; x_wconf 90' lang='lat' dir='ltr'><strong>con-</strong></span> 
     </span>
    </p>
   </div>
   <div class='ocr_carea' id='block_1_47' title="bbox 197 3142 792 3212">
    <p class='ocr_par' dir='ltr' id='par_1_47' title="bbox 197 3142 792 3212">
     <span class='ocr_line' id='line_1_47' title="bbox 197 3142 792 3212; baseline 0.008 -17"><span class='ocrx_word' id='word_1_330' title='bbox 197 3142 553 3212; x_wconf 90' lang='lat' dir='ltr'><strong>templatione</strong></span> <span class='ocrx_word' id='word_1_331' title='bbox 587 3143 792 3200; x_wconf 91' lang='lat' dir='ltr'><strong>divina.</strong></span> 
     </span>
    </p>
   </div>
   <div class='ocr_carea' id='block_1_48' title="bbox 270 3233 1788 3311">
    <p class='ocr_par' dir='ltr' id='par_1_48' title="bbox 270 3233 1788 3311">
     <span class='ocr_line' id='line_1_48' title="bbox 270 3233 1788 3311; baseline 0.005 -23"><span class='ocrx_word' id='word_1_332' title='bbox 270 3233 477 3290; x_wconf 83' lang='lat' dir='ltr'><strong>[larum</strong></span> <span class='ocrx_word' id='word_1_333' title='bbox 506 3244 632 3293; x_wconf 89' lang='lat' dir='ltr'><strong>octo</strong></span> <span class='ocrx_word' id='word_1_334' title='bbox 660 3237 1038 3307; x_wconf 88' lang='lat' dir='ltr'><strong>beatudinum,</strong></span> <span class='ocrx_word' id='word_1_335' title='bbox 1071 3255 1174 3296; x_wconf 91' lang='lat' dir='ltr'><strong>nec</strong></span> <span class='ocrx_word' id='word_1_336' title='bbox 1211 3255 1324 3295; x_wconf 91' lang='lat' dir='ltr'><strong>non</strong></span> <span class='ocrx_word' id='word_1_337' title='bbox 1355 3247 1412 3296; x_wconf 90' lang='lat' dir='ltr'><strong>et</strong></span> <span class='ocrx_word' id='word_1_338' title='bbox 1454 3254 1635 3307; x_wconf 64' lang='lat' dir='ltr'><strong>nonae,</strong></span> <span class='ocrx_word' id='word_1_339' title='bbox 1664 3255 1788 3311; x_wconf 63' lang='lat' dir='ltr'><strong>quae</strong></span> 
     </span>
    </p>
   </div>
   <div class='ocr_carea' id='block_1_49' title="bbox 199 3321 1785 3405">
    <p class='ocr_par' dir='ltr' id='par_1_49' title="bbox 199 3321 1785 3405">
     <span class='ocr_line' id='line_1_49' title="bbox 199 3321 1785 3405; baseline 0.002 -22"><span class='ocrx_word' id='word_1_340' title='bbox 199 3327 352 3395; x_wconf 89' lang='lat' dir='ltr'><strong>solis,</strong></span> <span class='ocrx_word' id='word_1_341' title='bbox 383 3337 446 3383; x_wconf 92' lang='lat' dir='ltr'><strong>ut</strong></span> <span class='ocrx_word' id='word_1_342' title='bbox 473 3328 733 3397; x_wconf 82' lang='lat' dir='ltr'><strong>diximus,</strong></span> <span class='ocrx_word' id='word_1_343' title='bbox 776 3321 1116 3405; x_wconf 73' lang='lat' dir='ltr'><strong>martyribus</strong></span> <span class='ocrx_word' id='word_1_344' title='bbox 1153 3331 1431 3399; x_wconf 88' lang='lat' dir='ltr'><strong>convenit,</strong></span> <span class='ocrx_word' id='word_1_345' title='bbox 1475 3331 1785 3404; x_wconf 86' lang='lat' dir='ltr'><strong>gustamina</strong></span> 
     </span>
    </p>
   </div>
   <div class='ocr_carea' id='block_1_50' title="bbox 200 3419 1790 3496">
    <p class='ocr_par' dir='ltr' id='par_1_50' title="bbox 200 3419 1790 3496">
     <span class='ocr_line' id='line_1_50' title="bbox 200 3419 1790 3496; baseline 0.003 -23"><span class='ocrx_word' id='word_1_346' title='bbox 200 3419 634 3490; x_wconf 77' lang='lat' dir='ltr'><strong>gloriosissimus</strong></span> <span class='ocrx_word' id='word_1_347' title='bbox 660 3431 864 3496; x_wconf 80' lang='lat' dir='ltr'><strong>martyr</strong></span> <span class='ocrx_word' id='word_1_348' title='bbox 889 3421 1093 3480; x_wconf 88' lang='lat' dir='ltr'><strong>Christi</strong></span> <span class='ocrx_word' id='word_1_349' title='bbox 1132 3422 1570 3479; x_wconf 85' lang='lat' dir='ltr'><strong>Emmerammus</strong></span> <span class='ocrx_word' id='word_1_350' title='bbox 1607 3431 1790 3478; x_wconf 84' lang='lat' dir='ltr'><strong>mente</strong></span> 
     </span>
    </p>
   </div>
   <div class='ocr_carea' id='block_1_51' title="bbox 275 3598 716 3672">
    <p class='ocr_par' dir='ltr' id='par_1_51' title="bbox 275 3598 716 3672">
     <span class='ocr_line' id='line_1_51' title="bbox 275 3598 716 3672; baseline 0.009 -18"><span class='ocrx_word' id='word_1_351' title='bbox 275 3598 423 3672; x_wconf 72' lang='grc'>(272)</span> <span class='ocrx_word' id='word_1_352' title='bbox 463 3599 520 3657; x_wconf 92' lang='lat' dir='ltr'><strong>Id</strong></span> <span class='ocrx_word' id='word_1_353' title='bbox 545 3611 628 3658; x_wconf 89' lang='lat' dir='ltr'><strong>est</strong></span> <span class='ocrx_word' id='word_1_354' title='bbox 654 3600 716 3671; x_wconf 87' lang='lat' dir='ltr'><strong>Y,</strong></span> 
     </span>
    </p>
   </div>
   <div class='ocr_carea' id='block_1_52' title="bbox 202 3736 2104 3774">
    <p class='ocr_par' dir='ltr' id='par_1_52' title="bbox 202 3736 2104 3774">
     <span class='ocr_line' id='line_1_52' title="bbox 202 3736 2104 3774; baseline -0.001 -4"><span class='ocrx_word' id='word_1_355' title='bbox 202 3736 2104 3774; x_wconf 48' lang='grc' dir='ltr'>Μ</span> 
     </span>
    </p>
   </div>
   <div class='ocr_carea' id='block_1_53' title="bbox 1964 1949 3485 2026">
    <p class='ocr_par' dir='ltr' id='par_1_53' title="bbox 1964 1949 3485 2026">
     <span class='ocr_line' id='line_1_53' title="bbox 1964 1949 3485 2026; baseline -0.002 -18"><span class='ocrx_word' id='word_1_356' title='bbox 1964 1954 2213 2026; x_wconf 87' lang='lat' dir='ltr'><strong>Cumque</strong></span> <span class='ocrx_word' id='word_1_357' title='bbox 2266 1953 2498 2009; x_wconf 90' lang='lat' dir='ltr'><strong>summis</strong></span> <span class='ocrx_word' id='word_1_358' title='bbox 2563 1953 2789 2023; x_wconf 88' lang='lat' dir='ltr'><strong>polleret</strong></span> <span class='ocrx_word' id='word_1_359' title='bbox 2851 1951 3166 2020; x_wconf 88' lang='lat' dir='ltr'><strong>virtutibus,</strong></span> <span class='ocrx_word' id='word_1_360' title='bbox 3210 1951 3266 2006; x_wconf 93' lang='lat' dir='ltr'><strong>in</strong></span> <span class='ocrx_word' id='word_1_361' title='bbox 3331 1949 3485 2021; x_wconf 83' lang='lat' dir='ltr'><strong>apice</strong></span> 
     </span>
    </p>
   </div>
   <div class='ocr_carea' id='block_1_54' title="bbox 1894 2045 3484 2117">
    <p class='ocr_par' dir='ltr' id='par_1_54' title="bbox 1894 2045 3484 2117">
     <span class='ocr_line' id='line_1_54' title="bbox 1894 2045 3484 2117; baseline -0.003 -14"><span class='ocrx_word' id='word_1_362' title='bbox 1894 2063 2112 2103; x_wconf 92' lang='lat' dir='ltr'><strong>summo</strong></span> <span class='ocrx_word' id='word_1_363' title='bbox 2144 2045 2276 2101; x_wconf 89' lang='lat' dir='ltr'><strong>illud</strong></span> <span class='ocrx_word' id='word_1_364' title='bbox 2324 2045 2696 2117; x_wconf 85' lang='lat' dir='ltr'><strong>evangelicum</strong></span> <span class='ocrx_word' id='word_1_365' title='bbox 2738 2046 2943 2101; x_wconf 88' lang='lat' dir='ltr'><strong>dictum</strong></span> <span class='ocrx_word' id='word_1_366' title='bbox 2990 2045 3208 2100; x_wconf 88' lang='lat' dir='ltr'><strong>volvere</strong></span> <span class='ocrx_word' id='word_1_367' title='bbox 3239 2050 3484 2114; x_wconf 74' lang='lat' dir='ltr'><strong>cmperat</strong></span> 
     </span>
    </p>
   </div>
   <div class='ocr_carea' id='block_1_55' title="bbox 1893 2137 3483 2211">
    <p class='ocr_par' dir='ltr' id='par_1_55' title="bbox 1893 2137 3483 2211">
     <span class='ocr_line' id='line_1_55' title="bbox 1893 2137 3483 2211; baseline -0.005 -15"><span class='ocrx_word' id='word_1_368' title='bbox 1893 2142 2079 2196; x_wconf 91' lang='lat' dir='ltr'><strong>animo</strong></span> <span class='ocrx_word' id='word_1_369' title='bbox 2110 2159 2123 2195; x_wconf 87' lang='lat'><strong>:</strong></span> <span class='ocrx_word' id='word_1_370' title='bbox 2151 2141 2252 2196; x_wconf 85' lang='lat' dir='ltr'><strong>Cui</strong></span> <span class='ocrx_word' id='word_1_371' title='bbox 2285 2140 2404 2211; x_wconf 84' lang='lat' dir='ltr'><strong>plus</strong></span> <span class='ocrx_word' id='word_1_372' title='bbox 2442 2139 2812 2207; x_wconf 84' lang='lat' dir='ltr'><strong>committitur,</strong></span> <span class='ocrx_word' id='word_1_373' title='bbox 2848 2139 2967 2210; x_wconf 75' lang='lat' dir='ltr'><strong>plus</strong></span> <span class='ocrx_word' id='word_1_374' title='bbox 3023 2137 3088 2194; x_wconf 85' lang='lat' dir='ltr'><strong>ab</strong></span> <span class='ocrx_word' id='word_1_375' title='bbox 3116 2155 3175 2192; x_wconf 84' lang='lat' dir='ltr'><strong>ea</strong></span> <span class='ocrx_word' id='word_1_376' title='bbox 3214 2145 3483 2208; x_wconf 63' lang='lat' dir='ltr'><strong>exigitur;</strong></span> 
     </span>
    </p>
   </div>
   <div class='ocr_carea' id='block_1_56' title="bbox 1894 2229 3487 2299">
    <p class='ocr_par' dir='ltr' id='par_1_56' title="bbox 1894 2229 3487 2299">
     <span class='ocr_line' id='line_1_56' title="bbox 1894 2229 3487 2299; baseline -0.003 -12"><span class='ocrx_word' id='word_1_377' title='bbox 1894 2233 2093 2289; x_wconf 87' lang='lat' dir='ltr'><strong>timens</strong></span> <span class='ocrx_word' id='word_1_378' title='bbox 2135 2248 2204 2287; x_wconf 89' lang='lat' dir='ltr'><strong>ne</strong></span> <span class='ocrx_word' id='word_1_379' title='bbox 2231 2233 2496 2287; x_wconf 86' lang='lat' dir='ltr'><strong>talentum</strong></span> <span class='ocrx_word' id='word_1_380' title='bbox 2538 2231 2643 2286; x_wconf 90' lang='lat' dir='ltr'><strong>sibi</strong></span> <span class='ocrx_word' id='word_1_381' title='bbox 2674 2231 2940 2286; x_wconf 84' lang='lat' dir='ltr'><strong>creditum</strong></span> <span class='ocrx_word' id='word_1_382' title='bbox 2981 2229 3099 2285; x_wconf 91' lang='lat' dir='ltr'><strong>sine</strong></span> <span class='ocrx_word' id='word_1_383' title='bbox 3124 2229 3277 2284; x_wconf 90' lang='lat' dir='ltr'><strong>lucro</strong></span> <span class='ocrx_word' id='word_1_384' title='bbox 3300 2243 3487 2299; x_wconf 85' lang='lat' dir='ltr'><strong>repor-</strong></span> 
     </span>
    </p>
   </div>
   <div class='ocr_carea' id='block_1_57' title="bbox 1894 2321 3485 2391">
    <p class='ocr_par' dir='ltr' id='par_1_57' title="bbox 1894 2321 3485 2391">
     <span class='ocr_line' id='line_1_57' title="bbox 1894 2321 3485 2391; baseline -0.004 -12"><span class='ocrx_word' id='word_1_385' title='bbox 1894 2333 2031 2380; x_wconf 88' lang='lat' dir='ltr'><strong>taret</strong></span> <span class='ocrx_word' id='word_1_386' title='bbox 2053 2325 2119 2379; x_wconf 90' lang='lat' dir='ltr'><strong>ad</strong></span> <span class='ocrx_word' id='word_1_387' title='bbox 2144 2323 2449 2391; x_wconf 85' lang='lat' dir='ltr'><strong>Christum,</strong></span> <span class='ocrx_word' id='word_1_388' title='bbox 2484 2338 2610 2378; x_wconf 92' lang='lat' dir='ltr'><strong>cum</strong></span> <span class='ocrx_word' id='word_1_389' title='bbox 2646 2322 2844 2379; x_wconf 88' lang='lat' dir='ltr'><strong>decoro</strong></span> <span class='ocrx_word' id='word_1_390' title='bbox 2869 2323 3132 2379; x_wconf 88' lang='lat' dir='ltr'><strong>comitatu</strong></span> <span class='ocrx_word' id='word_1_391' title='bbox 3161 2321 3485 2377; x_wconf 85' lang='lat' dir='ltr'><strong>clericorum</strong></span> 
     </span>
    </p>
   </div>
   <div class='ocr_carea' id='block_1_58' title="bbox 1894 2413 3483 2488">
    <p class='ocr_par' dir='ltr' id='par_1_58' title="bbox 1894 2413 3483 2488">
     <span class='ocr_line' id='line_1_58' title="bbox 1894 2413 3483 2488; baseline -0.003 -16"><span class='ocrx_word' id='word_1_392' title='bbox 1894 2416 2139 2472; x_wconf 76' lang='lat' dir='ltr'><strong>futurum</strong></span> <span class='ocrx_word' id='word_1_393' title='bbox 2190 2433 2249 2473; x_wconf 90' lang='lat' dir='ltr'><strong>se</strong></span> <span class='ocrx_word' id='word_1_394' title='bbox 2294 2416 2707 2488; x_wconf 65' lang='lat' dir='ltr'><strong>praedicatorem</strong></span> <span class='ocrx_word' id='word_1_395' title='bbox 2749 2415 3121 2471; x_wconf 77' lang='lat' dir='ltr'><strong>destinaverat</strong></span> <span class='ocrx_word' id='word_1_396' title='bbox 3151 2413 3221 2470; x_wconf 89' lang='lat' dir='ltr'><strong>ad</strong></span> <span class='ocrx_word' id='word_1_397' title='bbox 3266 2420 3483 2485; x_wconf 83' lang='lat' dir='ltr'><strong>gentem</strong></span> 
     </span>
    </p>
   </div>
   <div class='ocr_carea' id='block_1_59' title="bbox 1894 2505 3486 2580">
    <p class='ocr_par' dir='ltr' id='par_1_59' title="bbox 1894 2505 3486 2580">
     <span class='ocr_line' id='line_1_59' title="bbox 1894 2505 3486 2580; baseline -0.001 -18"><span class='ocrx_word' id='word_1_398' title='bbox 1894 2507 2250 2576; x_wconf 81' lang='lat' dir='ltr'><strong>Hunnorum;</strong></span> <span class='ocrx_word' id='word_1_399' title='bbox 2291 2525 2414 2580; x_wconf 73' lang='lat' dir='ltr'><strong>qua:</strong></span> <span class='ocrx_word' id='word_1_400' title='bbox 2460 2518 2591 2564; x_wconf 89' lang='lat' dir='ltr'><strong>tunc</strong></span> <span class='ocrx_word' id='word_1_401' title='bbox 2635 2509 2929 2578; x_wconf 89' lang='lat' dir='ltr'><strong>temporis,</strong></span> <span class='ocrx_word' id='word_1_402' title='bbox 2983 2507 3192 2562; x_wconf 89' lang='lat' dir='ltr'><strong>lumine</strong></span> <span class='ocrx_word' id='word_1_403' title='bbox 3239 2505 3486 2561; x_wconf 86' lang='lat' dir='ltr'><strong>veritatis</strong></span> 
     </span>
    </p>
   </div>
   <div class='ocr_carea' id='block_1_60' title="bbox 1894 2597 3488 2669">
    <p class='ocr_par' dir='ltr' id='par_1_60' title="bbox 1894 2597 3488 2669">
     <span class='ocr_line' id='line_1_60' title="bbox 1894 2597 3488 2669; baseline -0.003 -14"><span class='ocrx_word' id='word_1_404' title='bbox 1894 2603 2192 2669; x_wconf 69' lang='lat' dir='ltr'><strong>obcrecata,</strong></span> <span class='ocrx_word' id='word_1_405' title='bbox 2232 2600 2469 2656; x_wconf 88' lang='lat' dir='ltr'><strong>diversis</strong></span> <span class='ocrx_word' id='word_1_406' title='bbox 2498 2600 2768 2655; x_wconf 88' lang='lat' dir='ltr'><strong>idolorum</strong></span> <span class='ocrx_word' id='word_1_407' title='bbox 2791 2599 3029 2655; x_wconf 79' lang='lat' dir='ltr'><strong>cultibus</strong></span> <span class='ocrx_word' id='word_1_408' title='bbox 3053 2615 3112 2653; x_wconf 85' lang='lat' dir='ltr'><strong>se</strong></span> <span class='ocrx_word' id='word_1_409' title='bbox 3131 2597 3488 2653; x_wconf 87' lang='lat' dir='ltr'><strong>submittebat</strong></span> 
     </span>
    </p>
   </div>
   <div class='ocr_carea' id='block_1_61' title="bbox 1893 2689 3487 2764">
    <p class='ocr_par' dir='ltr' id='par_1_61' title="bbox 1893 2689 3487 2764">
     <span class='ocr_line' id='line_1_61' title="bbox 1893 2689 3487 2764; baseline -0.004 -15"><span class='ocrx_word' id='word_1_410' title='bbox 1893 2695 2111 2750; x_wconf 89' lang='lat' dir='ltr'><strong>devota.</strong></span> <span class='ocrx_word' id='word_1_411' title='bbox 2140 2693 2389 2764; x_wconf 90' lang='lat' dir='ltr'><strong>Cumque</strong></span> <span class='ocrx_word' id='word_1_412' title='bbox 2411 2693 2481 2747; x_wconf 87' lang='lat' dir='ltr'><strong>ab</strong></span> <span class='ocrx_word' id='word_1_413' title='bbox 2514 2693 2618 2748; x_wconf 89' lang='lat' dir='ltr'><strong>hac</strong></span> <span class='ocrx_word' id='word_1_414' title='bbox 2648 2702 2780 2747; x_wconf 90' lang='lat' dir='ltr'><strong>nutu</strong></span> <span class='ocrx_word' id='word_1_415' title='bbox 2810 2691 2994 2748; x_wconf 87' lang='lat' dir='ltr'><strong>divino</strong></span> <span class='ocrx_word' id='word_1_416' title='bbox 3023 2689 3353 2762; x_wconf 86' lang='lat' dir='ltr'><strong>prohibitus,</strong></span> <span class='ocrx_word' id='word_1_417' title='bbox 3387 2704 3487 2759; x_wconf 80' lang='lat' dir='ltr'><strong>per</strong></span> 
     </span>
    </p>
   </div>
   <div class='ocr_carea' id='block_1_62' title="bbox 1895 2780 3484 2855">
    <p class='ocr_par' dir='ltr' id='par_1_62' title="bbox 1895 2780 3484 2855">
     <span class='ocr_line' id='line_1_62' title="bbox 1895 2780 3484 2855; baseline -0.004 -14"><span class='ocrx_word' id='word_1_418' title='bbox 1895 2787 2192 2842; x_wconf 72' lang='lat' dir='ltr'><strong>triennium</strong></span> <span class='ocrx_word' id='word_1_419' title='bbox 2225 2785 2347 2840; x_wconf 84' lang='lat' dir='ltr'><strong>ﬁdei</strong></span> <span class='ocrx_word' id='word_1_420' title='bbox 2374 2785 2583 2840; x_wconf 88' lang='lat' dir='ltr'><strong>semina</strong></span> <span class='ocrx_word' id='word_1_421' title='bbox 2616 2785 2673 2839; x_wconf 90' lang='lat' dir='ltr'><strong>in</strong></span> <span class='ocrx_word' id='word_1_422' title='bbox 2699 2783 2901 2840; x_wconf 83' lang='lat' dir='ltr'><strong>Norico</strong></span> <span class='ocrx_word' id='word_1_423' title='bbox 2929 2789 3229 2855; x_wconf 85' lang='lat' dir='ltr'><strong>spargeret,</strong></span> <span class='ocrx_word' id='word_1_424' title='bbox 3259 2789 3314 2836; x_wconf 88' lang='lat' dir='ltr'><strong>et</strong></span> <span class='ocrx_word' id='word_1_425' title='bbox 3336 2780 3484 2836; x_wconf 85' lang='lat' dir='ltr'><strong>mul—</strong></span> 
     </span>
    </p>
   </div>
   <div class='ocr_carea' id='block_1_63' title="bbox 1895 2876 3485 2948">
    <p class='ocr_par' dir='ltr' id='par_1_63' title="bbox 1895 2876 3485 2948">
     <span class='ocr_line' id='line_1_63' title="bbox 1895 2876 3485 2948; baseline -0.004 -14"><span class='ocrx_word' id='word_1_426' title='bbox 1895 2887 1980 2935; x_wconf 90' lang='lat' dir='ltr'><strong>tos</strong></span> <span class='ocrx_word' id='word_1_427' title='bbox 2022 2879 2088 2934; x_wconf 87' lang='lat' dir='ltr'><strong>ad</strong></span> <span class='ocrx_word' id='word_1_428' title='bbox 2114 2880 2288 2934; x_wconf 88' lang='lat' dir='ltr'><strong>lucem</strong></span> <span class='ocrx_word' id='word_1_429' title='bbox 2309 2920 2324 2944; x_wconf 98' lang='lat'><strong>,</strong></span> <span class='ocrx_word' id='word_1_430' title='bbox 2358 2894 2480 2948; x_wconf 75' lang='lat' dir='ltr'><strong>qua:</strong></span> <span class='ocrx_word' id='word_1_431' title='bbox 2504 2876 2761 2932; x_wconf 85' lang='lat' dir='ltr'><strong>Christus</strong></span> <span class='ocrx_word' id='word_1_432' title='bbox 2784 2885 2888 2945; x_wconf 87' lang='lat' dir='ltr'><strong>est,</strong></span> <span class='ocrx_word' id='word_1_433' title='bbox 2924 2876 2977 2931; x_wconf 90' lang='lat' dir='ltr'><strong>in</strong></span> <span class='ocrx_word' id='word_1_434' title='bbox 3010 2891 3075 2930; x_wconf 89' lang='lat' dir='ltr'><strong>ea</strong></span> <span class='ocrx_word' id='word_1_435' title='bbox 3122 2880 3485 2941; x_wconf 82' lang='lat' dir='ltr'><strong>converteret,</strong></span> 
     </span>
    </p>
   </div>
   <div class='ocr_carea' id='block_1_64' title="bbox 1894 2966 3484 3042">
    <p class='ocr_par' dir='ltr' id='par_1_64' title="bbox 1894 2966 3484 3042">
     <span class='ocr_line' id='line_1_64' title="bbox 1894 2966 3484 3042; baseline -0.003 -16"><span class='ocrx_word' id='word_1_436' title='bbox 1894 2986 2019 3026; x_wconf 91' lang='lat' dir='ltr'><strong>cum</strong></span> <span class='ocrx_word' id='word_1_437' title='bbox 2068 2972 2249 3042; x_wconf 87' lang='lat' dir='ltr'><strong>palma</strong></span> <span class='ocrx_word' id='word_1_438' title='bbox 2288 2970 2576 3042; x_wconf 81' lang='lat' dir='ltr'><strong>martyrii,</strong></span> <span class='ocrx_word' id='word_1_439' title='bbox 2631 2968 3053 3041; x_wconf 86' lang='lat' dir='ltr'><strong>permirabiliter</strong></span> <span class='ocrx_word' id='word_1_440' title='bbox 3079 2966 3484 3033; x_wconf 81' lang='lat' dir='ltr'><strong>consummati.</strong></span> 
     </span>
    </p>
   </div>
   <div class='ocr_carea' id='block_1_65' title="bbox 1894 3059 3486 3135">
    <p class='ocr_par' dir='ltr' id='par_1_65' title="bbox 1894 3059 3486 3135">
     <span class='ocr_line' id='line_1_65' title="bbox 1894 3059 3486 3135; baseline -0.003 -16"><span class='ocrx_word' id='word_1_441' title='bbox 1894 3064 2150 3135; x_wconf 85' lang='lat' dir='ltr'><strong>migravit</strong></span> <span class='ocrx_word' id='word_1_442' title='bbox 2196 3064 2265 3119; x_wconf 86' lang='lat' dir='ltr'><strong>ad</strong></span> <span class='ocrx_word' id='word_1_443' title='bbox 2314 3061 2609 3117; x_wconf 87' lang='lat' dir='ltr'><strong>Dominum</strong></span> <span class='ocrx_word' id='word_1_444' title='bbox 2640 3081 2655 3117; x_wconf 87' lang='lat'><strong>:</strong></span> <span class='ocrx_word' id='word_1_445' title='bbox 2682 3062 2773 3118; x_wconf 91' lang='lat' dir='ltr'><strong>cui</strong></span> <span class='ocrx_word' id='word_1_446' title='bbox 2814 3063 2937 3118; x_wconf 88' lang='lat' dir='ltr'><strong>laus</strong></span> <span class='ocrx_word' id='word_1_447' title='bbox 2974 3067 3060 3117; x_wconf 88' lang='lat' dir='ltr'><strong>est</strong></span> <span class='ocrx_word' id='word_1_448' title='bbox 3102 3066 3157 3117; x_wconf 86' lang='lat' dir='ltr'><strong>et</strong></span> <span class='ocrx_word' id='word_1_449' title='bbox 3191 3059 3360 3132; x_wconf 84' lang='lat' dir='ltr'><strong>gloria</strong></span> <span class='ocrx_word' id='word_1_450' title='bbox 3387 3071 3486 3129; x_wconf 85' lang='lat' dir='ltr'><strong>per</strong></span> 
     </span>
    </p>
   </div>
   <div class='ocr_carea' id='block_1_66' title="bbox 1819 3153 2937 3242">
    <p class='ocr_par' dir='ltr' id='par_1_66' title="bbox 1819 3153 2937 3242">
     <span class='ocr_line' id='line_1_66' title="bbox 1819 3153 2937 3242; baseline -0.002 -32"><span class='ocrx_word' id='word_1_451' title='bbox 1819 3186 1860 3242; x_wconf 66' lang='grc' dir='ltr'>ο</span> <span class='ocrx_word' id='word_1_452' title='bbox 1894 3155 2106 3211; x_wconf 79' lang='lat' dir='ltr'><strong>infinita</strong></span> <span class='ocrx_word' id='word_1_453' title='bbox 2135 3156 2335 3212; x_wconf 68' lang='lat' dir='ltr'><strong>stecula</strong></span> <span class='ocrx_word' id='word_1_454' title='bbox 2363 3155 2713 3211; x_wconf 63' lang='lat' dir='ltr'><strong>saeculorum.</strong></span> <span class='ocrx_word' id='word_1_455' title='bbox 2741 3153 2937 3210; x_wconf 80' lang='lat' dir='ltr'><strong>Amen.</strong></span> 
     </span>
    </p>
   </div>
   <div class='ocr_carea' id='block_1_67' title="bbox 1964 3245 3336 3320">
    <p class='ocr_par' dir='ltr' id='par_1_67' title="bbox 1964 3245 3336 3320">
     <span class='ocr_line' id='line_1_67' title="bbox 1964 3245 3336 3320; baseline -0.004 -18"><span class='ocrx_word' id='word_1_456' title='bbox 1964 3249 2156 3303; x_wconf 80' lang='lat' dir='ltr'><strong>Arnolt</strong></span> <span class='ocrx_word' id='word_1_457' title='bbox 2180 3247 2335 3304; x_wconf 80' lang='lat' dir='ltr'><strong>Abba</strong></span> <span class='ocrx_word' id='word_1_458' title='bbox 2359 3248 2520 3320; x_wconf 85' lang='lat' dir='ltr'><strong>logon</strong></span> <span class='ocrx_word' id='word_1_459' title='bbox 2545 3254 2760 3315; x_wconf 85' lang='lat' dir='ltr'><strong>tractat,</strong></span> <span class='ocrx_word' id='word_1_460' title='bbox 2787 3260 2949 3318; x_wconf 90' lang='lat' dir='ltr'><strong>quem</strong></span> <span class='ocrx_word' id='word_1_461' title='bbox 2966 3245 3179 3301; x_wconf 80' lang='lat' dir='ltr'><strong>dixerat</strong></span> <span class='ocrx_word' id='word_1_462' title='bbox 3211 3257 3336 3299; x_wconf 85' lang='lat' dir='ltr'><strong>oon.</strong></span> 
     </span>
    </p>
   </div>
   <div class='ocr_carea' id='block_1_68' title="bbox 1966 3335 3333 3412">
    <p class='ocr_par' dir='ltr' id='par_1_68' title="bbox 1966 3335 3333 3412">
     <span class='ocr_line' id='line_1_68' title="bbox 1966 3335 3333 3412; baseline -0.004 -19"><span class='ocrx_word' id='word_1_463' title='bbox 1966 3339 2266 3395; x_wconf 82' lang='lat' dir='ltr'><strong>Mercedem</strong></span> <span class='ocrx_word' id='word_1_464' title='bbox 2304 3340 2477 3412; x_wconf 87' lang='lat' dir='ltr'><strong>gratis</strong></span> <span class='ocrx_word' id='word_1_465' title='bbox 2506 3338 2800 3395; x_wconf 81' lang='lat' dir='ltr'><strong>monadem</strong></span> <span class='ocrx_word' id='word_1_466' title='bbox 2824 3338 2963 3394; x_wconf 87' lang='lat' dir='ltr'><strong>dans</strong></span> <span class='ocrx_word' id='word_1_467' title='bbox 2990 3345 3116 3393; x_wconf 89' lang='lat' dir='ltr'><strong>octo</strong></span> <span class='ocrx_word' id='word_1_468' title='bbox 3141 3335 3333 3393; x_wconf 85' lang='lat' dir='ltr'><strong>beatis.</strong></span> 
     </span>
    </p>
   </div>
   <div class='ocr_carea' id='block_1_69' title="bbox 2141 3732 3449 3769">
    <p class='ocr_par' dir='ltr' id='par_1_69' title="bbox 2141 3732 3449 3769">
     <span class='ocr_line' id='line_1_69' title="bbox 2141 3732 3449 3769; baseline -0.002 0"><span class='ocrx_word' id='word_1_469' title='bbox 2141 3732 3449 3769; x_wconf 50' lang='lat' dir='ltr'><strong>Mm</strong></span> 
     </span>
    </p>
   </div>
   <div class='ocr_carea' id='block_1_70' title="bbox 782 3926 2886 4060">
    <p class='ocr_par' dir='ltr' id='par_1_70' title="bbox 782 3926 2886 4060">
     <span class='ocr_line' id='line_1_70' title="bbox 782 3926 2886 4060; baseline -0.005 -2"><span class='ocrx_word' id='word_1_470' title='bbox 782 3934 1571 4060; x_wconf 80' lang='lat' dir='ltr'><strong>APPENDIX</strong></span> <span class='ocrx_word' id='word_1_471' title='bbox 1662 3933 1870 4060; x_wconf 87' lang='lat' dir='ltr'><strong>AD</strong></span> <span class='ocrx_word' id='word_1_472' title='bbox 1965 3926 2886 4057; x_wconf 80' lang='lat' dir='ltr'><strong>ARNOLDUM.</strong></span> 
     </span>
    </p>
   </div>
   <div class='ocr_carea' id='block_1_71' title="bbox 1791 4341 1881 4453">
    <p class='ocr_par' dir='ltr' id='par_1_71' title="bbox 1791 4341 1881 4453">
     <span class='ocr_line' id='line_1_71' title="bbox 1791 4341 1881 4453; baseline -0.022 0"><span class='ocrx_word' id='word_1_473' title='bbox 1791 4341 1881 4453; x_wconf 94' lang='grc' dir='ltr'><strong>Ι.</strong></span> 
     </span>
    </p>
   </div>
   <div class='ocr_carea' id='block_1_72' title="bbox 514 4577 3175 4714">
    <p class='ocr_par' dir='ltr' id='par_1_72' title="bbox 514 4577 3175 4714">
     <span class='ocr_line' id='line_1_72' title="bbox 514 4577 3175 4714; baseline -0.003 -31"><span class='ocrx_word' id='word_1_474' title='bbox 514 4585 1085 4686; x_wconf 82' lang='lat' dir='ltr'><strong>DESCRIPTIO</strong></span> <span class='ocrx_word' id='word_1_475' title='bbox 1157 4585 1636 4714; x_wconf 81' lang='lat' dir='ltr'><strong>CENSUUM,</strong></span> <span class='ocrx_word' id='word_1_476' title='bbox 1710 4582 2375 4683; x_wconf 80' lang='lat' dir='ltr'><strong>PROVENTUUM</strong></span> <span class='ocrx_word' id='word_1_477' title='bbox 2450 4584 2572 4681; x_wconf 83' lang='lat' dir='ltr'><strong>AG</strong></span> <span class='ocrx_word' id='word_1_478' title='bbox 2648 4577 3175 4680; x_wconf 79' lang='lat' dir='ltr'><strong>FBUCTUUM</strong></span> 
     </span>
    </p>
   </div>
   <div class='ocr_carea' id='block_1_73' title="bbox 993 4789 2706 4863">
    <p class='ocr_par' dir='ltr' id='par_1_73' title="bbox 993 4789 2706 4863">
     <span class='ocr_line' id='line_1_73' title="bbox 993 4789 2706 4863; baseline -0.004 -7"><span class='ocrx_word' id='word_1_479' title='bbox 993 4795 1105 4856; x_wconf 82' lang='lat' dir='ltr'><strong>EX</strong></span> <span class='ocrx_word' id='word_1_480' title='bbox 1148 4794 1484 4855; x_wconf 45' lang='lat' dir='ltr'><strong>PRJ’EDIIS</strong></span> <span class='ocrx_word' id='word_1_481' title='bbox 1526 4792 2024 4854; x_wconf 76' lang='lat' dir='ltr'><strong>MONASTERII</strong></span> <span class='ocrx_word' id='word_1_482' title='bbox 2074 4792 2134 4853; x_wconf 90' lang='lat' dir='ltr'><strong>S.</strong></span> <span class='ocrx_word' id='word_1_483' title='bbox 2173 4789 2706 4863; x_wconf 77' lang='lat' dir='ltr'><strong>EMMERAMMI,</strong></span> 
     </span>
    </p>
   </div>
   <div class='ocr_carea' id='block_1_74' title="bbox 598 4955 3167 5039">
    <p class='ocr_par' dir='ltr' id='par_1_74' title="bbox 598 4955 3167 5039">
     <span class='ocr_line' id='line_1_74' title="bbox 598 4955 3167 5039; baseline -0.004 -18"><span class='ocrx_word' id='word_1_484' title='bbox 598 4961 890 5039; x_wconf 83' lang='lat' dir='ltr'><strong>Tempore</strong></span> <span class='ocrx_word' id='word_1_485' title='bbox 916 4956 1162 5025; x_wconf 80' lang='lat' dir='ltr'><strong>abbatis</strong></span> <span class='ocrx_word' id='word_1_486' title='bbox 1189 4957 1547 5019; x_wconf 77' lang='lat' dir='ltr'><strong>Burchardi</strong></span> <span class='ocrx_word' id='word_1_487' title='bbox 1586 4956 1785 5037; x_wconf 85' lang='grc'><strong>(1031)</strong></span> <span class='ocrx_word' id='word_1_488' title='bbox 1818 4966 1873 5018; x_wconf 87' lang='lat' dir='ltr'><strong>et</strong></span> <span class='ocrx_word' id='word_1_489' title='bbox 1894 4955 2177 5017; x_wconf 62' lang='lat' dir='ltr'><strong>Arnotao</strong></span> <span class='ocrx_word' id='word_1_490' title='bbox 2200 4961 2537 5033; x_wconf 75' lang='lat' dir='ltr'><strong>prwposttt</strong></span> <span class='ocrx_word' id='word_1_491' title='bbox 2564 4970 2791 5014; x_wconf 75' lang='lat' dir='ltr'><strong>munus</strong></span> <span class='ocrx_word' id='word_1_492' title='bbox 2825 4959 3064 5032; x_wconf 82' lang='lat' dir='ltr'><strong>agente.</strong></span> <span class='ocrx_word' id='word_1_493' title='bbox 3163 5026 3167 5030; x_wconf 14' lang='grc' dir='ltr'>ι</span> 
     </span>
    </p>
   </div>
   <div class='ocr_carea' id='block_1_75' title="bbox 1081 5114 2626 5193">
    <p class='ocr_par' dir='ltr' id='par_1_75' title="bbox 1081 5114 2626 5193">
     <span class='ocr_line' id='line_1_75' title="bbox 1081 5114 2626 5193; baseline -0.003 -20"><span class='ocrx_word' id='word_1_494' title='bbox 1081 5120 1252 5193; x_wconf 76' lang='lat' dir='ltr'><strong>(Apud</strong></span> <span class='ocrx_word' id='word_1_495' title='bbox 1281 5118 1346 5174; x_wconf 74' lang='grc' dir='ltr'><strong>Β.</strong></span> <span class='ocrx_word' id='word_1_496' title='bbox 1372 5116 1432 5174; x_wconf 83' lang='grc' dir='ltr'><strong>Ρ.</strong></span> <span class='ocrx_word' id='word_1_497' title='bbox 1472 5118 1599 5174; x_wconf 77' lang='grc' dir='ltr'><strong>ΡΕΖ.</strong></span> <span class='ocrx_word' id='word_1_498' title='bbox 1635 5118 1892 5173; x_wconf 82' lang='lat' dir='ltr'><strong>Thesauri</strong></span> <span class='ocrx_word' id='word_1_499' title='bbox 1914 5117 2171 5172; x_wconf 79' lang='lat' dir='ltr'><strong>Anecdot.</strong></span> <span class='ocrx_word' id='word_1_500' title='bbox 2198 5116 2239 5183; x_wconf 93' lang='lat' dir='ltr'><strong>I,</strong></span> <span class='ocrx_word' id='word_1_501' title='bbox 2266 5132 2347 5183; x_wconf 85' lang='grc' dir='ltr'>ιιι,</span> <span class='ocrx_word' id='word_1_502' title='bbox 2375 5115 2478 5172; x_wconf 89' lang='lat' dir='ltr'><strong>col.</strong></span> <span class='ocrx_word' id='word_1_503' title='bbox 2512 5114 2626 5186; x_wconf 80' lang='lat'><strong>67.)</strong></span> 
     </span>
    </p>
   </div>
   <div class='ocr_carea' id='block_1_76' title="bbox 273 5413 3471 5499">
    <p class='ocr_par' dir='ltr' id='par_1_76' title="bbox 273 5413 3471 5499">
     <span class='ocr_line' id='line_1_76' title="bbox 273 5413 3471 5499; baseline -0.005 -11"><span class='ocrx_word' id='word_1_504' title='bbox 273 5414 430 5488; x_wconf 63' lang='lat' dir='ltr'><strong>Anno</strong></span> <span class='ocrx_word' id='word_1_505' title='bbox 463 5430 531 5486; x_wconf 90' lang='lat' dir='ltr'><strong>ab</strong></span> <span class='ocrx_word' id='word_1_506' title='bbox 557 5428 936 5486; x_wconf 85' lang='lat' dir='ltr'><strong>lncarnatione</strong></span> <span class='ocrx_word' id='word_1_507' title='bbox 970 5426 1185 5499; x_wconf 69' lang='lat' dir='ltr'><strong>Domum</strong></span> <span class='ocrx_word' id='word_1_508' title='bbox 1216 5426 1391 5483; x_wconf 88' lang='lat' dir='ltr'><strong>nostri</strong></span> <span class='ocrx_word' id='word_1_509' title='bbox 1415 5424 1545 5485; x_wconf 69' lang='lat' dir='ltr'><strong>Iesu</strong></span> <span class='ocrx_word' id='word_1_510' title='bbox 1573 5424 1778 5481; x_wconf 86' lang='lat' dir='ltr'><strong>Christi</strong></span> <span class='ocrx_word' id='word_1_511' title='bbox 1810 5432 1854 5486; x_wconf 79' lang='grc' dir='ltr'>ι)</span> <span class='ocrx_word' id='word_1_512' title='bbox 1880 5413 2126 5495; x_wconf 67' lang='grc' dir='ltr'><strong>ριάεεεης</strong></span> <span class='ocrx_word' id='word_1_513' title='bbox 2170 5422 2466 5493; x_wconf 88' lang='lat' dir='ltr'><strong>descriptio</strong></span> <span class='ocrx_word' id='word_1_514' title='bbox 2512 5419 2655 5477; x_wconf 87' lang='lat' dir='ltr'><strong>facta</strong></span> <span class='ocrx_word' id='word_1_515' title='bbox 2708 5426 2810 5475; x_wconf 83' lang='lat' dir='ltr'><strong>est.</strong></span> <span class='ocrx_word' id='word_1_516' title='bbox 2847 5416 3006 5474; x_wconf 82' lang='lat' dir='ltr'><strong>Hunc</strong></span> <span class='ocrx_word' id='word_1_517' title='bbox 3040 5416 3290 5473; x_wconf 87' lang='lat' dir='ltr'><strong>abbatem</strong></span> <span class='ocrx_word' id='word_1_518' title='bbox 3322 5416 3471 5473; x_wconf 88' lang='lat' dir='ltr'><strong>misit</strong></span> 
     </span>
    </p>
   </div>
   <div class='ocr_carea' id='block_1_77' title="bbox 197 5511 3497 5591">
    <p class='ocr_par' dir='ltr' id='par_1_77' title="bbox 197 5511 3497 5591">
     <span class='ocr_line' id='line_1_77' title="bbox 197 5511 3497 5591; baseline -0.005 -9"><span class='ocrx_word' id='word_1_519' title='bbox 197 5524 492 5582; x_wconf 88' lang='lat' dir='ltr'><strong>millesimo</strong></span> <span class='ocrx_word' id='word_1_520' title='bbox 515 5522 791 5578; x_wconf 86' lang='lat' dir='ltr'><strong>tricesimo</strong></span> <span class='ocrx_word' id='word_1_521' title='bbox 831 5520 1029 5591; x_wconf 88' lang='lat' dir='ltr'><strong>primo,</strong></span> <span class='ocrx_word' id='word_1_522' title='bbox 1076 5519 1369 5576; x_wconf 85' lang='lat' dir='ltr'><strong>indictione</strong></span> <span class='ocrx_word' id='word_1_523' title='bbox 1424 5534 1542 5585; x_wconf 78' lang='lat' dir='ltr'><strong>xiv,</strong></span> <span class='ocrx_word' id='word_1_524' title='bbox 1591 5532 1776 5573; x_wconf 89' lang='lat' dir='ltr'><strong>rerum</strong></span> <span class='ocrx_word' id='word_1_525' title='bbox 1879 5517 2040 5573; x_wconf 87' lang='lat' dir='ltr'><strong>nobis</strong></span> <span class='ocrx_word' id='word_1_526' title='bbox 2066 5515 2259 5588; x_wconf 81' lang='lat' dir='ltr'><strong>Augia,</strong></span> <span class='ocrx_word' id='word_1_527' title='bbox 2291 5529 2454 5585; x_wconf 91' lang='lat' dir='ltr'><strong>quem</strong></span> <span class='ocrx_word' id='word_1_528' title='bbox 2485 5527 2817 5569; x_wconf 85' lang='lat' dir='ltr'><strong>conservans</strong></span> <span class='ocrx_word' id='word_1_529' title='bbox 2846 5511 3017 5584; x_wconf 82' lang='lat' dir='ltr'><strong>gratia</strong></span> <span class='ocrx_word' id='word_1_530' title='bbox 3044 5524 3281 5580; x_wconf 86' lang='lat' dir='ltr'><strong>superna</strong></span> <span class='ocrx_word' id='word_1_531' title='bbox 3311 5511 3497 5566; x_wconf 80' lang='lat' dir='ltr'><strong>adau-&#39;</strong></span> 
     </span>
    </p>
   </div>
   <div class='ocr_carea' id='block_1_78' title="bbox 196 5610 1775 5678">
    <p class='ocr_par' dir='ltr' id='par_1_78' title="bbox 196 5610 1775 5678">
     <span class='ocr_line' id='line_1_78' title="bbox 196 5610 1775 5678; baseline -0.006 -4"><span class='ocrx_word' id='word_1_532' title='bbox 196 5616 437 5674; x_wconf 74' lang='lat' dir='ltr'><strong>caenobii</strong></span> <span class='ocrx_word' id='word_1_533' title='bbox 479 5614 536 5669; x_wconf 90' lang='lat' dir='ltr'><strong>S.</strong></span> <span class='ocrx_word' id='word_1_534' title='bbox 602 5613 994 5669; x_wconf 86' lang='lat' dir='ltr'><strong>Emmerammi</strong></span> <span class='ocrx_word' id='word_1_535' title='bbox 1043 5613 1147 5668; x_wconf 89' lang='lat' dir='ltr'><strong>sub</strong></span> <span class='ocrx_word' id='word_1_536' title='bbox 1197 5611 1391 5667; x_wconf 89' lang='lat' dir='ltr'><strong>abbate</strong></span> <span class='ocrx_word' id='word_1_537' title='bbox 1435 5610 1775 5678; x_wconf 85' lang='lat' dir='ltr'><strong>Burcbardo,</strong></span> 
     </span>
    </p>
   </div>
   <div class='ocr_carea' id='block_1_79' title="bbox 170 5702 1780 5780">
    <p class='ocr_par' dir='ltr' id='par_1_79' title="bbox 170 5702 1780 5780">
     <span class='ocr_line' id='line_1_79' title="bbox 170 5702 1780 5780; baseline -0.006 -14"><span class='ocrx_word' id='word_1_538' title='bbox 170 5764 173 5771; x_wconf 6' lang='grc' dir='ltr'><strong>ι</strong></span> <span class='ocrx_word' id='word_1_539' title='bbox 199 5712 321 5780; x_wconf 82' lang='lat' dir='ltr'><strong>ipso</strong></span> <span class='ocrx_word' id='word_1_540' title='bbox 338 5709 585 5779; x_wconf 77' lang='lat' dir='ltr'><strong>jubeute,</strong></span> <span class='ocrx_word' id='word_1_541' title='bbox 606 5716 660 5762; x_wconf 88' lang='lat' dir='ltr'><strong>et</strong></span> <span class='ocrx_word' id='word_1_542' title='bbox 701 5706 1056 5762; x_wconf 89' lang='lat' dir='ltr'><strong>nihilominus</strong></span> <span class='ocrx_word' id='word_1_543' title='bbox 1096 5704 1341 5760; x_wconf 77' lang='lat' dir='ltr'><strong>Arnoldo</strong></span> <span class='ocrx_word' id='word_1_544' title='bbox 1369 5702 1780 5774; x_wconf 66' lang='lat' dir='ltr'><strong>praepositoeas</strong></span> 
     </span>
    </p>
   </div>
   <div class='ocr_carea' id='block_1_80' title="bbox 197 5796 1776 5885">
    <p class='ocr_par' dir='ltr' id='par_1_80' title="bbox 197 5796 1776 5885">
     <span class='ocr_line' id='line_1_80' title="bbox 197 5796 1776 5885; baseline -0.003 -27"><span class='ocrx_word' id='word_1_545' title='bbox 197 5802 575 5874; x_wconf 76' lang='lat' dir='ltr'><strong>disquirente,</strong></span> <span class='ocrx_word' id='word_1_546' title='bbox 626 5799 857 5885; x_wconf 71' lang='lat' dir='ltr'><strong>fratrum</strong></span> <span class='ocrx_word' id='word_1_547' title='bbox 912 5805 1057 5854; x_wconf 66' lang='lat' dir='ltr'><strong>centu</strong></span> <span class='ocrx_word' id='word_1_548' title='bbox 1114 5796 1427 5868; x_wconf 85' lang='lat' dir='ltr'><strong>familiaque</strong></span> <span class='ocrx_word' id='word_1_549' title='bbox 1479 5797 1776 5867; x_wconf 84' lang='lat' dir='ltr'><strong>probante,</strong></span> 
     </span>
    </p>
   </div>
   <div class='ocr_carea' id='block_1_81' title="bbox 1880 5606 2687 5680">
    <p class='ocr_par' dir='ltr' id='par_1_81' title="bbox 1880 5606 2687 5680">
     <span class='ocr_line' id='line_1_81' title="bbox 1880 5606 2687 5680; baseline -0.006 -14"><span class='ocrx_word' id='word_1_550' title='bbox 1880 5620 2004 5680; x_wconf 77' lang='lat' dir='ltr'><strong>gent</strong></span> <span class='ocrx_word' id='word_1_551' title='bbox 2024 5608 2210 5664; x_wconf 87' lang='lat' dir='ltr'><strong>omnia</strong></span> <span class='ocrx_word' id='word_1_552' title='bbox 2235 5607 2340 5663; x_wconf 86' lang='lat' dir='ltr'><strong>sibi</strong></span> <span class='ocrx_word' id='word_1_553' title='bbox 2372 5606 2687 5664; x_wconf 86' lang='lat' dir='ltr'><strong>commissa.</strong></span> 
     </span>
    </p>
   </div>
   <div class='ocr_carea' id='block_1_82' title="bbox 1954 5691 3471 5758">
    <p class='ocr_par' dir='ltr' id='par_1_82' title="bbox 1954 5691 3471 5758">
     <span class='ocr_line' id='line_1_82' title="bbox 1954 5691 3471 5758; baseline -0.003 -3"><span class='ocrx_word' id='word_1_554' title='bbox 1954 5701 2029 5758; x_wconf 88' lang='lat' dir='ltr'><strong>De</strong></span> <span class='ocrx_word' id='word_1_555' title='bbox 2054 5701 2274 5756; x_wconf 83' lang='lat' dir='ltr'><strong>civitate</strong></span> <span class='ocrx_word' id='word_1_556' title='bbox 2302 5699 2407 5755; x_wconf 86' lang='lat' dir='ltr'><strong>ista</strong></span> <span class='ocrx_word' id='word_1_557' title='bbox 2443 5707 2602 5754; x_wconf 77' lang='lat' dir='ltr'><strong>terra:</strong></span> <span class='ocrx_word' id='word_1_558' title='bbox 2625 5697 2808 5755; x_wconf 66' lang='lat' dir='ltr'><strong>saliere</strong></span> <span class='ocrx_word' id='word_1_559' title='bbox 2836 5713 2897 5752; x_wconf 89' lang='grc' dir='ltr'><strong>ιιι</strong></span> <span class='ocrx_word' id='word_1_560' title='bbox 2939 5696 3095 5753; x_wconf 67' lang='lat' dir='ltr'><strong>hobae</strong></span> <span class='ocrx_word' id='word_1_561' title='bbox 3126 5702 3181 5750; x_wconf 86' lang='lat' dir='ltr'><strong>et</strong></span> <span class='ocrx_word' id='word_1_562' title='bbox 3220 5691 3471 5753; x_wconf 87' lang='lat' dir='ltr'><strong>dimidia.</strong></span> 
     </span>
    </p>
   </div>
   <div class='ocr_carea' id='block_1_83' title="bbox 1885 5788 3473 5860">
    <p class='ocr_par' dir='ltr' id='par_1_83' title="bbox 1885 5788 3473 5860">
     <span class='ocr_line' id='line_1_83' title="bbox 1885 5788 3473 5860; baseline -0.004 -10"><span class='ocrx_word' id='word_1_563' title='bbox 1885 5793 2188 5850; x_wconf 84' lang='lat' dir='ltr'><strong>Scrvitores</strong></span> <span class='ocrx_word' id='word_1_564' title='bbox 2224 5792 2423 5848; x_wconf 88' lang='lat' dir='ltr'><strong>habent</strong></span> <span class='ocrx_word' id='word_1_565' title='bbox 2471 5807 2533 5846; x_wconf 88' lang='grc' dir='ltr'>ιιι</span> <span class='ocrx_word' id='word_1_566' title='bbox 2563 5790 2770 5859; x_wconf 89' lang='lat' dir='ltr'><strong>hobas;</strong></span> <span class='ocrx_word' id='word_1_567' title='bbox 2801 5789 3017 5846; x_wconf 82' lang='lat' dir='ltr'><strong>villicus</strong></span> <span class='ocrx_word' id='word_1_568' title='bbox 3064 5788 3225 5843; x_wconf 82' lang='lat' dir='ltr'><strong>habet</strong></span> <span class='ocrx_word' id='word_1_569' title='bbox 3274 5803 3353 5846; x_wconf 63' lang='lat' dir='ltr'><strong>xu</strong></span> <span class='ocrx_word' id='word_1_570' title='bbox 3379 5789 3473 5860; x_wconf 81' lang='lat' dir='ltr'><strong>ju-</strong></span> 
     </span>
    </p>
   </div>
  </div>
