4018 6392
234 419 363 474 ιιυι

1007 419 1413 478 DESCRIPTIO
1452 418 1782 478 CENSUUM
1829 422 2131 481 MONAST.
2178 424 2234 480 S.
2281 414 2659 485 EMHERAM.

2550 210 2623 277 ς

3372 414 3522 489 ne!

226 533 286 586 in
326 544 478 587 anno
523 545 770 604 pannum
818 530 886 587 de
936 532 1061 590 lana
1105 533 1252 607 long.
1294 534 1419 589 cub.
1464 550 1519 588 ix
1546 576 1560 600 ,
1606 535 1700 591 lat.
1734 551 1807 591 tv.
1842 543 1888 602 Α
1916 536 2171 596 reddunt.
2199 537 2274 596 De
2308 537 2577 597 Entihova
2603 555 2661 597 ιι
2688 540 2965 599 denarios.
3000 542 3289 618 Presbyter
3310 546 3440 605 bob.
3468 564 3505 603 ι.

224 616 349 679 Duo
411 618 623 679 faciunt
684 634 927 694 pannum
987 624 1055 680 de
1116 626 1228 681 lino
1284 625 1432 697 long.
1501 627 1627 682 cub.
1694 642 1815 695 xu,

222 714 324 770 lat.
362 711 457 770 IV.

295 804 373 863 De
403 806 708 873 Urilinhem
758 818 888 867 sunt
928 826 1019 866 xiv
1061 812 1235 869 hohze.
1295 808 1534 883 Singulte
1600 813 1818 869 solvunt

221 913 294 954 xv
324 899 523 956 situlas
552 901 801 957 cervisize
822 942 838 969 ,
874 910 928 958 et
960 918 1186 974 porcum
1217 919 1287 958 xv
1322 904 1449 959 den.
1500 904 1771 960 valentem
1799 947 1815 971 ,

221 1006 239 1044 t
284 989 533 1046 modium
578 990 744 1047 tritici
771 1032 785 1059 ,
834 1000 944 1048 ett
986 994 1232 1050 modium
1296 987 1525 1061 avenac;
1590 995 1817 1052 insimul

218 1080 355 1137 dant
396 1097 497 1152 pro
532 1098 698 1154 opere
726 1099 798 1140 xv
829 1084 1055 1142 solidos.
1090 1084 1313 1144 Villicus
1344 1086 1510 1142 habet
1540 1103 1594 1142 xi
1621 1087 1816 1160 jugera

216 1184 277 1231 et
308 1191 323 1230 ι
354 1175 485 1231 bob.
513 1175 829 1234 Forstarius
870 1178 1038 1235 habet
1078 1196 1131 1235 v1
1161 1180 1278 1253 jug.
1338 1181 1419 1236 Ad
1480 1180 1815 1253 Alaraspacb

218 1267 366 1323 mola
395 1283 449 1334 ι,
483 1284 611 1323 cum
638 1285 700 1324 ιιι
730 1271 887 1326 rotis.
916 1270 1240 1328 Molinarius
1283 1273 1450 1329 habet
1492 1290 1562 1329 xv
1599 1275 1814 1347 jugera.

217 1356 300 1412 Ad
345 1352 743 1430 liegilinh'ovcn
794 1371 1000 1429 suntuv
1034 1360 1239 1430 babae,
1281 1371 1337 1419 et
1377 1379 1452 1419 vit
1489 1364 1702 1436 jugera.
1734 1366 1817 1424 Ab

218 1449 309 1505 his
371 1450 575 1506 dantur
639 1468 708 1507 xi.
766 1451 978 1510 denarii
1019 1464 1075 1511 et
1123 1470 1212 1510 xvi
1259 1455 1431 1512 modii
1472 1472 1676 1515 avenae.
1733 1459 1815 1515 Ad

218 1537 718 1598 Horsconosbovan
764 1553 893 1600 sunt
936 1561 1006 1599 xv
1037 1546 1218 1602 bobaa.
1264 1545 1348 1602 Ab
1394 1547 1482 1604 his
1529 1548 1816 1607 solvuntur

219 1647 289 1685 xv
331 1633 494 1688 solidi
525 1635 580 1689 in
618 1633 783 1691 ferro.
817 1636 898 1691 Ad
925 1634 1297 1695 Etma‘tesdorf
1326 1650 1455 1696 sunt
1479 1658 1553 1697 vu
1589 1659 1736 1699 rura.
1768 1643 1810 1697 Δ

217 1724 454 1795 singulis
480 1724 704 1782 ruribus
731 1742 765 1781 v
792 1736 846 1783 et
874 1745 939 1783 xi.
970 1729 1180 1789 denarii
1211 1731 1429 1787 dantur.
1472 1732 1554 1788 Ad
1584 1732 1812 1791 Suaini-

214 1815 450 1871 caiidorf
493 1827 623 1874 sunt
666 1836 707 1875 ιι
748 1820 924 1877 habre.
975 1820 1205 1881 Solvunt
1253 1842 1359 1882 ιιι
1403 1826 1681 1885 denarios.
1726 1829 1809 1885 Ad

1922 628 2150 689 Villicus
2178 632 2573 691 babetbobam
2602 649 2618 689 t
2647 643 2699 691 et
2739 651 2836 691 vtu
2862 636 2980 708 jug.
3018 636 3337 709 Equitarius
3364 656 3509 697 unus

1919 721 2084 778 habet
2117 722 2244 778 hob.
2288 738 2306 779 ι
2341 731 2396 780 et
2434 724 2706 781 decimam
2730 742 2766 780 ι.
2794 725 3018 807 Equitat
3037 728 3351 801 ubicunque
3368 745 3509 804 prat-

1917 811 2140 883 cipitur.
2180 812 2258 870 De
2294 813 2624 887 Decbtapeta
2651 858 2665 883 ,
2702 816 2936 873 ecclesia
2971 833 3099 873 cum
3140 819 3509 878 deeimatione

1915 908 2131 959 tantum
2159 904 2326 959 unius
2350 904 2477 961 loci.
2518 904 2702 962 Terra:
2736 906 2919 962 saliere
2942 907 3115 964 hobas
3144 924 3196 964 v.
3225 907 3383 967 Servi
3417 925 3508 967 διιο-

1915 995 2010 1053 lici
2035 996 2238 1053 habent
2264 1012 2414 1053 xxvu
2446 997 2589 1070 jug-.,
2620 999 2782 1056 vinea
2821 1015 2931 1057 una
2968 1017 3092 1057 αιιιι
3128 1002 3383 1061 vinitore.
3421 1003 3504 1058 Ad

1915 1084 2273 1144 Roccasbova
2304 1088 2461 1144 bobae
2482 1088 2625 1156 date,
2652 1104 2720 1146 ex
2747 1091 2953 1163 quibus
2980 1093 3287 1150 reddantur
3299 1096 3501 1152 cervis.

1916 1179 2065 1237 situl.
2102 1196 2172 1236 xx
2207 1190 2262 1236 ct
2297 1180 2424 1237 den.
2455 1197 2585 1238 xxx.
2620 1182 2838 1241 Modius
2867 1201 3015 1241 unus
3046 1188 3320 1255 triticeas,
3346 1189 3507 1246 mola:

1917 1287 1976 1328 ιι.
2020 1271 2103 1327 Ad
2138 1270 2472 1345 Gebrihinga
2501 1274 2736 1331 ecclesia
2768 1292 2895 1333 cum
2926 1277 3292 1337 decimatione
3329 1281 3505 1353 ipsius

1913 1360 2043 1427 loci,
2080 1371 2135 1417 et
2167 1362 2402 1418 aliorum
2435 1380 2488 1420 tv
2514 1365 2782 1422 locorum.
2816 1366 2999 1424 Terra:
3025 1370 3210 1425 salica:
3239 1370 3414 1428 hobas
3441 1387 3504 1427 ιιι

1913 1462 1969 1507 et
2005 1467 2081 1506 xx
2109 1494 2124 1520 ,
2160 1469 2201 1508 ιι
2233 1453 2350 1526 jug.
2400 1454 2555 1511 Servi
2611 1456 2768 1513 salici
2826 1459 3027 1516 habent
3085 1476 3183 1516 xu.
3246 1460 3503 1520 Jurnalcs

1914 1560 2199 1601 mansores
2221 1562 2296 1613 vi,
2322 1547 2416 1619 qui
2445 1548 2646 1620 singuli
2679 1549 2878 1607 debent
2902 1553 3100 1609 cervis.
3134 1554 3343 1612 sidulas
3365 1573 3499 1624 xvu,

1912 1652 2068 1693 ovem
2094 1653 2261 1693 unam
2284 1679 2300 1705 ,
2343 1640 2581 1696 trcmiss.
2618 1643 2884 1698 valentem
2912 1686 2926 1711 ,
2970 1645 3214 1702 modium
3250 1656 3305 1704 et
3338 1647 3502 1704 dimi-

1910 1728 2063 1784 dium
2109 1729 2347 1797 farinae;
2399 1733 2646 1790 vicissim
2685 1750 2784 1806 per
2829 1751 3005 1793 annos
3049 1738 3276 1811 hungelt
3319 1739 3500 1797 reddit

1910 1832 2082 1877 ratem
2124 1839 2165 1877 ι.
2209 1823 2382 1879 Arant
2425 1825 2480 1880 in
2518 1825 2770 1882 hebdom.
2817 1844 2853 1882 ιι
2887 1828 3004 1900 jug.
3034 1871 3049 1897 ,
3096 1840 3394 1902 operantur
3443 1847 3499 1889 tv

214 1904 526 1980 Priemperc
563 1920 693 1967 sunt
719 1929 816 1967 xm
841 1913 1015 1971 hobaz.
1067 1914 1307 1988 Singulae
1351 1918 1570 1976 solvunt
1613 1922 1808 1978 situlas
1842 1908 2031 1975 Bdies
2060 1910 2115 1966 in
2153 1911 2340 1979 hebd..
2368 1912 2803 1973 femime'corum
2845 1919 3038 1985 tunae.
3085 1936 3126 1975 ι-
3175 1921 3495 1989 Immo-mni.

216 2018 350 2069 xxx,
378 2002 635 2061 denarios
664 2021 792 2060 xxx.
826 2006 907 2061 Ad
934 2006 1137 2066 Mantal
1159 2010 1245 2066 .ha
1269 2027 1365 2066 vui
1394 2012 1571 2069 babae.
1608 2013 1690 2069 Ab
1718 2014 1806 2072 bis

215 2095 525 2151 solvuntur.
554 2136 572 2150 .
602 2097 682 2151 Ad
710 2096 1068 2157 Duomantala
1094 2119 1123 2156 a
1157 2116 1252 2158 sex
1281 2105 1503 2162 mribus
1531 2107 1732 2163 dantur
1750 2124 1806 2164 ix

216 2179 398 2239 solidi.
434 2182 515 2239 Ad
545 2176 773 2256 Fiscpac
801 2199 929 2244 sunt
958 2206 995 2244 ιι
1018 2188 1199 2247 Ιιοὶιιη.
1234 2191 1318 2249 Ab
1364 2196 1451 2252 his
1495 2196 1695 2252 dantur
1735 2216 1804 2254 xi.

214 2266 450 2330 denarii.
501 2274 584 2332 Ad
633 2275 793 2334 Sunit
837 2279 1038 2336 dantur
1079 2292 1193 2339 tres
1249 2285 1427 2342 situla:
1476 2289 1675 2344 mellis.
1723 2290 1806 2346 Ad

214 2363 595 2426 Puolonsuant
636 2380 764 2427 sunt
806 2390 1000 2430 novem
1044 2392 1191 2432 rura.
1236 2378 1283 2431 A
1321 2389 1528 2450 septem
1576 2382 1806 2439 solvitur

210 2461 484 2518 talentum
507 2503 523 2527 ,
551 2471 605 2517 et
630 2461 926 2522 cidalarius
957 2484 1124 2522 unum
1154 2470 1335 2526 habet.
1373 2472 1453 2528 Ad
1488 2472 1802 2545 Erilinpach

212 2559 349 2605 sunt
376 2566 445 2606 tv.
472 2550 556 2606 Ab
584 2552 672 2607 his
697 2554 896 2611 dantur
922 2572 975 2611 iv
1001 2558 1180 2612 solidi.
1209 2560 1288 2614 Ad
1318 2558 1569 2617 Furdona
1600 2573 1729 2619 sunt
1748 2558 1803 2619 ’χ

214 2658 366 2698 rura.
415 2646 500 2699 Ab
547 2643 635 2699 his
683 2646 972 2703 solvuntur
1021 2665 1055 2703 ιι
1086 2650 1267 2705 solidi.
1294 2651 1378 2706 Ad
1415 2650 1810 2711 Proualasdorf

214 2744 346 2789 sunt
385 2733 494 2790 tria
533 2750 681 2793 rura.
729 2734 975 2803 Quatuor
1017 2740 1175 2795 solidi
1225 2741 1294 2797 ab
1336 2742 1423 2799 his
1451 2743 1670 2801 dantur.
1720 2746 1804 2802 Ad

210 2819 436 2894 Urpach
487 2834 619 2882 sunt
666 2829 768 2883 tria
812 2845 959 2884 rura.
1009 2830 1091 2886 Ab
1140 2832 1227 2887 his
1271 2833 1475 2891 dantur
1515 2852 1575 2892 ιιι
1617 2835 1798 2894 solidi.

216 2915 300 2970 Ad
344 2914 610 2973 Htvilinan
658 2928 789 2975 sunt
817 2921 928 2977 duo
955 2939 1105 2978 rura.
1138 2924 1221 2979 Ab
1248 2925 1336 2982 his
1366 2926 1567 2984 dantur
1611 2947 1680 2986 ιιι.
1707 2931 1803 2988 de-

214 3007 380 3061 narii.
412 3006 491 3063 De
516 3007 913 3082 Maganaspach
953 3014 1115 3069 solidi
1158 3032 1256 3071 xu.
1291 3015 1369 3074 De
1410 3018 1802 3078 Abbatiswim-

214 3097 331 3154 dun
358 3098 517 3156 solidi
555 3117 630 3168 ιν,
655 3101 867 3159 denarii
897 3121 947 3160 x.
984 3105 1059 3163 De
1085 3105 1264 3164 [larda
1296 3110 1560 3167 talentum
1588 3129 1756 3170 unum
1782 3158 1797 3183 ,

206 3188 425 3246 denarii
451 3206 506 3246 ιι.

1907 2002 2030 2059 duae
2058 2015 2241 2061 autem
2269 2009 2534 2065 camisin
2557 2051 2571 2075 ,
2602 2026 2638 2064 ι.
2664 2052 2679 2075 ,
2706 2011 2945 2068 reddunt
2984 2014 3269 2070 vermiculi
3295 2029 3500 2088 coppos

1908 2110 1967 2151 ιι.
2009 2096 2092 2152 Ad
2122 2097 2438 2172 Tegandorf
2477 2105 2772 2161 censuales
2825 2092 2984 2162 hobze
3034 2122 3097 2161 ἰιι
3124 2149 3138 2174 ,
3186 2107 3284 2178 qui
3329 2109 3479 2165 simu

1905 2189 2141 2246 reddunt
2174 2193 2353 2249 cervis
2378 2235 2393 2260 ,
2420 2195 2684 2252 earradas
2717 2214 2771 2262 v,
2803 2196 3003 2255 farina:
3040 2200 3254 2257 modios
3288 2217 3404 2258 xxii
3447 2216 3503 2259 ει

1904 2278 2097 2335 dimid.
2127 2323 2144 2348 ,
2190 2282 2690 2352 denarios_solidos
2750 2304 2824 2343 vi.
2866 2289 2947 2344 Ad
2988 2289 3319 2348 Essislidorf
3358 2292 3500 2349 lmha

1904 2370 2098 2427 dimid.
2124 2392 2140 2439 ;
2175 2374 2302 2430 inde
2332 2379 2650 2448 persolvunt
2676 2379 2803 2435 den.
2834 2395 2903 2434 ιιι.
2934 2424 2949 2447 ,
2980 2382 3129 2438 mod.
3156 2399 3222 2438 τι.
3261 2382 3499 2440 BeSin~

1906 2464 2063 2536 zinga
2110 2467 2345 2535 persolv.
2387 2467 2514 2526 den.
2567 2484 2654 2526 ιιι.
2710 2469 2785 2528 De
2838 2471 3101 2529 Altasvclt
3149 2473 3276 2530 den.
3313 2491 3369 2530 ι..
3415 2475 3500 2530 Ad

1904 2552 2144 2628 Matinga
2181 2557 2412 2615 ecclesia
2438 2575 2567 2616 cum
2594 2560 2961 2619 deeimatione
2990 2563 3168 2635 ipsius
3203 2565 3330 2631 loci,
3365 2580 3501 2622 cen-

1904 2648 2090 2705 suales
2154 2649 2310 2707 hobae
2337 2666 2425 2720 iv,
2471 2653 2567 2725 qui
2624 2653 2791 2711 simul
2842 2653 3080 2712 reddunt
3130 2656 3328 2712 cervis.
3376 2672 3500 2712 car—

1903 2740 2023 2798 rad.
2055 2754 2141 2809 ιιι,
2172 2752 2227 2798 et
2256 2742 2448 2800 denar.
2492 2758 2580 2801 ιι..
2610 2745 2765 2803 Molze
2792 2762 2855 2803 ιι.

1900 2848 1905 2849 ί
1976 2828 2102 2887 Haec
2130 2842 2260 2889 sunt
2289 2833 2552 2891 beneficia
2610 2832 2849 2908 Poponis
2884 2838 2938 2894 in
2968 2833 3336 2913 'Geltolvinge,
3372 2841 3501 2913 ‘qni-

1904 2921 2009 2978 bus
2046 2937 2077 2978 a
2114 2933 2308 2980 saneto
2343 2923 2753 2983 Emmerammo
2783 2937 2869 2985 est
2898 2926 3367 2998 beneficiatus,'et
3405 2928 3497 2986 Ul-

1906 3016 2055 3073 ricus
2084 3017 2229 3074 filius
2259 3018 2399 3089 ejus.
2429 3018 2489 3075 in
2519 3019 2855 3094 Ge‘ltolvinge
2896 3037 2947 3078 tv
2982 3024 3190 3091 eurite;
3224 3024 3279 3079 in
3314 3023 3500 3080 Maur-

1904 3108 2048 3180 linge
2078 3125 2095 3163 ι
2123 3110 2316 3178 curia;
2349 3112 2405 3167 in
2435 3111 2665 3169 Lintacb
2699 3114 2836 3170 silva
2857 3124 2922 3170 ‘et
2951 3115 3123 3171 curia.
3162 3115 3219 3171 In
3257 3114 3499 3172 llarthu-

1904 3215 2003 3255 seu
2031 3199 2154 3256 dua:
2180 3202 2368 3269 curiae;
2393 3201 2448 3257 in
2470 3201 2886 3261 Wolfcrchoven
2914 3222 2949 3260 ιι
2978 3207 3164 3273 curize;
3193 3204 3498 3279 Rudelingo

287 3281 368 3338 Ad
396 3293 610 3356 portam
637 3292 958 3347 monasterii
987 3301 1145 3350 terra;
1172 3294 1354 3353 salies;
1380 3296 1522 3354 hoba
1564 3316 1602 3366 ι,
1632 3315 1800 3372 quam
1827 3275 1872 3338 C
1897 3292 2073 3347 altera
2105 3292 2335 3348 dimidia
2375 3293 2550 3350 curia.
2575 3293 2704 3351 llaec
2740 3311 2871 3351 vero
2901 3307 3029 3353 sunt
3053 3298 3303 3367 'quzc‘alii
3327 3298 3405 3375 ab
3428 3275 3497 3354 eo

215 3375 469 3432 minister
499 3377 665 3435 habet
689 3380 746 3435 in
773 3382 1099 3440 beneficium
1127 3404 1140 3452 ;
1177 3387 1471 3445 decimatio
1498 3407 1514 3445 ι
1543 3390 1611 3448 de
1649 3402 1802 3450 curte

213 3466 502 3538 principali
525 3476 582 3524 et
606 3470 674 3526 de
697 3471 819 3528 aliis
844 3489 954 3528 xvr.
983 3474 1213 3534 Curtilia
1244 3495 1315 3547 iv,
1363 3480 1474 3536 duo
1510 3483 1564 3538 in
1600 3484 1802 3541 benefi-

212 3563 361 3619 cium
390 3579 675 3634 concessa,
704 3578 758 3624 et
781 3568 893 3626 duo
917 3574 1219 3641 censualia,
1250 3590 1319 3631 ex
1341 3578 1543 3647 quibus
1568 3580 1803 3638 reddun-

213 3666 305 3712 tur
326 3673 456 3714 Lvut
481 3658 711 3729 denarii;
742 3659 951 3721 familia
977 3668 1255 3724 censualis
1279 3669 1347 3726 de
1370 3672 1576 3742 capite,
1607 3674 1662 3729 id
1693 3684 1797 3744 est,

216 3764 293 3805 xu
325 3751 424 3806 viri
447 3760 504 3809 et
525 3769 595 3808 xv
623 3754 902 3824 mulieres,
926 3759 1000 3814 ad
1036 3760 1351 3831 praedictam
1389 3773 1602 3834 portam
1633 3768 1801 3837 perti-

216 3856 408 3901 nentes
433 3888 448 3911 ,
475 3863 541 3903 ex
566 3850 769 3920 quibus
791 3851 1020 3909 urbanis
1045 3855 1131 3909 vel
1159 3856 1497 3915 suburbanis
1516 3900 1530 3926 ,
1559 3875 1662 3916 nec
1686 3878 1797 3918 non

212 3943 267 3991 et
313 3936 391 3993 de
422 3940 710 3996 curulibus
733 3983 748 4005 ,
774 3945 860 3998 vel
882 3952 1041 4000 extra
1076 3945 1198 4002 sitis
1234 3949 1460 4005 ruribus
1488 3952 1798 4011 annualiter

213 4028 584 4096 persulvendae
608 4042 737 4089 sunt
758 4033 910 4090 librae
935 4052 995 4091 ιιι
1021 4045 1076 4092 et
1099 4053 1153 4093 vi
1180 4039 1340 4096 solidi
1365 4040 1594 4101 denarii.
1626 4043 1691 4102 Hi
1717 4063 1799 4105 se-

208 4126 444 4183 quentes
466 4119 569 4176 loci
592 4136 714 4177 cum
741 4138 893 4179 omni
916 4126 1153 4197 puritate
1192 4130 1407 4187 servitii
1435 4133 1791 4196 ministrant:

214 4204 283 4260 de
306 4203 471 4263 Curtc
495 4209 561 4265 ad
583 4208 975 4284 Egilisprunna
1012 4218 1245 4275 ecclesia
1272 4237 1398 4277 cum
1433 4220 1796 4287 decimatione

215 4295 391 4366 ipsius
428 4300 554 4366 loci,
584 4312 637 4359 et
668 4304 901 4363 aliorum
945 4325 1043 4365 xm
1085 4311 1352 4372 locorum.
1398 4316 1580 4376 Terrae
1612 4323 1795 4382 salicta

218 4388 389 4487 bobas
415 4409 467 4447 iv
494 4402 551 4450 et
574 4396 764 4453 dimid.
814 4398 968 4456 Servi
1008 4403 1166 4460 salici
1211 4406 1415 4463 habent
1453 4426 1531 4466 xu
1575 4413 1788 4487 jugera.

214 4478 495 4543 Mansores
532 4504 623 4543 vui
648 4530 663 4555 ,
709 4491 804 4562 qui
852 4493 1053 4564 singuli
1098 4496 1331 4554 reddant
1371 4478 1618 4561 cervisiie
1641 4478 1791 4563 situ-

212 4572 298 4633 las
339 4594 491 4647 xvu,
535 4595 690 4638 ovem
735 4600 900 4641 unam
926 4628 941 4652 ,
982 4589 1289 4646 tremissam
1329 4595 1596 4653 valentem
1623 4602 1791 4663 ,‘mo-

214 4672 367 4728 dium
394 4689 561 4729 unum
587 4685 641 4731 et
668 4677 956 4735 dimidium
985 4680 1204 4749 farinae;
1228 4684 1470 4742 vicissim
1501 4706 1597 4761 per
1618 4708 1795 4754 annos

218 4765 438 4837 hungclt
478 4767 593 4822 red.
644 4768 813 4826 Arant
860 4786 920 4826 ιιι
960 4772 1080 4830 dies
1122 4774 1178 4831 in
1222 4778 1561 4838 hebdomada
1586 4827 1601 4851 ,
1661 4803 1794 4859 ope-

212 4862 407 4936 rantur
440 4870 502 4910 ιιι
546 4855 666 4913 dies
707 4859 893 4925 hebd.,
921 4871 1096 4919 ratem
1123 4882 1310 4936 unam,
1350 4867 1569 4930 femina:
1601 4855 1792 4935 eorum

212 4934 367 5000 trina:
404 4935 521 5001 "lod.
559 4963 616 5012 ι,
642 4948 765 5005 dua:
800 4962 981 5009 autem
1008 4957 1240 5013 camisil.
1379 4954 1533 5020 Melae
1580 4984 1639 5023 ιι.
1682 4934 1794 5027 Do;

212 5046 335 5087 mus
377 5049 413 5088 ι.
452 5032 528 5090 De
560 5037 1071 5112 Cheringozashova
1097 5062 1240 5103 Lxxx
1269 5050 1498 5109 denarii.
1528 5054 1603 5113 De
1630 5057 1793 5115 Tala-

211 5122 347 5176 hova
381 5140 485 5177 txx
524 5125 757 5196 denarii,
789 5134 1034 5189 cervisiaz
1061 5136 1257 5194 situlas
1283 5149 1417 5209 x‘vu,
1443 5160 1597 5201 ovem
1624 5164 1789 5205 unam

205 5485 264 5540 in
299 5487 553 5545 hebdom.
583 5509 642 5548 ιιι
673 5494 813 5564 dies,
853 5499 1114 5567 herbicat,
1154 5514 1323 5577 secat,
1356 5500 1567 5568 inducit
1596 5485 1787 5572 carra-

194 5579 356 5637 dium
407 5599 465 5650 ι,
511 5583 694 5642 fenum
726 5601 912 5659 secat,
943 5604 997 5655 et
1022 5594 1249 5653 inducit.
1292 5599 1369 5656 De
1400 5601 1785 5666 Scerbanbova

192 5674 449 5729 cervisiac
472 5677 667 5735 situlas
699 5696 788 5748 xt;
818 5696 937 5739 arat
962 5701 1059 5758 per
1076 5697 1286 5746 annum
1315 5708 1447 5748 xvut
1465 5695 1678 5769 jugera.
1708 5700 1784 5757 De

200 5761 475 5823 Frianvclt
501 5773 695 5827 cervis.
727 5790 831 5830 xxx
862 5778 1074 5836 modios
1099 5823 1114 5847 ,
1165 5798 1203 5837 ιι
1250 5784 1427 5854 sigali.
1463 5761 1785 5848 Atinualiter

193 5859 360 5914 arant
397 5862 587 5933 vtjug.
640 5858 716 5923 De
769 5858 1362 5953 Marchunashusawxu
1414 5895 1613 5941 massae
1661 5883 1844 5992 fieriﬁ

1902 3382 2209 3439 beneﬁciati
2253 3392 2475 3441 tenent:
2503 3386 2559 3442 in
2602 3384 2927 3444 llakhelstat
2960 3404 2977 3444 ι
3008 3388 3175 3456 huba,
3209 3391 3265 3446 in
3294 3391 3496 3448 Aittera

1896 3475 2079 3531 hoven
2108 3493 2146 3533 ιι
2179 3477 2339 3533 hubte
2376 3488 2430 3534 et
2460 3479 2686 3536 tertiam
2722 3490 2939 3551 partem
2981 3481 3252 3551 decimae;
3291 3485 3347 3540 in
3381 3483 3495 3542 Ru-

1899 3563 2116 3639 delinge
2137 3568 2332 3625 dimid.
2356 3570 2525 3639 huba,
2549 3570 2605 3625 iu
2626 3570 2923 3628 Chcssawe
2954 3586 2993 3628 ιι
3023 3573 3182 3630 huha'e
3206 3593 3220 3643 ;
3248 3575 3305 3631 in
3332 3574 3490 3633 Much

1900 3671 2068 3727 prope
2104 3656 2313 3731 Ronige
2357 3675 2464 3717 una
2511 3660 2698 3726 huha;
2744 3662 2798 3717 in
2834 3661 3172 3736 Niderspach
3211 3682 3249 3721 ιι
3289 3666 3489 3734 huius;

1900 3749 1956 3805 iu
1993 3740 2315 3806 Swinsbach
2348 3768 2387 3807 ιι
2421 3754 2625 3822 curiae,
2662 3755 2718 3811 in
2762 3755 3057 3829 Gailspach
3085 3773 3194 3815 una
3230 3762 3406 3830 curia,
3440 3773 3494 3819 et

1900 3839 2105 3895 hubam
2147 3858 2335 3899 unam.

1933 3989 2235 4055 Burchardi
2271 4002 2356 4057 ab.
2397 4000 2454 4057 S.
2496 3996 2876 4131 ιὲιιῃιεναρὲιηιί
2912 4006 3314 4079 εοιηρὶαςὶιαιὶο
3339 4029 3459 4066 cum

2558 4086 2752 4131 autem:
2793 4095 2874 4131 us.

2558 4086 2874 4133 nitentibus.

1956 4144 2027 4214 Ἰιι
2059 4161 2282 4220 nomine
2310 4161 2550 4220 Domini.
2587 4162 2790 4222 Notum
2828 4167 2902 4224 sit
2927 4158 3212 4238 fidelibus,
3251 4187 3363 4228 non
3405 4175 3491 4229 in-

1895 4250 2171 4321 ﬁdelibus,
2187 4256 2423 4326 qualiter
2449 4256 2607 4314 bona:
2631 4261 2915 4317 memoriae
2934 4261 3489 4333 abbasPurchardus,

1895 4345 2038 4401 inter
2060 4355 2259 4403 extera
2290 4357 2415 4418 quae
2436 4342 2502 4405 ’in
2533 4349 2701 4407 rebus
2757 4350 2818 4406 Β.
2848 4338 3242 4411 Ειιιιιιειιιιιιῑιιὶ
3274 4357 3491 4429 sibique

1894 4434 2281 4493 famulantium
2303 4439 2371 4494 ad
2401 4441 2756 4499 commodum
2782 4443 2940 4500 duxit
2981 4445 3067 4501 vel
3090 4446 3273 4511 vertit,
3303 4463 3492 4504 assen-

1894 4526 2060 4581 tieule
2089 4537 2201 4583 tota
2224 4528 2464 4585 fratrum
2497 4538 2716 4589 caterva
2746 4550 2875 4590 cum
2915 4551 3082 4592 manu
3111 4537 3362 4595 advocati
3399 4550 3489 4604 sui

1828 4631 1870 4687 υ
1898 4615 2205 4674 liadalhohi
2234 4661 2249 4686 ,
2291 4623 2511 4679 comitis
2539 4622 2988 4682 excellentissimi
3011 4669 3027 4693 ,
3058 4627 3201 4685 hanc
3226 4646 3488 4703 compen-

1896 4708 2108 4765 diosam
2138 4727 2262 4767 cum
2290 4714 2647 4773 liuitensibus
2676 4716 2805 4774 fecit
2838 4721 3365 4791 complacitationem
3388 4743 3402 4779 :
3427 4737 3487 4781 ut

1896 4799 1965 4856 de
1991 4801 2201 4859 familia
2229 4810 2354 4876 quae
2378 4805 2449 4861 ad
2475 4792 2612 4863 Ruit
2640 4810 2894 4879 pertinet,
2922 4813 3104 4867 mansi
3126 4813 3356 4882 scilicet,
3386 4831 3482 4873 seu

1897 4891 2227 4951 hiltiscalchi
2270 4898 2506 4968 expediti
2542 4914 2584 4954 ea
2633 4900 2747 4956 sale
2788 4901 2961 4957 ﬁscali
3005 4917 3176 4960 censu
3216 4919 3285 4960 ex
3329 4915 3484 4977 parte

1894 4981 2148 5050 adsueto,
2178 4992 2349 5055 quem
2370 4994 2535 5044 antea
2560 4989 2836 5045 solverant
2865 5006 2961 5062 per
2986 4992 3236 5064 singulos
3262 5008 3440 5052 annos
3464 5038 3480 5063 ,

1894 5072 1962 5130 de
1999 5074 2233 5146 singulis
2270 5078 2430 5133 hobis
2459 5080 2576 5135 ‘vini
2607 5096 2801 5137 sauma
2839 5100 2948 5138 non
2977 5084 3199 5142 aliunde
3224 5101 3389 5159 quam
3414 5086 3484 5142 de

1893 5180 1997 5220 suo
2019 5167 2242 5237 proprio
2268 5171 2598 5238 persolvant.
2630 5171 2744 5229 Hoc
2767 5184 2952 5230 autem
2985 5172 3175 5233 viuum
3205 5178 3321 5234 sive
3346 5177 3480 5234 illud

1886 5256 1984 5312 hic
2009 5258 2252 5326 praedicti
2290 5263 2431 5317 servi
2459 5273 2647 5319 emant
2670 5304 2686 5329 ,
2717 5265 2832 5322 sive
2856 5265 2925 5322 ad
2953 5265 3208 5324 Pauzona
3233 5278 3478 5340 emptum

1770 5375 1783 5388 ι
1884 5356 2155 5419 pergant,
2208 5351 2314 5408 tale
2348 5352 2510 5409 debet
2544 5370 2671 5412 esse
2720 5367 2781 5413 ut
2809 5355 2876 5412 ad
2924 5357 3138 5414 libitum
3176 5360 3478 5420 Scafwardi

1889 5437 1995 5492 sub
2017 5438 2330 5508 iuramento
2359 5445 2643 5500 constricti
2670 5454 2843 5502 totum
2870 5447 3149 5518 probetur,
3195 5460 3250 5507 et
3290 5452 3379 5511 sic
3408 5454 3501 5529 .in,

1888 5530 2110 5587 cellario
2131 5534 2444 5592 collocetur.
2476 5536 2629 5594 Hanc
2650 5554 2781 5595 vero
2807 5553 3008 5596 census
3039 5543 3351 5600 auctionem
3371 5546 3480 5601 sub
3532 5576 3535 5577 ν

1886 5636 1953 5676 eo
1979 5627 2194 5679 tenore'
2217 5626 2454 5695 professi
2482 5638 2612 5685 sunt
2657 5638 2717 5685 ut
2744 5644 2844 5701 pro
2871 5632 3082 5689 colonis
3119 5649 3217 5691 seu
3261 5635 3478 5709 agrico-

1883 5709 1953 5766 lis
1985 5711 2054 5766 ad
2081 5713 2188 5769 alia
2214 5716 2333 5771 loca
2360 5718 2584 5777 minime
2609 5720 2750 5776 ultra
2780 5722 3208 5795 transferantur,
3257 5727 3352 5790 Sed
3393 5720 3475 5787 eis

1883 5808 1937 5855 et
1984 5801 2105 5858 suis
2149 5806 2388 5875 posteris
2428 5808 2678 5865 habitare
2700 5852 2716 5878 ,
2766 5813 3073 5871 consistere
3118 5832 3184 5879 ac
3221 5817 3470 5885 servire,

1881 5891 2042 5950 liceat
2070 5894 2126 5950 in
2150 5895 2237 5955 bis
2262 5895 2399 5954 lo’cis
2423 5906 2477 5954 et
2497 5901 2660 5958 terris
2686 5918 2807 5968 qua:
2833 5903 2899 5960 ad
2922 5904 3233 5977 praedictam
3258 5918 3464 5967 curtum
