4018 6454
208 409 351 467 nos
513 450 515 452 .
1365 377 1370 381 ’
1405 375 1722 462 ᾹΝΝΑωςε
1752 407 1808 463 s.

1922 405 2092 462 mea
2106 405 2290 463 utut.
3335 402 3353 456 ι
3373 372 3490 455 me.

205 540 277 577 ex
311 521 499 578 codice
531 519 948 576 membranaceo
973 518 1042 575 ab
1073 517 1411 575 Hartmanno
1447 521 1674 575 Sehedel
1703 515 2042 588 bibliotheca:
2076 519 2385 576 Monacensi
2429 519 2576 575 illato
2612 517 2797 574 edidit.
2838 515 2954 571 Una
2992 533 3114 571 eum
3152 517 3307 588 Bcdze
3336 517 3479 571 libro

209 590 289 647 De
321 593 530 647 ratione
547 601 864 662 (temporum
899 592 1080 662 cyclos
1101 591 1602 647 decenn-ovennales
1638 591 1762 645 inde
1787 607 1817 646 a
1843 587 2061 647 Christo
2103 601 2230 647 nato
2261 607 2432 662 usque
2460 592 2526 646 ad
2554 606 2757 644 annum
2788 587 3472 662 1065eontinetiadnota-

207 666 414 728 tiones,
452 657 840 728 (lifelio—teste,
877 657 1093 717 duobus
1127 663 1488 730 scriptoribus
1526 663 1809 728 debemur,
1848 678 2083 732 quorum
2117 679 2314 717 manus
2345 657 2533 717 littera
2584 670 2730 715 recta
2767 669 2821 714 et
2859 660 3078 732 obliqua
3109 657 3376 732 distinxit.
3409 657 3476 712 Et

208 750 314 789 nos
344 733 562 802 quidem
589 748 696 786 non
728 734 887 797 duos,
920 733 1012 788 sed
1036 728 1342 802 complures
1364 733 1510 788 viros
1549 748 1644 802 per
1689 728 2014 788 saeculorum
2053 735 2345 789 decursum
2375 742 2532 787 notas
2571 733 2696 787 licet
2730 730 3080 785 brevissimas
3106 728 3388 802 adjecisse,
3421 739 3477 786 et

211 800 477 858 nonnulla
502 803 684 857 minus
715 812 860 858 recte
883 804 952 857 ab
987 800 1196 858 OEl‘elio
1227 805 1498 874 exscripta
1537 800 1659 859 esse
1685 805 1908 874 opinati,
1950 805 2157 859 litteras
2191 821 2253 858 ea
2291 804 2357 858 de
2395 821 2452 859 re
2484 804 2549 858 ad
2595 802 2891 858 Docenium
2927 810 3175 874 nostrum
3205 800 3481 874 dedimus,

206 876 372 943 cujus
398 883 577 928 tamen
611 889 772 928 curas
803 875 1045 929 codicem
1096 875 1381 944 hucusque
1408 870 1670 944 ell'ugisse
1713 870 1979 929 dolemus.
2027 875 2104 929 Eo
2131 877 2364 931 fortasse
2406 891 2541 929 usus
2567 882 2650 928 est
2681 874 2923 944 Andreas
2975 871 3390 944 Ratisponensis
3419 870 3476 925 in

209 940 476 1000 Chronico
494 945 874 1014 episcoporum
900 940 1402 1015 Ratisponensium,
1441 940 1566 1000 nam
1589 945 1841 1016 quamvis
1864 961 2130 1000 annorum
2160 946 2300 1016 apud
2322 961 2446 999 eum
2477 943 2807 1016 computatio
2825 943 2883 1016 in
2905 943 3218 1016 universum
3257 940 3484 1016 minime

209 1031 339 1069 cum
372 1011 659 1070 annalibus
684 1011 895 1070 nostris
923 1011 1230 1080 conveniat,
1265 1031 1409 1071 anno
1437 1011 1626 1071 tamen
1663 1016 1767 1070 96:2
1818 1015 2032 1071 initium
2076 1011 2422 1086 episcOpatns
2467 1016 2524 1069 S.
2580 1011 2888 1086 Woll‘gangi
2929 1013 3150 1086 attribui
3198 1027 3362 1086 posse
3391 1011 3480 1068 his

208 1087 396 1141 verbis
428 1086 544 1141 :vel
573 1087 711 1140 sicut
745 1088 800 1140 in
829 1087 1060 1157 quadam
1091 1087 1337 1140 chronica
1374 1088 1506 1141 satis
1543 1087 1848 1140 authentico
1898 1087 2091 1157 legitur
2113 1083 2282 1150 dicit}
2307 1103 2516 1140 necnon
2559 1083 2793 1157 primum
2835 1083 3142 1157 Ratisbonae
3162 1083 3476 1157 episcopum

209 1157 556 1228 Qaubaldum
585 1153 850 1228 nominat,
884 1173 1054 1228 quum
1081 1165 1261 1212 tamen
1292 1159 1494 1212 rectius
1538 1157 1882 1214 Gausbaldus
1910 1153 1995 1212 vel
2039 1158 2382 1214 Gauzbaldus
2413 1153 2617 1222 audiat,
2651 1155 2848 1228 quippe
2879 1156 2972 1225 qui
3013 1165 3066 1211 et
3100 1155 3154 1210 in
3190 1153 3483 1211 annalibus

209 1225 569 1285 Mettensibus
604 1229 671 1284 ad
693 1243 744 1284 a.
789 1225 1289 1290 745—6auzebaldus
1319 1236 1561 1290 vocetur.

680 1508 1044 1572 ANNALES
1087 1508 1368 1574 SANCTI
1413 1510 1922 1573 EMMERAMMI
1967 1512 2589 1606 RATISPONENSIS
2633 1513 3017 1575 MAIORES.

209 1673 375 1734 ANNI
412 1673 458 1728 A
487 1669 906 1728 NATlVlTATE
943 1672 1198 1729 DOMINI.
1787 1663 1789 1666 6
1824 1679 1870 1737 Α
1905 1676 2025 1732 791.
2068 1676 2301 1733 Carolus
2337 1677 2515 1748 primo
2544 1677 2598 1732 in
2627 1675 2884 1733 Huniam.

175 1818 178 1822 .
213 1767 338 1824 748.
372 1765 961 1840 Ρὶρρίηυενϐιοὶΐοιιθῐη
1007 1769 1074 1823 de
1129 1767 1432 1824 Baiowaria
1478 1767 1702 1838 expulit,
1744 1779 1797 1825 ct

376 1857 618 1916 Tasiloni
647 1857 908 1914 ducatum
930 1858 1096 1914 dedit.

213 1951 338 2005 749.

215 2042 338 2098 750.
377 2041 639 2113 Pippinus
659 2056 751 2097 rex
779 2040 956 2097 factus
989 2049 1091 2097 est.

212 2135 338 2190 751.
382 2133 506 2189 752.

213 2227 340 2282 755.
383 2225 691 2298 Stephanus
721 2243 858 2298 papa
881 2226 935 2282 in
967 2226 1249 2282 Frantiam
1273 2229 1438 2285 venit.

213 2319 340 2374 754.
377 2318 688 2374 Bonifacius
719 2321 1128 2392 martyrizatur.

215 2415 342 2471 755.
388 2415 509 2470 756.
553 2415 674 2470 757.
719 2413 842 2469 758.
885 2413 1007 2469 759.
1049 2413 1168 2468 760.
1213 2414 1334 2468 761.
1380 2415 1509 2470 702..

217 2505 342 2562 765.
380 2504 600 2576 Hiemps
628 2521 860 2577 magnus
885 2514 1022 2561 erat.

217 2596 340 2651 764.
381 2597 501 2652 765.
547 2597 667 2651 766.
716 2597 838 2652 767.

219 2687 340 2742 768.
378 2687 640 2759 Pippinus
685 2706 778 2744 rex
813 2687 968 2755 obiit,
1005 2698 1058 2744 et
1098 2690 1328 2747 Carolus
1356 2699 1409 2746 et
1442 2690 1799 2747 Caroloman"

376 2797 483 2839 nus
515 2799 670 2854 reges
705 2782 834 2840 facti
859 2792 1006 2841 sunt.

217 2872 341 2931 769.
387 2872 507 2929 770.
550 2874 643 2929 771
658 2915 672 2930 .
1333 2925 1336 2929 .

219 2963 342 3019 772.
383 2965 614 3022 Carolus
638 2969 693 3021 in
716 2966 951 3023 Saxonia
979 2968 1317 3041 eonquesivit
1338 2969 1610 3026 Eresburc
1636 2980 1688 3026 et
1721 2970 1800 3025 lr-

382 3059 606 3126 minsul,
629 3068 684 3114 et
711 3059 923 3117 Tassilo
951 3061 1311 3118 Carentanus.
1347 3062 1622 3120 Adrianus
1663 3079 1800 3135 papa

379 3148 554 3205 factus
583 3160 686 3212 est.

221 3240 344 3294 775.
611 3301 614 3303 λ

220 3330 343 3386 774.
382 3331 613 3388 Carolus
659 3332 883 3404 Papiam
943 3339 1103 3407 cepit.
1171 3334 1409 3392 Sanctus
1464 3336 1824 3408 llrodpertusv

379 3425 677 3481 translatus
706 3434 810 3482 est.
1134 3448 1138 3451 ‘
1383 3476 1385 3478 η

222 3514 343 3570 775.
389 3514 508 3581 776.
553 3517 672 3574 777.
717 3518 838 3579 778.
882 3519 1003 3576 779.
1048 3520 1170 3576 780.
1216 3521 1336 3576 781.
1381 3522 1503 3577 782.
1592 3576 1595 3579 ,
1650 3575 1654 3579 ,
1786 3573 1790 3578 .

221 3607 345 3678 785.
387 3607 531 3666 Iluni
563 3611 634 3667 ad
660 3609 884 3692 Enisam
923 3622 1206 3682 venerunt,
1245 3615 1340 3670 sed
1381 3615 1453 3670 ibi
1497 3609 1805 3672 nocuerunt

387 3701 542 3758 nihil.

214 3791 346 3848 784.
383 3791 635 3866 lliltigart
670 3797 857 3868 regina
899 3806 954 3853 et
987 3798 1164 3868 Arpeo
1193 3799 1339 3868 (275)
1369 3800 1657 3871 episcopus
1683 3800 1804 3874 obi-

382 3894 564 3953 erunt,
594 3898 648 3942 et
672 3889 800 3944 Atto
830 3888 977 3960 (274)
1004 3892 1295 3961 episcopus
1323 3891 1498 3948 lactus
1529 3902 1631 3948 est.

223 3975 344 4032 785.
380 3976 568 4050 Pugna
603 3979 1028 4037 Baiowariorum
1066 4000 1190 4038 cum
1223 3983 1528 4055 Hrodperto
1555 3986 1622 4041 ad
1654 3985 1802 4040 Pau-

385 4085 520 4124 zana
543 4069 712 4142 (275).
748 4071 1005 4145 Virgilius
1039 4077 1332 4145 episcopus
1363 4076 1512 4148 (276)
1541 4085 1594 4132 et
1628 4075 1802 4147 Opor-

387 4171 552 4218 tunus
574 4163 744 4219 abbas
774 4165 922 4236 (277)
951 4167 1224 4221 obierunt.
1509 4201 1512 4204 ι
1729 4175 1731 4177 ’
1758 4173 1763 4178 ’
1793 4169 1804 4178 ⁷

224 4251 345 4306 786.
388 4251 606 4309 llartrat
635 4255 844 4318 malum
877 4259 1170 4314 consilium
1211 4258 1368 4326 fecit;
1409 4268 1463 4315 et
1493 4259 1707 4332 signum
1751 4259 1804 4313 in

324 4418 325 4421 η
389 4347 726 4402 vestimentis
777 4349 1091 4407 hominum.
1148 4352 1259 4410 Arn
1320 4353 1610 4422 episcopus
1656 4351 1803 4423 (9.78)
1834 4398 1876 4454 Ε

389 4438 674 4494 ordinatus
700 4448 802 4496 est.

225 4504 345 4582 787.
389 4528 631 4587 Domuus
673 4531 904 4589 Carolus
948 4550 1042 4588 rex
1093 4533 1280 4590 Roma:
1329 4535 1450 4602 fuit,
1494 4546 1548 4591 et
1574 4539 1699 4592 inde
1735 4537 1801 4592 ad

326 4647 344 4651 --
392 4619 533 4689 Leh;
569 4623 811 4682 obsidem
866 4625 1169 4682 Tassilonis
1225 4628 1396 4682 tilium
1455 4619 1804 4710 Theod'onem
1894 4646 1896 4649 '

391 4713 532 4768 tulit.
640 4736 645 4741 ··
815 4759 822 4765 .
891 4758 894 4762 .
1205 4751 1207 4753 ι

223 4801 346 4858 788.
379 4803 601 4861 .Tassilo
641 4816 832 4877 captus
860 4817 964 4876 est,
1001 4817 1055 4862 et
1088 4808 1239 4864 'llUni
1289 4811 1355 4865 ad
1396 4811 1619 4883 Furgali
1656 4813 1802 4884 (279)

382 4904 437 4951 et
477 4897 532 4952 in
577 4897 919 4967 BaioWaria;
957 4908 1012 4956 et
1055 4900 1292 4959 Carolus
1333 4901 1509 4976 primo
1554 4901 1608 4960 in
1654 4903 1807 4960 Baio~

385 4990 578 5045 waria.

225 5077 348 5134 789;
391 5080 510 5136 790'.
568 5101 593 5108 ··
654 5096 658 5100 ’

1875 3919 1877 3921 ι
1907 3888 2029 3942 807.

1890 4902 2033 4956 ¹816.

1902 1769 2022 1824 792.
2069 1769 2322 1842 Synodus
2345 1779 2534 1825 contra
2559 1769 2735 1826 Felice
2763 1772 2816 1826 in
2843 1771 3255 1840 Reganesbure;
3286 1779 3339 1828 el
3369 1783 3490 1830 2L?!-

2067 1863 2178 1917 lum
2215 1863 2506 1918 consil-ium
2539 1862 2688 1934 (9.80)
2711 1872 2898 1919 contra
2920 1863 3197 1920 Caroluln.

1902 1955 2024 2010 793.
2067 1955 2298 2011 Carolus
2327 1972 2422 2025 per
2451 1954 2717 2010 fossatum
2747 1955 3091 2011 Alhmonem.
3190 2000 3192 2002 τ

1901 2046 2022 2102 794.
2064 2046 2317 2119 Synodus
2340 2047 2406 2102 ad
2431 2046 2972 2103 Franchon‘ovadam.

1791 2127 1793 2130 ’
1902 2141 2023 2197 795.

1904 2236 2022 2290 796.
2067 2234 2338 2290 Adrianus
2367 2250 2502 2304 papa
2539 2234 2690 2289 obiit.
2724 2233 2862 2289 lluni
2896 2250 2953 2291 se
2983 2235 3350 2289 reddiderunt.
3376 2229 3496 2296 {ea

2068 2344 2205 2399 papa
2231 2327 2408 2383 factus
2431 2335 2531 2381 est.
2720 2344 2723 2346 ·

1903 2421 2025 2474 797.
2387 2435 2391 2439 ·

1904 2512 2024 2565 798.

1904 2601 2025 2656 799.

1902 2694 2025 2749 800.

1902 2787 2025 2842 801.

1901 2879 2026 2935 802.

2070 2510 2180 2578 Arn
2210 2510 2654 2582 archiepiscopus
2686 2510 2862 2567 factus
2885 2520 2984 2566 est.

2070 2602 2177 2656 Leo
2210 2618 2344 2672 papa
2375 2603 2775 2674 martyrizatnr.

2066 2694 2376 2765 l‘.iutgardis
2407 2695 2591 2765 regina
2623 2695 2792 2750 obiit...

2065 2785 2296 2843 Carolus
2328 2788 2626 2858 imperator
2654 2786 2830 2842 factus
2852 2795 2954 2841 est.

2067 2878 2302 2935 Cadaloc
2343 2887 2397 2934 et
2433 2877 2853 2934 Goterhammus
2890 2892 2988 2931 seu
3029 2875 3194 2932 ceteri
3231 2871 3384 2930 multi
3415 2870 3505 2930 it...

2067 2970 2277 3026 terfecti
2309 2968 2530 3025 fuerunt
2564 2964 2630 3023 ad
2660 2956 2948 3024 castellum
2980 2966 3270 3023 Guntionis
3318 2966 3492 3038 (281).

1905 3065 2029 3120 805.
2066 3064 2296 3120 Carolus
2319 3063 2386 3118 ad
2419 3063 2678 3118 Salzbure
2703 3061 3096 3117 monasterium
3120 3059 3239 3115 fuit.

1906 3157 2028 3212 80-1.
2073 3155 2318 3212 Saxones
2345 3157 2412 3210 ab
2439 3156 2579 3211 ultra
2615 3155 2832 3210 Albium
2867 3153 3013 3224 (282)
3060 3153 3290 3228 expulsi.
3353 3153 3506 3208 Atlh

2071 3249 2248 3303 winus
2275 3247 2424 3302 obiit.
2511 3269 2516 3276 -

1905 3341 2029 3395 805.
2071 3339 2180 3394 Leo
2228 3355 2364 3411 papa
2416 3338 2484 3392 ad
2531 3337 2808 3394 Carisiaco
2838 3347 3021 3391 noster
3089 3335 3325 3390 domnus
3393 3336 3492 3390 ha-

2071 3432 2204 3487 buit.
2241 3433 2534 3487 Cabuanus
2564 3428 2714 3500 (285)
2745 3430 2888 3484 venit
2926 3429 2992 3483 ad
3031 3428 3234 3482 domno
3271 3427 3490 3493 Carolo,

2069 3529 2123 3575 et
2170 3520 2440 3575 Abraham
2479 3535 2722 3591 cagonus
2768 3519 2924 3590 (28.1)
2978 3518 3283 3588 baptizatus
3330 3533 3492 3589 super

2068 3613 2301 3668 Fiskaha
2333 3612 2501 3683 ("285).
2772 3635 2786 3638 "
2845 3636 2848 3639 '
2997 3627 3000 3688 ξ

1907 3707 2028 3761 806.
2071 3706 2300 3760 Carolus
2316 3721 2542 3774 regnum
2557 3705 2635 3757 (lix
2652 3704 2739 3758 isit
2760 3690 2902 3759 inter
2925 3704 3064 3758 filios
3085 3719 3213 3757 suos
3238 3703 3290 3757 in
3315 3703 3494 3758 Tbeo~

1989 3818 1994 3822 ·
2070 3797 2226 3851 donis
2257 3797 2403 3850 villa.

2073 3887 2195 3941 sos.
2235 3887 2359 3941 809.
2514 3900 2520 3904 ·
2825 3948 2830 3954 ,

2071 3977 2334 4048 Pippinus
2374 3975 2508 4030 obiit
2551 3975 2603 4030 8.
2651 3975 2726 4054 Id.
2794 3974 2890 4029 lul‘.
2944 3974 3139 4046 Magna
3192 3972 3510 4033 mortalitas.

2075 4071 2390 4125 animalium
2418 4065 2537 4124 fuit.
2645 4115 2652 4121 .
2736 4114 2741 4119 .
2862 4079 2920 4115 ν·

2071 4165 2300 4220 Carolus
2326 4164 2516 4234 junior
2549 4163 2705 4229 obiit,
2732 4162 2785 4217 2.
2824 4160 2964 4216 Non.
3000 4161 3281 4217 Decembr.

2073 4257 2420 4312 Bernhardus
2454 4273 2483 4311 a
2511 4257 2712 4330 domno
2737 4255 2934 4312 Carolo
2963 4270 3056 4310 rex
3090 4254 3264 4309 factus
3285 4262 3386 4310 est.

2075 4351 2321 4406 Domuus
2352 4350 2606 4405 Carolus
2655 4349 2952 4425 imperator
3000 4346 3318 4403 Hludowico
3385 4346 3504 4402 lllio

2056 4457 2177 4513 (suo
2205 4428 2464 4514 coronam
2490 4440 2702 4510 imperii
2733 4435 3010 4510 imposuit.

1912 4531 2038 4587 8H.
2080 4531 2324 4585 Domuus
2353 4529 2585 4585 Carolus
2625 4531 2920 4599 imperator
2965 4529 3102 4583 obiit
3135 4529 3168 4582 5
3202 4527 3301 4582 Kal
3332 4527 3491 4585 Febr.

2074 4624 2235 4679 etatis
2286 4638 2399 4677 suae
2435 4611 2580 4676 anno
2614 4621 2723 4688 7i“,
2765 4629 2821 4677 et
2864 4621 3100 4676 domnus
3137 4619 3503 4677 llludowicus.

1907 3977 2030 4033 810.

1907 4165 2029 4219 811.

1908 4258 2030 4313 812.

1910 4352 2034 4406 815.

2073 4716 2338 4786 imperare
2364 4713 2543 4784 coepit.

1911 4810 2034 4864 διδ.
2481 4880 2484 4881 ί
2633 4875 2636 4878 _
2723 4874 2727 4878 ,

2081 4901 2188 4955 Leo
2235 4916 2371 4970 papa
2411 4901 2564 4954 obiit.
2625 4899 2937 4969 Stephanus
2993 4915 3137 4970 papa
3189 4898 3367 4954 factus
3407 4907 3494 4953 est

2075 5003 2126 5049 et
2158 4994 2212 5048 in
2236 5010 2420 5048 mense
2447 4991 2662 5061 Octobr.
2689 4994 2743 5048 in
2762 4992 2952 5048 Remis
2979 4993 3198 5049 civitate
3226 4993 3493 5048 domuum

2076 5074 2453 5144 llludowicum
2488 5087 2552 5141 ad
2584 5088 2962 5160 imperatorem
2986 5084 3280 5141 benedixit.

1751 5244 1978 5300 NOTAE.

295 5371 444 5445 (275)
464 5371 857 5445 Frisingensis;
887 5375 1203 5435 aliasArbo.
1225 5378 1419 5445 Aribo;
1447 5378 1518 5436 cf.
1547 5378 1801 5436 Meichel-

219 5441 744 5514 bekllistJ‘rising.
774 5444 813 5498 1.
839 5446 928 5500 ss.
1178 5456 1182 5460 η

295 5512 446 5584 (274)
484 5512 864 5584 Erisingénsis.

295 5582 447 5654 (
484 5581 703 5654 Botzen.

294 5651 444 5726 (276)
486 5651 918 5726 Salzliurgeusis.
958 5689 964 5695 -
1074 5667 1076 5669 ·

317 5723 446 5780 277)
488 5722 911 5780 Lunmlaéensis.

317 5793 443 5858 278)
487 5793 918 5858 Salzburtzensis.

207 5887 210 5890 .
295 5860 445 5935 (379')
482 5861 520 5918 ι,
547 5882 596 5920 e.
637 5865 688 5920 in
719 5860 917 5935 'Friuli,
949 5866 1245 5940 Forojnlio.

2007 5380 2132 5446 280)
2173 5378 2406 5449 Pippini.

2007 5382 2132 5446 280)
2173 5382 2406 5449 Pippini.

1979 5382 2125 5517 1281)
2168 5449 2306 5503 Num
2332 5449 2624 5518 Ciinzburg
2656 5449 2709 5502 in
2733 5445 3097 5502 Alamannia?

1976 5522 2124 5588 (2282)
2162 5519 2299 5572 Num
2342 5519 2520 5574 natale
2549 5518 2801 5573 Domini?

1981 5585 2128 5658 ("285)
2171 5589 2206 5642 l.
2234 5605 2282 5643 e.
2309 5589 2602 5653 cabcanus,
2633 5605 2894 5658 eaganus,
2926 5585 3244 5658 Theodorus
3273 5586 3498 5654 nomine

1906 5660 1975 5714 cf.
2003 5676 2130 5713 ann.
2159 5659 2416 5713 Einhardi
2445 5659 2511 5712 ad
2547 5659 2610 5712 h.’
2640 5675 2691 5711 a.
3434 5709 3436 5711 .
3562 5711 3564 5713 ,

1978 5729 2126 5798 (284)
2165 5729 2438 5797 Caganus,
2459 5728 2728 5783 Theodori
2753 5742 3056 5791 successor,
3089 5742 3252 5796 supra
3275 5726 3328 5780 in
3362 5741 3489 5783 ann.

1906 5799 2304 5855 Juvavensihus
2338 5815 2594 5868 paganus.

1979 5869 2127 5940 (“285)
2168 5864 2390 5926 Flavius
2411 5864 2474 5923 in
2504 5867 2739 5924 conﬁnio
2761 5867 2994 5923 Austria:
3025 5875 3075 5922 et
3113 5864 3384 5938 Ungarim.
