4056 5360
1030 290 1305 350 EBALUS
1339 293 1507 351 REM.
1546 295 1870 356 ARCHIEP.
1896 330 1966 340 -——
1989 300 2195 358 EBALI
2232 302 2517 359 CHARTA
2556 304 2694 362 PRO
2727 303 3008 364 C(ENOB.
3050 306 3309 375 MOSOM.

537 390 688 463 illata
723 404 926 464 Ebalus
954 408 1140 466 animo
1156 410 1441 468 remissior
1460 412 1582 469 loco
1607 392 1799 472 cedere
1826 417 2120 474 meditare-
2152 429 2198 483 Α
2227 443 2381 498 inuia
2412 445 2762 514 pommcams
2816 447 2937 517 ejus
2978 428 3061 504 ad‘
3098 464 3304 505 annum
3338 448 3469 503 1021
3501 440 3814 508 revocanda

534 510 646 566 tur,
675 516 801 555 eum
830 515 899 557 ne
921 517 1110 557 curam
1138 504 1320 576 gregis
1351 504 1566 561 Domini
1595 507 1906 578 relinquere
1934 511 2114 579 vellet,

532 592 856 648 cohortatus
880 602 966 648 est
994 612 1007 647 :
1044 613 1062 646 ι
1085 593 1313 664 Audivi,
1338 597 1536 667 inquit,
1567 598 1649 654 sic
1686 608 1738 654 te
1768 615 2004 657 mmrore
2031 602 2117 657 al-

532 684 739 741 tlictum
782 695 842 742 ut
882 703 1072 743 curam
1104 689 1293 761 gregis
1318 689 1594 748 Dominici
1612 693 1922 764 relinquere
1944 695 2115 764 velis;
2161 745 2168 753 .

532 776 681 845 quod
711 791 816 848 ego
845 778 1045 834 acriter
1090 790 1145 835 et
1191 782 1367 837 amice
1408 783 1701 855 redarguo,
1729 794 1940 843 testans
1966 797 2038 855 te,
2068 790 2116 844 si

534 865 641 922 hoc
683 869 882 939 egeris,
927 886 1037 925 non
1081 872 1252 928 fuisse
1299 883 1594 943 pastorem.
1630 897 1649 927 ι
1679 876 1833 933 Alias
1879 879 2117 950 denique

532 958 917 1017 lueulentioris
958 962 1137 1033 adhuc
1162 965 1467 1031 testimonii
1497 966 1709 1031 litteras
1737 968 1949 1039 legeris
1969 971 2114 1041 apud

531 1049 808 1118 eumdem,
859 1068 983 1123 quae
1031 1055 1113 1117 sic
1158 1054 1428 1126 incipiunt
1461 1077 1473 1112 :
1509 1057 1695 1113 Gloria
1723 1070 1774 1115 et
1802 1061 1994 1117 honore
2022 1064 2111 1117 di-

530 1155 632 1210 gno
660 1139 819 1195 Patri
845 1150 895 1196 et
919 1144 1309 1218 archiepiscopo
1339 1147 1541 1215 Ebalo;
1574 1151 1646 1207 ita
1676 1167 1806 1209 vero
1833 1154 2115 1223 desinunt,

542 1229 670 1287 Vale
699 1233 756 1287 in
784 1235 1072 1305 inﬁnitum.

668 1322 864 1395 Athele
889 1327 1101 1382 consilii
1124 1331 1304 1401 magni
1334 1340 1384 1386 te
1418 1336 1631 1389 consule
1668 1335 1890 1391 Christi.

601 1408 836 1474 Sedebat
862 1417 1067 1478 Ebalus
1104 1438 1249 1478 anno
1302 1425 1442 1480 1022
1491 1442 1559 1482 ex
1606 1427 1885 1484 Chronico
1910 1427 2116 1488 Centu-

527 1506 696 1578 lensi;
757 1511 853 1568 sed
908 1515 1258 1573 ostendimus
1282 1517 1347 1595 in
1387 1517 1618 1577 Arnulfo
1672 1520 1961 1578 decessore
2010 1539 2114 1580 suo

534 1647 786 1672 ξ’*

792 1657 2778 1689 Mm..—

2225 550 2369 591 esse.
2397 534 2557 593 Anno
2588 536 2735 595 1026'
2755 539 2998 595 restituit
3036 542 3376 597 monasterio
3402 540 3811 616 Mosomageusi

2224 628 2512 701 ecclesiam
2533 629 2753 687 Duziaci
2775 646 2941 703 quam
2963 634 3266 705 antiquitus
3292 634 3633 706 possederat.
3652 637 3815 692 Anno

2217 720 2364 775 1027
2402 721 2710 782 ηΗρηνίουηι
2760 723 2781 777 1
2830 740 3034 797 regem,
3087 727 3303 783 vivente
3350 727 3533 783 adhuc
3568 728 3813 785 Bobcrto

2223 822 2396 882 patre,
2423 817 2705 872 coronavit
2726 816 2816 873 die
2846 817 3216 875 Pentecostes.
3252 819 3413 876 Anno
3439 820 3578 875 1052
3602 837 3810 891 procu-

2221 906 2362 960 ravit
2384 907 2835 964 instaurationem
2864 911 3183 966 monasterii
3214 909 3638 983 Sparnacensis.
3662 911 3812 971 Obiit

2220 1013 2253 1051 v
2295 996 2421 1054 ldus
2460 998 2586 1054 Maii
2626 1016 2695 1056 ex
2728 1000 3051 1074 Necr010gio
3078 1001 3359 1070 Remensi,
3396 1020 3543 1060 anno
3580 1004 3720 1061 l05'5
3742 1021 3812 1063 ex

2218 1088 2493 1147 Chronico
2522 1091 2928 1165 Mosomagensi
2958 1110 3159 1164 corpus
3188 1095 3311 1165 ejus
3358 1097 3637 1166 sepultum
3662 1097 3813 1168 jacet

2213 1182 2369 1251 juxta
2398 1183 2603 1254 gradus
2656 1186 2810 1240 chori
2867 1202 3062 1242 versus
3117 1186 3329 1242 Odeum
3368 1188 3475 1244 sub
3504 1187 3691 1260 lapide
3718 1190 3812 1246 cui

2217 1275 2544 1347 inscriptum
2567 1289 2651 1334 est
2683 1280 2990 1336 solitarium
3021 1280 3141 1350 ejus
3171 1297 3372 1337 nomen
3396 1280 3602 1336 Ebaltts
3624 1281 3813 1338 archi—

2214 1368 2509 1438 episcopus.
2546 1369 2772 1427 Dedisse
2804 1371 3008 1428 dicitur
3037 1374 3322 1430 canonicis
3351 1374 3470 1430 suis
3510 1375 3808 1432 ecclesiam

2174 1496 2186 1511 ρ
2217 1459 2285 1515 de
2313 1460 2554 1517 Bethana
2584 1474 2738 1521 curte
2763 1481 2861 1536 pro
2896 1467 3277 1524 anniversario
3304 1483 3426 1525 suo.

3388 1666 3801 1700 u——-—

995 1817 1408 1981 EBALI
1466 1744 2559 1942 ARCHIEPISGOPI
2625 1826 3335 1944 REMENSIS

1187 2054 1583 2136 CHARTA
1650 2055 1853 2137 PRO
1902 2059 2376 2141 C(ENOBIO
2448 2061 3135 2149 MOSOMENSIS.

1975 2238 2154 2293 (Anno
2186 2238 2323 2295 1024
2354 2240 2369 2282 l

1236 2395 1410 2453 Meles
1430 2396 1494 2452 de
1515 2396 1570 2452 la
1597 2398 1843 2467 province
1865 2396 2262 2455 ecclesiasticae
2288 2400 2353 2457 de
2372 2398 2550 2456 Reims
2600 2409 2731 2457 tom.
2770 2400 2832 2471 ll,
2857 2417 2982 2477 pag.
3010 2401 3093 2475 7.)

589 2674 650 2727 In
696 2685 922 2726 nomine
967 2682 1202 2725 summae
1234 2680 1288 2726 et
1325 2669 1620 2725 individua:
1654 2666 1959 2724 Trinitatis.
1994 2667 2110 2741 Ego
2144 2680 2186 2736 Β
2213 2681 2445 2739 eamque
2493 2665 2751 2738 praedicto
2802 2664 2943 2731 loco,
2984 2663 3267 2720 nonnullis
3315 2662 3562 2721 ﬁdelium
3614 2682 3806 2725 coram

524 2763 754 2830 Enaws,
809 2778 1044 2834 superna
1092 2764 1357 2835 largiente
1403 2764 1597 2835 gratia,
1645 2764 1773 2841 licet
1824 2762 2105 2835 indignus,

525 2862 730 2910 sancta:
758 2853 1045 2911 Remensis
1066 2854 1327 2911 Ecclesiae
1354 2855 1728 2925 arehlpraesul.

598 2944 800 3003 Notum
845 2947 1102 3004 volumus
1148 2963 1272 3004 esse
1321 2948 1598 3004 universis
1628 2948 1764 3004 viris
1811 2946 2105 3019 religiosis,

525 3037 764 3100 clericis.
796 3054 1007 3095 necnon
1037 3047 1091 3095 et
1119 3039 1375 3097 ﬁdelibus
1400 3040 1580 3107 laicis,
1606 3038 1755 3111 quod
1780 3038 2111 3095 venerabilis

526 3129 698 3186 abbas
726 3128 941 3187 Sancta:
962 3130 1146 3187 Mariae
1174 3130 1540 3189 Mosomensis
1562 3132 1827 3199 ecclesia},
1847 3130 1989 3188 Boso
2013 3146 2110 3188 vo-

524 3222 725 3278 citatus
759 3224 1003 3290 nomine,
1033 3224 1167 3280 adiit
1193 3234 1394 3282 nostrae
1419 3225 1706 3297 parvitatis
1735 3226 2105 3296 praesentiam,

526 3312 721 3369 humili
750 3314 1040 3371 devotione
1084 3333 1286 3389 rogans
1333 3327 1393 3373 ut
1420 3318 1710 3375 ecclesiam
1742 3319 1798 3373 in
1824 3318 1952 3374 villa
1986 3328 2109 3389 qua:

524 3402 727 3460 dicitur
755 3405 997 3464 Duziaco
1042 3409 1226 3477 sitam,
1256 3410 1503 3466 ecclesia:
1531 3410 1634 3467 sibi
1663 3396 1763 3465 Dei
1790 3394 1929 3466 nutu
1957 3414 2109 3466 eom-

524 3495 712 3553 missa:
749 3498 1078 3570 antiquitate
1103 3501 1428 3572 subjectam,
1460 3502 1556 3558 sed
1586 3502 1913 3574 negligentia
1941 3511 1993 3557 et
2022 3502 2109 3557 in-

525 3589 678 3643 curia
695 3604 922 3646 suorum
938 3601 1352 3649 anteeessorum
1376 3594 1699 3665 aliquandiu
1717 3595 2103 3661 subStractam,

525 3694 714 3735 amore
742 3681 857 3756 Dei,
908 3693 962 3739 et
1008 3700 1177 3740 causa
1226 3687 1514 3755 parvitatis
1556 3686 1686 3753 loci,
1720 3702 1818 3743 seu
1863 3684 2108 3742 remedio

524 3770 723 3827 anima:
757 3789 909 3842 mete,
944 3784 1466 3849 anteecssorumque
1497 3794 1742 3834 meorum
1779 3777 1849 3832 ad
1884 3778 2106 3848 Supple-
2187 3818 2190 3821 λ

523 3871 770 3920 mentum
794 3867 968 3923 victus
996 3867 1225 3925 fratrum
1266 3872 1401 3927 inibi
1433 3872 1539 3927 sub
1582 3873 1774 3944 regula
1796 3873 1975 3929 sancti
2002 3871 2105 3928 Be-

522 3953 728 4015 nedicti
767 3958 1122 4018 militantium
1167 3964 1531 4031 restituerem.
1577 3965 1752 4036 Cujus
1785 3964 1976 4021 humili
2006 3980 2102 4035 pc-

2212 2760 2539 2838 astantibus,
2556 2768 2717 2831 prout
2737 2759 2851 2829 jam
2873 2774 2939 2813 ex
2954 2767 3080 2813 voto
3105 2756 3533 2826 destinaveram,
3547 2760 3801 2829 reddidi;

2173 2905 2176 2909 .
2210 2854 2534 2910 auctoritate
2566 2851 2660 2908 Dei
2694 2850 3104 2921 omnipotentis,
3135 2858 3446 2922 sanctaeque
3460 2849 3652 2908 Mariae
3678 2852 3808 2923 ejus

2210 2944 2512 3016 genitricis,
2551 2942 2909 3012 omniumque
2933 2948 3283 3007 sanctorum,
3328 2956 3543 2996 necnon
3571 2942 3802 3012 pontiﬁ-

2210 3030 2311 3093 cali
2337 3035 2559 3092 decreto
2582 3044 2786 3091 nostra:
2814 3032 3158 3089 auctoritatis
3186 3031 3520 3087 interdicens
3545 3047 3617 3087 ne
3650 3032 3806 3087 ullus

2209 3136 2524 3184 nostrorum
2551 3138 2935 3180 successorum
2956 3122 3072 3191 jam
3100 3120 3247 3176 dicto
3268 3121 3389 3177 loco
3408 3120 3601 3190 aliquo
3627 3120 3802 3176 modo

2208 3219 2459 3276 eamdem
2496 3217 2783 3274 subtrahat
2823 3214 3137 3279 ecclesiam,
3178 3212 3262 3266 vel
3300 3210 3686 3283 praajudicium
3711 3210 3799 3266 fa-

2208 3313 2337 3369 ciat.
2368 3310 2435 3366 Et
2480 3323 2541 3365 ut
2576 3311 2694 3365 haec
2744 3315 2931 3362 nostra
2961 3305 3185 3361 donatio
3231 3319 3328 3374 per
3372 3303 3799 3358 succedentium

2178 3419 2183 3423 ’
2208 3413 2513 3475 temporum
2546 3401 2818 3458 curricula
2852 3399 3008 3454 ﬁrma
3034 3407 3087 3453 et
3114 3397 3435 3455 inconvulsa
3454 3436 3469 3462 ,
3500 3403 3556 3450 et
3584 3394 3802 3465 absque

2208 3499 2318 3553 ulla
2356 3495 2786 3553 contradictione
2816 3492 3133 3563 iniquorum
3163 3491 3408 3547 virorum
3437 3488 3629 3560 quieta
3662 3503 3794 3559 pcr-

2206 3599 2442 3649 maneat,
2467 3603 2633 3643 manu
2661 3582 2852 3642 nostra
2880 3585 3240 3649 ﬁrmavimus,
3267 3590 3702 3652 nostrorumque
3731 3580 3800 3635 ﬁ-

2184 3682 2410 3738 -delium
2441 3680 2698 3735 manibus
2723 3677 3091 3734 roborandam
3120 3674 3472 3733 tradidimus.

2277 3774 2508 3846 Signum
2553 3771 2707 3826 Ebali
2740 3770 3037 3825 Remorum
3088 3766 3522 3838 archipraesulis.
3562 3763 3798 3833 Signum

2204 3864 2572 3921 Adalberonis
2623 3862 2888 3934 episcopi.
2936 3860 3164 3932 Signum
3223 3858 3466 3930 Hugonis
3523 3856 3798 3912 archidia-

2204 3959 2350 4016 coni.
2384 3957 2615 4028 Signum
2648 3954 2914 4011 Harduini
2944 3952 3338 4009 archidiaconi.
3363 3951 3595 4021 Signum
3635 3946 3795 4001 Alulﬁ

524 4043 724 4113 t-itioni,
755 4050 998 4117 penuria:
1025 4052 1128 4107 loci
1160 4070 1512 4127 compassus,
1553 4072 1844 4123 assensum
1872 4055 2103 4129 praebui,
2132 4036 2174 4093 (ἶ
2208 4050 2600 4109 archidiaconi.

529 4170 3787 4218 NW”

974 4328 1349 4420 CLERI‘
1399 4329 2232 4425 NOVIOMENSIS
2301 4331 2456 4420 ET
2516 4327 3349 4422 ‘TORNACENSIS.

1962 4523 2352 4586 EPISTOLA

1127 4691 1227 4771 Ad
1267 4692 1598 4772 episcopos
1629 4695 1982 4771 provincia:
2026 4695 2365 4766 Remensis,
2413 4690 2488 4753 de
2531 4691 2824 4770 episcopo
2873 4688 3181 4769 eligendo.

1961 4860 2143 4927 (Anno
2174 4838 2357 4926 1050.)

1363 5011 1545 5079 (Actes,
1561 5013 1625 5067 de
1649 5028 1703 5065 ια
1726 5014 1967 5081 province
1996 5005 2397 5091 ecclésmstiquc
2416 5011 2480 5066 de
2501 5008 2698 5077 Reims,
2727 5008 2792 5077 ll,
2819 5008 2936 5080 48.)
