4018 6440
155 342 303 439 tu;

1036 348 1340 415 JOANNES
1373 358 1495 414 XIX
1534 358 1731 445 ΡᾼΡΑ.
1766 349 1844 402 ’-
1884 359 2163 418 NOTlTIA
2198 363 2587 422 HISTORICA.

3302 366 3443 423 MN

153 470 240 539 est
265 476 528 535 aspirare,
562 472 755 521 vestra:
784 471 1109 528 sanctitatis
1132 475 1543 545 excellentiam,
1572 488 1752 549 patres
1782 482 1828 540 A
1852 478 2090 546 dentem,
2116 478 2429 547 docibilem,
2446 481 2761 552 patientem,
2789 478 3037 537 moribus
3060 486 3441 550 temperatum,

154 552 483 622 beatissimi,
533 558 860 614 necessitate
904 563 1077 617 coacti
1114 563 1351 634 adimus,
1398 576 1452 621 et
1496 569 1635 625 sicut
1681 570 1750 626 ad

154 656 371 703 montes
400 645 495 701 Dei
520 648 707 706 oculos
736 649 1045 725 dirigimus,
1085 672 1180 727 per
1208 674 1349 729 quos
1392 661 1553 717 nobis
1588 664 1748 719 auxi-

153 738 292 815 lium
324 739 532 808 venire,
559 740 671 802 Deo
696 732 1024 816 propitiante
1046 786 1067 814 ,-
1085 749 1430 807 conﬁdimus.
1474 751 1749 811 Sublimes

152 829 304 884 enim
327 838 542 887 montes
568 833 766 889 merito
795 839 992 906 vocati,
1020 839 1310 898 cedrorum
1343 843 1537 900 Libani
1584 848 1749 915 celsi-

152 920 401 977 tudinem
431 923 652 980 verticis
686 925 951 998 dignitate
991 934 1321 1003 praecellitis,
1350 936 1403 995 in
1439 938 1640 1008 quibus
1669 940 1747 996 di-

149 1013 363 1070 vinitus
421 1018 718 1075 constituta
765 1027 891 1076 esse
943 1022 1285 1096 dignoscitur
1330 1028 1596 1087 habitatio
1652 1032 1749 1089 Dei

149 1106 418 1174 viventis;
451 1109 590 1165 c0210
627 1110 672 1165 si
700 1113 920 1182 quidem
950 1118 1311 1186 proximiores
1336 1121 1531 1190 eﬁ'ecti,
1559 1141 1590 1178 a
1618 1141 1749 1181 vero

151 1198 295 1287 sole,
326 1201 420 1272 qui
450 1198 611 1257 Pater
640 1204 917 1263 luminum
933 1217 1160 1266 vocatur
1179 1220 1233 1268 et
1261 1222 1364 1281 est,
1393 1230 1425 1269 a
1448 1231 1559 1286 quo
1580 1218 1749 1275 totius

150 1291 384 1348 luminis
409 1294 563 1366 origo
584 1297 848 1367 procedit,
880 1300 935 1356 vi
955 1302 1115 1373 cujus
1155 1303 1423 1374 irradiati,
1459 1307 1750 1366 inferiores

150 1400 378 1463 quoque
430 1386 565 1444 illati
608 1390 836 1453 luminis
879 1398 1300 1472 participatione
1349 1402 1656 1474 illustratis,
1683 1422 1750 1463 ac

150 1478 366 1535 ecelesti
412 1496 535 1564 τωρ
583 1498 616 1539 a
673 1487 1051 1557 superioribus
1107 1492 1377 1553 deﬂuente
1426 1498 1747 1557 humiliores

152 1570 429 1629 secundos
462 1572 714 1644 eﬁieitis;
748 1579 852 1647 sub
879 1582 1128 1641 umbram
1153 1585 1321 1656 igitur
1349 1590 1516 1645 vestri
1551 1591 1748 1647 culmi-

151 1662 246 1718 nis
305 1663 612 1724 ﬁducialius
673 1669 1090 1745 confugientes,
1153 1686 1335 1736 vestra
1411 1684 1746 1752 protectione

151 1754 301 1811 tueri
321 1756 669 1828 deposcimus
703 1773 996 1833 quatenus,
1046 1768 1294 1825 diuturni
1338 1772 1518 1829 luctus
1565 1775 1745 1847 elogio

1858 569 1967 623 vita
1998 579 2233 636 castum,
2267 571 2531 638 sobrium,
2565 570 2851 637 humilem,
2896 570 3189 636 aﬁ‘abilem,
3226 569 3445 625 miseri-

1858 661 2096 727 cordem,
2128 662 2447 729 litteratum,
2471 663 2527 716 iu
2555 663 2673 734 lege
2707 662 2805 718 Dei
2832 663 3181 725 instructum,
3207 662 3264 715 in
3302 658 3447 714 Seri~

1856 761 2142 824 pturarum
2180 754 2436 809 sensibus
2469 767 2714 822 cautum,
2763 754 2821 808 in
2878 752 3226 824 dogmatibus
3265 751 3443 808 eccle-

1857 844 2096 901 siasticis
2149 846 2539 913 exercitatum,
2577 855 2631 902 et
2684 845 2987 901 secundum
3037 843 3444 914 Scripturarum

1856 936 2131 992 tramitem
2169 936 2629 1007 traditionemque
2666 937 3044 1003 orthodoxam,
3073 944 3127 990 et
3172 948 3443 988 canonum

1856 1042 1920 1083 ac
1941 1026 2285 1082 decretorum
2309 1027 2454 1082 sedis
2485 1028 2819 1098 apostolicae,
2844 1024 3137 1097 praesulum
3171 1024 3447 1081 constitu-

1854 1120 2055 1189 tiones,
2106 1137 2241 1176 sano
2290 1137 2456 1177 sensu
2514 1122 2918 1178 ecclesiasticas
2975 1122 3195 1192 regulas
3242 1120 3445 1176 intelli-

1854 1220 2091 1283 gentem,
2117 1228 2360 1283 saneque
2387 1228 2639 1269 sermone
2685 1213 2970 1269 docentem
3010 1221 3174 1283 atque
3220 1225 3452 1268 servan-

1855 1317 1987 1372 tem,
2018 1306 2433 1376 amplectentcm
2473 1323 2598 1363 eum
2639 1308 2734 1380 qui
2785 1309 3087 1365 secundum
3139 1308 3447 1364 doctrinam

1854 1407 1941 1453 est
1966 1398 2181 1454 ﬁdelem
2212 1416 2523 1458 sermonem
2560 1410 2611 1458 et
2650 1419 2775 1458 cum
2826 1403 3094 1460 modestia
3143 1402 3452 1472 corripien-g

1854 1498 1962 1545 tem
1985 1507 2079 1548 eos
2107 1492 2203 1564 qui
2228 1494 2514 1561 resistunt,
2539 1504 2593 1551 et
2628 1495 2673 1551 si
2701 1496 2798 1566 qui
2844 1511 2995 1552 sanae
3041 1495 3305 1552 doctrinae
3346 1492 3444 1549 ad-

1852 1594 2143 1641 versantur
2175 1586 2257 1642 eis
2280 1588 2541 1643 resistere
2562 1598 2616 1644 et
2640 1588 2969 1660 redarguere
3012 1604 3146 1645 sana
3194 1585 3447 1643 doctrina

1851 1676 2263 1746 praevalentem;
2325 1678 2657 1750 hospitalem
2705 1679 3036 1745 modestum,
3080 1693 3194 1735 suae
3253 1676 3443 1733 domui

1850 1766 1989 1822 bene
2012 1769 2365 1840 praepositum
2386 1813 2401 1837 ,
2445 1786 2553 1827 non
2584 1772 2941 1843 neophytum,
2970 1772 3258 1827 habentem
3295 1768 3449 1824 testia

148 1857 387 1918 paterno
408 1866 559 1909 more
585 1856 985 1927 compatiendo,
1012 1861 1176 1917 nobis
1210 1862 1528 1937 suﬁ'ragium
1552 1883 1749 1925 conso—

1860 1861 2097 1917 mouium
2135 1863 2379 1931 bonum;
2432 1864 2489 1918 in
2532 1866 2792 1936 gradibus
2841 1865 3106 1936 singulis,
3140 1862 3446 1920 secundum

150 1939 380 1998 lationis
409 1945 717 2015 praebeatis,
744 1957 800 2005 et
835 1964 989 2020 spem
1021 1950 1248 2026 incmpti
1277 1957 1460 2028 gaudii
1504 1958 1573 2014 ad
1617 1960 1751 2017 eﬁ‘e-

150 2039 307 2084 etum
329 2032 627 2101 perducere
646 2053 758 2093 non
801 2039 1089 2099 diﬁ‘eratis.
1140 2044 1397 2104 Dolemus
1436 2050 1656 2120 quidem
1698 2062 1753 2108 et

150 2121 416 2212 ejulando
442 2125 702 2198 lacrymis
727 2128 1035 2201 deﬁcimus,
1067 2144 1256 2207 utpote
1297 2140 1536 2209 piissimi
1579 2120 1753 2212 patris

154 2211 337 2266 nostri
372 2210 663 2286 Harduini,
682 2218 937 2278 videlicet
960 2225 1225 2297 episcOpi,
1257 2238 1435 2285 morte
1458 2210 1751 2289 admodum

149 2301 411 2371 aesolati,
428 2319 615 2376 quem,
638 2309 778 2379 proh
807 2309 997 2377 dolor?
1016 2319 1328 2375 communis
1352 2320 1607 2383 humanae
1628 2341 1756 2384 con-

148 2391 388 2451 ditionis
417 2410 586 2454 casus
613 2400 775 2457 nobis
796 2415 1018 2475 repente
1046 2409 1356 2485 subripuit;
1404 2419 1755 2476 miseratione

150 2495 342 2545 autem
367 2493 713 2557 serenissimi
748 2499 895 2570 regis
923 2500 1169 2563 Botberti
1209 2510 1264 2565 in
1289 2520 1477 2567 nostra
1521 2514 1753 2569 tribula—

151 2580 308 2675 tione
325 2586 599 2642 eonsolari
629 2591 922 2666 capimus,
956 2599 1116 2671 cujus
1154 2600 1424 2659 immensa
1464 2602 1664 2675 pietate
1687 2606 1755 2662 ad

151 2673 481 2779 Ρεξῑιὶοηθω
530 2687 700 2744 totius
746 2687 1007 2748 Ecclesiae
1037 2702 1307 2750 rectorem
1330 2673 1626 2767 petivimus
1654 2698 1753 2754 do-

152 2774 400 2839 minum,
423 2774 676 2832 videlicet
704 2776 1009 2851 Hugonem,
1033 2779 1294 2840 Ecclesia:
1325 2794 1527 2842 nostrae
1547 2785 1756 2842 Torna-

155 2864 349 2921 censis
384 2868 760 2938 praepositum,
796 2869 1218 2933 Cameracensis
1247 2886 1431 2935 autem
1476 2881 1753 2937 archidia-

157 2969 386 3025 eonum,
427 2974 590 3029 quem
648 2966 929 3019 communi
975 2976 1103 3024 voto
1156 2978 1432 3041 pastorem
1476 2973 1752 3044 eligimus,

159 3057 435 3107 rectorem
462 3053 837 3127 deposcimus,
863 3063 1147 3131 pontiﬁcio
1178 3067 1604 3137 proclamamus.
1640 3068 1754 3125 Eli-

163 3138 351 3211 gimus
377 3157 507 3218 ergo
536 3160 664 3231 eum
694 3149 859 3205 talem
898 3152 1116 3224 qualem
1156 3155 1315 3226 jubet
1356 3159 1661 3229 apostolica
1703 3169 1757 3217 et

164 3235 433 3293 canonica
482 3242 804 3312 auctoritas,
853 3243 961 3301 ﬁde
1008 3248 1365 3319 catholicum,
1395 3262 1590 3309 natura
1623 3270 1754 3324 pru-

178 3404 2105 3435 m

1852 1953 2201 2019 traditionem
2247 1956 2703 2017 ecclesiasticam,
2746 1955 3151 2013 ministrantem
3178 1956 3245 2011 ad
3281 1968 3449 2015 omne

1852 2060 1989 2129 opus
2017 2046 2243 2114 bonum,
2267 2056 2324 2103 et
2343 2046 2408 2103 ad
2438 2047 2870 2107 satisfactionem
2902 2067 3053 2107 omni
3081 2048 3328 2121 poscenti
3353 2063 3447 2100 ra-

1855 2138 2077 2194 tionem.
2109 2139 2207 2197 His
2237 2155 2366 2217 ergo
2400 2154 2455 2202 et
2485 2145 2611 2201 aliis
2645 2145 2940 2200 virtutibus
2966 2142 3286 2215 plenissime
3330 2139 3449 2209 pol-

1852 2231 2433 2304 lentem,omnimodis
2475 2239 2712 2309 petimus
2769 2248 2828 2294 ut
2884 2237 3215 2309 quantocius
3266 2244 3449 2291 vestra

1855 2329 2236 2387 benedictione
2288 2332 2454 2388 nobis
2514 2333 2668 2388 illum
2723 2331 3060 2391 consecretis
3123 2326 3446 2388 antistitem,

1856 2436 2146 2497 quatenus,
2207 2436 2429 2491 auctore
2480 2426 2612 2494 Deo,
2656 2427 2808 2498 plebs
2843 2442 2966 2496 quae
3016 2425 3109 2480 diu
3151 2416 3450 2493 episcopali

1855 2519 2122 2589 regimine
2147 2519 2347 2587 caruit,
2373 2520 2478 2575 sub
2506 2527 2661 2574 tanto
2688 2519 2963 2590 pontiﬁce,
2991 2516 3059 2572 ad
3088 2526 3362 2586 pastorem
3395 2517 3452 2566 et

1855 2609 2173 2680 episcopum
2208 2612 2518 2668 animarum
2545 2620 2860 2668 nostrarum
2893 2624 3179 2674 conversa,
3209 2620 3317 2663 suo
3338 2602 3451 2657 Do-

1857 2701 2007 2756 mino
2037 2702 2274 2759 militare
2301 2703 2495 2771 valeat,
2537 2704 2689 2775 quia,
2742 2711 2980 2759 testante
3029 2699 3337 2771 Scriptura,
3364 2695 3451 2754 ἰιιε

1856 2792 2083 2864 tegritas
2102 2793 2513 2864 pnesideutium
2543 2796 2695 2853 salus
2734 2804 2820 2851 est
2859 2794 3227 2857 subditorum,
3271 2797 3327 2845 et
3357 2789 3454 2844 ubi

1857 2889 2206 2947 incolumitas
2239 2899 2325 2947 est
2360 2890 2706 2957 obedientite,
2731 2891 2806 2945 ibi
2841 2904 2975 2945 sana
3012 2896 3099 2943 est
3141 2885 3317 2942 forma
3360 2882 3457 2938 do-

1856 2983 2079 3052 ctrinm;
2118 2984 2250 3055 quia
2276 2992 2460 3039 autem
2487 2999 2680 3041 omnes
2708 2998 2809 3039 nec
2837 2981 3120 3039 evectioue
3144 2978 3457 3048 equorum,

1856 3093 1960 3133 nec
1986 3076 2163 3135 oﬁicio
2196 3079 2399 3149 pedum
2444 3080 2638 3136 adesse
2688 3077 2965 3141 valemus,
2994 3072 3285 3129 unanimes
3324 3068 3455 3123 huic

1858 3172 2148 3243 saripturte
2180 3188 2473 3229 assensum
2503 3171 2831 3242 praebemus.

2117 3426 2480 3436 .——'——-—————

175 3420 443 3447 ἡ.
480 3420 505 3447 'I’
542 3420 549 3421 ί
558 3420 2105 3435 im

1454 3575 1627 3623 ANNO
1670 3576 1901 3624 DOMINI
1942 3581 1987 3623 Μ
2000 3580 2230 3626 XXXIII.

541 3753 1719 3969 JOANNES
1816 3762 2306 3969 XIX
2420 3757 3116 3979 PAPA
3230 3668 3233 3675 γ

1148 4241 1658 4335 NOTI'I‘IA

1757 4242 2446 4338 HISTORICA.

820 4438 1258 4510 “Cuconws,
1311 4438 1461 4500 νίιω
1508 4440 1931 4503 Romanorum
1964 4449 2366 4525 pontiﬁcum,
2413 4459 2556 4523 pag.
2600 4443 2768 4523 288.)
2832 4408 2835 4411 ν

1669 4630 1940 4646 *ι*

248 4752 488 4812 Joannes
526 4752 670 4822 XIX,
705 4753 1006 4823 Romanus,
1052 4770 1120 4812 ex
1165 4755 1458 4812 comitibus
1501 4755 1765 4812 Tuscula-
1791 4761 1834 4818 C
1866 4764 1955 4812 tus
1975 4756 2148 4828 pridie
2172 4755 2289 4811 Kal.
2317 4755 2516 4828 Martii,
2539 4771 2568 4811 a
2594 4754 3030 4812 Tusculanorum
3073 4754 3329 4810 comitum
3373 4754 3457 4815 fax

172 4854 302 4912 nis,
324 4850 419 4920 qui
448 4857 501 4903 et
534 4847 752 4918 Signire,
784 4857 837 4904 et
864 4849 930 4903 de
968 4847 1262 4905 comitibus
1289 4848 1418 4904 dicti
1444 4857 1591 4913 sunt,
1624 4847 1761 4903 Gie-

173 4941 317 5014 gorii
348 4941 514 5008 ﬁlius,
538 4940 812 4995 Benedicti
840 4936 970 5008 VIII,
1012 4940 1429 5011 prtedeeessoris
1457 4940 1562 5008 sui,
1596 4938 1765 5015 frater

172 5032 506 5100 Germanus,
529 5048 650 5103 qum
672 5048 759 5087 res
782 5031 1065 5087 rarissimo
1086 5033 1335 5103 exemplo
1354 5033 1570 5101 accidit,
1597 5034 1762 5089 semel
1812 5022 1816 5026 Δ

173 5124 234 5177 in
264 5122 541 5193 Stephano
570 5122 614 5177 ll
635 5132 688 5178 et
707 5122 877 5179 Paulo
906 5123 1027 5193 ejus
1061 5134 1398 5190 successore,
1431 5124 1527 5195 qui
1566 5123 1763 5180 fratres

174 5217 419 5281 fuerunt,
454 5216 598 5273 sicut
631 5223 687 5271 et
729 5232 877 5271 nunc
907 5217 963 5270 in
1001 5212 1207 5272 Joanne
1236 5224 1291 5272 ct
1323 5208 1613 5273 Benedicto
1649 5215 1764 5271 Vill

173 5308 422 5363 secundo
457 5306 671 5374 accidit,
706 5316 759 5362 et
795 5322 1069 5378 nusquam
1106 5294 1242 5364 alias
1281 5309 1576 5381 contigisse
1616 5309 1766 5365 inve—

172 5396 347 5453 nitur.
476 5400 490 5420 ’·
758 5382 761 5385 ’
1102 5406 1106 5414 ‘
1599 5457 1611 5476 _

248 5486 698 5560 Episcopus't‘uit
736 5488 996 5558 Joannes,
1040 5490 1383 5558 Portuensis,
1424 5491 1674 5547 Henrico
1715 5501 1769 5547 et

173 5578 475 5635 Chuurado
493 5581 807 5651 junioribus
839 5583 1262 5653 imperatoribus
1303 5583 1582 5654 Augustis,
1630 5583 1770 5639 sedit

175 5672 359 5729 annos
380 5690 499 5741 vui,
530 5660 747 5732 menses
775 5692 851 5742 Ix,
888 5677 1005 5734 dies
1028 5694 1113 5743 1x;
1145 5693 1209 5733 ex
1244 5678 1512 5731 monacho
1559 5675 1614 5731 S.
1667 5666 1769 5730 Be—

174 5765 383 5821 nedicti
415 5764 471 5822 in
508 5769 841 5824 monasterio
873 5766 929 5822 S.
970 5767 1243 5823 Anastasii
1276 5767 1481 5831 Bonna,
1521 5766 1769 5821 Guidone

176 5870 236 5921 et
264 5862 603 5922 Theoderico
622 5865 851 5921 vetustis
875 5865 1192 5923 auctoribus
1214 5864 1585 5931 tradentibus;
1616 5880 1766 5920 crea-

1870 4849 2049 4905 ctione
2089 4848 2368 4905 suffectus.
2415 4848 2679 4904 Joannem
2726 4849 2870 4904 hunc
2908 4847 3116 4903 Platina
3153 4865 3245 4903 xxi
3283 4850 3461 4907 norat.

1869 4950 1981 5008 nat,
2010 4942 2137 5013 quia
2172 4942 2226 4997 in
2270 4958 2562 4998 numerum
2602 4941 2920 5012 pontiﬁcum
2961 4957 3241 5011 perperam
3288 4940 3455 5002 refert

1868 5032 2132 5089 Joannem
2158 5019 2417 5089 feminam
2444 5034 2769 5099 fabulosam,
2797 5042 2849 5087 et
2870 5031 3133 5086 Joannem
3160 5029 3326 5086 XVIII
3358 5030 3455 5099 qui

1872 5127 2053 5183 sedem
2124 5114 2461 5198 pontiﬁciam
2527 5126 2810 5198 usurpavit
2872 5131 3062 5180 contra
3131 5122 3459 5193 Gregorium

1869 5220 2121 5290 quintum
2146 5207 2447 5291 legitimum
2470 5220 2800 5291 pontiﬁcem.
2846 5217 2964 5287 Ipse
2998 5225 3176 5271 tamen
3201 5216 3253 5269 in
3278 5215 3459 5284 diplm

1871 5315 2108 5370 matibus
2142 5316 2280 5381 suis,
2314 5330 2549 5384 quorum
2583 5313 2743 5368 hodie
2776 5312 2943 5366 multa
2991 5307 3319 5377 exemplaria
3360 5318 3457 5362 est

1869 5415 2036 5473 stant,
2077 5424 2136 5463 se
2174 5405 2295 5460 XIX
2334 5408 2585 5477 appellat.
3428 5457 3438 5469 ,

1942 5498 2209 5554 Henncus
2243 5498 2397 5567 imp.,
2422 5498 2636 5564 morbo,
2668 5511 2778 5566 quo
2808 5494 3157 5556 decubuerat,
3202 5491 3454 5563 ingrave‘

1868 5598 2072 5654 scentc,
2121 5589 2380 5658 quoniam
2435 5588 2576 5643 ﬁlios
2629 5603 2736 5641 non
2790 5584 3050 5642 habebat.
3099 5581 3453 5637 Chunradum

1868 5678 2186 5737 Franconize
2213 5680 2407 5734 ducem
2448 5679 2553 5733 sibi
2596 5692 2966 5733 successorem
3012 5675 3208 5745 eligere
3253 5689 3455 5727 consu-

1870 5772 1969 5825 luit
2001 5789 2014 5834 ;
2062 5769 2479 5840 Chuniguntiem
2529 5764 3068 5839 uxorcnrvirgincm
3116 5765 3411 5836 declaravit
3438 5806 3454 5829 ,

1858 5860 2022 5931 virgo
2063 5860 2175 5931 ipse
2217 5846 2527 5929 defunctus,
2572 5858 2807 5915 utaxima
2849 5858 2968 5927 ejus
3014 5856 3265 5931 puritatis
3311 5855 3454 5926 apud
