4056 5360
228 4939 324 5036 /.‘

589 316 741 373 ms
1888 328 2172 388 JOANNIS
2210 296 2329 388 xix
2366 333 2569 392 para-2
3727 332 3867 387 1H6

586 431 839 490 homines
859 433 1119 503 opinione
1164 436 1372 504 relicta,
1410 455 1470 495 ιιι
1498 438 1624 496 ldus
1663 440 1835 497 Julius
1878 448 2008 502 anni
2044 447 2181 503 1024
2210 451 2256 508 A
2283 451 2496 507 veniam
2543 449 2749 508 Christi
2794 450 2967 522 gratia
3022 449 3264 521 petebat;
3310 450 3405 521 qui
3452 465 3580 505 cum
3630 449 3865 507 illaesum

584 523 903 593 exspiravit,
933 523 1092 596 cujus
1121 529 1383 584 memoria
1408 530 1550 587 inter
1568 529 1756 588 beatos
1779 536 2038 593 recolitur
2065 538 2177 609 pri-

584 614 675 671 die
697 614 826 673 ldus
846 614 994 673 Julii.

563 738 570 773 τ
656 707 985 766 Chunradus
1014 708 1059 765 ll
1097 712 1393 782 imperator
1439 713 1628 772 Romae
1661 716 1715 770 in
1753 718 1977 776 basilica
2027 719 2179 777 Vati-

586 815 743 868 cana,
768 800 857 857 die
881 798 1127 870 Paschte,
1159 820 1231 860 vn
1272 804 1389 862 Kal.
1415 807 1638 878 Aprilis,
1664 824 1695 865 a
1720 807 1930 867 Joanne
1966 813 2179 871 decimo

586 909 735 952 nono
758 910 918 966 papa,
944 905 1241 953 coronatus
1269 906 1372 966 est,
1402 915 1549 957 anno
1575 900 1733 969 l097,
1778 905 1873 974 qui
1902 904 2180 964 Romanos

586 986 753 1045 minis
765 988 955 1044 terruit
967 987 1230 1047 Joannem
1254 992 1566 1062 pontificem
1590 994 1934 1065 infestantes,
1949 999 2178 1057 exitium

586 1095 808 1151 quoque
859 1081 1242 1141 interminatus
1269 1126 1283 1150 ,
1348 1084 1455 1141 nisi
1515 1101 1545 1143 a
1610 1088 1857 1145 rexando
1923 1092 2178 1161 pontiﬁce

586 1174 948 1244 quiescerent.

656 1265 892 1323 Basilius
914 1266 1104 1338 junior
1129 1271 1412 1341 Augustus
1434 1272 1579 1330 circa
1604 1272 1720 1329 Kal.
1754 1272 2006 1332 Octobris
2030 1292 2201 1333 mor-.

585 1368 713 1417 tuus
746 1368 831 1415 est
867 1357 1360 1434 Constantinopoli.

654 1450 955 1522 imperator
995 1446 1392 1515 Constantinus
1424 1457 1471 1512 Χ
1503 1459 1639 1530 Aug.
1695 1461 1848 1518 solus
1894 1461 2175 1532 imperavit

582 1557 757 1598 annos
794 1559 852 1610 ιι,
892 1559 1069 1601 mens.
1112 1563 1187 1602 xv.

652 1638 812 1694 Anno
843 1637 983 1695 1028
1017 1637 1157 1698 Vido
1180 1642 1460 1712 Aretinus,
1483 1644 1565 1700 vir
1586 1646 1721 1702 artis
1747 1643 1972 1702 musica:
1994 1647 2181 1704 erudi-

583 1728 853 1799 tissimus,
895 1724 1094 1788 noram
1136 1750 1335 1792 vocum
1376 1735 1769 1795 ﬂectendorum
1810 1739 2176 1813 disciplinam,

2278 543 2429 599 abire
2469 544 2807 613 permittens,
2855 544 3039 600 statim
3096 542 3405 613 proximum
3464 541 3731 613 templum
3778 543 3867 596 in-

2277 644 2501 702 gressus
2547 641 2659 700 est,
2705 632 3043 692 Cruciﬁxnm
3087 631 3383 700 continuo,
3436 632 3601 703 cujus
3634 630 3863 688 simula-

2263 724 2434 780 crum
2456 725 2670 791 orabat,
2695 724 2900 781 referre
2925 725 2972 781 ei
2997 724 3173 795 capite
3197 724 3460 781 inclinato
3494 722 3567 780 ob
3589 724 3714 795 ejus
3735 722 3863 779 facti
3912 724 3921 745 ‘

2279 816 2502 888 gratias,
2547 825 2610 873 ut
2651 817 2769 888 ipse
2810 824 2867 873 et
2908 832 3098 874 omnes
3136 817 3232 888 qui
3278 817 3505 873 aderant
3544 816 3696 873 clare
3734 831 3864 872 ωηο
3912 810 3931 895 ξ

2246 974 2247 977 η
2280 923 2522 981 spexere.
2566 910 2687 978 Quo
2733 911 2981 983 prodigio
3030 910 3315 977 attonitus,
3344 910 3549 966 relictis
3582 910 3864 986 omnibus,

2279 1000 2642 1057 monasticam
2676 1001 2844 1057 vitam
2868 1002 3050 1073 elegit,
3076 1002 3209 1057 etin
3245 1001 3369 1057 loco
3406 1000 3502 1071 qui
3526 997 3866 1054 Vallis-Um-

2278 1090 2443 1145 brosa
2464 1090 2686 1158 dicitur,
2707 1090 2865 1161 juxta
2887 1091 3271 1162 Appenninum
3318 1091 3543 1147 secessit
3569 1110 3581 1143 :
3618 1089 3866 1160 inibique

2278 1181 2626 1259 disciplinam
2653 1185 2756 1240 sub
2780 1183 2837 1239 S.
2866 1184 3161 1255 Benedicto
3185 1183 3433 1255 regulam
3474 1177 3688 1239 amictu
3728 1184 3869 1239 o‘olo-

2279 1276 2358 1331 ris
2379 1274 2571 1332 Veneti
2602 1277 2859 1333 instituit.
2892 1275 3070 1344 Quam
3120 1276 3425 1333 Alexander
3472 1275 3518 1330 ll
3558 1284 3615 1331 et
3662 1274 3871 1349 (ἔνθεο-ι

2279 1369 2395 1426 rius
2419 1367 2513 1422 νη
2534 1370 2949 1425 confirmarunt.
2996 1368 3146 1424 Obiit
3175 1385 3321 1425 anno
3363 1368 3581 1425 Domini
3622 1367 3791 1433 1074,
3812 1370 3868 1425 in

2280 1461 2532 1518 ρωποι)ἱο
2553 1460 2899 1529 Possiniano,
2942 1454 2997 1517 1v
3026 1461 3155 1518 Idus
3174 1459 3325 1529 Julii,
3350 1457 3637 1517 miracﬁis
3664 1460 3866 1525 clarus,

2282 1554 2484 1610 ibidem
2506 1552 2772 1624 sepultus.
2800 1555 2972 1622 Quem
2993 1569 3118 1610 cum
3140 1554 3283 1609 inter
3306 1561 3530 1609 sanctos
3552 1568 3583 1607 a
3606 1551 3871 1623 Gregorio

2281 1647 2514 1718 septimo
2529 1645 2863 1704 declaratum
2884 1663 3013 1703 vera
3035 1646 3180 1702 fama
3203 1645 3422 1713 referat,
3444 1645 3787 1707 Caelestinus
3805 1641 3873 1697 Ill

2282 1738 2425 1795 idem
2449 1747 2633 1796 certus
2664 1740 3001 1811 approbavit.
3049 1740 3221 1809 Cujus
3260 1753 3617 1794 successores
3637 1737 3748 1791 viri
3784 1752 3874 1805 op-

581 1836 706 1892 quae
747 1822 805 1878 in
845 1822 994 1882 hunc
1031 1839 1209 1898 usque
1253 1828 1397 1886 diem
1433 1829 1779 1900 observatur,
1828 1847 1927 1904 per
1972 1833 2180 1892 litteras
2214 1818 2256 1875 Β
2283 1829 2615 1888 timiPatrcs
2652 1832 2964 1888 institutum
3004 1839 3439 1903 promovere,et
3458 1831 3567 1885 hoc
3589 1845 3661 1885 ex
3704 1829 3869 1884 chro-

582 1914 929 1987 syllahasque
961 1917 1185 1976 flexuris
1226 1919 1521 1993 digitorum
1556 1923 1704 1980 laeva:
1736 1939 1934 1981 manus
1978 1926 2175 1997 adjun-

582 2007 787 2078 gelidas
835 2008 1073 2067 edidisse
1123 2010 1314 2081 fertur,
1371 2015 1591 2088 aliaque
1634 2018 1943 2089 composuit
1990 2033 2175 2090 opera,

582 2114 819 2171 quorum
858 2101 1195 2197 'l'rithcmius
1232 2108 1500 2166 meminit.

656 2192 854 2265 imper.
879 2192 1271 2257 Constantinus
1300 2200 1349 2256 X
1394 2201 1534 2275 Aug.
1582 2203 1718 2261 obiit
1757 2203 1904 2262 circa
1946 2203 2175 2263 Kalend.

590 2285 945 2356 Septembris,
970 2305 1117 2350 anno
1150 2290 1308 2349 l0‘29.

656 2377 789 2450 Imp.
819 2378 1102 2445 Romanus
1147 2382 1217 2440 IV
1260 2383 1508 2461 Argyrus
1554 2387 1693 2461 Aug.
1741 2389 2030 2461 imperavit
2075 2406 2176 2447 an-

585 2488 688 2529 nos
715 2472 777 2542 ν,
805 2489 1025 2533 menses
1052 2493 1127 2533 vr.

659 2565 773 2622 Sub
813 2566 1025 2624 Joanne
1062 2570 1279 2627 decimo
1322 2589 1499 2642 nono,
1556 2588 1706 2631 anno
1742 2571 1961 2632 Domini
2006 2573 2174 2645 1050,

584 2660 932 2732 congregatio
956 2664 1112 2720 tertia
1138 2663 1327 2722 Sancti
1355 2655 1668 2736 Benedicti,
1693 2684 1818 2741 quae
1843 2668 2179 2728 Vallis-Um-

584 2751 765 2808 brosa:
785 2753 1007 2823 dicitur,
1030 2754 1295 2827 originem
1319 2757 1531 2816 habuit.
1559 2759 1640 2815 Eo
1659 2760 1808 2816 enim
1828 2776 1974 2818 anno
1999 2761 2179 2832 prima

584 2841 832 2911 ejusdem
860 2847 1082 2902 comitia
1122 2847 1416 2917 habentur,
1439 2850 1645 2921 quibus
1682 2852 1860 2923 ipsius
1903 2859 2096 2909 auctor
2123 2861 2179 2910 et

589 2934 846 2992 fundator
880 2935 941 2993 B.
972 2936 1232 2997 Joannes
1273 2939 1629 3012 Gualbertus,
1679 2941 2057 3012 Florentinus,
2093 2943 2178 2999 vir

587 3027 995 3099 sanctissimus,
1024 3032 1195 3090 abbas
1239 3035 1511 3108 generalis
1538 3042 1758 3094 creatus
1786 3043 1889 3093 est.
1925 3035 1976 3093 Is
1999 3036 2178 3093 adhuc

583 3119 802 3190 juvenis
834 3138 968 3183 cum
1009 3123 1307 3183 fraternam
1346 3127 1549 3185 caedem
1594 3143 1794 3201 magna
1835 3136 2174 3186 armatorum

2278 1920 2418 1976 nicis
2451 1918 2716 1977 Bernardi
2742 1922 3019 1991 monachi,
3042 1931 3096 1977 et
3133 1920 3191 1977 S.
3214 1920 3479 1979 Antonini
3514 1920 3778 2015 traditur.

2348 2058 2508 2114 Anno
2542 2058 2673 2115 1051
2703 2060 2761 2114 ἱη
2796 2057 3098 2130 Campania
3137 2057 3197 2112 Β.
3248 2056 3604 2122 Dominicus,
3644 2056 3873 2111 mirabi-

2278 2152 2409 2207 lium
2439 2159 2682 2223 patrator
2708 2152 3389 2227 operum,multorumque
3406 2148 3676 2205 fundator
3698 2163 3878 2204 emno-

2277 2244 2493 2300 biorum
2524 2244 2668 2316 apud
2704 2241 2901 2300 Soram
2924 2244 3039 2315 jam
3064 2242 3237 2299 ferme
3260 2242 3693 2314 octuagenarius
3718 2240 3874 2303 obiit,

2278 2348 2444 2408 atque
2485 2337 2542 2393 in
2591 2337 2931 2394 monasterio
2978 2337 3126 2407 quod
3177 2342 3368 2407 postea
3425 2333 3496 2389 ab
3541 2348 3614 2390 eo
3677 2348 3877 2389 nomen

2278 2429 2487 2500 accepit
2529 2428 2776 2500 sepultus
2815 2420 2917 2486 est.
2969 2426 3129 2485 Hunc
3157 2423 3719 2515 LoricatuMetrus
3773 2422 3878 2479 Da-

2280 2522 2446 2578 miani
2517 2532 2714 2591 vocat,
2774 2522 2923 2593 quod
2988 2522 3057 2577 ad
3129 2508 3538 2577 macerandum'
3592 2514 3880 2573 interioris

2281 2615 2517 2672 amictus
2544 2616 2842 2686 asperitate
2868 2628 3091 2671 carnem
3116 2614 3287 2668 lorica
3318 2618 3586 2667 uteretur.

2352 2703 2603 2760 Coucilia
2646 2699 2751 2760 Iria
2781 2705 2885 2761 sub
2911 2705 3032 2775 ejus
3079 2702 3397 2774 pontificatu
3430 2701 3643 2767 habita,
3688 2699 3877 2756 Corbi-

2280 2811 2459 2862 oense,
2510 2807 2563 2851 et
2612 2794 3172 2862 Franckofordiense,
3210 2810 3358 2869 anno
3392 2794 3553 2857 1024,
3586 2803 3644 2847 et
3690 2794 3879 2847 Aubu-

2280 2887 2460 2944 riense
2487 2903 2631 2943 anno
2662 2886 2817 2944 1050.

2351 3027 2591 3085 Joannes
2620 3029 3000 3100 autem,cujus
3029 3029 3140 3085 vita
3164 3029 3394 3085 miriﬁce
3421 3030 3703 3095 laudatur,
3732 3044 3876 3083 anno

2280 3123 2633 3194 pontificatus
2677 3124 2760 3179 sui
2797 3139 2926 3190 vni,
2966 3138 3155 3178 mense
3184 3138 3260 3189 ιχ,
3309 3123 3397 3178 die
3441 3137 3509 3188 χ,
3560 3122 3874 3177 meritum

586 3229 751 3270 manu
794 3214 984 3273 ulcisci
1028 3231 1368 3289 procuraret,
1412 3236 1548 3278 casu
1591 3222 1805 3279 hostem
1847 3221 2073 3279 obvium
2114 3222 2171 3279 in
2199 3205 2241 3266 C
2275 3214 2401 3271 ldus
2422 3213 2746 3272 Novembris
2771 3257 2785 3280 ,
2816 3230 2962 3270 anno
2986 3214 3146 3280 1052,
3172 3214 3417 3285 sepultus
3439 3211 3507 3267 ad
3533 3211 3592 3266 S.
3622 3210 3868 3266 Petrum.

586 3306 785 3378 oppido
805 3306 1045 3366 Miniatis
1068 3311 1278 3369 habuit.
1299 3311 1402 3380 Qui
1422 3321 1631 3372 terrore
1660 3313 2003 3385 perterritus,
2027 3315 2175 3372 illico

586 3397 783 3457 Joanni
826 3403 1051 3473 supplex
1094 3402 1294 3471 factus,
1342 3405 1409 3462 ad
1454 3406 1626 3478 ipsius
1672 3421 1847 3479 genua
1890 3408 2179 3478 procidens

594 3520 1864 3551 *Μ

2282 3304 2509 3362 \‘acavit
2543 3307 2698 3363 sedes
2742 3306 2857 3362 dics
2901 3305 3059 3362 duos.
3098 3305 3366 3360 Auctores
3410 3301 3612 3359 Glaber
3666 3299 3875 3357 Bodnl-

2287 3407 2450 3476 phus,
2482 3416 2535 3460 ct
2557 3403 2668 3459 Leo
2690 3400 3034 3460 Marsicanus
3056 3402 3112 3455 in
3148 3399 3385 3457 Historia
3417 3396 3736 3454 Casinensi.

1604 3635 2035 3715 NOTITIA
2094 3635 2831 3715 DIPLOMATICA.

1401 3768 1579 3837 (ἔειπε
1607 3814 1619 3835 ,
1664 3751 1882 3843 Hegesia
1920 3772 2230 3841 pontiﬁcum
2273 3772 2647 3837 Romanorum,
2689 3788 2811 3845 pag.
2856 3771 3006 3840 557.)

1974 3868 2375 3883 Μ

730 3923 1107 3998 ΙοειηηὶδΔΧΙΧ
1137 3925 1299 3981 bullae
1326 3938 1450 3981 sunt
1476 3928 1693 3997 scripta:
1722 3944 1818 3998 per
1841 3945 2095 3996 manum,

812 4016 829 4044 ι
883 4014 901 4047 ε
949 3992 1120 4069 §ergii
1144 3999 1341 4051 notarii
1369 3992 1654 4069 regionarii
1680 3992 1736 4053 et
1760 4001 2033 4056 scriniarii
2060 3992 2117 4057 8.
2146 4000 2209 4056 R.

2285 4001 2306 4054 ’.
2347 4001 2423 4069 (ι,
2464 4000 2550 4064 to,
2578 3999 2666 4064 18)

813 4084 832 4117 ι
885 4086 902 4116 ι
949 4066 1162 4134 Rogcrii
1314 4089 1331 4119 ‹
1427 4066 1440 4069 ⁷
1704 4090 1721 4122 ι
2103 4092 2121 4125 ι

812 4155 829 4186 ι
884 4156 901 4185 ι
946 4134 1157 4207 Georgii
1309 4157 1327 4188 ι
1700 4158 1716 4190 ι
2099 4163 2118 4193 ‹

2488 4091 2519 4213 ξ
2542 4070 2695 4213 (έῗέ
2721 4138 2888 4213 θρω)

811 4223 829 4256 ‹
882 4225 900 4258 ε
944 4203 1171 4262 Joannis
1191 4209 1481 4264 cardinalis
1507 4219 1555 4265 et
1581 4211 1893 4267 cancellarii
1922 4214 2030 4268 vice
2047 4213 2193 4269 Petri
2215 4212 2428 4268 diaconi
2443 4203 2557 4282 (7);'
2583 4210 2653 4266 cf.
2679 4203 2884 4266 bullam
2912 4208 3053 4279 apud
3078 4205 3286 4279 ['ghelli
3312 4206 3430 4261 llal.
3450 4206 3606 4262 Sacr.
3632 4204 3697 4272 V,
3717 4203 3868 4258 mo.

744 4275 893 4330 nam
917 4292 970 4346 ι).
1009 4291 1081 4331 m.

814 4365 831 4395 ί
882 4365 899 4397 ι
922 4345 927 4346 “
949 4345 1218 4422 ριτηεᾴξεῑὶ
1246 4348 1555 4422 Rortucnsis
1576 4354 1804 4421 episcopi
1833 4363 1881 4409 et
1906 4356 2292 4411 bibliothecarii
2323 4353 2378 4408 S.
2406 4361 2575 4422 apost.
2606 4351 2758 4406 Sedis
2793 4351 2868 4421 (8)

814 4438 830 4467 ι
883 4435 900 4467 c
946 4416 1574 4497 Benedictifortuensis
1604 4414 1873 4494 episcopi,
1913 4428 2018 4480 vice
2064 4426 2358 4497 Peregrini,
2388 4414 2718 4480 Cblonicnsis
2763 4414 3164 4491 archiepiscopi,
3206 4416 3593 4473 bibliothecarii
3618 4416 3679 4472 8.
3724 4414 3869 4470 Sedis

1021 4501 1192 4558 apost.
1228 4492 1305 4560 (i)

815 4577 831 4607 ε
884 4578 902 4607 ‹
948 4557 1169 4632 ροδοηὶδ
1191 4557 1421 4631 episcopi
1450 4563 1505 4619 S.
1536 4565 1829 4619 Tiburtinw
1858 4566 2109 4621 Ecclesia?
2129 4575 2178 4620 ct
2202 4566 2595 4619 bibliollzecnrii
2622 4563 2678 4619 8.
2708 4572 2880 4632 (trust.
2915 4560 3035 4616 Sed.
3074 4562 3149 4631 (4,
3177 4560 3227 4625 5,
3256 4558 3306 4628 7)

812 4647 830 4679 ‹
880 4646 901 4682 ι
944 4627 1094 4685 Petri
1114 4627 1344 4705 episcopi
1368 4627 1714 4691 Praenestina:
1741 4636 1993 4692 Ecclesia:
2018 4647 2067 4691 et
2092 4636 2477 4715 bibliothecarii
2504 4636 2560 4689 S.
2587 4627 2754 4704 θροεῖ.
2784 4632 2907 4688 Sed.
2940 4632 3015 4703 (6)

1304 4996 1441 5018 ...⁵-⁵

1442 4796 2140 4981 bimus
2204 4796 3139 5045 xrxpuﬁ‘iirm

1344 4754 2218 4981 ππ

2285 4865 2540 4980 :Ix
2576 4754 3139 4981 9:3:le
3182 4920 3183 4923 ~

3530 5084 3559 5101 ι.
3604 5074 3683 5103 “HM,
3716 5074 3737 5099 δ

3884 5134 3899 5153 ἰ

3712 5168 3729 5179 ιιι
3880 5166 3899 5177 λ

1229 5043 1964 5170 EPISTOL/E
2052 5057 2233 5167 ET
2341 5020 3247 5171 DIPLOMATA.’
