4018 6384
184 341 318 396 ΗΠ

180 549 349 614 mine,
403 550 759 609 saecularibus
805 555 1080 625 praepediti
1125 557 1375 628 negotiis,
1409 560 1565 615 valde
1598 561 1770 616 dista-

180 653 331 707 mus,
353 655 419 696 ex
439 655 506 696 eo
536 657 638 698 nos
660 643 1006 712 potissimum
1032 663 1101 703 an
1135 650 1493 720 omnipotenti
1542 651 1653 707 Deo
1680 669 1772 707 ve-

179 731 332 786 niam
368 734 668 804 promereri
706 743 762 790 et
801 739 1031 808 gratiam
1064 739 1295 812 adipisci
1336 743 1683 813 conﬁdimus,
1724 746 1769 801 si

177 822 528 879 rectitudinis
561 840 810 881 normam
856 830 1166 887 tenentibus
1201 841 1256 888 et
1299 835 1608 905 evangelica
1646 851 1771 891 con-

178 923 492 970 versatione
532 916 862 987 pollentibus
897 918 1231 978 defensionis
1273 932 1330 979 et
1368 933 1558 980 nostro
1588 928 1768 983 muni-

112 1010 114 1013 ’
176 1007 330 1063 mine
361 1009 744 1081 subrogamus.
781 1010 954 1082 Unde,
979 1013 1107 1085 quia
1148 1023 1240 1071 tua
1276 1016 1495 1072 dilectio
1520 1034 1551 1073 a
1579 1028 1766 1074 nostra

176 1102 519 1159 sublimitate
545 1104 825 1160 humiliter
857 1108 1100 1178 expetiit,
1131 1120 1403 1180 quatenus
1445 1111 1766 1167 concedere-

176 1209 309 1250 mus
343 1205 397 1250 et
430 1197 882 1254 conﬁrmaremus
907 1201 1062 1256 vobis
1091 1203 1397 1274 vestrisque
1428 1205 1763 1259 successeri-

177 1285 292 1342 bus
337 1286 396 1340 in
443 1297 765 1358 perpetuum
813 1289 1185 1362 episcopatum
1223 1293 1593 1363 supradictum
1639 1309 1764 1349 cum

174 1377 528 1448 pertinentiis
556 1378 672 1434 suis
697 1398 720 1446 ;~
744 1381 990 1436 inclinati
1021 1384 1274 1452 precibus
1298 1385 1513 1451 vestris,
1543 1399 1638 1456 per
1662 1385 1764 1438 hu-

170 1467 272 1537 jus
290 1469 542 1538 praecepti
565 1470 759 1524 seriem
791 1473 1142 1528 concedimus
1181 1483 1234 1529 et
1263 1474 1649 1532 conﬁrmamus
1670 1491 1763 1532 vo-

175 1563 269 1618 bis
298 1564 611 1634 vestrisque
649 1567 1064 1624 successoribus
1116 1571 1172 1624 in
1207 1579 1523 1640 perpetuum
1567 1571 1763 1642 pravli-

175 1659 333 1708 etum
393 1653 765 1724 episcopium,
853 1657 1062 1712 scilicet
1114 1656 1434 1714 Portuensis
1484 1659 1758 1726 Ecclesize,

173 1745 326 1816 quod
364 1746 603 1816 positum
645 1763 766 1803 esse
796 1749 1008 1804 videtur
1045 1748 1180 1805 foris
1223 1751 1535 1822 praedictam
1566 1752 1758 1808 civita-

175 1847 291 1893 tem
325 1836 707 1908 Portuensem,
745 1842 833 1896 cui
877 1843 1204 1902 vocabulum
1224 1816 1313 1899 est
1341 1846 1515 1900 sancti
1542 1845 1760 1918 Hyppo-
1792 1816 1836 1872 Β

173 1930 280 1998 liti,
317 1947 441 1986 cum
472 1934 645 1990 vineis
675 1942 729 1988 et
777 1935 953 1992 hortis
977 1936 1072 2006 qui
1099 1945 1227 1992 sunt
1257 1937 1311 1990 in
1347 1937 1578 1993 circuitu
1613 1938 1760 2010 ejus-

174 2023 305 2078 dem
353 2026 613 2092 ecclesiae,
673 2027 878 2097 pariter
913 2035 970 2083 et
1015 2029 1321 2084 clausuram
1364 2029 1655 2102 (clusuram
1697 2031 1760 2086 de

174 2119 329 2172 vinea
366 2117 514 2189 una),
553 2127 607 2175 et
640 2119 855 2174 vineam
900 2135 1064 2174 unam
1098 2121 1156 2175 in
1183 2121 1475 2192 integrum,
1501 2122 1660 2177 sitam
1703 2123 1758 2180 iu

173 2206 433 2277 Cardeto,
461 2218 514 2265 et
544 2210 601 2266 in
636 2211 832 2268 Finilia
855 2213 1139 2270 clausuras
1173 2213 1311 2270 duas
1334 2229 1458 2270 cum
1484 2215 1680 2282 vineis,
1705 2223 1759 2271 et

175 2302 342 2357 terris
365 2302 506 2360 infra
529 2320 605 2360 se.

249 2392 446 2451 Omnia
513 2399 627 2453 haec
684 2399 859 2468 posita
922 2399 1201 2456 ininsula
1256 2399 1501 2471 majore,
1563 2400 1674 2456 imo
1704 2409 1758 2455 et

172 2489 465 2544 ecclesiam
521 2487 574 2543 S.
637 2489 822 2545 Mariae
867 2489 885 2560 (
908 2493 1265 2564 parvamque)
1307 2492 1616 2564 pariterque
1669 2507 1748 2549 ec-

175 2581 400 2638 clesiam
445 2581 502 2638 S.
531 2582 808 2640 Laurentii
855 2600 978 2640 cum
1009 2586 1303 2656 episcopio,
1350 2597 1405 2642 et
1429 2603 1553 2644 cum
1583 2587 1753 2656 cellis,

175 2683 233 2729 et
265 2674 436 2731 hortis
482 2683 646 2746 atque
686 2677 880 2743 vineis,
917 2678 1204 2734 clausuras
1255 2680 1528 2752 quinque;
1559 2682 1614 2737 in
1646 2697 1757 2739 una

179 2769 401 2840 quidem
450 2780 534 2825 est
569 2771 796 2826 eccles‘a
844 2770 900 2828 S.
953 2771 1120 2839 Petri,
1180 2781 1234 2828 et
1297 2773 1353 2828 S.
1402 2774 1639 2848 Georgii,
1705 2785 1758 2832 et

179 2863 239 2920 S.
274 2862 582 2932 Theodori;
617 2866 671 2922 in
709 2867 816 2922 alia
850 2883 978 2923 vero
1009 2877 1092 2923 est
1119 2867 1349 2924 ecclesia
1376 2867 1432 2923 S.
1459 2867 1567 2924 Viti
1594 2871 1757 2926 sicuti

177 2973 208 3010 a
233 2972 411 3025 muro,
443 2968 496 3013 et
521 2975 551 3014 a
576 2957 818 3029 (ﬂumine
846 2959 1120 3032 Tiberino)
1148 2963 1306 3032 ﬂuvio
1348 2961 1569 3032 Tiberis,
1595 2973 1758 3035 atque

177 3049 445 3104 limitibus
483 3050 871 3118 circumdatur,
905 3053 1060 3108 tertia
1101 3068 1264 3124 super
1287 3055 1460 3126 ripam
1492 3055 1752 3124 ﬂuminis,

1353 353 1712 413 EPISTOLE
1750 355 1837 409 ET
1875 356 2292 416 DlPLOMATA.

179 458 287 529 giri
316 467 371 514 et
396 459 845 518 muniﬁcentiam.
896 464 962 521 Et
1001 467 1131 537 quia
1180 485 1209 523 a
1255 469 1606 539 perfectionis
1652 472 1770 528 cul-
1803 473 1848 528 Α

3312 364 3446 420 1118

1879 495 2018 550 viam
2048 495 2318 565 publicam
2346 494 2483 550 infra
2512 496 2688 566 ipsum
2716 497 3021 561 castellum,
3055 507 3217 568 atque
3242 514 3438 554 canne-

1874 595 1990 641 tum
2021 587 2087 641 de
2113 587 2230 658 ipsa
2256 587 2491 652 civitate,
2511 588 2716 642 scilicet
2741 589 3131 644 monasterium
3159 588 3215 645 S.
3242 589 3416 660 (Agun

1875 678 1959 750 tii)
1982 677 2206 750 Agnetis
2225 695 2352 735 cum
2392 680 2606 735 salariis
2639 689 2694 734 et
2720 681 2894 735 vineis
2919 696 3043 751 quae
3076 682 3153 752 (in
3185 691 3352 749 terra,
3386 684 3441 738 in

1869 769 2028 842 Cere)
2065 771 2207 827 infra
2247 787 2306 828 se
2347 772 2549 828 habere
2589 771 2820 827 videtur.
2852 772 3024 829 Porro
3049 781 3105 828 et
3129 771 3355 828 fundum
3390 775 3444 829 in

1871 863 2139 935 integrum
2197 863 2292 936 qui
2325 873 2556 920 vocatur
2605 862 2826 932 Palmis,
2871 880 2996 920 cum
3039 864 3201 931 casis,
3248 866 3443 933 vineis,

1869 956 2030 1012 terris
2059 966 2112 1012 et
2141 957 2378 1028 pascuis,
2416 957 2796 1012 extendentem
2822 972 2881 1012 se
2902 972 3084 1028 usque
3108 958 3177 1013 ad
3199 956 3442 1014 Furuum

1868 1048 2176 1120 antiquum,
2221 1049 2316 1120 qui
2353 1057 2439 1104 est
2481 1049 2622 1120 juris
2672 1049 2969 1120 supradicti
2996 1049 3285 1120 episcopii;
3312 1051 3443 1106 etin

1868 1143 2056 1197 eodem
2084 1140 2253 1196 fundo
2279 1151 2697 1196 monumentum
2727 1141 3036 1212 antiquum,
3058 1157 3181 1197 esse
3210 1143 3441 1209 videtur,

1867 1235 2103 1304 positum
2131 1235 2214 1288 via
2245 1233 2532 1290 Portuensi
2563 1233 2816 1288 milliario
2850 1234 2918 1288 ab
2947 1234 3082 1290 urbe
3120 1233 3293 1289 Roma
3322 1235 3444 1305 plus

1865 1328 1948 1381 vel
1973 1328 2156 1383 minus
2183 1327 2414 1382 decimo.
2449 1325 2692 1397 Itemque
2717 1327 2952 1382 insulam
2987 1326 3251 1382 minorem
3277 1328 3333 1382 in
3354 1329 3442 1382 in-

1865 1431 2258 1494 tcgrum,,cum
2301 1424 2476 1479 vineis
2511 1431 2566 1479 et
2605 1423 2769 1488 casis,
2801 1438 2898 1478 seu
2944 1422 3124 1487 terris,
3168 1437 3292 1475 cum
3323 1421 3443 1476 loco

1864 1515 1958 1585 qui
1982 1523 2210 1571 vocatur
2247 1514 2494 1586 Scarajo,
2524 1514 2618 1585 qui
2648 1514 2777 1568 olim
2820 1513 2926 1570 fuit
2961 1522 3152 1584 portus
3200 1511 3440 1582 Trajani,

1863 1605 2170 1661 cohaerente
2216 1607 2390 1662 eidem
2440 1605 2609 1662 fundo
2655 1605 2909 1674 Baccani,
2942 1615 2997 1662 et
3032 1621 3158 1662 cum
3186 1605 3443 1660 omnibus

1863 1698 1929 1752 ad
1951 1713 2076 1754 eum
2102 1699 2534 1769 pertinentibus;
2565 1701 2876 1777 pariterque
2919 1707 2977 1755 et
3013 1697 3242 1753 fundum
3275 1698 3328 1752 in
3360 1697 3443 1752 inv

1862 1788 2829 1862 tegrumquivocaturJudaeorum,et
2849 1790 3078 1846 fundum
3101 1789 3195 1860 qui
3218 1796 3444 1844 vocatur

1862 1881 2367 1954 Gualdus(Galdus)
2399 1899 2523 1938 cum
2548 1882 2805 1937 omnibus
2830 1898 3020 1938 eorum
3049 1881 3444 1952 pertinentibus

1860 1973 2098 2043 positum
2122 1975 2279 2044 juxta
2308 1975 2620 2044 praedictam
2647 1975 2920 2030 civitatem
2949 1974 3250 2045 antiquam,
3279 1973 3444 2027 etiam

1859 2073 1914 2121 et
1934 2066 2083 2120 ﬁlum
2117 2066 2304 2121 saliua:
2325 2067 2379 2121 in
2403 2067 2695 2138 integrum,
2739 2067 2906 2122 situm
2939 2066 2996 2121 in
3028 2083 3104 2120 vn
3148 2066 3256 2120 ﬁla.
3309 2062 3442 2118 Item

1859 2166 1912 2213 et
1940 2159 1996 2213 in
2019 2157 2250 2213 Baecani
2276 2159 2407 2212 etin
2435 2158 2705 2214 Generula
2729 2158 3064 2231 (Genestula)
3089 2157 3176 2212 ﬁla
3205 2171 3399 2211 novem
3427 2198 3443 2221 ,

1860 2249 2043 2305 omnia
2089 2249 2179 2304 ﬁla
2219 2249 2521 2305 salinarum
2563 2266 2686 2321 qua:
2724 2249 2793 2305 ad
2820 2259 3066 2305 vestrum
3106 2247 3443 2320 episcopium

1856 2342 2130 2414 pertinere
2158 2353 2482 2406 noscuntur;
2509 2359 2602 2397 seu
2628 2352 2680 2397 et
2701 2341 2928 2397 fundum
2951 2343 3006 2396 in
3031 2341 3324 2412 integrum,
3347 2339 3443 2409 qui

1858 2441 2084 2490 vocatur
2125 2434 2366 2491 Gualdus
2414 2433 2606 2505 Major,
2651 2451 2777 2490 cum
2824 2434 3053 2490 ecclesia
3085 2432 3142 2488 S.
3173 2434 3367 2487 Aureae
3391 2439 3445 2486 et

1859 2534 2213 2582 monumento
2250 2542 2372 2594 suo,
2401 2535 2455 2582 et
2477 2536 2620 2582 terra
2651 2526 3021 2582 sementaritia
3051 2541 3173 2595 qua:
3201 2522 3442 2595 appella-

1858 2627 1950 2674 tur
1971 2617 2205 2674 Plauura
2231 2662 2246 2687 ,
2277 2619 2332 2674 in
2367 2634 2476 2691 qua
2507 2619 2760 2674 cisterna:
2789 2619 3042 2674 videntur
3069 2633 3191 2673 esse
3220 2615 3445 2687 (consti-

1859 2721 2032 2765 tutum
2069 2712 2208 2766 inter
2228 2713 2427 2781 ﬂumen
2457 2710 2682 2781 Tiberis)
2716 2711 2954 2782 positum
2988 2709 3127 2764 infra
3176 2708 3400 2764 fluvium
3425 2749 3440 2771 ,

1857 2812 1911 2859 et
1938 2803 2171 2859 formam
2201 2820 2322 2874 quae
2343 2813 2574 2859 vocatur
2599 2804 2840 2860 Areioni.
2881 2801 2992 2859 Nec
3026 2819 3132 2857 non
3164 2812 3218 2857 et
3239 2803 3442 2857 contir-

1858 2911 2075 2952 namus
2110 2896 2265 2952 vobis
2289 2907 2501 2952 curtem
2533 2897 2589 2951 in
2618 2896 2913 2968 integrum,
2944 2911 3068 2966 qua:
3099 2895 3300 2950 dicitur
3329 2892 3440 2948 Ga-

1857 2987 2012 3056 leria,
2053 2987 2110 3042 iu
2140 3004 2250 3058 qua
2277 2996 2360 3043 est
2385 2988 2616 3043 ecclesia
2659 2985 2717 3041 S.
2763 2987 2949 3042 Maria:
2987 3003 3112 3042 cum
3155 2985 3442 3040 caminatis

1859 3095 1956 3136 seu
1990 3080 2277 3136 ortieliniis
2308 3079 2625 3152 (tricliniis),
2675 3089 2841 3152 atque
2891 3079 3124 3134 diversis
3151 3077 3438 3141 cubiculis,

177 3151 374 3210 quarta
398 3141 555 3211 juxta
606 3139 664 3197 S.
693 3142 1070 3213 Laurentium,
1101 3154 1156 3200 et
1196 3163 1386 3227 usque.
1411 3147 1466 3202 in
1493 3149 1756 3218 praedium

1859 3182 1916 3230 et
1959 3175 2215 3230 omnibus
2265 3173 2381 3229 suis
2416 3173 2656 3228 aediﬁciis
2700 3189 2823 3243 quae
2859 3171 2997 3228 infra
3031 3187 3089 3228 se
3117 3180 3170 3227 et
3197 3171 3340 3226 circa
3384 3185 3442 3225 se

178 3231 491 3302 Trajanum.
522 3233 743 3290 Necnon
779 3236 1088 3292 clausuram
1133 3238 1200 3294 de
1247 3238 1401 3294 vinea
1427 3239 1480 3294 in
1513 3240 1633 3295 loco
1663 3242 1757 3312 qui

174 3333 403 3380 vocatur
449 3324 692 3396 Scarajo,
745 3336 796 3382 et
840 3329 1003 3383 aliam
1050 3330 1250 3400 petiam
1291 3347 1413 3402 quae
1458 3333 1757 3402 appellatur

174 3415 430 3485 Clusura,
465 3427 519 3474 et
565 3421 736 3474 vineae
771 3423 967 3492 petiam
1001 3438 1164 3477 unam
1201 3423 1255 3478 in
1280 3422 1452 3479 Turre
1477 3424 1756 3482 Cucuzuta

175 3506 514 3580 (Cucuzina),
551 3520 605 3566 et
657 3513 820 3568 aliam
873 3515 928 3568 in
963 3514 1208 3570 Mouton.
1242 3515 1438 3572 Verum
1491 3517 1654 3573 etiam
1703 3527 1756 3574 et

172 3600 404 3657 fundum
436 3619 605 3658 unum
640 3605 695 3660 in
727 3605 997 3678 integrum
1024 3609 1118 3678 qui
1152 3608 1351 3664 dicitur
1384 3609 1583 3666 Bacatu
1627 3610 1754 3684 (Ba-

171 3693 320 3763 cani)
357 3710 480 3748 cum
532 3697 828 3766 appeutlice
877 3715 1006 3765 sua,
1055 3716 1176 3771 qua:
1225 3711 1451 3757 vocatur
1483 3701 1754 3774 Scriptula

173 3783 509 3855 (Criptulis),
540 3788 594 3842 iu
644 3806 752 3860 qua
807 3801 934 3846 sunt
981 3792 1230 3849 cisterna:
1277 3795 1513 3864 antiqua:
1567 3797 1755 3865 positze

166 3877 325 3948 juxta
355 3879 600 3934 eamdem
630 3882 902 3938 civitatem
948 3883 1328 3952 Portuensem,
1370 3886 1531 3941 sicuti
1567 3887 1756 3956 incipit

170 3985 202 4023 a
251 3969 427 4039 primo
467 3971 635 4028 latere
677 3975 744 4028 ab
775 3976 969 4030 arbore
1019 3991 1141 4047 quae
1185 3977 1384 4033 dicitur
1439 3977 1754 4036 Tramarice

173 4059 524 4134 (Tumarice),
553 4066 806 4137 dirigitur
843 4069 894 4121 iu
925 4067 1266 4137 Colunnella,
1297 4087 1419 4140 quae
1464 4073 1518 4126 in
1561 4087 1754 4144 campo

175 4162 323 4209 stare
355 4155 570 4211 videtur
616 4159 869 4214 milliario
900 4163 1139 4216 secundo
1185 4163 1420 4219 distante
1450 4165 1519 4220 ab
1564 4166 1751 4221 eadem

174 4244 412 4313 civitate,
459 4256 511 4302 et
539 4249 730 4306 deinde
760 4262 1013 4323 pergente
1055 4262 1202 4310 recto
1253 4256 1444 4312 itinere
1471 4273 1567 4328 per
1595 4257 1751 4314 Sala-

171 4335 333 4403 riam,
362 4347 416 4393 et
446 4355 619 4411 usque
647 4342 717 4398 ad
759 4345 1017 4415 attegiam
1049 4347 1422 4418 piscatoriam,
1451 4358 1507 4405 et
1530 4366 1597 4406 ex
1628 4350 1753 4408 inde

173 4437 447 4484 remeante
501 4431 568 4486 ad
617 4449 764 4490 mare
792 4451 889 4506 per
924 4435 1239 4507 Bucciuam,
1285 4448 1341 4495 et
1381 4441 1753 4498 circumeunte

171 4518 324 4575 littus
351 4523 520 4583 maris
545 4541 719 4596 usque
745 4527 811 4581 ad
847 4527 1102 4584 Sanctam
1143 4527 1468 4602 Nympham,
1499 4541 1556 4588 et
1577 4549 1753 4604 usque

169 4610 240 4666 ad
269 4611 467 4669 Focem
480 4614 783 4686 Miceinam,
813 4634 937 4673 eum
969 4619 1102 4676 locis
1127 4621 1220 4691 qui
1241 4622 1496 4678 dicuntur
1519 4622 1751 4680 Juucera

171 4701 436 4775 (Jonceta)
473 4723 648 4778 usque
694 4710 763 4765 ad
797 4711 1105 4780 balnearia,
1147 4721 1202 4767 et
1241 4729 1417 4784 usque
1467 4715 1536 4770 ad
1571 4715 1750 4772 locum

169 4797 262 4865 qui
297 4796 493 4854 Portus
549 4800 768 4870 Trajani
812 4812 1056 4870 vocatur,
1103 4813 1155 4859 et
1196 4820 1371 4876 usque
1400 4807 1469 4861 ad
1489 4807 1749 4877 palatium

169 4887 263 4956 qui
295 4898 520 4943 vocatur
556 4889 836 4961 Prngesta,
869 4902 922 4948 et
965 4911 1139 4965 usque
1184 4896 1249 4950 ad
1277 4897 1547 4952 civitatem
1575 4898 1748 4968 ipsam

170 4980 593 5036 vetustissimam
625 4999 749 5039 cum
782 4987 904 5042 lacu
929 4987 1168 5057 Trajani.
1202 4987 1312 5045 Nec
1338 5006 1445 5048 non
1472 4999 1528 5047 et
1555 4994 1752 5052 castel-

169 5067 284 5123 lum
311 5070 458 5125 aliud
482 5073 664 5128 miuus
709 5075 764 5129 in
792 5077 1064 5147 integrum
1090 5094 1214 5134 cum
1240 5083 1496 5139 omnibus
1523 5084 1591 5140 ad
1619 5084 1750 5140 illud

169 5160 594 5232 pertinentibus;
627 5173 680 5220 et
726 5166 780 5221 in
824 5169 1039 5224 civitate
1071 5169 1523 5230 Constantiniana
1566 5179 1749 5233 omnia

166 5265 290 5319 qua:
319 5250 520 5307 ibidem
546 5257 865 5324 praedictum
893 5260 1229 5331 episcopium
1259 5265 1458 5320 habere
1478 5267 1749 5338 dignosci-

170 5353 278 5409 tur,
317 5359 426 5398 uua
462 5362 585 5401 cum
616 5347 856 5406 Ecclesia
890 5352 1175 5408 beatorum
1202 5357 1573 5430 apostolorum
1600 5357 1746 5416 Petri

165 5444 216 5486 ct
251 5431 403 5488 Pauli
430 5436 727 5507 destructa,
754 5455 876 5496 cum
907 5444 1131 5514 cryptis,
1158 5445 1250 5501 ubi
1280 5447 1536 5502 animalia
1574 5449 1748 5520 ipsius

169 5529 422 5586 Ecclesiae
450 5548 671 5590 manere
714 5537 984 5604 videntur,
1020 5539 1228 5608 (deinde
1269 5550 1317 5594 et
1354 5543 1496 5595 vadit
1537 5544 1626 5613 ad)
1655 5560 1750 5600 ex—

168 5622 516 5680 tendentibus
551 5641 609 5681 se
650 5644 822 5698 usque
871 5628 926 5683 S.
967 5629 1213 5699 Mariam,
1261 5650 1382 5702 qua:
1431 5636 1650 5704 ponitur
1696 5638 1748 5691 in

167 5730 297 5766 arcu
331 5732 452 5771 cum
489 5721 694 5789 (crypta
724 5731 772 5774 et
793 5722 967 5792 domo)
991 5724 1251 5791 cisterna,
1281 5737 1332 5780 et
1356 5743 1528 5797 usque
1557 5730 1621 5783 ad
1649 5730 1748 5784 do-

166 5821 321 5868 mum
376 5826 496 5882 quae
538 5823 763 5869 vocatur
806 5815 1063 5874 Balneum
1117 5819 1356 5893 Veneris,
1399 5831 1449 5878 ct
1489 5839 1660 5896 usque
1686 5824 1750 5880 ad

1860 3265 2060 3322 habere
2096 3265 2454 3337 dignoscitur,
2483 3280 2608 3320 cum
2639 3266 2893 3322 omnibus
2920 3264 3138 3330 ﬁnibus,
3173 3261 3438 3326 terminis,

1858 3355 2230 3427 limitibusque
2257 3357 2393 3423 suis,
2419 3357 2582 3434 terris
2605 3357 2900 3421 casalibus,
2933 3355 3105 3420 silvis,
3130 3362 3292 3424 atque
3313 3369 3441 3423 pan-

1857 3449 2047 3505 tacieis
2079 3447 2380 3522 (Pantouis)
2410 3463 2535 3502 cum
2579 3457 2743 3518 ponte
2768 3489 2782 3513 ,
2814 3455 2868 3501 et
2897 3446 3073 3517 ipsum
3127 3445 3300 3499 rivum
3344 3445 3439 3514 qui

1857 3549 2084 3596 vocatur
2117 3539 2330 3596 Galeria
2359 3581 2372 3605 ,
2411 3555 2586 3610 usque
2615 3539 2684 3594 ad
2711 3539 2915 3594 ﬁumen
2939 3581 2954 3605 ,
3000 3553 3108 3592 una
3132 3552 3256 3593 eum
3288 3552 3439 3591 cam-

1857 3631 1960 3702 pis,
1985 3631 2174 3702 pratis,
2198 3631 2438 3702 pascuis,
2465 3630 2687 3697 salictis,
2725 3630 3016 3686 arboribus
3060 3628 3354 3684 fructiferis
3389 3637 3443 3684 et

1857 3723 2211 3779 infructiferis
2239 3725 2440 3780 diversi
2479 3725 2714 3794 generis,
2745 3724 2942 3794 puteis,
2988 3721 3250 3788 fontibus,
3285 3723 3439 3788 rivis,

1856 3813 2014 3882 aquis
2054 3813 2383 3884 perennibus
2424 3828 2550 3868 cum
2589 3813 2724 3868 locis
2755 3812 2822 3867 ad
2853 3811 3126 3883 aquimola
3173 3809 3438 3878 facienda,

1855 3906 1941 3960 vel
1968 3921 2093 3960 cum
2121 3905 2378 3960 omnibus
2405 3905 2471 3960 ad
2504 3904 2817 3974 praedictam
2861 3912 3090 3971 curtem,
3124 3919 3246 3975 qua:
3275 3917 3440 3957 voca-

1855 4004 1943 4052 tur
1972 3995 2206 4061 Galeria,
2231 3995 2650 4066 pertinentibus.
2683 3993 2966 4064 Simulque
2988 4004 3201 4065 pratum
3223 3993 3280 4048 in
3305 3993 3442 4048 inte-

1855 4102 2013 4158 grum
2072 4086 2276 4141 cultum
2315 4096 2368 4142 et
2423 4086 2746 4153 assolatum,
2796 4085 2963 4140 situm
3012 4086 3068 4140 in
3115 4100 3309 4155 campo
3346 4086 3441 4155 qui

1854 4185 2081 4232 vocatur
2123 4176 2294 4232 Merui
2323 4219 2336 4244 ,
2393 4185 2446 4232 et
2498 4177 2647 4232 vadit
2695 4193 2790 4248 per
2832 4186 3075 4233 montem
3121 4192 3284 4246 quem
3311 4176 3440 4231 olim

1854 4268 2089 4325 detinuit
2119 4266 2359 4325 Joannes
2387 4270 2454 4324 de
2482 4268 2731 4338 Miecina,
2757 4279 2810 4324 et
2843 4270 3086 4325 hzeredes
3122 4268 3438 4340 (quondam)

1856 4359 2118 4432 Stephani
2151 4358 2646 4417 Numemculatoris
2670 4402 2685 4429 ,
2750 4369 2805 4417 et
2833 4361 3029 4417 exinde
3077 4361 3295 4416 ducitur
3331 4359 3439 4431 (ul-

1854 4458 1937 4507 tra
1979 4450 2146 4521 viam)
2199 4467 2299 4522 per
2346 4454 2527 4508 casale
2572 4468 2737 4524 quem
2782 4453 2912 4508 olim
2941 4453 3173 4508 detinuit
3200 4452 3443 4508 Joannes

1856 4542 1922 4598 de
1953 4541 2162 4614 Sergio,
2191 4552 2245 4599 et
2273 4543 2472 4599 transit
2504 4543 2642 4614 (per)
2671 4544 2832 4598 aliam
2863 4544 3005 4598 viam
3034 4543 3363 4607 Carrariam,
3388 4553 3443 4596 et

1854 4633 2003 4689 venit
2053 4633 2108 4687 in
2155 4633 2334 4689 casale
2385 4650 2548 4706 quem
2579 4634 2822 4689 detinent
2851 4634 3094 4689 haeredes
3122 4633 3439 4688 Transtibe—

1854 4723 1980 4791 rini,
2031 4725 2173 4780 sicut
2218 4740 2315 4794 per
2365 4724 2560 4780 afﬁnes
2615 4740 2954 4781 marmoreas
3000 4726 3336 4796 designatur;
3387 4732 3442 4780 et

1852 4817 2046 4872 exinde
2073 4815 2222 4873 vadit
2245 4817 2300 4872 in
2329 4817 2509 4873 casale
2540 4815 2856 4872 monasterii
2887 4826 3201 4874 sanctorum
3229 4817 3441 4872 Cosmae

1853 4915 1906 4962 et
1933 4905 2203 4975 Damiani,
2230 4917 2284 4963 et
2311 4908 2486 4978 pergit
2510 4922 2607 4978 per
2634 4905 2900 4963 fossatum
2927 4907 3234 4978 antiquum,
3287 4907 3437 4977 quod

1854 4998 2009 5054 verni
2055 5009 2296 5071 tempore
2325 5000 2477 5056 ducit
2511 5014 2710 5070 aquam
2739 4999 2794 5054 in
2823 4999 2998 5054 rivum
3029 4997 3254 5054 Galeria:
3278 5040 3291 5064 ,
3345 4997 3364 5068 (
3387 5008 3440 5052 et

1852 5091 2026 5161 pergit
2049 5105 2144 5161 per
2173 5092 2412 5147 medium
2436 5092 2613 5148 rivum
2639 5092 2707 5147 de
2741 5090 2954 5147 Galeria
2985 5091 3178 5162 usque)
3207 5103 3436 5161 pergen-

1853 5190 1959 5236 tem
1988 5183 2056 5238 ad
2081 5183 2286 5239 molam
2321 5184 2388 5240 de
2416 5183 2584 5250 Silva,
2614 5178 2668 5238 et
2692 5183 3057 5238 revolventcm
3087 5180 3335 5253 (revolvit
3357 5183 3437 5252 se)

1851 5290 1948 5346 per
1997 5276 2142 5332 viam
2193 5277 2489 5332 carrariam
2542 5291 2715 5347 usque
2761 5276 2828 5331 ad
2875 5275 3069 5330 vallem
3108 5275 3343 5329 mediam
3373 5276 3438 5328 de

1851 5378 2036 5422 monte
2076 5368 2170 5439 qui
2223 5377 2450 5424 vocatur
2493 5367 2709 5434 Zuuul,
2759 5376 2812 5422 et
2855 5374 3165 5436 pergentem
3221 5365 3436 5438 (pergit)

1857 5472 2033 5527 usque
2061 5459 2129 5514 ad
2160 5458 2442 5525 Stafﬁlcm,
2483 5459 2574 5529 qui
2606 5467 2715 5515 stat
2741 5459 2798 5514 in
2823 5458 3142 5525 Lintisciuo,
3180 5467 3233 5513 et
3266 5474 3442 5527 usque

1858 5550 1913 5605 in
1943 5560 2104 5619 caput
2126 5552 2190 5605 de
2219 5551 2354 5606 valle
2384 5552 2542 5621 (valle
2594 5551 2781 5606 Stabla
2820 5560 2873 5606 et
2914 5567 3010 5621 per
3049 5549 3315 5605 fossatum
3353 5550 3437 5621 ip-

1859 5641 1974 5697 sius
2011 5643 2166 5696 vallis
2189 5643 2359 5713 pergit
2390 5661 2417 5696 a
2449 5644 2583 5713 pede
2609 5645 2826 5698 ﬁlorum
2859 5644 3180 5712 salinarum)
3212 5656 3436 5698 conetu-

1858 5732 2074 5787 dentcm
2120 5742 2294 5789 totqu
2319 5751 2569 5804 campum
2602 5753 2774 5807 usque
2827 5738 2880 5789 in
2911 5735 3156 5805 pedicam
3191 5748 3312 5805 qua:
3340 5748 3439 5794 v0.-

1865 5815 2020 5881 catur
2051 5826 2266 5900 (Ticoli)
2303 5827 2455 5899 Ticli,
2487 5839 2535 5885 ct
2569 5830 2834 5902 piscinam
2862 5827 3170 5885 Galiardatu
3214 5827 3439 5890 concias
