4056 5360
568 238 625 316 ti
646 259 700 316 ξε)

1870 248 2151 308 JOANNIS
2181 247 2301 303 XIX
2342 246 2543 302 ΡᾹΡᾸΞ

3710 238 3843 295 Ιίῖο

564 373 781 429 (ῐεηιοιιι
810 372 979 445 ipsam
1013 348 1254 443 pedicam
1282 414 1295 439 ,
1328 370 1417 426 ubi
1448 380 1573 426 sunt
1599 369 1685 425 ﬁla
1711 385 1815 424 xxx
1838 376 2146 445 pergentem
2178 362 2225 421 A
2252 363 2614 420 casteldiones
2635 361 2701 417 de
2724 369 2833 416 tota
2862 358 3151 416 Portuensi
3178 359 3415 425 civitate,
3442 356 3644 415 sive‘de
3671 358 3843 429 portis

562 469 718 541 juxta
742 438 983 541 filaqua:
1014 438 1142 525 sunt
1169 438 1483 524 monasterii
1516 468 1619 538 (de
1649 438 1878 522 Mirandi
1903 465 1920 538 )
1950 438 2016 520 vdi
2045 438 2149 519 Mi;

565 562 737 616 randa
768 577 942 632 usque
971 562 1023 616 in
1070 561 1332 632 Stagnum
1364 560 1557 632 Majus,
1588 568 1643 616 et
1673 552 1907 632 (tertiam
1938 566 2149 630 partem

563 656 809 727 prtezlieti
838 656 1023 727 Stagni
1062 655 1283 727 Majoris
1311 664 1365 711 et
1394 671 1491 726 per
1520 655 1694 725 ripam
1722 652 1914 725 ipsius)
1946 668 2042 724 per
2072 651 2150 708 ri-

564 764 691 820 pam
724 747 912 821 Stagni
945 766 1117 820 usque
1146 748 1200 804 in
1223 748 1640 815 Bordunariam,
1672 755 1725 803 et
1763 763 1793 804 a
1822 747 1978 818 (pede
2012 745 2155 801 anti-

567 842 823 913 quorum)
848 844 979 913 pede
1005 843 1221 898 filorum
1245 858 1418 914 usque
1441 842 1495 896 in
1523 839 1756 897 Baccani
1782 884 1797 907 ,
1820 850 1874 897 et
1899 856 2071 912 usque
2096 839 2153 894 in

566 944 713 990 terra
758 936 824 991 de
860 936 1104 1008 prtedicti
1160 935 1417 1007 episcopii
1445 977 1458 1001 ,
1502 943 1554 990 et
1605 950 1780 1005 usque
1821 934 1874 989 in
1918 932 2153 989 fortnam

566 1044 690 1098 quae
724 1038 946 1084 vocatur
975 1030 1221 1096 Arcion.,
1266 1036 1321 1084 et
1362 1043 1455 1098 per
1494 1027 1666 1098 ipsam
1706 1025 1934 1081 formam
1978 1040 2155 1095 usque

568 1121 623 1175 ia
666 1122 843 1175 rivum
881 1119 978 1192 qui
1020 1128 1248 1177 vocatur
1289 1119 1505 1175 Galeria
1530 1160 1544 1185 ,
1589 1126 1643 1173 et
1698 1119 1838 1173 ultra
1881 1115 2152 1172 Galeriam

566 1228 665 1283 per
699 1212 929 1268 formam
960 1228 1133 1284 usque
1162 1213 1217 1267 in
1241 1211 1558 1283 prtedictum
1586 1210 1826 1281 primum
1852 1209 2063 1265 affinem
2088 1208 2156 1262 de

567 1305 730 1364 Prata
765 1307 975 1364 Caraci.

641 1399 783 1454 Infra
811 1401 913 1456 bos
935 1415 1063 1455 vero
1091 1399 1223 1457 fines
1251 1399 1372 1454 loca
1402 1407 1455 1454 et
1484 1397 1748 1453 vocabula
1774 1404 1903 1453 sunt
1927 1396 2042 1450 haec
2071 1410 2157 1450 se-

565 1499 798 1561 quentes
829 1490 1159 1557 :Cazsarius,
1196 1489 1420 1559 Palmis,
1458 1489 1819 1554 Sorbilianus,
1849 1486 2155 1543 Pantanum

568 1583 769 1654 majus,
797 1582 962 1639 Clusa
985 1592 1167 1639 vetere
1213 1583 1393 1652 (vetus
1429 1582 1581 1638 curia
1613 1582 1679 1637 de
1706 1580 1921 1636 Galeria
1958 1579 2156 1634 Pania-

567 1688 701 1731 num
728 1675 949 1748 majus),
978 1676 1224 1732 Meodian
1249 1676 1574 1749 (Rugnosum
1593 1673 1742 1728 Mons
1767 1674 1830 1728 de
1854 1671 2158 1743 Canaparia

570 1766 712 1822 celsa
735 1767 1032 1841 Longerie),
1059 1767 1372 1841 Ruginosus
1386 1767 1954 1838 monsflannoparius,
1974 1766 2155 1833 Celza,

568 1856 755 1918 Limes
791 1862 967 1932 major
989 1861 1186 1933 (major
1213 1877 1441 1931 campus
1468 1858 1791 1931 publicum),
1820 1857 2157 1930 Stagnellum

569 1953 949 2022 maledictum,
993 1954 1181 2023 Ticeli,
1215 1954 1435 2011 Piscina
1479 1952 1763 2019 Galiarda,
1802 1948 2157 2017 Olibastrum,

572 2048 912 2121 Stagnellum
941 2050 1286 2122 peregrinum
1329 2065 1454 2104 cum
1486 2047 1742 2104 omnibus
1775 2060 1966 2101 eorum
1990 2044 2159 2117 perti-

569 2142 795 2198 nentiis.
845 2141 957 2199 Nec
1004 2158 1114 2199 non
1151 2151 1205 2198 et
1243 2142 1637 2198 confirmamus
1666 2140 1821 2196 vobis
1854 2139 2161 2210 vestrisque

571 2235 980 2292 successoribus
1029 2234 1424 2307 Perpetualiter
1484 2243 1721 2305 quatuor
1773 2233 1829 2287 in
1890 2233 2158 2305 integrum

570 2326 900 2399 principales
931 2328 1131 2396 untias,
1162 2328 1307 2399 quod
1338 2335 1422 2383 est
1450 2327 1609 2383 tertia
1644 2341 1773 2397 pars
1806 2325 1873 2381 de
1903 2333 2017 2380 toto
2046 2333 2161 2381 sta-

568 2432 681 2490 gno
722 2420 929 2490 majore
953 2417 1263 2475 Portuensi.
1299 2417 1542 2489 Itemque
1567 2418 1917 2474 concedimus
1946 2424 2000 2472 et
2024 2433 2162 2473 con-

571 2509 859 2570 ﬁrmamus
894 2513 1051 2569 vobis
1087 2513 1394 2584 vestrisque
1432 2511 1845 2568 successoribus
1874 2519 2079 2566 turrem
2105 2511 2162 2567 in

572 2601 847 2678 integrum
887 2622 1010 2676 qum
1048 2611 1275 2661 vocatur
1301 2605 1368 2659 de
1393 2604 1551 2670 Albo,
1603 2620 1727 2660 cum
1757 2603 1922 2670 casis,
1965 2603 2161 2672 vineis,

573 2697 772 2764 hortis,
806 2698 987 2766 terris,
1016 2698 1700 2769 eampis,pratis,pascuis,
1721 2697 1894 2765 silvis,
1913 2697 2163 2767 pantanis

573 2795 629 2844 et
650 2788 800 2853 rivis,
818 2789 979 2845 cultis
996 2796 1050 2843 et
1072 2788 1310 2855 incultis,
1338 2788 1525 2843 vacuis
1537 2796 1592 2843 et
1605 2788 1798 2858 plenis,
1823 2796 1877 2843 et
1905 2804 2028 2843 cum
2053 2804 2167 2842 om-

574 2880 739 2937 nibus
766 2881 835 2936 ad
864 2879 1173 2951 praedictam
1217 2878 1446 2950 (turrem
1480 2886 1535 2933 et
1564 2877 1832 2957 Gualdum
1860 2877 2162 2950 Longerize)

575 2979 783 3028 turrem
816 2973 1138 3045 generaliter
1162 2981 1214 3027 et
1240 2972 1291 3026 in
1314 2972 1584 3044 integrum
1615 2971 2033 3043 pertinentibus,
2064 2971 2166 3027 sic-

2251 456 2334 513 vel
2380 456 2446 513 de
2493 455 2746 521 navibus,
2795 469 2894 510 nec
2938 469 3047 508 non
3096 453 3163 531 de
3200 461 3313 508 tota
3351 446 3841 519 Burdunaria,'vcl

2252 547 2517 619 quidquid
2547 556 2700 602 extra
2739 543 2824 599 vel
2855 540 2998 599 infra
3035 543 3352 616 ubicunque
3394 543 3502 599 illis
3531 542 3841 615 pertinuit;

2253 640 2320 696 de
2342 639 2457 711 jam
2485 639 2631 694 dicto
2674 636 2979 693 ministerio
3020 636 3175 692 vobis
3218 635 3521 707 vestrisque
3548 650 3839 692 successo-

2252 731 2407 787 ribus
2428 729 2702 801 perpetuis
2723 729 3060 800 temporibus
3082 727 3374 783 tribuimus
3390 724 3843 796 (possessionem)

2252 820 2659 893 possidendam,
2689 821 2761 875 ita
2786 828 2846 875 ut
2872 820 3309 891 qualemcunque
3337 817 3619 873 hominem
3644 817 3846 873 ibidem

2254 913 2587 971 constituere
2615 913 2894 969 volueritis
2934 910 3236 968 castaldum
3272 919 3367 966 aut
3410 909 3848 977 mandatarium,

2254 1015 2450 1062 vestrae
2470 1006 2722 1076 potestati
2746 1004 3031 1069 consistat,
3059 1010 3113 1058 et
3154 1001 3418 1074 quidquid
3439 1018 3506 1057 ex
3529 1002 3655 1072 ipso
3682 1000 3847 1057 minio

2257 1103 2423 1155 sterio
2454 1097 2771 1168 acquisierit
2808 1097 2893 1152 vel
2923 1096 3122 1151 habere
3160 1095 3379 1167 poterit,
3418 1094 3577 1150 vobis
3611 1094 3849 1149 vestris-

2256 1207 2363 1262 que
2412 1190 2826 1247 successoribus
2871 1188 3165 1254 deferatur,
3216 1186 3482 1258 quidquid
3530 1186 3695 1241 vobis
3734 1187 3849 1258 pia-

2257 1282 2434 1339 cuerit
2471 1282 2666 1338 exinde
2704 1281 2958 1345 faciendi,
2995 1290 3177 1335 tamen
3219 1280 3266 1336 si
3302 1288 3491 1335 nostro
3519 1278 3738 1346 comiti,
3767 1278 3849 1334 vel

2258 1386 2573 1432 nostrorum
2617 1374 3029 1432 successoribus
3064 1372 3327 1443 placuerit
3352 1372 3419 1427 de
3446 1371 3561 1436 illo,
3603 1370 3756 1442 quod
3783 1371 3852 1423 ait

2259 1479 2510 1525 nostrum
2550 1468 2811 1539 palatium
2862 1467 3116 1539 pertinet,
3164 1464 3476 1521 fidelitatem
3522 1463 3696 1533 juret.
3746 1461 3850 1531 Ipsi

2261 1577 2496 1633 namque
2544 1561 2792 1629 comites,
2838 1558 2933 1631 qui
2967 1574 3064 1631 per
3095 1565 3341 1629 tempora
3378 1555 3603 1629 (ipsam)
3652 1554 3851 1609 ibidem

2264 1654 2465 1709 fuerint
2511 1653 2565 1724 (a
2599 1653 2757 1709 nobis
2789 1651 2875 1707 vel
2915 1667 2945 1707 a
2976 1651 3181 1707 nostris
3223 1646 3663 1717 successoribus)
3705 1643 3856 1701 nullo

2262 1747 2425 1803 modo
2469 1745 2634 1801 alium
2680 1743 2983 1801 castaldum
3027 1750 3123 1799 aut
3161 1740 3567 1796 mandatarium
3617 1738 3831 1793 audear.

2242 1840 2518 1898 ordinare
2543 1839 2628 1896 vel
2657 1838 2988 1895 constituere
3014 1879 3027 1903 ,
3072 1843 3270 1907 praeter
3296 1833 3422 1889 illos
3455 1831 3597 1904 quos
3636 1847 3741 1887 vos
3772 1828 3853 1886 vel

2259 1933 2428 1991 vestri
2475 1946 2827 1989 successores
2854 1928 3116 1985 ordinatis
3141 1926 3227 1981 vel
3248 1924 3584 1981 constitutis.
3621 1921 3785 1993 Quod
3809 1920 3855 1977 si

2262 2024 2506 2092 iecerint,
2534 2025 2619 2080 vel
2663 2024 2729 2080 de
2750 2024 2867 2095 jam
2914 2022 3061 2078 dicto
3089 2003 3442 2077 castaidatico
3469 2015 3686 2087 aliquid
3736 2013 3855 2070 vio-

2262 2117 2437 2175 lenter
2465 2117 2810 2183 abstulerint,
2840 2116 2925 2171 vel
2948 2129 3072 2186 quae
3110 2129 3139 2168 a
3168 2111 3327 2168 nobis
3354 2109 3511 2166 vobis
3548 2107 3857 2180 vestrisque

2263 2211 2676 2270 successoribus
2720 2208 2918 2265 tradita
2961 2214 3091 2264 sunt
3138 2203 3386 2277 frangere
3432 2210 3531 2258 aut
3581 2199 3858 2259 contraire

2260 2303 2554 2371 voluerint,
2583 2302 2964 2374 unusquisque
3000 2316 3050 2355 Iv
3083 2298 3161 2354 lib
3187 2338 3200 2351 .
3235 2296 3357 2352 auri
3400 2294 3718 2366 persolvat;
3746 2308 3859 2349 me-

2263 2398 2520 2455 dietatem
2544 2412 2675 2453 vero
2711 2393 3069 2467 episcopatui,
3114 2400 3168 2447 et
3195 2389 3541 2446 medietatem
3568 2388 3629 2444 in
3668 2394 3859 2444 nostro

2263 2490 2499 2564 palatio,
2541 2498 2597 2546 et
2638 2489 2784 2562 quod
2823 2488 2893 2543 ab
2940 2486 3020 2543 eis
3068 2485 3123 2541 in
3168 2481 3537 2557 (castaldatu)
3602 2490 3857 2536 nostrum

2263 2584 2675 2650 castaldionem,
2705 2581 2790 2638 vel
2820 2581 2875 2635 in
2903 2574 3302 2652 (mandatariis)
3328 2573 3744 2631 mandatarium
3772 2587 3859 2627 or»

2264 2679 2511 2736 dinatum
2548 2675 2714 2732 fuerit
2740 2683 3052 2731 evacuetur.
3099 2670 3157 2726 Si
3190 2683 3320 2725 vero
3348 2676 3656 2724 contumax
3685 2665 3858 2723 exsti-

2265 2773 2411 2841 terit,
2443 2785 2617 2841 usque
2656 2769 2723 2824 ad
2746 2783 2931 2824 veram
2977 2762 3258 2838 (vestram)
3289 2758 3733 2817 satisfactionem
3762 2774 3858 2816 ex-

2266 2862 2700 2922 communicatus
2728 2858 2944 2916 existat.

2335 2954 2577 3025 Itemque
2590 2950 2942 3009 concedimus
2964 2954 3021 3003 et
3051 2944 3442 3003 confirmamus
3451 2941 3614 2997 vobis
3628 2940 3861 2997 vestris-

576 3064 654 3119 uti
676 3063 862 3118 aflines
893 3063 1011 3132 ejus
1047 3062 1352 3135 designant,
1399 3078 1430 3118 a
1473 3062 1651 3133 primo
1683 3063 1850 3117 latere
1884 3062 2036 3117 rivus
2068 3061 2161 3134 qui

2264 3063 2371 3121 que
2392 3045 2804 3105 successoribus
2819 3043 2872 3099 in
2891 3049 3212 3114 perpetuum
3237 3039 3303 3094 de
3317 3037 3536 3092 civitate
3549 3035 3861 3093 Portuense

573 3165 803 3211 vocatur
830 3155 1065 3224 Galeria,
1094 3163 1148 3210 et
1181 3172 1212 3212 a
1243 3155 1483 3212 secundo
1504 3156 1682 3211 latere
1711 3154 1908 3212 fluvius
1949 3156 2043 3227 qui
2065 3171 2163 3211 vo-

574 3255 732 3302 catur
786 3244 1019 3313 Tiberis,
1071 3254 1175 3301 eta
1215 3246 1377 3301 tertio
1415 3245 1586 3302 latere
1624 3244 1996 3313 Pulverinula,
2038 3255 2091 3301 et
2132 3261 2162 3300 a

579 3345 778 3408 quarto
798 3335 969 3390 latere
1001 3333 1176 3390 forma
1206 3352 1329 3405 qure
1362 3343 1585 3391 vocatur
1610 3335 1854 3391 Arction.
1898 3334 2166 3391 Concedi-

577 3444 703 3484 mus
736 3429 898 3483 etiam
924 3427 1058 3497 ipsis
1086 3427 1402 3482 hominibus
1450 3427 1546 3498 qui
1566 3440 1666 3497 pro
1698 3436 1941 3497 tempore
1960 3427 2167 3484 habita-

577 3518 688 3575 turi
717 3526 845 3575 sunt
881 3519 937 3573 in
961 3518 1217 3590 prmdicta
1241 3515 1432 3584 Turre,
1467 3517 1538 3571 ita
1580 3527 1639 3572 ut
1660 3517 1862 3573 nullius
1887 3515 2162 3587 potestati,

580 3610 785 3666 nullius
813 3609 1009 3666 ditioni
1043 3609 1154 3665 sint
1188 3607 1413 3675 subditi,
1459 3617 1554 3663 aut
1592 3608 1755 3663 alicui
1784 3608 1995 3663 homini
2045 3622 2165 3663 ser-

576 3702 750 3770 viant,
776 3698 869 3758 aut
899 3702 1115 3758 hostem
1142 3700 1347 3756 faciant
1384 3700 1490 3757 nisi
1526 3700 1802 3773 episcopo,
1840 3702 1934 3773 qui
1964 3701 2078 3773 jam
2109 3701 2165 3756 in

579 3793 726 3851 dicto
747 3794 1024 3866 episcopio
1050 3793 1231 3849 fuerit.
1256 3790 1365 3849 Nec
1386 3808 1494 3850 non
1518 3800 1573 3848 et
1596 3793 1988 3850 confirmamus
2011 3793 2167 3849 vobis

579 3887 887 3959 vestrisque
914 3885 1325 3944 successoribus
1350 3885 1403 3941 in
1438 3893 1757 3957 perpetuum
1783 3901 1973 3942 omnes
2000 3902 2090 3942 res
2113 3894 2169 3943 et

581 3976 888 4047 facultates,
925 3980 1152 4035 mobiles
1177 3986 1232 4034 et
1256 3978 1561 4035 immobiles
1600 3980 1667 4035 de
1702 3978 1808 4036 illis
1854 3979 2167 4035 hominibus

588 4070 682 4142 qui
713 4072 831 4127 sine
868 4072 1083 4129 haerede
1120 4081 1175 4127 et
1220 4072 1459 4129 intestati
1488 4088 1552 4127 ac
1580 4072 1763 4128 subito
1806 4073 2169 4144 praeoccupati

585 4161 793 4233 judicio
837 4162 1057 4234 (judicio
1078 4163 1193 4236 Dei)
1228 4164 1430 4219 mortui
1464 4163 1686 4231 fuerint,
1733 4171 1787 4219 et
1827 4162 2051 4219 minime
2074 4178 2170 4234 per

587 4268 647 4308 se
670 4252 923 4309 ordinare
953 4268 1019 4309 ex
1048 4269 1237 4309 eorum
1288 4254 1637 4311 facultatibus
1678 4262 1912 4326 possunt
1951 4255 2006 4309 in
2058 4255 2167 4310 lota

585 4341 942 4399 Portuensem
968 4344 1263 4414 civitatem,
1290 4362 1386 4402 seu
1416 4346 1471 4400 in
1501 4346 1733 4416 (regione
1760 4343 2164 4412 Transtiberim)

2266 3143 2405 3199 duos
2419 3141 2720 3213 piscatores
2741 3148 2797 3194 et
2818 3139 2956 3192 duos
2979 3134 3235 3199 curiales,
3252 3131 3441 3203 quales
3455 3145 3556 3185 vos
3588 3128 3679 3185 vel
3692 3126 3859 3184 vestri

2265 3249 2612 3294 successores
2635 3232 2834 3305 eligere
2855 3226 3139 3285 volueritis
3164 3225 3230 3281 de
3246 3223 3378 3295 ipsis
3410 3221 3737 3282 hominibus
3766 3221 3858 3291 qui

2266 3329 2463 3386 ibidem
2490 3326 2714 3392 fuerint,
2752 3331 2847 3380 aut
2888 3318 3121 3378 inveniri
3160 3316 3455 3391 potuerint.
3490 3308 3709 3371 Vestrae
3752 3315 3855 3370 ita-

2264 3439 2373 3495 que
2407 3418 2749 3493 religiositati
2793 3418 2910 3473 lucc
2937 3414 3121 3471 omnia
3152 3412 3208 3466 in
3240 3417 3563 3481 perpetuum
3597 3407 3858 3463 concedi-

2263 3530 2390 3572 mus
2417 3522 2472 3570 et
2520 3512 2929 3569 confirmamus.
2959 3506 3094 3562 Item
3121 3504 3412 3561 statuimus
3430 3500 3596 3573 quod.
3612 3500 3722 3570 ipsi
3750 3500 3859 3554 duo

2266 3606 2394 3683 (ipsi
2418 3619 2655 3676 namque
2680 3602 2787 3658 duo
2803 3600 3104 3672 piscatores
3119 3603 3174 3650 et
3199 3595 3307 3650 duo
3334 3590 3594 3661 curiales)
3624 3590 3861 3683 ulterius

2264 3681 2470 3756 nullam
2501 3697 2832 3752 dotationem
2881 3699 2976 3746 aut
3021 3687 3304 3745 servitium
3346 3683 3571 3749 faciant,
3627 3697 3733 3737 nec
3788 3681 3855 3739 ad

2265 3791 2527 3865 placitum
2574 3786 2972 3855 distringantur
3015 3780 3085 3836 ab
3129 3779 3335 3850 aliquo,
3374 3775 3469 3848 qui
3491 3789 3593 3846 pro
3611 3782 3858 3865 tempore

2266 3863 2323 3941 in
2359 3884 2475 3955 ipsa
2497 3880 2714 3938 civitate
2741 3873 3033 3931 Portuensi
3077 3869 3417 3927 dominatum
3462 3865 3726 3933 tenuerit,
3763 3863 3856 3919 sed

2267 3982 2376 4031 tute
2410 3981 2742 4041 tuorumque
2765 3978 3148 4022 successorum
3191 3962 3312 4016 illos
3346 3957 3728 4016 submittimus
3756 3970 3856 4026 po~
3912 4004 3921 4009 -

2270 4064 2468 4122 testati.
2495 4060 2624 4117 Item
2660 4058 3053 4116 confirmamus
3110 4053 3265 4108 vobis
3289 4048 3597 4119 vestrisque
3632 4060 3856 4102 sucees~~

2266 4144 2488 4214 isoribus
2528 4151 2708 4211 casale
2761 4164 2934 4204 unum
2979 4147 3035 4201 in
3091 4146 3384 4216 integrum,
3443 4140 3594 4213 quod
3630 4145 3877 4223 vocatur

2270 4243 2624 4301 Genisianum
2652 4242 2728 4313 (in
2753 4240 2872 4294 loco
2902 4236 2995 4308 qui
3018 4234 3252 4291 Maliana
3286 4229 3508 4301 dicitur)
3540 4237 3598 4284 et
3627 4227 3850 4282 Malian.
3886 4302 3891 4305 _

2270 4337 2408 4394 Cum
2443 4336 2622 4391 insula
2676 4331 2887 4387 modica
2925 4330 3067 4384 ultra
3094 4328 3273 4380 rivum
3310 4324 3363 4377 in
3395 4323 3515 4393 ipso
3560 4321 3687 4377 loco
3711 4319 3859 4392 posi-

585 4431 1103 4506 'I'ranstiberim,vel
1130 4436 1185 4492 in
1208 4437 1385 4493 insula
1408 4437 1687 4505 Licaonia,
1716 4439 1829 4493 sive
1858 4437 2169 4507 ubicunque
2200 4414 2245 4468 Ῐ)
2274 4437 2409 4495 tum,
2434 4442 2558 4483 cum
2591 4423 2846 4479 omnibus
2870 4419 2972 4474 sibi
3029 4413 3447 4507 pertinentibus,
3503 4411 3749 4507 positum
3772 4410 3857 4507 via

582 4526 752 4583 vestri
786 4527 1044 4600 episcopii
1067 4527 1194 4599 jura
1232 4544 1353 4585 esse
1386 4528 1656 4583 videntur.
1706 4528 1883 4599 Ipsam
1924 4536 2166 4584 sanctam

587 4628 816 4675 matrem
844 4619 1140 4677 Ecclesiam
1163 4614 1515 4677 Portucnsem
1537 4620 1922 4676 constituimus
1945 4618 2167 4691 (atque),

586 4707 771 4783 itaque
782 4710 1465 4781 confirmamus(h:credem
1482 4711 1554 4766 ita
1582 4720 1641 4767 ut
1658 4710 1948 4781 episcopus
1963 4711 2054 4780 qui
2070 4725 2166 4780 per

586 4802 762 4874 ipsam
786 4802 842 4859 in
867 4802 1004 4874 jam)
1040 4803 1239 4859 habere
1263 4805 1656 4872 hrereditatem,
1681 4804 1777 4875 qui
1798 4820 1893 4874 per
1919 4811 2163 4872 tempora

587 4896 644 4955 in
670 4896 784 4967 jam
830 4895 979 4952 dicto
1011 4896 1290 4967 episcopio
1333 4897 1568 4952 ordinati
1619 4895 1839 4964 fuerint,
1887 4894 2165 4965 quomodo

587 4986 668 5042 eis
703 4988 967 5058 placuerit
993 4986 1362 5059 ordinandiet
1393 4988 1715 5059 disponendi
1756 4989 1952 5044 habeat
1994 4988 2165 5042 licen-

587 5076 722 5132 tiam
764 5086 825 5133 ut
860 5092 971 5133 non
1013 5078 1068 5134 in
1096 5087 1360 5134 aeternum
1388 5086 1634 5149 pereant,
1680 5079 1774 5134 sed
1817 5080 1872 5133 in
1903 5087 2168 5149 quantum

576 5166 824 5234 poterint
844 5182 1033 5222 eorum
1053 5183 1269 5241 semper
1287 5167 2170 5241 orationibus(opportunitatibus)

593 5254 934 5324 tuljuventur.

2274 4516 2560 4575 I‘ortuensi
2593 4516 2669 4587 (in
2701 4512 2958 4584 praedicto
3011 4509 3132 4562 loco
3185 4506 3279 4578 qui
3298 4506 3538 4559 vocatur
3580 4501 3856 4565 Malliana)

2268 4615 2423 4687 juxta
2453 4588 2667 4665 Malian.
2692 4605 2834 4677 juris
2863 4599 3182 4681 monasterii
3232 4597 3289 4652 S.
3334 4595 3640 4651 Pancracii.
3680 4593 3857 4687 Etiam

2273 4685 2326 4762 et
2356 4703 2746 4759 confirmannts
2809 4695 2964 4749 vobis
3003 4692 3307 4761 vestrisque
3342 4687 3760 4743 successoribus
3805 4685 3857 4738 in
3914 4742 3923 4747 ,

2274 4778 2591 4869 perpetuum
2652 4799 2818 4846 totam
2868 4786 3099 4842 insulam
3147 4797 3267 4852 qua:
3295 4788 3525 4834 vocatur
3554 4776 3856 4859 (Licaonia,

2270 4866 2453 4959 inqua
2501 4891 2585 4941 est
2660 4879 2889 4938 ecclesia
2930 4876 3085 4957 (Beati
3136 4871 3364 4928 Joannis
3422 4866 3857 4955 Baptistaﬂcunt

2266 4985 2418 5038 turre
2465 4987 2519 5032 et
2566 4973 2808 5030 oratorio
2839 4968 2979 5025 infra
3028 4965 3278 5024 eamdem
3313 4970 3526 5018 curtcm
3559 4961 3711 5028 cum)
3765 4972 3855 5012 ec-
3921 5005 3925 5008 .

2252 5063 2437 5127 vclesia
2466 5067 2651 5123 Sancti
2675 5062 3101 5120 Adelbcrticum
3146 5056 3292 5113 casis
3323 5044 3378 5108 et
3425 5041 3689 5109 oratoriis
3719 5047 3856 5104 infra
3904 5093 3909 5096 .
