4018 6462
159 394 289 452 “2|

1307 375 1668 460 EPISTOLAZ
1707 373 1796 452 er
1833 370 2247 450 DlPLOMATA.

3295 357 3432 416 “‘22

157 513 407 570 cedimus
429 515 484 562 et
534 501 923 560 conﬁrmamus
969 495 1128 552 vobis
1179 493 1398 550 Manum
1425 493 1482 546 S.
1542 465 1744 556 Mariae,
1777 505 1820 554 Α
1852 497 2102 558 possunt,
2140 485 2346 555 absque
2380 479 2488 536 illis
2522 493 2660 551 quas
2689 477 2806 550 jam
2829 475 3068 532 diximus
3094 471 3434 554 Transtiberi

159 601 456 674 Sancthue
508 595 760 668 Baptistae
793 591 1040 658 Joannis,
1067 603 1194 645 cum
1223 587 1382 642 horto
1405 583 1643 650 vineato,
1671 580 1747 636 si-

147 697 274 755 ‘cu‘ti
305 671 383 750 ini
411 689 691 748 chartulas
746 681 1128 758 acquisitionis
1153 681 1158 688 ’
1188 679 1276 735 vel
1330 673 1634 732 otl'ertionis
1691 671 1746 726 in

155 790 347 847 Leone
392 787 497 858 piae
521 780 802 838 memoriae
821 776 1144 850 presbytero
1174 769 1434 826 fascicula
1473 763 1746 822 contineri

155 882 398 948 videtur,
426 871 936 937 scilicet'domibus,
958 865 1210 924 tricliniis
1233 871 1287 918 et
1307 859 1613 934 parietinis,
1635 872 1747 914 una

154 990 289 1033 cum
314 979 472 1045 porta
490 977 546 1025 et
570 976 736 1039 puteo
760 978 918 1036 aquae
940 961 1098 1026 vivae,
1127 973 1226 1014 seu
1254 955 1490 1026 attegiis,
1515 968 1615 1008 nec
1635 966 1746 1006 non

155 1074 215 1122 et
244 1064 423 1120 hortis
445 1076 573 1118 eum
604 1055 880 1114 universis
919 1051 1209 1108 arboribus
1258 1061 1546 1120 pomarqu
1582 1051 1747 1116 atque

157 1158 454 1221 olivarum,
483 1152 664 1225 posita
687 1147 874 1205 Romae
894 1146 1118 1218 regione
1141 1141 1396 1213 septima,
1421 1139 1476 1194 in
1511 1139 1631 1194 loco
1651 1133 1747 1208 qui

154 1256 392 1306 vocatur
426 1244 606 1301 Proba
634 1243 792 1314 juxta
817 1235 1210 1296 monasterium
1244 1233 1301 1290 S.
1331 1233 1556 1306 Agathae
1581 1246 1749 1301 super

155 1334 400 1408 Sobora,
430 1337 620 1394 aﬁines
648 1349 780 1390 vero
809 1333 879 1388 ab
907 1340 1142 1401 utroque
1161 1327 1332 1382 latere
1365 1325 1469 1380 via:
1491 1324 1742 1396 publicae.

231 1431 503 1487 Praeterea
538 1427 931 1484 conﬁrmamus
970 1423 1127 1479 vobis
1157 1420 1466 1490 vestrisque
1523 1433 1746 1474 succes—

157 1525 384 1583 soribus
407 1523 462 1577 in
487 1522 677 1578 eadem
705 1517 937 1575 ecclesia
967 1516 1148 1582 horta,
1177 1513 1430 1584 crepat-ia,
1461 1528 1554 1568 seu
1598 1511 1748 1567 olea—

158 1621 286 1688 ria,
342 1633 453 1673 una
491 1630 617 1671 cum
679 1623 824 1668 terra
863 1606 1202 1666 seminaritia
1251 1620 1372 1675 qua:
1416 1603 1640 1676 ponitur
1690 1602 1747 1657 in

160 1719 353 1768 monte
385 1707 604 1774 Albino,
629 1712 685 1762 et
711 1703 875 1758 aliam
903 1708 1104 1757 terram
1127 1695 1555 1754 sementaritiam
1579 1695 1634 1749 in
1666 1694 1749 1748 in-

159 1813 380 1876 tegrum
405 1815 530 1856 cum
558 1794 862 1870 parietinis,
877 1799 930 1848 et
955 1791 1212 1847 omnibus
1234 1788 1352 1844 suis
1373 1787 1744 1858 pertinentiis,

158 1894 401 1970 positam
417 1891 550 1948 foris
572 1898 787 1962 portam
813 1885 1083 1943 Salariam
1097 1884 1165 1938 ad
1187 1883 1389 1939 clivum
1409 1880 1741 1937 cucumeris.
1781 1870 1824 1924 Β

159 1986 293 2044 Pari
308 1983 472 2042 modo
485 1981 840 2039 concedimus
859 1988 914 2035 et
928 1975 1323 2034 conﬁrmamus
1343 1974 1498 2030 vobis
1520 1973 1749 2028 vestris-

160 2096 274 2152 que
293 2073 708 2135 successoribus
754 2075 812 2129 in
861 2079 1183 2144 perpetuum
1214 2083 1432 2124 omnem
1459 2065 1754 2123 ordinatio-

161 2185 295 2228 nem
316 2165 704 2238 episcopalem,
729 2173 842 2219 tam
893 2162 960 2218 de
1008 2158 1341 2232 presbyteris
1371 2173 1535 2230 quam
1566 2157 1753 2212 diaco—

161 2263 334 2320 nibus
367 2261 450 2318 vel
477 2257 806 2316 diaconissis
835 2271 932 2312 seu
977 2252 1428 2318 subdiaconibus,
1482 2249 1750 2317 ccclesiis,

161 2353 266 2409 vcl'
279 2351 542 2408 altaribus
561 2365 686 2422 qua:
709 2350 766 2404 in
777 2355 895 2404 tota
905 2344 1240 2402 Transtiberi
1264 2344 1574 2400 necessaria
1591 2341 1755 2396 fuerit

163 2444 498 2512 faciendum,
532 2443 639 2498 nisi
661 2441 803 2497 forte
826 2439 1122 2497 cardinalis
1144 2437 1448 2510 presbyter,
1474 2437 1558 2492 vel
1581 2435 1756 2492 cardi-

165 2537 312 2594 nalis
321 2537 605 2604 diaconus,
621 2535 706 2590 vel
727 2533 1124 2598 subdiaconus,
1141 2530 1222 2585 vel
1244 2531 1494 2602 acolytus
1504 2530 1646 2586 sacri
1659 2545 1756 2602 pa-

163 2630 288 2688 latii
301 2627 684 2710 Lateranensis
697 2625 1103 2698 efficiaturxalia
1115 2639 1245 2679 vero
1256 2623 1412 2681 vobis
1427 2621 1760 2696 vestrisque)

165 2721 269 2780 sed
297 2721 482 2778 omnia
512 2721 612 2776 tibi
639 2720 858 2791 tuisque
891 2717 1326 2786 successoribus,
1371 2716 1457 2772 vel
1487 2717 1758 2788 episcopis

165 2815 267 2888 qui
301 2829 332 2870 a
352 2815 508 2871 vobis
537 2813 750 2868 invitati
790 2811 1000 2867 fuerint
1022 2807 1331 2878 ordinandi,
1381 2809 1756 2878 benediccndi,

165 2908 594 2969 eonsecrandive
633 2905 989 2963 concedimus
1030 2911 1378 2974 potestatem,
1423 2911 1478 2957 et
1506 2918 1573 2957 ne
1593 2918 1759 2973 paro-

167 3003 296 3061 chia
325 3009 509 3057 vestra
555 2999 740 3069 aliquo
783 2997 1115 3068 pet-vadatur
1159 2995 1436 3066 episcopo,
1477 2995 1612 3050 lines
1640 2995 1762 3066 ejus

165 3112 268 3170 per
291 3095 397 3150 hoc
439 3105 691 3149 nostrum
720 3089 1082 3160 apostolicum
1111 3087 1453 3160 privilegium
1479 3074 1756 3154 intimare,

1852 580 1991 638 sitis.

1920 694 2130 750 Interea
2143 690 2451 748 sancientes
2473 685 2752 758 jubcmus,
2778 681 2942 740 sicuti
2964 697 2998 738 a
3014 679 3218 736 nostris
3231 678 3438 750 prmde-

1847 784 2390 854 cessorihusjussum
2411 787 2516 846 est,
2573 787 2634 834 ut
2670 778 2724 832 in
2761 775 2987 832 flumine
3013 773 3436 844 toto,quiju.vta

1847 880 2038 938 urbem
2054 877 2414 932 Portuensem
2426 873 2561 928 decu
2570 871 2688 937 rrit,
2715 869 2898 924 nullus
2921 863 3436 923 audeatmolentiina

1846 981 1942 1028 aut
1975 979 2218 1042 pontem,
2242 964 2755 1040 praeterjussionem
2777 971 2928 1016 tuam
2953 959 3437 1015 velsuccessornm

1846 1073 2070 1120 tuorum
2100 1063 2502 1133 episcoporum,
2522 1057 2680 1128 juxta
2706 1055 2944 1126 priscam
2961 1049 3434 1115 consuetudinem,

1845 1169 2068 1228 quoquo
2133 1153 2300 1208 modo
2353 1150 2692 1206 constituere
2753 1145 3138 1219 (construere),
3200 1150 3255 1200 et
3308 1156 3440 1199 cum.

1847 1248 1987 1304 vela
2011 1245 2190 1313 vobis,
2227 1245 2312 1301 vel
2337 1244 2406 1299 ab
2457 1243 2582 1298 aliis
2623 1240 2823 1312 quibus
2874 1247 3056 1294 tamen
3104 1252 3199 1292 vos
3229 1233 3437 1290 facien-

1845 1341 1976 1396 dum
2017 1337 2366 1410 injunxeritis
2413 1335 2772 1392 consiitutum
2819 1329 3198 1404 (restitutum),
3236 1327 3438 1384 autfa-

1846 1442 1992 1489 ctum
2007 1431 2193 1498 fuerit,
2213 1432 2330 1501 ipsa
2353 1427 2667 1484 molendina
2680 1426 2763 1481 vel
2776 1441 2914 1496 pons
2929 1433 3110 1480 vestro
3126 1421 3438 1494 (pontoneis

1846 1526 1902 1581 in
1917 1523 2122 1596 vestro)
2135 1523 2366 1578 arbitrio
2389 1522 2793 1592 dispensentur.
2820 1517 2923 1572 Per
2947 1525 3166 1588 pontem
3212 1529 3342 1570 vero
3367 1513 3442 1569 ci-

1845 1617 2033 1675 vitatis
2079 1617 2254 1688 ipsius
2283 1615 2372 1686 (de
2416 1624 2654 1684 pontone
2675 1627 2804 1667 vero
2825 1627 2921 1682 per
2960 1619 3180 1681 pontem
3205 1607 3442 1664 civitatis

1847 1710 2044 1783 ipsius)
2089 1709 2136 1766 si
2173 1707 2350 1764 factus
2399 1705 2562 1762 fuerit
2605 1720 2729 1761 cum
2774 1705 3018 1774 plaustro
3067 1708 3269 1756 onusto
3311 1699 3442 1754 vino

1847 1805 1932 1860 vel
1954 1805 2102 1860 victu
2120 1816 2280 1857 nemo
2298 1797 2913 1864 audeatnechineilluc,
2944 1811 3046 1850 nec
3075 1795 3200 1848 inde
3222 1793 3328 1846 huc
3353 1807 3446 1862 pe-

1852 1897 1998 1952 nitus
2009 1905 2368 1950 transmeare.
2383 1890 2586 1947 lterum
2605 1888 2779 1962 (item)
2799 1884 3372 1956 sancientesjubemus
3385 1890 3447 1936 ut

1851 1989 2038 2045 nullus
2082 1985 2312 2058 presb...
2351 1985 2436 2040 vel
2467 1981 2761 2054 cujuslibet
2799 1979 3010 2036 ordinis
3035 1977 3297 2033 clericum
3343 1974 3446 2028 ali-

1852 2083 1976 2154 quis
2003 2081 2201 2136 audeat
2237 2079 2304 2134 de
2337 2086 2456 2134 toto
2481 2075 2710 2148 praefato
2739 2073 3057 2144 episcopatu
3083 2070 3149 2125 ad
3181 2068 3442 2139 placitum

1853 2173 2266 2244 constringere,
2318 2179 2414 2226 aut
2443 2171 2512 2226 ad
2541 2167 2956 2224 contentionem
2987 2162 3281 2222 ﬁniendam
3333 2158 3446 2230 (fa-

1855 2267 2134 2326 ciendam)
2168 2264 2515 2334 compellere.
2563 2269 2658 2316 aut
2692 2256 2914 2329 aliquod
2943 2255 3228 2311 servitium
3264 2251 3342 2322 ab
3363 2251 3448 2310 eis

1855 2360 2175 2430 requirere,
2205 2366 2403 2428 praeter
2434 2356 2744 2425 episcopos
2784 2351 3148 2414 l’ortuenses,
3198 2345 3255 2400 in
3287 2343 3452 2415 cujus

1855 2449 2116 2523 parochia
2138 2457 2285 2507 sunt.
2302 2446 2627 2516 Quicunque
2645 2459 2774 2500 vero
2790 2451 3155 2514 praesumptor
3175 2439 3290 2496 sive
3309 2437 3445 2504 dux,

1857 2544 1972 2602 sive
2003 2557 2208 2608 comes,
2257 2541 2343 2595 vel
2372 2541 2698 2605 vicecomes,
2745 2543 2842 2592 aut
2874 2532 3268 2599 cubicularius,
3302 2530 3383 2586 vel
3413 2546 3452 2585 a-

1855 2645 2048 2692 nostra
2073 2634 2372 2706 apdstolica
2397 2633 2526 2690 sede
2555 2633 2784 2698 missus,
2811 2636 2906 2686 aut
2941 2627 3340 2699 qualiscunque
3362 2623 3450 2678 in-

1860 2729 2170 2785 terveniens
2212 2736 2475 2799 potestas,
2507 2741 2631 2796 qua:
2667 2725 2733 2780 de
2763 2723 2880 2794 ipsa
2909 2721 3130 2777 civitate
3157 2715 3454 2776 Portuensi

1859 2810 2202 2880 dominatum
2231 2821 2530 2887 tenuerint,
2558 2819 2626 2876 de
2647 2829 2980 2889 quocunque
3005 2812 3211 2868 fuerint
3233 2808 3446 2874 ordine,

1860 2917 2122 2987 praxdicta
2161 2915 2347 2971 omnia
2373 2913 2672 2969 immobilia
2697 2911 2839 2976 loca,
2867 2919 2963 2964 aut
2991 2912 3458 2978 pramomtnattun

1862 3009 2278 3074 castoldatium,
2313 3007 2400 3062 vel
2423 3007 2564 3062 duos
2587 3004 2910 3076 piscatores,
2943 3011 2998 3056 et
3018 3001 3159 3056 duos
3190 2995 3452 3062 curiales,

1863 3105 1946 3160 vel
1981 3118 2174 3159 omnes
2219 3101 2508 3174 praedictos
2565 3099 2798 3154 clericos
2849 3113 2880 3152 a
2916 3097 3043 3167 jure
3087 3101 3143 3149 et
3181 3087 3450 3170 potestate

166 3198 387 3259 tuaeque
446 3183 691 3242 ecclesiae
753 3182 1083 3238 conﬁrmare
1145 3197 1406 3236 curamus
1473 3181 1761 3252 incipiente

1865 3205 2028 3266 atque
2057 3195 2264 3249 ditione
2307 3192 2518 3265 praefati
2548 3190 2810 3262 episcopii
2849 3187 3066 3244 auferre
3096 3186 3180 3241 vel
3203 3183 3458 3239 minuerd

169 3277 382 3354 (igitur)
425 3293 648 3348 quoque
695 3271 1140 3348 primo'termino
1172 3288 1203 3328 a
1233 3271 1408 3328 fracto
1453 3282 1636 3342 ponte,
1664 3271 1756 3326 ubi

169 3369 318 3426 unda
342 3367 603 3425 dividitur
620 3367 923 3440 (Antonina
952 3365 1172 3433 dicitur,
1204 3365 1351 3420 unda
1379 3364 1642 3437 ducitur),
1663 3380 1759 3435 per

168 3477 394 3520 murum
417 3459 665 3516 videlicet
699 3459 1127 3516 Transtiberinte
1169 3457 1321 3512 urbis
1365 3472 1460 3527 per
1481 3453 1757 3526 Septima-

171 3569 303 3610 nam
329 3564 542 3626 portam
572 3562 627 3609 et
659 3568 754 3624 per
785 3563 999 3624 portam
1029 3548 1397 3616 S.Paneratii,
1426 3565 1522 3619 per
1550 3549 1758 3604 silicem

169 3659 305 3702 vero
355 3643 530 3716 ipsius
567 3651 741 3714 portae
788 3656 964 3716 usque
987 3641 1056 3696 ad
1101 3649 1322 3711 pontem
1365 3654 1756 3705 marmoreum,

171 3735 272 3812 qui
295 3742 383 3792 est
417 3750 580 3806 super
610 3733 905 3802 Arronem,
951 3740 1006 3788 et
1047 3731 1279 3787 ducente
1309 3745 1403 3802 per
1431 3729 1602 3800 ipsam
1641 3729 1760 3784 sili-

171 3843 296 3886 cem
325 3841 501 3899 usque
541 3827 608 3882 ad
651 3824 986 3892 Paritorum,
1033 3823 1268 3894 indeque
1321 3823 1633 3878 revolvente
1665 3837 1762 3892 per

174 3919 401 3994 paludes
427 3933 602 3990 usque
647 3917 704 3974 in
744 3931 915 3984 mare,
944 3916 1178 3987 indeque
1217 3913 1468 3970 veniente
1491 3929 1586 3985 per
1610 3929 1762 3970 mare

175 4027 352 4086 usque
392 4011 462 4068 ad
490 4011 600 4067 duo
643 4007 898 4066 milliaria
943 4008 1084 4064 ultra
1123 4006 1348 4076 Farum,
1391 4013 1448 4066 et
1500 4021 1677 4078 usque
1705 4006 1763 4062 in

177 4106 399 4179 (locem)
453 4101 663 4160 fontem
712 4103 1018 4174 majorem;
1059 4090 1310 4173 indeque
1352 4108 1632 4158 remeante
1667 4115 1764 4170 per

174 4198 419 4254 medium
463 4195 665 4252 ﬁumen
715 4196 894 4266 majus
933 4195 1084 4250 venit
1108 4210 1282 4266 usque
1307 4197 1376 4250 ad
1417 4193 1671 4267 (Romam
1706 4194 1764 4248 in

177 4287 382 4372 medio)
412 4285 646 4344 liamum
677 4286 834 4344 fracti
861 4285 1063 4358 pontis,
1091 4287 1187 4358 qui
1225 4296 1311 4343 est
1345 4287 1500 4360 juxta
1527 4285 1766 4342 Marmo-

177 4397 378 4453 ratam,
404 4385 640 4456 indeque
670 4385 739 4441 ad
765 4385 1006 4440 medium
1050 4393 1269 4454 pontem
1293 4377 1355 4438 S.
1389 4383 1592 4450 Marias,
1619 4391 1674 4438 et
1697 4383 1765 4440 ad

176 4477 423 4534 medium
488 4485 738 4548 pontem,
806 4475 900 4560 ubi
959 4473 1132 4530 Judrei
1195 4475 1442 4530 habitare
1514 4475 1766 4530 videntur

174 4571 494 4644 (solebant),
519 4578 574 4625 et
617 4567 756 4624 redit
781 4584 878 4640 per
927 4567 1166 4622 medium
1194 4575 1414 4637 pontem
1443 4567 1763 4636 praedictum
1796 4565 1841 4622 D

173 4663 438 4728 fractum,
467 4661 562 4716 ubi
581 4660 695 4732 jam
726 4661 951 4732 (undam
974 4658 1330 4730 Antoninani)
1355 4656 1422 4713 de
1444 4658 1591 4712 unda
1621 4657 1756 4713 dixi-

175 4771 327 4820 mus,
370 4753 466 4824 qui
504 4762 590 4811 est
629 4754 841 4824 primus
881 4751 1057 4808 aliinis
1089 4751 1295 4820 absque
1339 4748 1768 4804 Transtiberinis

176 4845 465 4902 catholicis
478 4845 739 4929 ccclesiis
768 4843 824 4900 S.
844 4843 1028 4900 Marire
1047 4842 1297 4898 videlicet
1328 4841 1382 4896 in
1405 4839 1766 4909 Transtiberi,

180 4937 243 4994 S.
272 4926 631 5011 unryso'goni,
675 4929 731 4993 et
770 4947 973 4992 sanctae
1005 4935 1255 5001 C'ecilize,
1303 4936 1388 4989 vel
1435 4936 1770 4990 monasterio

180 5029 244 5088 S.
267 5031 571 5097 Paneracii,
615 5040 670 5086 et
708 5039 1024 5086 sanctorum
1067 5027 1282 5084 Cosnue
1303 5037 1357 5082 et
1381 5027 1650 5094 Damiani,
1679 5034 1763 5082 tas

179 5109 396 5192 men-in
422 5113 694 5197 praedictis
737 5121 982 5178 ecclesiis
1022 5130 1078 5176 et
1123 5119 1472 5176 monasteriis
1499 5120 1766 5191 quidquid

176 5215 384 5274 ibidem
411 5215 478 5270 ab
505 5214 776 5286 episcopis
803 5229 1024 5270 necesse
1047 5213 1212 5268 fuerit
1233 5211 1464 5269 faciendi
1500 5211 1766 5269 Portuen—

175 5305 344 5362 sibus
367 5305 662 5378 episcopis,
694 5305 776 5360 vel
811 5305 880 5360 ab
910 5303 1043 5376 ipsis
1063 5303 1307 5359 invitatis
1353 5305 1646 5361 tribuimus
1670 5320 1769 5374 po-

174 5406 456 5457 testatem.
500 5397 744 5468 Itemque
789 5393 1142 5452 cencedimus
1181 5404 1237 5452 et
1283 5395 1673 5452 conﬁrmamus
1711 5395 1767 5449 in

169 5489 295 5560 jam
331 5479 477 5561 dicto
504 5467 784 5558 episcopio
805 5472 1016 5557 plebem
1061 5473 1117 5540 s.
1148 5483 1352 5552 Mariae,
1387 5467 1442 5540 ei
1471 5482 1528 5539 s.
1558 5483 1770 5554 Apolli-

175 5580 337 5636 naris
363 5579 419 5654 in
445 5579 589 5635 mola
611 5588 792 5648 rupta,
819 5587 873 5634 et
890 5579 1100 5649 plebem
1131 5576 1189 5632 S.
1219 5575 1482 5648 Stephani
1505 5577 1559 5632 in
1579 5575 1769 5642 Pauzi,

175 5679 238 5726 et
261 5669 472 5740 plebem
503 5667 574 5724 °S.
597 5668 783 5724 Maria:
819 5668 875 5723 in
906 5667 1240 5738 ,Apruniana
1285 5666 1656 5738 (Aproniam),
1687 5666 1790 5721 vel.

175 5777 388 5852 omnes.
409 5762 669 5818 ecclesias
709 5761 935 5844 exiguas
966 5761 1050 5840 vel
1091 5775 1318 5831 magnas
1341 5759 1636 5832 cujuslibet
1662 5773 1790 5816 no-.

177 5837 388 5942 minis.
416 5869 539 5926 quae
580 5852 723 5909 infra
763 5837 1320 5926 jain'dictos‘aﬂincs
1361 5861 1489 5908 sunt
1521 5843 1613 5930 vel
1639 5837 1772 5908 esse

1860 3287 2112 3354 vetuerit,
2146 3287 2234 3342 vel
2289 3285 2608 3358 parochiam
2658 3283 2958 3352 infringere
3007 3278 3327 3343 tentaverit,
3358 3286 3456 3331 aut

1862 3380 2115 3435 homines
2131 3379 2191 3436 in
2213 3378 2470 3450 pmdicta
2501 3386 2653 3433 turre
2671 3375 3004 3440 habitantes,
3028 3373 3115 3429 vel
3137 3372 3459 3442 ubicunque

1860 3471 2167 3542 proprietas
2192 3471 2358 3544 hujus
2387 3469 2650 3542 episcopii
2679 3467 3012 3525 mentionata
3041 3464 3223 3532 fuerit,
3251 3465 3318 3520 ad
3347 3479 3459 3535 pu-

1861 3563 2064 3618 blicum
2089 3563 2373 3620 servitium
2401 3561 2756 3626 revocaverit,
2785 3561 2925 3616 sciat
2941 3575 3000 3616 se
3017 3558 3453 3628 compositurum

1861 3656 2134 3727 episcopo
2151 3655 2274 3726 ipso
2290 3655 2412 3728 (sic)
2427 3655 2521 3726 qui
2547 3667 2644 3725 per
2669 3662 2911 3722 tempora
2939 3649 3101 3709 fuerit
3130 3648 3250 3704 auri
3271 3646 3456 3718 puris-

1863 3747 1989 3804 simi
2018 3749 2143 3803 libr.
2171 3763 2245 3802 ιι
2279 3758 2335 3802 et
2360 3748 2586 3816 insuper
2611 3743 2946 3800 anathemati
2974 3741 3276 3812 subjaccat,

1937 3839 2250 3895 Statuentes
2303 3838 2503 3909 quippe
2532 3835 2833 3908 apostolica
2873 3847 3106 3889 censura
3132 3828 3458 3885 auctoritate

1863 3925 2011 3991 beati
2043 3931 2191 3988 Petri
2232 3931 2607 4002 apostolorum
2630 3927 2902 4000 principis
2931 3923 3234 3982 sub'divini
3261 3921 3456 3994 judieli

1865 4027 2260 4092 obtestatione,
2295 4033 2352 4080 et
2413 4023 2780 4078 anathematis
2833 4017 3344 4084 interdictioniluis,
3399 4024 3463 4071 ut

1865 4121 2050 4176 nullus
2075 4133 2314 4190 unquam
2343 4126 2661 4173 nostrorum
2691 4127 3076 4172 successorum
3107 4110 3458 4182 pontiﬁcum,

1865 4216 1952 4270 vel
1981 4214 2088 4270 alia
2117 4211 2373 4284 quaelibet
2408 4224 2604 4282 magna
2653 4217 2929 4280 parvaque
2958 4219 3195 4277 persona
3228 4219 3293 4259 ea
3332 4217 3460 4274 quae

1866 4325 1898 4362 a
1929 4306 2090 4362 nobis
2119 4305 2184 4360 ad
2207 4304 2423 4360 laudem
2448 4303 2542 4358 Dei
2579 4318 2680 4372 pro
2711 4299 3006 4356 stabilitate
3029 4296 3113 4351 vel
3161 4303 3456 4367 augmento

1867 4398 2112 4470 praedicti
2173 4395 2436 4477 episcopii
2471 4403 2675 4450 statuta
2727 4400 2884 4459 sunt,
2934 4387 3220 4462 refragari,
3275 4385 3462 4442 autin

1867 4507 2148 4562 quoquam
2193 4489 2532 4560 transgredi,
2573 4497 2668 4542 aut
2717 4485 2923 4556 aliquid
2967 4482 3165 4538 exinde
3209 4480 3466 4535 minuere

1869 4592 2084 4650 audeat,
2101 4583 2198 4638 sed
2225 4585 2366 4638 sicut
2398 4580 2653 4651 superius
2672 4595 2705 4634 a
2735 4579 2896 4634 nobis
2923 4583 3190 4631 statutum
3220 4571 3306 4626 vel
3326 4586 3463 4628 cun-

1868 4691 2085 4733 cessum
2110 4683 2222 4742 est,
2251 4675 2326 4730 ita
2359 4673 2694 4744 perennibus
2726 4685 2790 4725 ac
2817 4667 3093 4740 perpetuis
3118 4663 3462 4734 temporibus

1804 4825 1812 4829 _
1869 4770 1987 4825 sine
2017 4771 2198 4839 aliqua
2231 4766 2571 4823 minuatione
2629 4763 2903 4834 permittat
2931 4762 3201 4816 liuetenus
3240 4771 3460 4828 pernia-a

1868 4876 2018 4916 nere.
2053 4859 2110 4915 Si
2139 4859 2264 4930 quis
2303 4867 2506 4925 autem,
2539 4857 2684 4928 quod
2716 4870 2824 4909 non
2857 4863 3130 4924 optamus,
3163 4845 3460 4904 temerario

1870 4969 2009 5010 ausu
2041 4952 2368 5046 coqtrahoc
2403 4957 2653 5005 nostrum
2683 4947 3024 5017 privilegium
3051 4943 3265 5007 venire,
3285 4947 3376 4994 aut
3401 4939 3459 4996 in

1865 5029 2149 5116 quoquani
2162 5029 2698 5116 ire‘przesumpserit,
2714 5049 2770 5094 et
2791 5037 2933 5094 sicut
2962 5034 3218 5105 superius
3245 5048 3276 5086 a
3299 5029 3459 5085 nobis

1869 5146 2136 5193 statutum
2171 5144 2275 5201 est,
2311 5135 2386 5189 ita
2411 5133 2642 5188 ﬁrmiter
2671 5143 2992 5204 permanere
3021 5142 3128 5181 non
3157 5121 3450 5182 dimiserit,

1867 5239 1922 5284 et
1967 5229 2023 5283 in
2053 5227 2311 5282 erunibus
2349 5241 2459 5298 non
2482 5225 2876 5288 observaverit,
2899 5219 3038 5275 sciat
3067 5232 3146 5283 se,
3178 5215 3283 5270 nisi
3321 5211 3457 5268 resi-

1871 5321 2071 5391 puerit,
2119 5319 2444 5375 auctoritate
2487 5315 2584 5372 Dei
2611 5312 3024 5384 omnipotentis,
3054 5318 3110 5364 et
3139 5307 3277 5363 beati
3308 5301 3459 5358 Petri
3539 5321 3543 5325 ν

1871 5421 2246 5482 apostolorum
2295 5399 2578 5480 principis,
2613 5416 2780 5477 atque
2808 5414 3017 5469 nostra,
3060 5401 3152 5472 qui
3182 5399 3302 5468 ejus
3332 5395 3462 5450 fun-

1871 5503 2053 5574 gimur
2090 5501 2475 5568 vicariatione,
2503 5497 2868 5554 anathematis
2903 5494 3127 5550 vinculo
3153 5505 3275 5546 esse
3301 5489 3462 5543 inno—

1873 5597 2081 5662 datum,
2135 5604 2190 5650 et
2233 5611 2266 5650 a
2297 5611 2463 5667 regno
2495 5594 2591 5649 Dei
2641 5594 2902 5658 alienum,
2931 5599 3095 5662 atque
3141 5603 3269 5644 cum
3313 5583 3456 5640 Juda

1874 5687 2136 5742 traditore
2175 5685 2395 5742 Domini
2437 5686 2612 5742 nostri
2661 5685 2790 5742 JeSu
2834 5683 3070 5748 Christi,
3115 5690 3172 5737 et
3199 5677 3470 5736 erunibus

1872 5794 2085 5849 pompis
2125 5794 2246 5849 ejus
2290 5779 2518 5834 omnino
2543 5777 2794 5836 incendio
2824 5775 3304 5833 concremandum.
3349 5767 3472 5836 Qui:

1872 5887 2002 5928 vero
2049 5872 2139 5944 pio
2165 5873 2364 5929 intuitu
2388 5881 2574 5928 custos
2616 5879 2670 5928 et
2705 5871 3024 5930 observator
3066 5867 3229 5939 hujus
3275 5858 3474 5946 nostri-
