4056 5360
578 115 715 171 Ηεὸ

1881 115 2163 175 ιοΑΝΝιε
2197 118 2316 175 XIX
2356 120 2557 179 PAPrE

3723 133 3871 190 “2!

572 228 857 298 apostolici
885 227 1153 300 privilegii
1195 228 1249 284 in
1276 229 1532 285 omnibus
1572 229 1860 298 exstiterit,
1899 231 2160 287 benedic-
2191 238 2238 293 Α
2263 232 2571 295 humilitate
2611 210 2774 311 atque
2819 245 3143 314 reverentia,
3166 243 3295 317 quia
3336 247 3444 304 tale
3487 248 3599 306 hoc
3638 258 3865 308 tantum

570 318 739 376 tionis
783 318 1045 390 gratiam,
1096 319 1377 391 vitamque
1421 329 1682 376 aeternam
1724 335 1756 376 a
1780 318 1937 392 justo
1969 320 2162 379 Iudice

567 407 817 467 Domino
863 408 976 465 Deo
1007 418 1227 479 nostro,
1266 418 1324 467 et
1371 410 1442 466 ab
1486 410 1744 468 omnibus
1803 414 2010 470 sanctis
2041 415 2163 486 ejus

569 501 834 574 consequi
870 510 1146 558 mereatur
1171 504 1227 558 in
1266 504 1470 558 saecula
1500 502 1852 560 saeculorum.
1884 502 2085 562 Amen.

644 588 919 662 Scriptum
951 609 1049 665 per
1076 609 1302 649 manum
1329 592 1508 669 Sergii
1536 606 1742 654 sanctae
1769 598 2033 657 Romanae
2056 600 2161 657 Ec-

573 685 755 741 clesia:
777 687 1071 755 scriniarii,
1103 703 1294 744 mense
1315 686 1477 757 Maio,
1505 690 1805 748 indictione
1825 707 1943 749 vnt.

569 865 802 922 Joannes
866 866 1007 924 XIX
1085 869 1336 926 Bisantio
1416 873 1811 944 archiepiscopo
1891 873 2159 931 Canusina

639 958 711 1029 {'i.
745 976 793 1015 e.
835 960 1097 1036 Barcaei]
1121 961 1349 1032 pallium
1373 966 1615 1019 concedit
1628 966 1859 1039 juraque
1891 966 2006 1037 ejus
2035 985 2161 1023 con-

642 1049 841 1118 ﬁrmat.

1155 1147 1348 1218 (Anno
1379 1144 1577 1219 1025.)

834 1237 1144 1311 [Ucuenu,
1177 1239 1347 1296 Italia
1374 1258 1533 1297 sacra
1569 1240 1687 1310 VII,
1732 1242 1895 1319 60L]

637 1329 870 1387 Joannes
890 1332 1205 1403 episcopus,
1235 1348 1430 1390 servus
1452 1350 1740 1392 servorum
1774 1335 1892 1404 Dei,
1912 1352 2162 1394 reveren-

567 1423 798 1480 dissimo
821 1422 1088 1479 confratri
1125 1440 1192 1481 ac
1228 1435 1416 1481 nostro
1438 1427 1713 1499 spirituali
1740 1429 1854 1484 filio
1880 1427 2156 1498 BISAN'I'IO,

567 1524 769 1570 sanctae
809 1513 1105 1571 Canusina:
1132 1515 1389 1572 Ecclesia)
1431 1533 1461 1572 a
1503 1519 1662 1574 nobis
1703 1529 2025 1577 consecrato
2066 1536 2156 1577 ar-

567 1608 917 1680 chiepiscopo
946 1610 1205 1665 omnibus
1227 1610 1423 1666 diebus
1453 1612 1579 1667 vitae
1615 1620 1738 1669 tuac.

578 1720 583 1725 ι
635 1696 905 1754 Convenit
953 1701 1258 1770 apostolico
1332 1702 1695 1757 moderamini
1763 1704 1850 1775 pia
1900 1705 2160 1777 religione

566 1789 895 1860 pollentibus
947 1791 1210 1847 benevola
1258 1794 1642 1864 compassione
1696 1810 2055 1864 succurrere,
2104 1805 2160 1852 et

566 1882 913 1951 poscentium
956 1883 1156 1939 animis
1197 1883 1364 1940 alacri
1403 1884 1691 1941 devotione
1738 1886 2020 1956 impartire
2065 1902 2157 1943 as-

565 1989 810 2031 sensum.
867 1974 945 2030 Ex
992 1976 1099 2032 hoc
1125 1977 1270 2032 enim
1308 1977 1449 2033 lucri
1472 1979 1822 2050 potissimum
1859 1978 2095 2050 primum
2124 1996 2156 2034 a

566 2065 858 2124 Conditore
892 2068 1139 2124 omnium
1169 2069 1280 2125 Deo
1307 2071 1360 2125 in
1389 2071 1618 2127 sidereis
1649 2072 1870 2127 arcibus
1901 2073 2145 2142 praescri-

564 2160 714 2217 bitur
760 2170 1130 2217 remuneratio
1157 2204 1172 2230 ,
1210 2164 1429 2234 quando
1466 2165 1681 2235 egregia
1719 2179 1785 2219 ac
1826 2165 2158 2220 venerabilia

564 2252 684 2307 loca
706 2251 773 2307 ad
795 2250 1077 2305 meliorem
1100 2249 1302 2307 fuerint
1321 2252 1441 2307 sine
1456 2252 1622 2307 dubio
1645 2260 1848 2308 statum
1872 2255 2153 2324 perducta.

565 2342 752 2414 Igitur,
770 2344 899 2415 quia
920 2344 1209 2413 postulasti
1233 2360 1263 2399 a
1286 2345 1445 2401 nobis
1467 2355 1740 2416 quatenus
1752 2347 1822 2402 ob
1843 2355 1992 2401 tuam
2006 2362 2158 2401 reve-

566 2437 823 2503 rentiam,
847 2444 1012 2508 atque
1042 2437 1332 2491 notabilem
1369 2437 1791 2507 fraternitatem,
1820 2438 2154 2496 concedere~

570 2544 694 2584 mus
747 2537 802 2582 et
855 2528 1309 2583 coulirmaremus
1359 2530 1573 2584 cunctis
1632 2529 1825 2584 diebus
1873 2529 2000 2585 vita:
2051 2538 2158 2584 tua:

566 2620 852 2688 perlatum
901 2618 1431 2688 arcltiepisc0patum
1472 2626 1676 2675 sanctae
1723 2618 2019 2675 Canusina:
2057 2619 2159 2675 Ec-

566 2710 745 2763 clesia:
768 2725 894 2765 cum
917 2709 1174 2763 omnibus
1196 2708 1300 2763 sibi
1322 2708 1647 2777 adjacentiis
1684 2710 1770 2763 vel
1792 2710 2155 2779 pertinentiis,

567 2800 1131 2871 vielclicctduodecim
1152 2800 1505 2871 episcopatus
1532 2801 1997 2871 quemadmodum
2023 2802 2157 2857 abo-

564 2894 661 2948 lita
695 2904 958 2965 tempora,
1001 2894 1211 2949 scilicet
1244 2893 1450 2950 nostris
1484 2894 1926 2950 antecessoribus
1955 2902 2157 2950 sanctae

2265 330 2560 398 pastoralis
2579 330 2815 390 oﬂieium
2845 336 3106 408 arripere,
3129 338 3176 395 si
3205 338 3328 395 sine
3356 340 3607 397 interiori
3630 342 3867 414 vigilan-

2269 421 2341 476 tia
2382 423 2772 494 perpcndatur,
2818 426 2945 498 plus
2987 437 3073 485 est
3117 429 3305 486 oneris
3357 446 3525 502 quam
3592 432 3866 501 honoris;

2263 512 2465 585 quippe
2504 529 2631 571 cum
2670 517 2893 589 propria
2932 534 3042 574 non
3082 519 3283 575 sufﬁcit
3308 537 3527 590 curare,
3554 523 3667 580 nisi
3696 532 3756 580 et
3778 539 3869 581 sa-

2263 604 2492 662 lubriter
2527 608 2757 687 gesserit
2784 609 3043 665 alienum.
3090 608 3187 668 His
3214 612 3290 668 ita
3312 613 3553 670 breviter
3606 616 3866 687 μετεωρο

2261 696 2361 767 tis,
2391 715 2540 755 nunc
2571 699 2806 772 benigne
2831 711 2886 758 et
2919 702 2976 758 in
3022 702 3244 760 Christo
3284 707 3707 776 amantissime,
3744 716 3867 765 esto

2261 788 2439 848 forma
2461 794 2610 848 omni
2635 792 2896 863 bonitate,
2946 802 3065 852 esto
3091 795 3272 853 forma
3298 800 3513 855 cunctis
3544 800 3867 858 videntibus

2262 898 2359 940 seu
2386 885 2768 955 audientibus,
2798 887 3015 944 imitare
3046 904 3273 944 suorum
3311 892 3543 964 vestigia
3570 891 3632 948 in
3677 893 3863 959 terris,

2261 984 2321 1032 ut
2366 991 2557 1032 eorum
2597 988 2882 1036 consortes
2916 995 3038 1037 esse
3075 983 3334 1039 mereatis
3364 983 3421 1039 in
3451 984 3633 1041 caelis.
3687 982 3865 1051 Quem

2262 1084 2391 1125 vero
2444 1074 2877 1144 superscriptum
2931 1073 3463 1145 archiepiscopatum
3509 1068 3865 1134 Canusium

2261 1177 2388 1218 cum
2425 1164 2682 1221 omnibus
2729 1165 2845 1221 suis
2884 1165 3254 1237 pcrtinentiis,
3290 1175 3346 1221 et
3387 1167 3684 1239 episcopos
3714 1170 3865 1240 ipsos

2259 1270 2356 1326 per
2383 1271 2581 1313 manus
2612 1264 2823 1313 vestras
2852 1258 3232 1327 consecrandi,
3261 1266 3426 1331 atque
3453 1277 3556 1316 usu
3581 1262 3739 1332 pallii
3768 1277 3865 1333 per

2259 1350 2639 1407 auctoritatem
2674 1351 3030 1423 apostolicam
3070 1352 3257 1408 utendi
3290 1368 3322 1408 a
3360 1354 3625 1424 presenti
3669 1359 3862 1409 octava

2259 1441 2554 1498 indictione
2611 1443 2865 1500 omnibus
2911 1444 3104 1501 diebus
3148 1445 3276 1500 vita:
3318 1450 3428 1500 ture
3479 1445 3861 1514 concedimus,

2259 1541 2424 1605 atque
2459 1535 2850 1592 confirmamus
2890 1538 3185 1593 tenendum
3230 1546 3394 1608 atque
3432 1536 3861 1607 dominantium,

2194 1624 2234 1682 Β
2262 1633 2317 1682 et
2342 1626 2491 1683 omni
2514 1643 2638 1682 cum
2669 1626 2762 1682 Dei
2785 1627 2979 1683 timore
2998 1629 3296 1698 regendum
3323 1636 3381 1684 et
3404 1628 3859 1699 gubernandum,

2261 1721 2335 1775 ita
2374 1728 2436 1775 ut
2466 1721 2652 1776 nullus
2682 1721 2962 1792 patritius,
2997 1736 3092 1776 seu
3128 1730 3451 1791 catapanus,
3496 1728 3671 1792 atque
3706 1737 3867 1776 excu-

2263 1811 2438 1879 bitus,
2468 1811 2551 1867 vel
2575 1810 2974 1883 qualiscunque
3012 1812 3241 1866 honoris
3269 1826 3364 1866 seu
3384 1811 3678 1883 dignitatis
3696 1811 3863 1883 impe-

2261 1904 2409 1960 rialis
2446 1904 2544 1972 sit,
2571 1905 2769 1959 audeat
2799 1904 2885 1959 vel
2919 1911 3215 1975 praesumat
3238 1903 3576 1973 diiudicare,
3616 1904 3708 1957 vel
3749 1918 3863 1958 mo.

2256 1998 2485 2067 lestare,
2533 2006 2628 2054 aut
2684 1997 2989 2068 inquietare
3031 1997 3099 2053 de
3149 1997 3393 2063 ulla‘re,
3447 1996 3620 2052 etiam
3678 1995 3863 2051 nullus

2257 2092 2527 2161 clericus,
2574 2090 2867 2161 nullusque
2916 2090 3088 2147 laicus
3114 2132 3129 2158 ,
3174 2089 3260 2144 vel
3324 2088 3585 2156 quzelibct
3629 2103 3860 2158 persona

2258 2185 2577 2255 bujusmodi
2612 2186 2811 2241 audeat
2832 2183 2919 2239 vel
2959 2192 3258 2255 praesumat
3279 2182 3481 2239 ibidem
3523 2181 3721 2252 aliqua
3748 2195 3864 2234 mo-

2255 2277 2391 2332 lesta
2415 2279 2498 2333 vel
2546 2276 2822 2332 contraria
2845 2276 3043 2332 facere.
3070 2274 3382 2331 Statuentes
3403 2273 3610 2345 quippe
3633 2280 3859 2344 aposto-

2256 2371 2360 2427 lica
2425 2386 2698 2439 censura,
2756 2370 2861 2425 sub
2919 2368 3087 2424 divini
3132 2368 3326 2440 judicii
3378 2366 3759 2423 obtestatione
3811 2376 3861 2421 et

2258 2463 2620 2519 anathematis
2672 2461 3189 2530 interdictionibus,
3248 2468 3311 2516 ut
3365 2460 3553 2515 nullus
3609 2474 3858 2530 unquam

2258 2565 2572 2613 nostrorum
2611 2570 2996 2611 successorum
3045 2554 3402 2626 pontificum,
3463 2554 3589 2608 sive
3631 2567 3855 2623 regum,

2255 2646 2342 2702 vel
2374 2647 2785 2717 imperatorum,
2822 2653 2918 2699 aut
2957 2643 3248 2715 cujuslibet
3284 2659 3518 2714 magnae,
3562 2657 3857 2713 parvasque

2258 2737 2542 2809 potestatis
2581 2737 2780 2792 audeat
2815 2735 3137 2791 interdicere
3161 2777 3176 2802 ,
3225 2735 3311 2789 vel
3356 2734 3716 2807 confringere
3757 2735 3858 2789 hoc

2259 2830 2405 2902 quod
2436 2846 2469 2886 a
2503 2829 2659 2885 nobis
2685 2828 3043 2885 constitutum
3069 2836 3123 2883 et
3143 2827 3455 2883 ordinatum
3485 2833 3598 2881 est.
3639 2824 3704 2880 Si
3735 2825 3858 2896 quis

2260 2912 2472 2989 autem,
2516 2921 2662 2992 quod
2690 2936 2799 2975 non
2835 2919 3140 2987 credimus,
3173 2918 3465 2974 temerario
3489 2934 3633 2973 ausu
3666 2923 3854 2973 contra

569 2987 1267 3083 “‘?m°rimv__dccm"e"im
1305 2997 1363 3041 ³⁸
1394 2985 2156 3083 a“9§‘i99i5009“8_d“°de°im
2184 2999 2225 3056 (δ
2258 3014 2362 3070 boc
2383 2985 2631 3070 nostrum
2654 3012 3097 3079 instrumentum,
3121 2985 3481 3083 apostolicum
3504 3011 3855 3083 privilegium

565 3080 670 3134 sub
707 3095 766 3135 se
801 3081 1080 3135 ordinaret
1113 3081 1425 3151 ,cpiscopos.
1463 3078 1615 3136 Unde
1654 3095 1804 3135 nunc
1839 3079 1989 3151 iuste
2032 3096 2157 3152 pre-

563 3172 807 3228 cantium
869 3172 1007 3228 votis
1049 3171 1298 3228 favemus
1353 3181 1411 3228 ut
1468 3183 1522 3228 et
1563 3173 1718 3229 vobis
1759 3174 2157 3245 praenominato

569 3265 812 3321 Bisantio
867 3264 1126 3336 Angelico
1183 3265 1597 3336 archiepiscopo
1657 3280 2041 3322 consecrarem
2098 3265 2157 3320 in

565 3357 804 3428 praefata:
841 3357 1087 3413 ecclesia:
1128 3365 1331 3413 sanctae
1376 3356 1671 3413 Canusina:
1712 3374 1838 3413 cum
1887 3356 2158 3413 universis

567 3449 877 3504 civitatibus
903 3489 917 3515 ,
940 3457 998 3502 ct
1027 3448 1287 3515 castellis,
1316 3448 1420 3503 hoc
1444 3447 1651 3503 scilicet
1673 3446 1985 3516 Canusinae,
2006 3448 2155 3515 Bari,

568 3538 832 3594 Meduneo
850 3580 864 3605 ,
893 3536 1220 3604 Juvenacio,
1250 3536 1503 3604 Mellicta,
1537 3537 1716 3605 Rubo,
1739 3537 1938 3606 Trane,
1958 3538 2154 3606 Cauni,

566 3629 889 3697 Hinerbino,
908 3629 1229 3701 Aquatecta,
1252 3629 1434 3685 Monte
1454 3629 1711 3698 Melioris,
1737 3628 2153 3697 Labellotatum,

567 3719 852 3787 Cisternai,
881 3720 1125 3789 Bitalbzc,
1166 3722 1337 3792 Salpi,
1376 3720 1715 3792 Cupersano,
1749 3721 2040 3778 Puliniano
2082 3724 2158 3779 si-

577 3815 691 3869 mul
708 3823 763 3869 ct
782 3812 999 3879 Cetera,
1030 3823 1085 3869 et
1105 3815 1334 3870 aliarum
1359 3816 1637 3870 civitatum
1664 3825 1828 3886 atque
1848 3823 2158 3872 castrorum

568 3906 673 3962 sibi
694 3907 1085 3977 adiacentium,
1110 3907 1194 3961 vel
1216 3907 1374 3979 longe
1404 3906 1619 3975 lateque
1643 3907 1719 3962 ibi
1743 3909 1956 3978 positae,
1980 3909 2158 3965 donec

570 3998 857 4068 impleatur
901 3998 1259 4053 duodecimus
1291 3999 1601 4068 episcopus.
1635 4003 1824 4071 itaque
1858 3998 2156 4055 confirma-

570 4106 694 4146 mus
716 4091 873 4145 vobis
908 4105 1102 4146 omnes
1135 4089 1336 4147 fundos
1364 4098 1419 4146 et
1453 4092 1662 4147 casales
1702 4107 1809 4148 una
1845 4107 1970 4147 cum
2013 4093 2158 4150 casis

568 4190 623 4236 et
639 4182 833 4248 vincis,
863 4196 1050 4238 servos
1072 4192 1127 4238 ct
1155 4183 1404 4250 ancillas,
1439 4200 1548 4239 una
1569 4199 1696 4241 cum
1712 4185 1908 4242 massis
1931 4193 1987 4241 et
2010 4201 2159 4243 mas-

568 4273 782 4331 sariciis
809 4283 974 4347 atque
1018 4276 1369 4345 molendlnis,
1406 4277 1590 4332 littora
1627 4294 1754 4332 cum
1785 4287 1966 4348 portu,
2000 4295 2158 4335 mon-

569 4368 717 4425 tibus
744 4378 799 4443 et
831 4370 1083 4436 collibus,
1107 4378 1271 4440 atque
1297 4370 1541 4440 planitiis
1569 4380 1624 4426 et
1652 4372 1845 4443 pratis,
1885 4372 2156 4443 simulque

569 4462 840 4533 plebibus,
892 4463 1006 4518 sive
1046 4462 1291 4519 ecclesiis
1336 4480 1462 4519 cum
1504 4465 1759 4522 omnibus
1807 4465 1997 4532 titulis,
2044 4468 2158 4521 sive

568 4556 792 4626 capellis
812 4572 949 4612 suis.
981 4555 1177 4611 Verum
1221 4556 1387 4615 etiam
1411 4559 1747 4614 monasteria
1773 4559 2018 4613 virorum
2058 4575 2155 4614 seu

568 4649 902 4718 puellarum,
930 4657 1041 4703 tam
1074 4648 1261 4703 Graeca
1291 4665 1460 4719 quam
1485 4649 1698 4716 Latina,
1730 4666 1855 4707 cum
1888 4651 2155 4719 universis

568 4742 854 4797 ordinibus
917 4742 1343 4810 ecclesiasticis,
1405 4744 1688 4811 diaconis,
1761 4715 2151 4811 subﬁaconis,

567 4834 884 4901 lectoribus,
928 4833 1284 4905 presbyteris,
1327 4842 1383 4889 et
1414 4836 1619 4903 omnia,
1650 4844 1705 4892 et
1725 4835 1980 4892 universa
2018 4850 2155 4907 pra:-

568 4925 677 4990 dia,
715 4934 771 4978 ct
800 4926 1204 4994 possessiones,
1245 4926 1489 4993 cultum,
1532 4928 1618 4981 vel
1652 4927 1949 4993 incultum,
1992 4937 2155 4999 atque

569 5031 693 5069 cuin
733 5018 989 5071 outnibus
1029 5034 1152 5088 quae
1181 5018 1289 5073 dici
1327 5027 1383 5072 et
1406 5019 1676 5073 nominari
1701 5034 1832 5074 rura
1855 5020 2033 5075 solent
2061 5036 2153 5091 ge-

571 5105 853 5171 neraliter,
904 5118 959 5161 ct
1008 5108 1221 5179 integro
1272 5110 1701 5179 pertinentibus,
1755 5113 2068 5168 constitutis
2120 5129 2150 5167 a

571 5195 805 5249 termino
826 5196 1051 5267 Apulia.
1086 5198 1355 5255 Pmterea
1379 5202 1733 5258 concedimus
1754 5218 1882 5258 cum
1906 5203 2146 5258 auctori-

571 5291 684 5336 tate
710 5284 988 5341 beatorum
1016 5291 1387 5358 apostolorum
1419 5292 1681 5360 principis
1705 5293 1851 5349 Petri
1884 5301 1939 5349 et
1973 5293 2149 5360 Pauli,

2259 3103 2544 3172 exstiterit,
2583 3103 2720 3160 sciat
2754 3119 2841 3169 se,
2877 3102 2984 3159 nisi
3028 3102 3346 3173 resipuerit,
3386 3102 3723 3157 auctoritate
3767 3100 3854 3155 Dei

2259 3196 2652 3266 omnipotentis
2671 3238 2686 3263 ,
2713 3204 2768 3251 et
2793 3194 2944 3251 Beati
2972 3195 3119 3252 Petri
3146 3195 3521 3266 apostolorum
3548 3194 3852 3266 principis.

2259 3296 2312 3343 et
2336 3287 2568 3355 caeteris,
2591 3286 2954 3343 anathematis
2984 3287 3202 3344 vinculo
3227 3303 3351 3343 esse
3379 3286 3716 3342 innodatum
3743 3292 3797 3341 et
3822 3302 3851 3338 a

2259 3394 2427 3452 regno
2464 3378 2560 3436 Dei
2601 3380 2876 3448 alienum,
2909 3388 3073 3451 atque
3110 3396 3236 3436 cum
3272 3378 3410 3436 Juda
3448 3379 3726 3434 traditore
3754 3373 3856 3431 Do-

2260 3463 2395 3524 mini
2416 3469 2591 3525 nostri
2632 3468 2762 3525 Jesu
2797 3464 3005 3526 Christi
3027 3512 3043 3538 ,
3080 3479 3137 3527 et
3163 3470 3421 3526 omnibus
3447 3470 3637 3540 impiis
3674 3469 3855 3525 socius

2260 3561 2330 3616 sit
2352 3560 2405 3615 in
2429 3560 2725 3617 infernum.
2754 3558 2858 3630 Qui
2878 3577 3008 3618 vero
3029 3577 3130 3634 pro
3148 3562 3351 3617 intuitu
3374 3570 3567 3617 custos
3590 3569 3647 3617 et
3668 3562 3857 3616 obser-

2258 3661 2415 3709 vator
2460 3653 2624 3724 hujus
2665 3654 2840 3709 nostri
2870 3655 3177 3726 'apostolici
3220 3653 3493 3726 privilegii
3540 3654 3850 3718 exstiterit,

2258 3744 2655 3801 benedictionis
2675 3746 2928 3816 gratiam,
2950 3746 3229 3818 vitamque
3262 3751 3528 3802 aeternam
3558 3761 3594 3802 a
3618 3745 3852 3801 Domino

2258 3838 2537 3908 percipere
2565 3845 2843 3893 mereatur
2869 3837 2926 3893 in
2963 3840 3162 3895 smcula
3186 3840 3538 3895 szeculorum.
3563 3839 3769 3895 Amen.

2330 3928 2606 4002 Scriptum
2649 3946 2748 4002 per
2781 3946 2980 3987 manus
3021 3930 3241 4003 Rogerii
3288 3931 3490 3987 notarii
3531 3931 3849 4005 regionarii,

2260 4028 2424 4091 atque
2479 4020 2751 4077 scriniarii
2800 4031 3003 4078 sancte
3049 4021 3311 4079 Romanae
3350 4022 3619 4080 Ecclesiae
3666 4038 3853 4082 mense

2258 4110 2423 4168 Iunio
2452 4113 2637 4169 indict.
2672 4124 2883 4171 octava.
2912 4114 3116 4173 Valete.

3001 4246 3068 4302 Ill

2188 4345 2236 4405 ι)
2261 4335 2421 4390 Bulla
2458 4337 2685 4391 Joannis
2711 4336 2851 4411 XIX
2879 4284 3030 4408 ραρῷ
3056 4284 3127 4393 ad
3163 4356 3339 4393 omnes
3367 4355 3532 4411 reges,
3554 4342 3848 4410 episcopos,

2756 4409 2936 4475 duces,
2965 4411 3199 4474 comites,
3226 4418 3332 4466 etc.

2740 4499 2918 4572 (Circa
2951 4517 3155 4558 annum
3188 4501 3372 4573 1025.)

2258 4591 2564 4664 [.lle'moires
2610 4592 3028 4664 ειῌῌοσιυηεηιξ
3064 4595 3378 4664 historiques
3421 4594 3486 4646 de
3529 4594 3586 4647 la
3650 4594 3847 4659 Scissa,

2503 4672 2633 4716 tom.
2663 4661 2751 4729 ΙΙΙ,
2788 4680 2842 4734 p.
2885 4660 3305 4719 429.1.ausanne
3341 4664 3501 4718 1858.
3536 4663 3620 4736 8°]

2327 4753 2560 4810 Joannes
2578 4755 2890 4826 episcopus,
2924 4773 3115 4813 servus
3135 4770 3420 4814 servorum
3443 4755 3565 4823 Dei,
3589 4756 3848 4812 omnibus

2261 4845 2501 4916 regibus,
2530 4847 2824 4916 episcopis,
2860 4848 3093 4904 ducibus
3120 4891 3135 4916 ,
3185 4847 3480 4905 comitibus
3524 4856 3697 4920 atque
3730 4863 3848 4903 om-

2260 4937 2422 4992 nibus
2454 4938 2810 5009 principibus,
2845 4940 2900 4994 in
2931 4956 3166 5012 quorum
3199 4948 3468 5012 potestate
3500 4939 3848 4997 Romanense

2259 5029 2569 5083 coenobium
2594 5029 2808 5085 videtur
2843 5031 3043 5086 habere
3076 5032 3291 5103 aliquas
3314 5032 3599 5097 ecclesias,
3627 5040 3724 5086 aut
3744 5031 3844 5087 ali-

2258 5133 2398 5186 quas
2438 5126 2635 5186 terras,
2661 5119 2893 5175 salutem
2938 5136 2968 5175 a
3020 5121 3132 5177 Deo
3152 5130 3207 5176 et
3233 5121 3595 5192 apostolicam
3619 5120 3845 5175 benedi-

2257 5217 2515 5264 ctionem.

2324 5299 2524 5358 Precor
2544 5316 2762 5358 omnem
2786 5304 2840 5360 in
2867 5314 3160 5360 commune
3176 5312 3416 5360 vestram
3447 5302 3841 5358 fraternitatem
