  <div class='ocr_page' id='page_1' title='image "/cluster/home/n/w/nwhite01/storage/ocr_20150623/141/hvd.32044015471790/568.png"; bbox 0 0 4018 6468; ppageno 0'>
   <div class='ocr_carea' id='block_1_1' title="bbox 167 432 304 486">
    <p class='ocr_par' dir='ltr' id='par_1_1' title="bbox 167 432 304 486">
     <span class='ocr_line' id='line_1_1' title="bbox 167 432 304 486; baseline 0.015 -2"><span class='ocrx_word' id='word_1_1' title='bbox 167 432 304 486; x_wconf 67' lang='grc'><strong>1125</strong></span> 
     </span>
    </p>
   </div>
   <div class='ocr_carea' id='block_1_2' title="bbox 1322 409 2257 472">
    <p class='ocr_par' dir='ltr' id='par_1_2' title="bbox 1322 409 2257 472">
     <span class='ocr_line' id='line_1_2' title="bbox 1322 409 2257 472; baseline -0.009 -2"><span class='ocrx_word' id='word_1_2' title='bbox 1322 413 1678 472; x_wconf 53' lang='lat' dir='ltr'><strong>EPISTULA?</strong></span> <span class='ocrx_word' id='word_1_3' title='bbox 1719 410 1806 466; x_wconf 77' lang='lat' dir='ltr'><strong>ET</strong></span> <span class='ocrx_word' id='word_1_4' title='bbox 1845 409 2257 465; x_wconf 61' lang='lat' dir='ltr'><strong>DII‘LOMATA.</strong></span> 
     </span>
    </p>
   </div>
   <div class='ocr_carea' id='block_1_3' title="bbox 3282 401 3422 456">
    <p class='ocr_par' dir='ltr' id='par_1_3' title="bbox 3282 401 3422 456">
     <span class='ocr_line' id='line_1_3' title="bbox 3282 401 3422 456; baseline 0.007 -1"><span class='ocrx_word' id='word_1_5' title='bbox 3282 401 3422 456; x_wconf 76' lang='lat'><strong>“&#39;20</strong></span> 
     </span>
    </p>
   </div>
   <div class='ocr_carea' id='block_1_4' title="bbox 167 516 3426 603">
    <p class='ocr_par' dir='ltr' id='par_1_4' title="bbox 167 516 3426 603">
     <span class='ocr_line' id='line_1_4' title="bbox 167 516 3426 603; baseline -0.01 0"><span class='ocrx_word' id='word_1_6' title='bbox 167 547 303 603; x_wconf 89' lang='lat' dir='ltr'><strong>mini</strong></span> <span class='ocrx_word' id='word_1_7' title='bbox 320 553 375 600; x_wconf 90' lang='lat' dir='ltr'><strong>et</strong></span> <span class='ocrx_word' id='word_1_8' title='bbox 419 540 739 600; x_wconf 71' lang='lat' dir='ltr'><strong>defendatis.</strong></span> <span class='ocrx_word' id='word_1_9' title='bbox 794 536 852 592; x_wconf 90' lang='lat' dir='ltr'><strong>Si</strong></span> <span class='ocrx_word' id='word_1_10' title='bbox 896 549 1024 590; x_wconf 90' lang='lat' dir='ltr'><strong>vero</strong></span> <span class='ocrx_word' id='word_1_11' title='bbox 1069 532 1267 603; x_wconf 80' lang='lat' dir='ltr'><strong>aliquis</strong></span> <span class='ocrx_word' id='word_1_12' title='bbox 1295 531 1350 584; x_wconf 91' lang='lat' dir='ltr'><strong>in</strong></span> <span class='ocrx_word' id='word_1_13' title='bbox 1377 531 1571 586; x_wconf 78' lang='lat' dir='ltr'><strong>vestris</strong></span> <span class='ocrx_word' id='word_1_14' title='bbox 1598 538 1752 600; x_wconf 90' lang='lat' dir='ltr'><strong>pote-</strong></span> <span class='ocrx_word' id='word_1_15' title='bbox 1781 531 1826 587; x_wconf 80' lang='grc' dir='ltr'><strong>Α</strong></span> <span class='ocrx_word' id='word_1_16' title='bbox 1854 527 2040 597; x_wconf 85' lang='lat' dir='ltr'><strong>scopio</strong></span> <span class='ocrx_word' id='word_1_17' title='bbox 2065 541 2127 580; x_wconf 88' lang='lat' dir='ltr'><strong>ea</strong></span> <span class='ocrx_word' id='word_1_18' title='bbox 2167 540 2288 595; x_wconf 76' lang='lat' dir='ltr'><strong>qua:</strong></span> <span class='ocrx_word' id='word_1_19' title='bbox 2314 539 2344 579; x_wconf 90' lang='lat' dir='ltr'><strong>a</strong></span> <span class='ocrx_word' id='word_1_20' title='bbox 2382 519 2870 592; x_wconf 64' lang='lat' dir='ltr'><strong>praedecessoribus</strong></span> <span class='ocrx_word' id='word_1_21' title='bbox 2916 517 3118 574; x_wconf 88' lang='lat' dir='ltr'><strong>nostris</strong></span> <span class='ocrx_word' id='word_1_22' title='bbox 3153 516 3426 588; x_wconf 86' lang='lat' dir='ltr'><strong>pontifici—</strong></span> 
     </span>
    </p>
   </div>
   <div class='ocr_carea' id='block_1_5' title="bbox 166 620 1752 696">
    <p class='ocr_par' dir='ltr' id='par_1_5' title="bbox 166 620 1752 696">
     <span class='ocr_line' id='line_1_5' title="bbox 166 620 1752 696; baseline -0.013 -1"><span class='ocrx_word' id='word_1_23' title='bbox 166 639 400 695; x_wconf 86' lang='lat' dir='ltr'><strong>statibus</strong></span> <span class='ocrx_word' id='word_1_24' title='bbox 421 644 516 692; x_wconf 84' lang='lat' dir='ltr'><strong>aut</strong></span> <span class='ocrx_word' id='word_1_25' title='bbox 548 634 709 689; x_wconf 89' lang='lat' dir='ltr'><strong>terris</strong></span> <span class='ocrx_word' id='word_1_26' title='bbox 736 628 1026 694; x_wconf 69' lang='lat' dir='ltr'><strong>exstiterit,</strong></span> <span class='ocrx_word' id='word_1_27' title='bbox 1054 626 1148 696; x_wconf 89' lang='lat' dir='ltr'><strong>qui</strong></span> <span class='ocrx_word' id='word_1_28' title='bbox 1171 639 1334 695; x_wconf 91' lang='lat' dir='ltr'><strong>supra</strong></span> <span class='ocrx_word' id='word_1_29' title='bbox 1360 623 1504 678; x_wconf 89' lang='lat' dir='ltr'><strong>dicto</strong></span> <span class='ocrx_word' id='word_1_30' title='bbox 1528 623 1649 677; x_wconf 91' lang='lat' dir='ltr'><strong>loco</strong></span> <span class='ocrx_word' id='word_1_31' title='bbox 1669 620 1752 676; x_wconf 89' lang='lat' dir='ltr'><strong>vel</strong></span> 
     </span>
    </p>
   </div>
   <div class='ocr_carea' id='block_1_6' title="bbox 166 715 1754 796">
    <p class='ocr_par' dir='ltr' id='par_1_6' title="bbox 166 715 1754 796">
     <span class='ocr_line' id='line_1_6' title="bbox 166 715 1754 796; baseline -0.013 -10"><span class='ocrx_word' id='word_1_32' title='bbox 166 733 332 787; x_wconf 84' lang='lat' dir='ltr'><strong>terris</strong></span> <span class='ocrx_word' id='word_1_33' title='bbox 370 730 438 786; x_wconf 88' lang='lat' dir='ltr'><strong>ad</strong></span> <span class='ocrx_word' id='word_1_34' title='bbox 461 730 587 784; x_wconf 83' lang='lat' dir='ltr'><strong>etim</strong></span> <span class='ocrx_word' id='word_1_35' title='bbox 637 721 1034 796; x_wconf 77' lang='lat' dir='ltr'><strong>psrtinentibus</strong></span> <span class='ocrx_word' id='word_1_36' title='bbox 1077 718 1318 789; x_wconf 83' lang='lat' dir='ltr'><strong>aliquam</strong></span> <span class='ocrx_word' id='word_1_37' title='bbox 1368 715 1624 785; x_wconf 89' lang='lat' dir='ltr'><strong>injuriam</strong></span> <span class='ocrx_word' id='word_1_38' title='bbox 1659 720 1754 768; x_wconf 89' lang='lat' dir='ltr'><strong>aut</strong></span> 
     </span>
    </p>
   </div>
   <div class='ocr_carea' id='block_1_7' title="bbox 167 806 1752 880">
    <p class='ocr_par' dir='ltr' id='par_1_7' title="bbox 167 806 1752 880">
     <span class='ocr_line' id='line_1_7' title="bbox 167 806 1752 880; baseline -0.014 -1"><span class='ocrx_word' id='word_1_39' title='bbox 167 822 476 879; x_wconf 84' lang='lat' dir='ltr'><strong>molestiam</strong></span> <span class='ocrx_word' id='word_1_40' title='bbox 507 815 706 872; x_wconf 87' lang='lat' dir='ltr'><strong>inferre</strong></span> <span class='ocrx_word' id='word_1_41' title='bbox 730 811 1036 878; x_wconf 90' lang='lat' dir='ltr'><strong>tentaverit,</strong></span> <span class='ocrx_word' id='word_1_42' title='bbox 1063 824 1198 880; x_wconf 88' lang='lat' dir='ltr'><strong>rogo</strong></span> <span class='ocrx_word' id='word_1_43' title='bbox 1236 814 1476 862; x_wconf 81' lang='lat' dir='ltr'><strong>vestram</strong></span> <span class='ocrx_word' id='word_1_44' title='bbox 1500 806 1557 860; x_wconf 91' lang='lat' dir='ltr'><strong>in</strong></span> <span class='ocrx_word' id='word_1_45' title='bbox 1597 819 1752 860; x_wconf 84' lang='lat' dir='ltr'><strong>com-</strong></span> 
     </span>
    </p>
   </div>
   <div class='ocr_carea' id='block_1_8' title="bbox 168 897 1755 973">
    <p class='ocr_par' dir='ltr' id='par_1_8' title="bbox 168 897 1755 973">
     <span class='ocr_line' id='line_1_8' title="bbox 168 897 1755 973; baseline -0.014 -3"><span class='ocrx_word' id='word_1_46' title='bbox 168 929 337 969; x_wconf 86' lang='lat' dir='ltr'><strong>mune</strong></span> <span class='ocrx_word' id='word_1_47' title='bbox 368 910 762 966; x_wconf 83' lang='lat' dir='ltr'><strong>fraternitatem</strong></span> <span class='ocrx_word' id='word_1_48' title='bbox 815 913 876 960; x_wconf 93' lang='lat' dir='ltr'><strong>ut</strong></span> <span class='ocrx_word' id='word_1_49' title='bbox 917 901 1231 973; x_wconf 86' lang='lat' dir='ltr'><strong>supradicto</strong></span> <span class='ocrx_word' id='word_1_50' title='bbox 1256 900 1378 954; x_wconf 92' lang='lat' dir='ltr'><strong>loco</strong></span> <span class='ocrx_word' id='word_1_51' title='bbox 1407 897 1677 968; x_wconf 81' lang='lat' dir='ltr'><strong>justitiam</strong></span> <span class='ocrx_word' id='word_1_52' title='bbox 1702 903 1755 950; x_wconf 83' lang='lat' dir='ltr'><strong>et</strong></span> 
     </span>
    </p>
   </div>
   <div class='ocr_carea' id='block_1_9' title="bbox 169 991 1753 1074">
    <p class='ocr_par' dir='ltr' id='par_1_9' title="bbox 169 991 1753 1074">
     <span class='ocr_line' id='line_1_9' title="bbox 169 991 1753 1074; baseline -0.016 -10"><span class='ocrx_word' id='word_1_53' title='bbox 169 1016 380 1064; x_wconf 89' lang='lat' dir='ltr'><strong>rectum</strong></span> <span class='ocrx_word' id='word_1_54' title='bbox 416 1002 682 1074; x_wconf 82' lang='lat' dir='ltr'><strong>judicium</strong></span> <span class='ocrx_word' id='word_1_55' title='bbox 713 997 893 1052; x_wconf 85' lang='lat' dir='ltr'><strong>facere</strong></span> <span class='ocrx_word' id='word_1_56' title='bbox 933 992 1217 1050; x_wconf 72' lang='lat' dir='ltr'><strong>studentis.</strong></span> <span class='ocrx_word' id='word_1_57' title='bbox 1261 991 1317 1046; x_wconf 97' lang='lat' dir='ltr'><strong>Si</strong></span> <span class='ocrx_word' id='word_1_58' title='bbox 1353 1005 1484 1044; x_wconf 89' lang='lat' dir='ltr'><strong>vero</strong></span> <span class='ocrx_word' id='word_1_59' title='bbox 1505 995 1753 1044; x_wconf 82' lang='lat' dir='ltr'><strong>contem-</strong></span> 
     </span>
    </p>
   </div>
   <div class='ocr_carea' id='block_1_10' title="bbox 169 1079 1774 1171">
    <p class='ocr_par' dir='ltr' id='par_1_10' title="bbox 169 1079 1774 1171">
     <span class='ocr_line' id='line_1_10' title="bbox 169 1079 1774 1171; baseline -0.016 -15"><span class='ocrx_word' id='word_1_60' title='bbox 169 1101 384 1171; x_wconf 88' lang='lat' dir='ltr'><strong>pserint</strong></span> <span class='ocrx_word' id='word_1_61' title='bbox 404 1104 459 1152; x_wconf 89' lang='lat' dir='ltr'><strong>et</strong></span> <span class='ocrx_word' id='word_1_62' title='bbox 486 1097 543 1149; x_wconf 88' lang='lat' dir='ltr'><strong>in</strong></span> <span class='ocrx_word' id='word_1_63' title='bbox 568 1109 666 1149; x_wconf 87' lang='lat' dir='ltr'><strong>sua</strong></span> <span class='ocrx_word' id='word_1_64' title='bbox 685 1090 890 1146; x_wconf 88' lang='lat' dir='ltr'><strong>malitia</strong></span> <span class='ocrx_word' id='word_1_65' title='bbox 910 1100 1256 1159; x_wconf 83' lang='lat' dir='ltr'><strong>perseverare</strong></span> <span class='ocrx_word' id='word_1_66' title='bbox 1268 1083 1563 1148; x_wconf 87' lang='lat' dir='ltr'><strong>voluerint,</strong></span> <span class='ocrx_word' id='word_1_67' title='bbox 1582 1079 1774 1135; x_wconf 40' lang='lat' dir='ltr'><strong>sciant.</strong></span> 
     </span>
    </p>
   </div>
   <div class='ocr_carea' id='block_1_11' title="bbox 171 1170 1756 1256">
    <p class='ocr_par' dir='ltr' id='par_1_11' title="bbox 171 1170 1756 1256">
     <span class='ocr_line' id='line_1_11' title="bbox 171 1170 1756 1256; baseline -0.016 -7"><span class='ocrx_word' id='word_1_68' title='bbox 171 1170 236 1248; x_wconf 79' lang='lat' dir='ltr'><strong>se</strong></span> <span class='ocrx_word' id='word_1_69' title='bbox 262 1207 294 1248; x_wconf 91' lang='lat' dir='ltr'><strong>a</strong></span> <span class='ocrx_word' id='word_1_70' title='bbox 322 1189 480 1246; x_wconf 87' lang='lat' dir='ltr'><strong>nobis</strong></span> <span class='ocrx_word' id='word_1_71' title='bbox 517 1185 815 1256; x_wconf 85' lang='lat' dir='ltr'><strong>apostolica</strong></span> <span class='ocrx_word' id='word_1_72' title='bbox 847 1179 1170 1235; x_wconf 88' lang='lat' dir='ltr'><strong>auctoritate</strong></span> <span class='ocrx_word' id='word_1_73' title='bbox 1203 1170 1756 1230; x_wconf 81' lang='lat' dir='ltr'><strong>excommunicandos</strong></span> 
     </span>
    </p>
   </div>
   <div class='ocr_carea' id='block_1_12' title="bbox 173 1265 1758 1354">
    <p class='ocr_par' dir='ltr' id='par_1_12' title="bbox 173 1265 1758 1354">
     <span class='ocr_line' id='line_1_12' title="bbox 173 1265 1758 1354; baseline -0.015 -15"><span class='ocrx_word' id='word_1_74' title='bbox 173 1295 341 1354; x_wconf 85' lang='lat' dir='ltr'><strong>atque</strong></span> <span class='ocrx_word' id='word_1_75' title='bbox 391 1276 812 1342; x_wconf 85' lang='lat' dir='ltr'><strong>maledicendos,</strong></span> <span class='ocrx_word' id='word_1_76' title='bbox 850 1288 950 1326; x_wconf 90' lang='lat' dir='ltr'><strong>nec</strong></span> <span class='ocrx_word' id='word_1_77' title='bbox 972 1287 1082 1325; x_wconf 88' lang='lat' dir='ltr'><strong>non</strong></span> <span class='ocrx_word' id='word_1_78' title='bbox 1106 1278 1160 1324; x_wconf 90' lang='lat' dir='ltr'><strong>et</strong></span> <span class='ocrx_word' id='word_1_79' title='bbox 1179 1283 1209 1322; x_wconf 92' lang='lat' dir='ltr'><strong>a</strong></span> <span class='ocrx_word' id='word_1_80' title='bbox 1240 1265 1521 1321; x_wconf 89' lang='lat' dir='ltr'><strong>liminibus</strong></span> <span class='ocrx_word' id='word_1_81' title='bbox 1554 1269 1758 1320; x_wconf 78' lang='lat' dir='ltr'><strong>sancta:</strong></span> 
     </span>
    </p>
   </div>
   <div class='ocr_carea' id='block_1_13' title="bbox 175 1357 1759 1429">
    <p class='ocr_par' dir='ltr' id='par_1_13' title="bbox 175 1357 1759 1429">
     <span class='ocr_line' id='line_1_13' title="bbox 175 1357 1759 1429; baseline -0.014 1"><span class='ocrx_word' id='word_1_82' title='bbox 175 1373 438 1429; x_wconf 75' lang='lat' dir='ltr'><strong>Ecclesia:</strong></span> <span class='ocrx_word' id='word_1_83' title='bbox 483 1368 750 1424; x_wconf 87' lang='lat' dir='ltr'><strong>arcendos</strong></span> <span class='ocrx_word' id='word_1_84' title='bbox 778 1373 832 1420; x_wconf 91' lang='lat' dir='ltr'><strong>et</strong></span> <span class='ocrx_word' id='word_1_85' title='bbox 854 1364 1111 1420; x_wconf 83' lang='lat' dir='ltr'><strong>societate</strong></span> <span class='ocrx_word' id='word_1_86' title='bbox 1154 1359 1398 1414; x_wconf 89' lang='lat' dir='ltr'><strong>omnium</strong></span> <span class='ocrx_word' id='word_1_87' title='bbox 1429 1357 1759 1412; x_wconf 81' lang='lat' dir='ltr'><strong>christiano-</strong></span> 
     </span>
    </p>
   </div>
   <div class='ocr_carea' id='block_1_14' title="bbox 174 1449 1760 1534">
    <p class='ocr_par' dir='ltr' id='par_1_14' title="bbox 174 1449 1760 1534">
     <span class='ocr_line' id='line_1_14' title="bbox 174 1449 1760 1534; baseline -0.013 -12"><span class='ocrx_word' id='word_1_88' title='bbox 174 1482 303 1522; x_wconf 88' lang='lat' dir='ltr'><strong>rum</strong></span> <span class='ocrx_word' id='word_1_89' title='bbox 355 1460 738 1534; x_wconf 84' lang='lat' dir='ltr'><strong>segregaudos,</strong></span> <span class='ocrx_word' id='word_1_90' title='bbox 779 1465 833 1511; x_wconf 88' lang='lat' dir='ltr'><strong>et</strong></span> <span class='ocrx_word' id='word_1_91' title='bbox 870 1470 995 1511; x_wconf 90' lang='lat' dir='ltr'><strong>cum</strong></span> <span class='ocrx_word' id='word_1_92' title='bbox 1047 1452 1222 1506; x_wconf 88' lang='lat' dir='ltr'><strong>Datan</strong></span> <span class='ocrx_word' id='word_1_93' title='bbox 1262 1459 1314 1504; x_wconf 90' lang='lat' dir='ltr'><strong>et</strong></span> <span class='ocrx_word' id='word_1_94' title='bbox 1347 1449 1573 1514; x_wconf 80' lang='lat' dir='ltr'><strong>Abiron,</strong></span> <span class='ocrx_word' id='word_1_95' title='bbox 1619 1461 1760 1518; x_wconf 89' lang='lat' dir='ltr'><strong>quos</strong></span> 
     </span>
    </p>
   </div>
   <div class='ocr_carea' id='block_1_15' title="bbox 179 1538 1759 1622">
    <p class='ocr_par' dir='ltr' id='par_1_15' title="bbox 179 1538 1759 1622">
     <span class='ocr_line' id='line_1_15' title="bbox 179 1538 1759 1622; baseline -0.013 -10"><span class='ocrx_word' id='word_1_96' title='bbox 179 1559 334 1612; x_wconf 86' lang='lat' dir='ltr'><strong>vivos</strong></span> <span class='ocrx_word' id='word_1_97' title='bbox 364 1564 508 1609; x_wconf 89' lang='lat' dir='ltr'><strong>terra</strong></span> <span class='ocrx_word' id='word_1_98' title='bbox 545 1548 843 1622; x_wconf 80' lang='lat' dir='ltr'><strong>deglutivit,</strong></span> <span class='ocrx_word' id='word_1_99' title='bbox 874 1547 928 1600; x_wconf 90' lang='lat' dir='ltr'><strong>in</strong></span> <span class='ocrx_word' id='word_1_100' title='bbox 971 1543 1187 1599; x_wconf 87' lang='lat' dir='ltr'><strong>inferno</strong></span> <span class='ocrx_word' id='word_1_101' title='bbox 1215 1541 1622 1611; x_wconf 80' lang='lat' dir='ltr'><strong>demergendos,</strong></span> <span class='ocrx_word' id='word_1_102' title='bbox 1653 1538 1759 1594; x_wconf 90' lang='lat' dir='ltr'><strong>nisi</strong></span> 
     </span>
    </p>
   </div>
   <div class='ocr_carea' id='block_1_16' title="bbox 177 1629 1760 1706">
    <p class='ocr_par' dir='ltr' id='par_1_16' title="bbox 177 1629 1760 1706">
     <span class='ocr_line' id='line_1_16' title="bbox 177 1629 1760 1706; baseline -0.015 0"><span class='ocrx_word' id='word_1_103' title='bbox 177 1651 290 1706; x_wconf 88' lang='lat' dir='ltr'><strong>cito</strong></span> <span class='ocrx_word' id='word_1_104' title='bbox 338 1647 406 1702; x_wconf 88' lang='lat' dir='ltr'><strong>ad</strong></span> <span class='ocrx_word' id='word_1_105' title='bbox 435 1642 870 1700; x_wconf 86' lang='lat' dir='ltr'><strong>emendationem</strong></span> <span class='ocrx_word' id='word_1_106' title='bbox 931 1636 1178 1691; x_wconf 87' lang='lat' dir='ltr'><strong>venerint</strong></span> <span class='ocrx_word' id='word_1_107' title='bbox 1221 1633 1276 1688; x_wconf 90' lang='lat' dir='ltr'><strong>S.</strong></span> <span class='ocrx_word' id='word_1_108' title='bbox 1327 1631 1474 1686; x_wconf 87' lang='lat' dir='ltr'><strong>Petri</strong></span> <span class='ocrx_word' id='word_1_109' title='bbox 1527 1629 1760 1685; x_wconf 82' lang='lat' dir='ltr'><strong>Romani</strong></span> 
     </span>
    </p>
   </div>
   <div class='ocr_carea' id='block_1_17' title="bbox 180 1723 1760 1803">
    <p class='ocr_par' dir='ltr' id='par_1_17' title="bbox 180 1723 1760 1803">
     <span class='ocr_line' id='line_1_17' title="bbox 180 1723 1760 1803; baseline -0.014 -6"><span class='ocrx_word' id='word_1_110' title='bbox 180 1735 522 1803; x_wconf 83' lang='lat' dir='ltr'><strong>monasterii,</strong></span> <span class='ocrx_word' id='word_1_111' title='bbox 557 1735 751 1803; x_wconf 90' lang='lat' dir='ltr'><strong>suique</strong></span> <span class='ocrx_word' id='word_1_112' title='bbox 777 1726 1235 1786; x_wconf 77' lang='lat' dir='ltr'><strong>excommunicati</strong></span> <span class='ocrx_word' id='word_1_113' title='bbox 1255 1737 1416 1794; x_wconf 89' lang='lat' dir='ltr'><strong>atque</strong></span> <span class='ocrx_word' id='word_1_114' title='bbox 1439 1723 1760 1778; x_wconf 88' lang='lat' dir='ltr'><strong>anathema-</strong></span> 
     </span>
    </p>
   </div>
   <div class='ocr_carea' id='block_1_18' title="bbox 181 1817 1759 1900">
    <p class='ocr_par' dir='ltr' id='par_1_18' title="bbox 181 1817 1759 1900">
     <span class='ocr_line' id='line_1_18' title="bbox 181 1817 1759 1900; baseline -0.014 -11"><span class='ocrx_word' id='word_1_115' title='bbox 181 1833 335 1889; x_wconf 85' lang='lat' dir='ltr'><strong>tizati</strong></span> <span class='ocrx_word' id='word_1_116' title='bbox 385 1834 641 1900; x_wconf 81' lang='lat' dir='ltr'><strong>exparte</strong></span> <span class='ocrx_word' id='word_1_117' title='bbox 686 1825 742 1881; x_wconf 90' lang='lat' dir='ltr'><strong>S.</strong></span> <span class='ocrx_word' id='word_1_118' title='bbox 787 1823 933 1879; x_wconf 81' lang='lat' dir='ltr'><strong>Petri</strong></span> <span class='ocrx_word' id='word_1_119' title='bbox 975 1819 1229 1890; x_wconf 89' lang='lat' dir='ltr'><strong>apostoli,</strong></span> <span class='ocrx_word' id='word_1_120' title='bbox 1256 1817 1352 1888; x_wconf 91' lang='lat' dir='ltr'><strong>qui</strong></span> <span class='ocrx_word' id='word_1_121' title='bbox 1382 1823 1702 1888; x_wconf 88' lang='lat' dir='ltr'><strong>potestatem</strong></span> <span class='ocrx_word' id='word_1_122' title='bbox 1730 1829 1759 1867; x_wconf 92' lang='lat' dir='ltr'><strong>a</strong></span> 
     </span>
    </p>
   </div>
   <div class='ocr_carea' id='block_1_19' title="bbox 181 1908 1762 1990">
    <p class='ocr_par' dir='ltr' id='par_1_19' title="bbox 181 1908 1762 1990">
     <span class='ocr_line' id='line_1_19' title="bbox 181 1908 1762 1990; baseline -0.014 -8"><span class='ocrx_word' id='word_1_123' title='bbox 181 1925 418 1981; x_wconf 91' lang='lat' dir='ltr'><strong>Domino</strong></span> <span class='ocrx_word' id='word_1_124' title='bbox 458 1919 665 1990; x_wconf 85' lang='lat' dir='ltr'><strong>accepit</strong></span> <span class='ocrx_word' id='word_1_125' title='bbox 707 1915 909 1988; x_wconf 74' lang='lat' dir='ltr'><strong>ligandi</strong></span> <span class='ocrx_word' id='word_1_126' title='bbox 948 1923 1112 1984; x_wconf 89' lang='lat' dir='ltr'><strong>atque</strong></span> <span class='ocrx_word' id='word_1_127' title='bbox 1151 1908 1412 1973; x_wconf 87' lang='lat' dir='ltr'><strong>solvendi,</strong></span> <span class='ocrx_word' id='word_1_128' title='bbox 1462 1908 1554 1977; x_wconf 88' lang='lat' dir='ltr'><strong>qui</strong></span> <span class='ocrx_word' id='word_1_129' title='bbox 1589 1916 1762 1961; x_wconf 80' lang='lat' dir='ltr'><strong>terras</strong></span> 
     </span>
    </p>
   </div>
   <div class='ocr_carea' id='block_1_20' title="bbox 183 2001 1758 2090">
    <p class='ocr_par' dir='ltr' id='par_1_20' title="bbox 183 2001 1758 2090">
     <span class='ocr_line' id='line_1_20' title="bbox 183 2001 1758 2090; baseline -0.013 -17"><span class='ocrx_word' id='word_1_130' title='bbox 183 2017 429 2090; x_wconf 87' lang='lat' dir='ltr'><strong>ejusdem</strong></span> <span class='ocrx_word' id='word_1_131' title='bbox 463 2013 519 2069; x_wconf 89' lang='lat' dir='ltr'><strong>S.</strong></span> <span class='ocrx_word' id='word_1_132' title='bbox 552 2012 698 2066; x_wconf 90' lang='lat' dir='ltr'><strong>Petri</strong></span> <span class='ocrx_word' id='word_1_133' title='bbox 745 2010 946 2080; x_wconf 89' lang='lat' dir='ltr'><strong>injuste</strong></span> <span class='ocrx_word' id='word_1_134' title='bbox 987 2013 1172 2061; x_wconf 90' lang='lat' dir='ltr'><strong>tenent</strong></span> <span class='ocrx_word' id='word_1_135' title='bbox 1200 2013 1252 2059; x_wconf 91' lang='lat' dir='ltr'><strong>et</strong></span> <span class='ocrx_word' id='word_1_136' title='bbox 1277 2004 1468 2058; x_wconf 84' lang='lat' dir='ltr'><strong>nolunt</strong></span> <span class='ocrx_word' id='word_1_137' title='bbox 1495 2001 1720 2056; x_wconf 84' lang='lat' dir='ltr'><strong>reddere</strong></span> <span class='ocrx_word' id='word_1_138' title='bbox 1747 2016 1758 2053; x_wconf 92' lang='lat'>:</span> 
     </span>
    </p>
   </div>
   <div class='ocr_carea' id='block_1_21' title="bbox 184 2095 1765 2168">
    <p class='ocr_par' dir='ltr' id='par_1_21' title="bbox 184 2095 1765 2168">
     <span class='ocr_line' id='line_1_21' title="bbox 184 2095 1765 2168; baseline -0.013 -2"><span class='ocrx_word' id='word_1_139' title='bbox 184 2120 244 2168; x_wconf 88' lang='lat' dir='ltr'><strong>et</strong></span> <span class='ocrx_word' id='word_1_140' title='bbox 277 2110 356 2164; x_wconf 89' lang='lat' dir='ltr'><strong>illi</strong></span> <span class='ocrx_word' id='word_1_141' title='bbox 381 2108 631 2165; x_wconf 88' lang='lat' dir='ltr'><strong>similiter</strong></span> <span class='ocrx_word' id='word_1_142' title='bbox 647 2099 1127 2164; x_wconf 80' lang='lat' dir='ltr'><strong>excommunicati,</strong></span> <span class='ocrx_word' id='word_1_143' title='bbox 1159 2097 1254 2166; x_wconf 88' lang='lat' dir='ltr'><strong>qui</strong></span> <span class='ocrx_word' id='word_1_144' title='bbox 1283 2111 1376 2150; x_wconf 91' lang='lat' dir='ltr'><strong>eas</strong></span> <span class='ocrx_word' id='word_1_145' title='bbox 1395 2095 1573 2150; x_wconf 62' lang='lat' dir='ltr'><strong>celant</strong></span> <span class='ocrx_word' id='word_1_146' title='bbox 1594 2103 1647 2146; x_wconf 90' lang='lat' dir='ltr'><strong>et</strong></span> <span class='ocrx_word' id='word_1_147' title='bbox 1665 2106 1765 2146; x_wconf 82' lang='lat' dir='ltr'><strong>no-</strong></span> 
     </span>
    </p>
   </div>
   <div class='ocr_carea' id='block_1_22' title="bbox 185 2183 1763 2260">
    <p class='ocr_par' dir='ltr' id='par_1_22' title="bbox 185 2183 1763 2260">
     <span class='ocr_line' id='line_1_22' title="bbox 185 2183 1763 2260; baseline -0.015 0"><span class='ocrx_word' id='word_1_148' title='bbox 185 2207 313 2260; x_wconf 87' lang='lat' dir='ltr'><strong>lunt</strong></span> <span class='ocrx_word' id='word_1_149' title='bbox 351 2202 591 2257; x_wconf 90' lang='lat' dir='ltr'><strong>indicare</strong></span> <span class='ocrx_word' id='word_1_150' title='bbox 625 2197 713 2253; x_wconf 86' lang='lat' dir='ltr'><strong>vel</strong></span> <span class='ocrx_word' id='word_1_151' title='bbox 754 2193 1105 2251; x_wconf 83' lang='lat' dir='ltr'><strong>manifestare</strong></span> <span class='ocrx_word' id='word_1_152' title='bbox 1139 2187 1406 2245; x_wconf 89' lang='lat' dir='ltr'><strong>ministris</strong></span> <span class='ocrx_word' id='word_1_153' title='bbox 1448 2183 1549 2241; x_wconf 92' lang='lat' dir='ltr'><strong>SS.</strong></span> <span class='ocrx_word' id='word_1_154' title='bbox 1597 2183 1763 2250; x_wconf 89' lang='lat' dir='ltr'><strong>Petri,</strong></span> 
     </span>
    </p>
   </div>
   <div class='ocr_carea' id='block_1_23' title="bbox 189 2275 1766 2366">
    <p class='ocr_par' dir='ltr' id='par_1_23' title="bbox 189 2275 1766 2366">
     <span class='ocr_line' id='line_1_23' title="bbox 189 2275 1766 2366; baseline -0.015 -12"><span class='ocrx_word' id='word_1_155' title='bbox 189 2311 365 2354; x_wconf 89' lang='lat' dir='ltr'><strong>terras</strong></span> <span class='ocrx_word' id='word_1_156' title='bbox 387 2295 650 2366; x_wconf 86' lang='lat' dir='ltr'><strong>ejusdem.</strong></span> <span class='ocrx_word' id='word_1_157' title='bbox 689 2289 970 2358; x_wconf 89' lang='lat' dir='ltr'><strong>Eruntque</strong></span> <span class='ocrx_word' id='word_1_158' title='bbox 998 2284 1182 2340; x_wconf 86' lang='lat' dir='ltr'><strong>miseri</strong></span> <span class='ocrx_word' id='word_1_159' title='bbox 1213 2283 1267 2337; x_wconf 90' lang='lat' dir='ltr'><strong>in</strong></span> <span class='ocrx_word' id='word_1_160' title='bbox 1292 2280 1505 2336; x_wconf 82' lang='lat' dir='ltr'><strong>inferno</strong></span> <span class='ocrx_word' id='word_1_161' title='bbox 1525 2275 1766 2334; x_wconf 87' lang='lat' dir='ltr'><strong>damnati</strong></span> 
     </span>
    </p>
   </div>
   <div class='ocr_carea' id='block_1_24' title="bbox 190 2368 1769 2456">
    <p class='ocr_par' dir='ltr' id='par_1_24' title="bbox 190 2368 1769 2456">
     <span class='ocr_line' id='line_1_24' title="bbox 190 2368 1769 2456; baseline -0.016 -10"><span class='ocrx_word' id='word_1_162' title='bbox 190 2407 318 2447; x_wconf 87' lang='lat' dir='ltr'><strong>cum</strong></span> <span class='ocrx_word' id='word_1_163' title='bbox 340 2389 498 2453; x_wconf 80' lang='lat' dir='ltr'><strong>Juda,</strong></span> <span class='ocrx_word' id='word_1_164' title='bbox 512 2383 907 2456; x_wconf 91' lang='lat' dir='ltr'><strong>quiDominum</strong></span> <span class='ocrx_word' id='word_1_165' title='bbox 924 2386 1171 2433; x_wconf 90' lang='lat' dir='ltr'><strong>nostrum</strong></span> <span class='ocrx_word' id='word_1_166' title='bbox 1188 2374 1370 2443; x_wconf 89' lang='lat' dir='ltr'><strong>impiis</strong></span> <span class='ocrx_word' id='word_1_167' title='bbox 1382 2371 1409 2426; x_wconf 75' lang='grc' dir='ltr'><strong>Ι</strong></span> <span class='ocrx_word' id='word_1_168' title='bbox 1416 2371 1582 2426; x_wconf 67' lang='grc' dir='ltr'><strong>υάὲῐξίὸ</strong></span> <span class='ocrx_word' id='word_1_169' title='bbox 1608 2368 1769 2425; x_wconf 82' lang='lat' dir='ltr'><strong>tradi-</strong></span> 
     </span>
    </p>
   </div>
   <div class='ocr_carea' id='block_1_25' title="bbox 190 2461 1766 2549">
    <p class='ocr_par' dir='ltr' id='par_1_25' title="bbox 190 2461 1766 2549">
     <span class='ocr_line' id='line_1_25' title="bbox 190 2461 1766 2549; baseline -0.015 -11"><span class='ocrx_word' id='word_1_170' title='bbox 190 2484 294 2549; x_wconf 87' lang='lat' dir='ltr'><strong>dit,</strong></span> <span class='ocrx_word' id='word_1_171' title='bbox 315 2491 500 2537; x_wconf 90' lang='lat' dir='ltr'><strong>etcum</strong></span> <span class='ocrx_word' id='word_1_172' title='bbox 517 2477 708 2541; x_wconf 89' lang='lat' dir='ltr'><strong>Pilato,</strong></span> <span class='ocrx_word' id='word_1_173' title='bbox 722 2474 814 2546; x_wconf 88' lang='lat' dir='ltr'><strong>qui</strong></span> <span class='ocrx_word' id='word_1_174' title='bbox 828 2474 1006 2543; x_wconf 89' lang='lat' dir='ltr'><strong>ipsum</strong></span> <span class='ocrx_word' id='word_1_175' title='bbox 1022 2465 1488 2536; x_wconf 84' lang='lat' dir='ltr'><strong>Dominumjussit</strong></span> <span class='ocrx_word' id='word_1_176' title='bbox 1502 2461 1766 2532; x_wconf 82' lang='lat' dir='ltr'><strong>crucifigi,</strong></span> 
     </span>
    </p>
   </div>
   <div class='ocr_carea' id='block_1_26' title="bbox 191 2552 1772 2636">
    <p class='ocr_par' dir='ltr' id='par_1_26' title="bbox 191 2552 1772 2636">
     <span class='ocr_line' id='line_1_26' title="bbox 191 2552 1772 2636; baseline -0.016 -7"><span class='ocrx_word' id='word_1_177' title='bbox 191 2584 247 2631; x_wconf 88' lang='lat' dir='ltr'><strong>et</strong></span> <span class='ocrx_word' id='word_1_178' title='bbox 271 2589 397 2629; x_wconf 90' lang='lat' dir='ltr'><strong>cum</strong></span> <span class='ocrx_word' id='word_1_179' title='bbox 418 2569 648 2630; x_wconf 80' lang='lat' dir='ltr'><strong>Herode,</strong></span> <span class='ocrx_word' id='word_1_180' title='bbox 679 2567 773 2636; x_wconf 90' lang='lat' dir='ltr'><strong>qui</strong></span> <span class='ocrx_word' id='word_1_181' title='bbox 795 2580 853 2620; x_wconf 91' lang='lat' dir='ltr'><strong>se</strong></span> <span class='ocrx_word' id='word_1_182' title='bbox 879 2565 1058 2634; x_wconf 89' lang='lat' dir='ltr'><strong>ipsum</strong></span> <span class='ocrx_word' id='word_1_183' title='bbox 1087 2557 1374 2623; x_wconf 81' lang='lat' dir='ltr'><strong>interfecit,</strong></span> <span class='ocrx_word' id='word_1_184' title='bbox 1398 2571 1522 2609; x_wconf 89' lang='lat' dir='ltr'><strong>eum</strong></span> <span class='ocrx_word' id='word_1_185' title='bbox 1547 2555 1630 2608; x_wconf 87' lang='lat' dir='ltr'><strong>his</strong></span> <span class='ocrx_word' id='word_1_186' title='bbox 1663 2552 1772 2608; x_wconf 86' lang='lat' dir='ltr'><strong>sint</strong></span> 
     </span>
    </p>
   </div>
   <div class='ocr_carea' id='block_1_27' title="bbox 193 2641 1774 2721">
    <p class='ocr_par' dir='ltr' id='par_1_27' title="bbox 193 2641 1774 2721">
     <span class='ocr_line' id='line_1_27' title="bbox 193 2641 1774 2721; baseline -0.015 -2"><span class='ocrx_word' id='word_1_187' title='bbox 193 2679 388 2718; x_wconf 89' lang='lat' dir='ltr'><strong>omnes</strong></span> <span class='ocrx_word' id='word_1_188' title='bbox 417 2661 496 2714; x_wconf 90' lang='lat' dir='ltr'><strong>illi</strong></span> <span class='ocrx_word' id='word_1_189' title='bbox 526 2659 778 2713; x_wconf 85' lang='lat' dir='ltr'><strong>homines</strong></span> <span class='ocrx_word' id='word_1_190' title='bbox 799 2651 1060 2719; x_wconf 85' lang='lat' dir='ltr'><strong>damnati,</strong></span> <span class='ocrx_word' id='word_1_191' title='bbox 1085 2649 1179 2721; x_wconf 85' lang='lat' dir='ltr'><strong>qui</strong></span> <span class='ocrx_word' id='word_1_192' title='bbox 1207 2657 1384 2703; x_wconf 86' lang='lat' dir='ltr'><strong>terras</strong></span> <span class='ocrx_word' id='word_1_193' title='bbox 1408 2645 1464 2700; x_wconf 91' lang='lat' dir='ltr'><strong>S.</strong></span> <span class='ocrx_word' id='word_1_194' title='bbox 1493 2643 1638 2701; x_wconf 86' lang='lat' dir='ltr'><strong>Petri</strong></span> <span class='ocrx_word' id='word_1_195' title='bbox 1670 2641 1774 2696; x_wconf 84' lang='lat' dir='ltr'><strong>Ro-</strong></span> 
     </span>
    </p>
   </div>
   <div class='ocr_carea' id='block_1_28' title="bbox 197 2735 1775 2818">
    <p class='ocr_par' dir='ltr' id='par_1_28' title="bbox 197 2735 1775 2818">
     <span class='ocr_line' id='line_1_28' title="bbox 197 2735 1775 2818; baseline -0.014 -8"><span class='ocrx_word' id='word_1_196' title='bbox 197 2755 344 2811; x_wconf 90' lang='lat' dir='ltr'><strong>mani</strong></span> <span class='ocrx_word' id='word_1_197' title='bbox 396 2750 714 2808; x_wconf 88' lang='lat' dir='ltr'><strong>monasterii</strong></span> <span class='ocrx_word' id='word_1_198' title='bbox 763 2748 964 2818; x_wconf 88' lang='lat' dir='ltr'><strong>injuste</strong></span> <span class='ocrx_word' id='word_1_199' title='bbox 1003 2751 1190 2800; x_wconf 85' lang='lat' dir='ltr'><strong>tenent</strong></span> <span class='ocrx_word' id='word_1_200' title='bbox 1219 2741 1302 2796; x_wconf 86' lang='lat' dir='ltr'><strong>vel</strong></span> <span class='ocrx_word' id='word_1_201' title='bbox 1341 2739 1558 2803; x_wconf 88' lang='lat' dir='ltr'><strong>celant;</strong></span> <span class='ocrx_word' id='word_1_202' title='bbox 1595 2735 1775 2791; x_wconf 85' lang='lat' dir='ltr'><strong>tradat</strong></span> 
     </span>
    </p>
   </div>
   <div class='ocr_carea' id='block_1_29' title="bbox 195 2833 1773 2900">
    <p class='ocr_par' dir='ltr' id='par_1_29' title="bbox 195 2833 1773 2900">
     <span class='ocr_line' id='line_1_29' title="bbox 195 2833 1773 2900; baseline -0.015 0"><span class='ocrx_word' id='word_1_203' title='bbox 195 2860 295 2900; x_wconf 90' lang='lat' dir='ltr'><strong>eos</strong></span> <span class='ocrx_word' id='word_1_204' title='bbox 321 2841 583 2896; x_wconf 89' lang='lat' dir='ltr'><strong>Dominus</strong></span> <span class='ocrx_word' id='word_1_205' title='bbox 614 2845 934 2895; x_wconf 88' lang='lat' dir='ltr'><strong>corruentes</strong></span> <span class='ocrx_word' id='word_1_206' title='bbox 952 2842 1074 2889; x_wconf 89' lang='lat' dir='ltr'><strong>ante</strong></span> <span class='ocrx_word' id='word_1_207' title='bbox 1109 2833 1291 2888; x_wconf 82' lang='lat' dir='ltr'><strong>hostes</strong></span> <span class='ocrx_word' id='word_1_208' title='bbox 1318 2844 1468 2895; x_wconf 88' lang='lat' dir='ltr'><strong>suos,</strong></span> <span class='ocrx_word' id='word_1_209' title='bbox 1492 2843 1588 2898; x_wconf 90' lang='lat' dir='ltr'><strong>per</strong></span> <span class='ocrx_word' id='word_1_210' title='bbox 1608 2840 1773 2880; x_wconf 87' lang='lat' dir='ltr'><strong>unam</strong></span> 
     </span>
    </p>
   </div>
   <div class='ocr_carea' id='block_1_30' title="bbox 196 2918 1778 3004">
    <p class='ocr_par' dir='ltr' id='par_1_30' title="bbox 196 2918 1778 3004">
     <span class='ocr_line' id='line_1_30' title="bbox 196 2918 1778 3004; baseline -0.011 -15"><span class='ocrx_word' id='word_1_211' title='bbox 196 2937 340 2991; x_wconf 87' lang='lat' dir='ltr'><strong>viam</strong></span> <span class='ocrx_word' id='word_1_212' title='bbox 365 2933 712 3004; x_wconf 79' lang='lat' dir='ltr'><strong>egrediantur</strong></span> <span class='ocrx_word' id='word_1_213' title='bbox 755 2937 945 2984; x_wconf 90' lang='lat' dir='ltr'><strong>contra</strong></span> <span class='ocrx_word' id='word_1_214' title='bbox 987 2941 1081 2981; x_wconf 89' lang='lat' dir='ltr'><strong>eos</strong></span> <span class='ocrx_word' id='word_1_215' title='bbox 1119 2933 1170 2979; x_wconf 92' lang='lat' dir='ltr'><strong>et</strong></span> <span class='ocrx_word' id='word_1_216' title='bbox 1205 2939 1302 2994; x_wconf 89' lang='lat' dir='ltr'><strong>per</strong></span> <span class='ocrx_word' id='word_1_217' title='bbox 1331 2929 1535 2992; x_wconf 77' lang='lat' dir='ltr'><strong>septem</strong></span> <span class='ocrx_word' id='word_1_218' title='bbox 1567 2918 1778 2988; x_wconf 81' lang='lat' dir='ltr'><strong>fugiant</strong></span> 
     </span>
    </p>
   </div>
   <div class='ocr_carea' id='block_1_31' title="bbox 197 3010 1778 3093">
    <p class='ocr_par' dir='ltr' id='par_1_31' title="bbox 197 3010 1778 3093">
     <span class='ocr_line' id='line_1_31' title="bbox 197 3010 1778 3093; baseline -0.014 -9"><span class='ocrx_word' id='word_1_219' title='bbox 197 3030 268 3084; x_wconf 87' lang='lat' dir='ltr'><strong>ab</strong></span> <span class='ocrx_word' id='word_1_220' title='bbox 301 3027 380 3082; x_wconf 91' lang='lat' dir='ltr'><strong>eis</strong></span> <span class='ocrx_word' id='word_1_221' title='bbox 402 3035 456 3080; x_wconf 91' lang='lat' dir='ltr'><strong>et</strong></span> <span class='ocrx_word' id='word_1_222' title='bbox 482 3025 865 3093; x_wconf 87' lang='lat' dir='ltr'><strong>dispergantur</strong></span> <span class='ocrx_word' id='word_1_223' title='bbox 892 3034 987 3090; x_wconf 89' lang='lat' dir='ltr'><strong>per</strong></span> <span class='ocrx_word' id='word_1_224' title='bbox 1000 3017 1185 3072; x_wconf 88' lang='lat' dir='ltr'><strong>omnia</strong></span> <span class='ocrx_word' id='word_1_225' title='bbox 1209 3030 1378 3086; x_wconf 84' lang='lat' dir='ltr'><strong>regna</strong></span> <span class='ocrx_word' id='word_1_226' title='bbox 1397 3021 1575 3078; x_wconf 65' lang='lat' dir='ltr'><strong>terrai,</strong></span> <span class='ocrx_word' id='word_1_227' title='bbox 1599 3010 1778 3080; x_wconf 84' lang='lat' dir='ltr'><strong>sitque</strong></span> 
     </span>
    </p>
   </div>
   <div class='ocr_carea' id='block_1_32' title="bbox 198 3103 1779 3178">
    <p class='ocr_par' dir='ltr' id='par_1_32' title="bbox 198 3103 1779 3178">
     <span class='ocr_line' id='line_1_32' title="bbox 198 3103 1779 3178; baseline -0.013 0"><span class='ocrx_word' id='word_1_228' title='bbox 198 3121 430 3178; x_wconf 78' lang='lat' dir='ltr'><strong>cadaver</strong></span> <span class='ocrx_word' id='word_1_229' title='bbox 462 3103 654 3173; x_wconf 84' lang='lat' dir='ltr'><strong>eorum</strong></span> <span class='ocrx_word' id='word_1_230' title='bbox 685 3116 740 3169; x_wconf 88' lang='lat' dir='ltr'><strong>in</strong></span> <span class='ocrx_word' id='word_1_231' title='bbox 769 3129 953 3169; x_wconf 90' lang='lat' dir='ltr'><strong>escam</strong></span> <span class='ocrx_word' id='word_1_232' title='bbox 990 3110 1204 3166; x_wconf 86' lang='lat' dir='ltr'><strong>cunctis</strong></span> <span class='ocrx_word' id='word_1_233' title='bbox 1237 3107 1549 3164; x_wconf 83' lang='lat' dir='ltr'><strong>volatilibus</strong></span> <span class='ocrx_word' id='word_1_234' title='bbox 1567 3104 1691 3160; x_wconf 66' lang='lat' dir='ltr'><strong>caeli</strong></span> <span class='ocrx_word' id='word_1_235' title='bbox 1724 3111 1779 3158; x_wconf 90' lang='lat' dir='ltr'><strong>et</strong></span> 
     </span>
    </p>
   </div>
   <div class='ocr_carea' id='block_1_33' title="bbox 1795 1871 1837 1925">
    <p class='ocr_par' dir='ltr' id='par_1_33' title="bbox 1795 1871 1837 1925">
     <span class='ocr_line' id='line_1_33' title="bbox 1795 1871 1837 1925; baseline 0 0"><span class='ocrx_word' id='word_1_236' title='bbox 1795 1871 1837 1925; x_wconf 85' lang='grc' dir='ltr'><strong>Β</strong></span> 
     </span>
    </p>
   </div>
   <div class='ocr_carea' id='block_1_34' title="bbox 1854 610 3426 684">
    <p class='ocr_par' dir='ltr' id='par_1_34' title="bbox 1854 610 3426 684">
     <span class='ocr_line' id='line_1_34' title="bbox 1854 610 3426 684; baseline -0.007 -9"><span class='ocrx_word' id='word_1_237' title='bbox 1854 619 1977 684; x_wconf 87' lang='lat' dir='ltr'><strong>bus,</strong></span> <span class='ocrx_word' id='word_1_238' title='bbox 2008 618 2079 672; x_wconf 78' lang='lat' dir='ltr'><strong>ob</strong></span> <span class='ocrx_word' id='word_1_239' title='bbox 2114 618 2568 672; x_wconf 86' lang='lat' dir='ltr'><strong>restaurationem</strong></span> <span class='ocrx_word' id='word_1_240' title='bbox 2599 623 2654 668; x_wconf 90' lang='lat' dir='ltr'><strong>et</strong></span> <span class='ocrx_word' id='word_1_241' title='bbox 2688 613 3088 668; x_wconf 82' lang='lat' dir='ltr'><strong>restitutionem</strong></span> <span class='ocrx_word' id='word_1_242' title='bbox 3128 612 3269 668; x_wconf 87' lang='lat' dir='ltr'><strong>sacri</strong></span> <span class='ocrx_word' id='word_1_243' title='bbox 3321 610 3426 666; x_wconf 87' lang='lat' dir='ltr'><strong>loci</strong></span> 
     </span>
    </p>
   </div>
   <div class='ocr_carea' id='block_1_35' title="bbox 1855 707 3426 782">
    <p class='ocr_par' dir='ltr' id='par_1_35' title="bbox 1855 707 3426 782">
     <span class='ocr_line' id='line_1_35' title="bbox 1855 707 3426 782; baseline -0.006 -16"><span class='ocrx_word' id='word_1_244' title='bbox 1855 711 2048 782; x_wconf 90' lang='lat' dir='ltr'><strong>ipsius,</strong></span> <span class='ocrx_word' id='word_1_245' title='bbox 2078 719 2131 764; x_wconf 87' lang='lat' dir='ltr'><strong>et</strong></span> <span class='ocrx_word' id='word_1_246' title='bbox 2172 709 2474 764; x_wconf 87' lang='lat' dir='ltr'><strong>remedium</strong></span> <span class='ocrx_word' id='word_1_247' title='bbox 2522 707 2830 761; x_wconf 86' lang='lat' dir='ltr'><strong>animarum</strong></span> <span class='ocrx_word' id='word_1_248' title='bbox 2863 719 3088 758; x_wconf 90' lang='lat' dir='ltr'><strong>suarum</strong></span> <span class='ocrx_word' id='word_1_249' title='bbox 3117 713 3170 757; x_wconf 90' lang='lat' dir='ltr'><strong>et</strong></span> <span class='ocrx_word' id='word_1_250' title='bbox 3201 715 3426 757; x_wconf 88' lang='lat' dir='ltr'><strong>suorum</strong></span> 
     </span>
    </p>
   </div>
   <div class='ocr_carea' id='block_1_36' title="bbox 1856 794 3431 872">
    <p class='ocr_par' dir='ltr' id='par_1_36' title="bbox 1856 794 3431 872">
     <span class='ocr_line' id='line_1_36' title="bbox 1856 794 3431 872; baseline -0.01 -11"><span class='ocrx_word' id='word_1_251' title='bbox 1856 818 2262 868; x_wconf 89' lang='lat' dir='ltr'><strong>successorum,</strong></span> <span class='ocrx_word' id='word_1_252' title='bbox 2303 801 2358 856; x_wconf 90' lang='lat' dir='ltr'><strong>in</strong></span> <span class='ocrx_word' id='word_1_253' title='bbox 2389 798 2672 872; x_wconf 67' lang='lat' dir='ltr'><strong>praefatum</strong></span> <span class='ocrx_word' id='word_1_254' title='bbox 2699 813 2861 852; x_wconf 92' lang='lat' dir='ltr'><strong>usum</strong></span> <span class='ocrx_word' id='word_1_255' title='bbox 2894 796 2973 850; x_wconf 92' lang='lat' dir='ltr'><strong>tui</strong></span> <span class='ocrx_word' id='word_1_256' title='bbox 3000 794 3262 865; x_wconf 87' lang='lat' dir='ltr'><strong>episcopii</strong></span> <span class='ocrx_word' id='word_1_257' title='bbox 3297 807 3431 848; x_wconf 86' lang='lat' dir='ltr'><strong>con-</strong></span> 
     </span>
    </p>
   </div>
   <div class='ocr_carea' id='block_1_37' title="bbox 1854 885 3430 965">
    <p class='ocr_par' dir='ltr' id='par_1_37' title="bbox 1854 885 3430 965">
     <span class='ocr_line' id='line_1_37' title="bbox 1854 885 3430 965; baseline -0.007 -13"><span class='ocrx_word' id='word_1_258' title='bbox 1854 904 2139 952; x_wconf 84' lang='lat' dir='ltr'><strong>cesserunt</strong></span> <span class='ocrx_word' id='word_1_259' title='bbox 2185 903 2348 965; x_wconf 89' lang='lat' dir='ltr'><strong>atque</strong></span> <span class='ocrx_word' id='word_1_260' title='bbox 2399 896 2880 955; x_wconf 77' lang='lat' dir='ltr'><strong>conﬁrmaverunt,</strong></span> <span class='ocrx_word' id='word_1_261' title='bbox 2951 905 3071 955; x_wconf 90' lang='lat' dir='ltr'><strong>nos,</strong></span> <span class='ocrx_word' id='word_1_262' title='bbox 3114 887 3281 942; x_wconf 85' lang='lat' dir='ltr'><strong>simili</strong></span> <span class='ocrx_word' id='word_1_263' title='bbox 3319 885 3430 941; x_wconf 58' lang='lat' dir='ltr'><strong>cie/-</strong></span> 
     </span>
    </p>
   </div>
   <div class='ocr_carea' id='block_1_38' title="bbox 1856 973 3432 1051">
    <p class='ocr_par' dir='ltr' id='par_1_38' title="bbox 1856 973 3432 1051">
     <span class='ocr_line' id='line_1_38' title="bbox 1856 973 3432 1051; baseline -0.008 -16"><span class='ocrx_word' id='word_1_264' title='bbox 1856 981 2060 1036; x_wconf 83' lang='lat' dir='ltr'><strong>ruentia</strong></span> <span class='ocrx_word' id='word_1_265' title='bbox 2089 979 2415 1051; x_wconf 73' lang='lat' dir='ltr'><strong>praemoniti,</strong></span> <span class='ocrx_word' id='word_1_266' title='bbox 2441 987 2496 1033; x_wconf 83' lang='lat' dir='ltr'><strong>et</strong></span> <span class='ocrx_word' id='word_1_267' title='bbox 2524 977 2767 1032; x_wconf 86' lang='lat' dir='ltr'><strong>inclinati</strong></span> <span class='ocrx_word' id='word_1_268' title='bbox 2799 975 3051 1045; x_wconf 78' lang='lat' dir='ltr'><strong>precibus</strong></span> <span class='ocrx_word' id='word_1_269' title='bbox 3079 973 3291 1036; x_wconf 79' lang='lat' dir='ltr'><strong>vestris,</strong></span> <span class='ocrx_word' id='word_1_270' title='bbox 3337 986 3432 1041; x_wconf 85' lang='lat' dir='ltr'><strong>per</strong></span> 
     </span>
    </p>
   </div>
   <div class='ocr_carea' id='block_1_39' title="bbox 1858 1067 3432 1146">
    <p class='ocr_par' dir='ltr' id='par_1_39' title="bbox 1858 1067 3432 1146">
     <span class='ocr_line' id='line_1_39' title="bbox 1858 1067 3432 1146; baseline -0.008 -16"><span class='ocrx_word' id='word_1_271' title='bbox 1858 1076 2021 1146; x_wconf 87' lang='lat' dir='ltr'><strong>hujus</strong></span> <span class='ocrx_word' id='word_1_272' title='bbox 2048 1076 2221 1131; x_wconf 88' lang='lat' dir='ltr'><strong>nostri</strong></span> <span class='ocrx_word' id='word_1_273' title='bbox 2254 1074 2540 1145; x_wconf 89' lang='lat' dir='ltr'><strong>apostolici</strong></span> <span class='ocrx_word' id='word_1_274' title='bbox 2566 1071 2827 1143; x_wconf 81' lang='lat' dir='ltr'><strong>privilegii</strong></span> <span class='ocrx_word' id='word_1_275' title='bbox 2853 1070 3049 1125; x_wconf 88' lang='lat' dir='ltr'><strong>seriem</strong></span> <span class='ocrx_word' id='word_1_276' title='bbox 3079 1067 3432 1123; x_wconf 87' lang='lat' dir='ltr'><strong>concedimus</strong></span> 
     </span>
    </p>
   </div>
   <div class='ocr_carea' id='block_1_40' title="bbox 1857 1158 3433 1236">
    <p class='ocr_par' dir='ltr' id='par_1_40' title="bbox 1857 1158 3433 1236">
     <span class='ocr_line' id='line_1_40' title="bbox 1857 1158 3433 1236; baseline -0.008 -13"><span class='ocrx_word' id='word_1_277' title='bbox 1857 1177 1912 1223; x_wconf 91' lang='lat' dir='ltr'><strong>et</strong></span> <span class='ocrx_word' id='word_1_278' title='bbox 1943 1161 2334 1223; x_wconf 84' lang='lat' dir='ltr'><strong>confirmamus</strong></span> <span class='ocrx_word' id='word_1_279' title='bbox 2368 1167 2490 1234; x_wconf 85' lang='lat' dir='ltr'><strong>tibi,</strong></span> <span class='ocrx_word' id='word_1_280' title='bbox 2516 1165 2828 1236; x_wconf 88' lang='lat' dir='ltr'><strong>supradicto</strong></span> <span class='ocrx_word' id='word_1_281' title='bbox 2875 1163 2986 1216; x_wconf 86' lang='lat' dir='ltr'><strong>ﬁlio</strong></span> <span class='ocrx_word' id='word_1_282' title='bbox 3027 1162 3225 1216; x_wconf 89' lang='lat' dir='ltr'><strong>dilecto</strong></span> <span class='ocrx_word' id='word_1_283' title='bbox 3269 1158 3433 1213; x_wconf 85' lang='lat' dir='ltr'><strong>Petro</strong></span> 
     </span>
    </p>
   </div>
   <div class='ocr_carea' id='block_1_41' title="bbox 1859 1250 3434 1332">
    <p class='ocr_par' dir='ltr' id='par_1_41' title="bbox 1859 1250 3434 1332">
     <span class='ocr_line' id='line_1_41' title="bbox 1859 1250 3434 1332; baseline -0.008 -17"><span class='ocrx_word' id='word_1_284' title='bbox 1859 1261 2137 1332; x_wconf 85' lang='lat' dir='ltr'><strong>episcopo,</strong></span> <span class='ocrx_word' id='word_1_285' title='bbox 2175 1260 2548 1330; x_wconf 88' lang='lat' dir='ltr'><strong>supradictum</strong></span> <span class='ocrx_word' id='word_1_286' title='bbox 2595 1266 2751 1312; x_wconf 90' lang='lat' dir='ltr'><strong>tuum</strong></span> <span class='ocrx_word' id='word_1_287' title='bbox 2803 1255 3180 1324; x_wconf 84' lang='lat' dir='ltr'><strong>episcopatum</strong></span> <span class='ocrx_word' id='word_1_288' title='bbox 3207 1251 3263 1304; x_wconf 89' lang='lat' dir='ltr'><strong>in</strong></span> <span class='ocrx_word' id='word_1_289' title='bbox 3296 1250 3434 1304; x_wconf 84' lang='lat' dir='ltr'><strong>inte-</strong></span> 
     </span>
    </p>
   </div>
   <div class='ocr_carea' id='block_1_42' title="bbox 1860 1345 3432 1423">
    <p class='ocr_par' dir='ltr' id='par_1_42' title="bbox 1860 1345 3432 1423">
     <span class='ocr_line' id='line_1_42' title="bbox 1860 1345 3432 1423; baseline -0.004 -19"><span class='ocrx_word' id='word_1_290' title='bbox 1860 1370 2015 1422; x_wconf 75' lang='lat' dir='ltr'><strong>grum</strong></span> <span class='ocrx_word' id='word_1_291' title='bbox 2040 1369 2164 1409; x_wconf 91' lang='lat' dir='ltr'><strong>cum</strong></span> <span class='ocrx_word' id='word_1_292' title='bbox 2193 1355 2341 1408; x_wconf 91' lang='lat' dir='ltr'><strong>omni</strong></span> <span class='ocrx_word' id='word_1_293' title='bbox 2362 1354 2672 1423; x_wconf 75' lang='lat' dir='ltr'><strong>integritate</strong></span> <span class='ocrx_word' id='word_1_294' title='bbox 2700 1367 2820 1414; x_wconf 84' lang='lat' dir='ltr'><strong>sua,</strong></span> <span class='ocrx_word' id='word_1_295' title='bbox 2851 1366 2975 1404; x_wconf 90' lang='lat' dir='ltr'><strong>cum</strong></span> <span class='ocrx_word' id='word_1_296' title='bbox 3015 1345 3286 1402; x_wconf 80' lang='lat' dir='ltr'><strong>universis</strong></span> <span class='ocrx_word' id='word_1_297' title='bbox 3316 1345 3432 1415; x_wconf 89' lang='lat' dir='ltr'><strong>ple-</strong></span> 
     </span>
    </p>
   </div>
   <div class='ocr_carea' id='block_1_43' title="bbox 1860 1441 3437 1514">
    <p class='ocr_par' dir='ltr' id='par_1_43' title="bbox 1860 1441 3437 1514">
     <span class='ocr_line' id='line_1_43' title="bbox 1860 1441 3437 1514; baseline -0.004 -14"><span class='ocrx_word' id='word_1_298' title='bbox 1860 1448 2042 1513; x_wconf 74' lang='lat' dir='ltr'><strong>bibus,</strong></span> <span class='ocrx_word' id='word_1_299' title='bbox 2106 1447 2316 1514; x_wconf 85' lang='lat' dir='ltr'><strong>titulis,</strong></span> <span class='ocrx_word' id='word_1_300' title='bbox 2377 1446 2614 1512; x_wconf 83' lang='lat' dir='ltr'><strong>clericis,</strong></span> <span class='ocrx_word' id='word_1_301' title='bbox 2680 1443 2941 1514; x_wconf 84' lang='lat' dir='ltr'><strong>capellis,</strong></span> <span class='ocrx_word' id='word_1_302' title='bbox 3000 1441 3242 1505; x_wconf 84' lang='lat' dir='ltr'><strong>massis,</strong></span> <span class='ocrx_word' id='word_1_303' title='bbox 3310 1455 3437 1494; x_wconf 84' lang='lat' dir='ltr'><strong>cur-</strong></span> 
     </span>
    </p>
   </div>
   <div class='ocr_carea' id='block_1_44' title="bbox 1860 1535 3434 1607">
    <p class='ocr_par' dir='ltr' id='par_1_44' title="bbox 1860 1535 3434 1607">
     <span class='ocr_line' id='line_1_44' title="bbox 1860 1535 3434 1607; baseline -0.006 -11"><span class='ocrx_word' id='word_1_304' title='bbox 1860 1544 2029 1607; x_wconf 83' lang='lat' dir='ltr'><strong>tibus,</strong></span> <span class='ocrx_word' id='word_1_305' title='bbox 2059 1540 2245 1598; x_wconf 84' lang='lat' dir='ltr'><strong>fundis</strong></span> <span class='ocrx_word' id='word_1_306' title='bbox 2271 1552 2326 1598; x_wconf 91' lang='lat' dir='ltr'><strong>et</strong></span> <span class='ocrx_word' id='word_1_307' title='bbox 2361 1542 2656 1606; x_wconf 85' lang='lat' dir='ltr'><strong>casalibus,</strong></span> <span class='ocrx_word' id='word_1_308' title='bbox 2692 1540 2860 1604; x_wconf 88' lang='lat' dir='ltr'><strong>villis,</strong></span> <span class='ocrx_word' id='word_1_309' title='bbox 2898 1537 3094 1603; x_wconf 88' lang='lat' dir='ltr'><strong>vincis,</strong></span> <span class='ocrx_word' id='word_1_310' title='bbox 3133 1535 3312 1600; x_wconf 88' lang='lat' dir='ltr'><strong>terris,</strong></span> <span class='ocrx_word' id='word_1_311' title='bbox 3352 1536 3434 1588; x_wconf 88' lang='lat' dir='ltr'><strong>vcl</strong></span> 
     </span>
    </p>
   </div>
   <div class='ocr_carea' id='block_1_45' title="bbox 1862 1627 3435 1704">
    <p class='ocr_par' dir='ltr' id='par_1_45' title="bbox 1862 1627 3435 1704">
     <span class='ocr_line' id='line_1_45' title="bbox 1862 1627 3435 1704; baseline -0.004 -18"><span class='ocrx_word' id='word_1_312' title='bbox 1862 1634 2046 1687; x_wconf 86' lang='lat' dir='ltr'><strong>omnia</strong></span> <span class='ocrx_word' id='word_1_313' title='bbox 2076 1648 2198 1704; x_wconf 71' lang='lat' dir='ltr'><strong>qua:</strong></span> <span class='ocrx_word' id='word_1_314' title='bbox 2237 1633 2340 1688; x_wconf 89' lang='lat' dir='ltr'><strong>sub</strong></span> <span class='ocrx_word' id='word_1_315' title='bbox 2361 1634 2486 1702; x_wconf 89' lang='lat' dir='ltr'><strong>jure</strong></span> <span class='ocrx_word' id='word_1_316' title='bbox 2521 1641 2575 1688; x_wconf 88' lang='lat' dir='ltr'><strong>et</strong></span> <span class='ocrx_word' id='word_1_317' title='bbox 2607 1631 2850 1686; x_wconf 88' lang='lat' dir='ltr'><strong>dominio</strong></span> <span class='ocrx_word' id='word_1_318' title='bbox 2875 1629 3120 1698; x_wconf 81' lang='lat' dir='ltr'><strong>ejusdem</strong></span> <span class='ocrx_word' id='word_1_319' title='bbox 3153 1627 3435 1697; x_wconf 84' lang='lat' dir='ltr'><strong>episcopa-</strong></span> 
     </span>
    </p>
   </div>
   <div class='ocr_carea' id='block_1_46' title="bbox 1862 1717 3440 1796">
    <p class='ocr_par' dir='ltr' id='par_1_46' title="bbox 1862 1717 3440 1796">
     <span class='ocr_line' id='line_1_46' title="bbox 1862 1717 3440 1796; baseline -0.006 -16"><span class='ocrx_word' id='word_1_320' title='bbox 1862 1735 1950 1780; x_wconf 87' lang='lat' dir='ltr'><strong>tus</strong></span> <span class='ocrx_word' id='word_1_321' title='bbox 2007 1725 2257 1796; x_wconf 82' lang='lat' dir='ltr'><strong>adjacere</strong></span> <span class='ocrx_word' id='word_1_322' title='bbox 2294 1725 2379 1779; x_wconf 86' lang='lat' dir='ltr'><strong>vel</strong></span> <span class='ocrx_word' id='word_1_323' title='bbox 2409 1725 2681 1794; x_wconf 82' lang='lat' dir='ltr'><strong>pertinere</strong></span> <span class='ocrx_word' id='word_1_324' title='bbox 2714 1721 3128 1792; x_wconf 76' lang='lat' dir='ltr'><strong>dignoscantur,</strong></span> <span class='ocrx_word' id='word_1_325' title='bbox 3166 1735 3219 1772; x_wconf 81' lang='lat' dir='ltr'><strong>in</strong></span> <span class='ocrx_word' id='word_1_326' title='bbox 3247 1717 3440 1788; x_wconf 87' lang='lat' dir='ltr'><strong>primis</strong></span> 
     </span>
    </p>
   </div>
   <div class='ocr_carea' id='block_1_47' title="bbox 1862 1813 3442 1891">
    <p class='ocr_par' dir='ltr' id='par_1_47' title="bbox 1862 1813 3442 1891">
     <span class='ocr_line' id='line_1_47' title="bbox 1862 1813 3442 1891; baseline -0.005 -15"><span class='ocrx_word' id='word_1_327' title='bbox 1862 1823 2111 1878; x_wconf 75' lang='lat' dir='ltr'><strong>videlicet</strong></span> <span class='ocrx_word' id='word_1_328' title='bbox 2138 1837 2376 1879; x_wconf 85' lang='lat' dir='ltr'><strong>massam</strong></span> <span class='ocrx_word' id='word_1_329' title='bbox 2415 1821 2468 1876; x_wconf 92' lang='lat' dir='ltr'><strong>in</strong></span> <span class='ocrx_word' id='word_1_330' title='bbox 2496 1822 2790 1891; x_wconf 73' lang='lat' dir='ltr'><strong>integrant,</strong></span> <span class='ocrx_word' id='word_1_331' title='bbox 2832 1833 2955 1889; x_wconf 71' lang='lat' dir='ltr'><strong>qua:</strong></span> <span class='ocrx_word' id='word_1_332' title='bbox 2995 1816 3294 1886; x_wconf 82' lang='lat' dir='ltr'><strong>appellatur</strong></span> <span class='ocrx_word' id='word_1_333' title='bbox 3322 1813 3442 1869; x_wconf 76' lang='lat' dir='ltr'><strong>Ca:—</strong></span> 
     </span>
    </p>
   </div>
   <div class='ocr_carea' id='block_1_48' title="bbox 1864 1907 3463 1982">
    <p class='ocr_par' dir='ltr' id='par_1_48' title="bbox 1864 1907 3463 1982">
     <span class='ocr_line' id='line_1_48' title="bbox 1864 1907 3463 1982; baseline -0.008 -12"><span class='ocrx_word' id='word_1_334' title='bbox 1864 1930 2042 1982; x_wconf 84' lang='lat' dir='ltr'><strong>sarea,</strong></span> <span class='ocrx_word' id='word_1_335' title='bbox 2087 1930 2212 1970; x_wconf 90' lang='lat' dir='ltr'><strong>cum</strong></span> <span class='ocrx_word' id='word_1_336' title='bbox 2256 1914 2442 1969; x_wconf 89' lang='lat' dir='ltr'><strong>fundis</strong></span> <span class='ocrx_word' id='word_1_337' title='bbox 2501 1922 2554 1967; x_wconf 89' lang='lat' dir='ltr'><strong>et</strong></span> <span class='ocrx_word' id='word_1_338' title='bbox 2603 1912 2812 1968; x_wconf 91' lang='lat' dir='ltr'><strong>colonis</strong></span> <span class='ocrx_word' id='word_1_339' title='bbox 2861 1910 3000 1975; x_wconf 87' lang='lat' dir='ltr'><strong>suis,</strong></span> <span class='ocrx_word' id='word_1_340' title='bbox 3036 1909 3129 1980; x_wconf 87' lang='lat' dir='ltr'><strong>qui</strong></span> <span class='ocrx_word' id='word_1_341' title='bbox 3184 1907 3463 1962; x_wconf 66' lang='lat' dir='ltr'><strong>dicuntur.</strong></span> 
     </span>
    </p>
   </div>
   <div class='ocr_carea' id='block_1_49' title="bbox 1863 1998 3442 2076">
    <p class='ocr_par' dir='ltr' id='par_1_49' title="bbox 1863 1998 3442 2076">
     <span class='ocr_line' id='line_1_49' title="bbox 1863 1998 3442 2076; baseline -0.006 -12"><span class='ocrx_word' id='word_1_342' title='bbox 1863 2009 2134 2076; x_wconf 68' lang='lat' dir='ltr'><strong>Furculre,</strong></span> <span class='ocrx_word' id='word_1_343' title='bbox 2161 2007 2492 2075; x_wconf 85' lang='lat' dir='ltr'><strong>Tondiiiani,</strong></span> <span class='ocrx_word' id='word_1_344' title='bbox 2524 2004 2855 2062; x_wconf 79' lang='lat' dir='ltr'><strong>Martiniani.</strong></span> <span class='ocrx_word' id='word_1_345' title='bbox 2888 2003 3021 2057; x_wconf 89' lang='lat' dir='ltr'><strong>Item</strong></span> <span class='ocrx_word' id='word_1_346' title='bbox 3073 2001 3342 2057; x_wconf 85' lang='lat' dir='ltr'><strong>coloniam</strong></span> <span class='ocrx_word' id='word_1_347' title='bbox 3373 1998 3442 2055; x_wconf 84' lang='lat' dir='ltr'><strong>de</strong></span> 
     </span>
    </p>
   </div>
   <div class='ocr_carea' id='block_1_50' title="bbox 1867 2096 3441 2170">
    <p class='ocr_par' dir='ltr' id='par_1_50' title="bbox 1867 2096 3441 2170">
     <span class='ocr_line' id='line_1_50' title="bbox 1867 2096 3441 2170; baseline -0.007 -12"><span class='ocrx_word' id='word_1_348' title='bbox 1867 2104 2077 2170; x_wconf 87' lang='lat' dir='ltr'><strong>Salaro,</strong></span> <span class='ocrx_word' id='word_1_349' title='bbox 2110 2111 2166 2158; x_wconf 92' lang='lat' dir='ltr'><strong>et</strong></span> <span class='ocrx_word' id='word_1_350' title='bbox 2202 2103 2270 2157; x_wconf 88' lang='lat' dir='ltr'><strong>de</strong></span> <span class='ocrx_word' id='word_1_351' title='bbox 2297 2100 2523 2157; x_wconf 85' lang='lat' dir='ltr'><strong>Cortina</strong></span> <span class='ocrx_word' id='word_1_352' title='bbox 2561 2111 2614 2156; x_wconf 92' lang='lat' dir='ltr'><strong>et</strong></span> <span class='ocrx_word' id='word_1_353' title='bbox 2642 2101 2709 2155; x_wconf 89' lang='lat' dir='ltr'><strong>de</strong></span> <span class='ocrx_word' id='word_1_354' title='bbox 2745 2097 3031 2166; x_wconf 87' lang='lat' dir='ltr'><strong>Gradulsi;</strong></span> <span class='ocrx_word' id='word_1_355' title='bbox 3068 2097 3337 2152; x_wconf 87' lang='lat' dir='ltr'><strong>coloniam</strong></span> <span class='ocrx_word' id='word_1_356' title='bbox 3374 2096 3441 2150; x_wconf 88' lang='lat' dir='ltr'><strong>de</strong></span> 
     </span>
    </p>
   </div>
   <div class='ocr_carea' id='block_1_51' title="bbox 1867 2189 3444 2262">
    <p class='ocr_par' dir='ltr' id='par_1_51' title="bbox 1867 2189 3444 2262">
     <span class='ocr_line' id='line_1_51' title="bbox 1867 2189 3444 2262; baseline -0.003 -12"><span class='ocrx_word' id='word_1_357' title='bbox 1867 2193 2038 2262; x_wconf 81' lang='lat' dir='ltr'><strong>Valle,</strong></span> <span class='ocrx_word' id='word_1_358' title='bbox 2083 2204 2138 2250; x_wconf 89' lang='lat' dir='ltr'><strong>et</strong></span> <span class='ocrx_word' id='word_1_359' title='bbox 2173 2195 2241 2250; x_wconf 93' lang='lat' dir='ltr'><strong>de</strong></span> <span class='ocrx_word' id='word_1_360' title='bbox 2278 2193 2523 2250; x_wconf 86' lang='lat' dir='ltr'><strong>Fontana</strong></span> <span class='ocrx_word' id='word_1_361' title='bbox 2544 2204 2598 2249; x_wconf 89' lang='lat' dir='ltr'><strong>et</strong></span> <span class='ocrx_word' id='word_1_362' title='bbox 2637 2193 2704 2248; x_wconf 89' lang='lat' dir='ltr'><strong>de</strong></span> <span class='ocrx_word' id='word_1_363' title='bbox 2727 2192 2948 2259; x_wconf 89' lang='lat' dir='ltr'><strong>Sancto,</strong></span> <span class='ocrx_word' id='word_1_364' title='bbox 2985 2202 3038 2247; x_wconf 91' lang='lat' dir='ltr'><strong>et</strong></span> <span class='ocrx_word' id='word_1_365' title='bbox 3070 2191 3336 2247; x_wconf 89' lang='lat' dir='ltr'><strong>coloniam</strong></span> <span class='ocrx_word' id='word_1_366' title='bbox 3375 2189 3444 2245; x_wconf 91' lang='lat' dir='ltr'><strong>de</strong></span> 
     </span>
    </p>
   </div>
   <div class='ocr_carea' id='block_1_52' title="bbox 1867 2279 3442 2353">
    <p class='ocr_par' dir='ltr' id='par_1_52' title="bbox 1867 2279 3442 2353">
     <span class='ocr_line' id='line_1_52' title="bbox 1867 2279 3442 2353; baseline -0.003 -13"><span class='ocrx_word' id='word_1_367' title='bbox 1867 2286 2144 2342; x_wconf 86' lang='lat' dir='ltr'><strong>Coriliano</strong></span> <span class='ocrx_word' id='word_1_368' title='bbox 2175 2293 2230 2339; x_wconf 92' lang='lat' dir='ltr'><strong>et</strong></span> <span class='ocrx_word' id='word_1_369' title='bbox 2258 2285 2325 2340; x_wconf 90' lang='lat' dir='ltr'><strong>de</strong></span> <span class='ocrx_word' id='word_1_370' title='bbox 2355 2283 2555 2351; x_wconf 88' lang='lat' dir='ltr'><strong>Lauro,</strong></span> <span class='ocrx_word' id='word_1_371' title='bbox 2593 2283 2866 2353; x_wconf 79' lang='lat' dir='ltr'><strong>simulque</strong></span> <span class='ocrx_word' id='word_1_372' title='bbox 2900 2283 3170 2337; x_wconf 85' lang='lat' dir='ltr'><strong>coloniam</strong></span> <span class='ocrx_word' id='word_1_373' title='bbox 3198 2282 3266 2336; x_wconf 89' lang='lat' dir='ltr'><strong>de</strong></span> <span class='ocrx_word' id='word_1_374' title='bbox 3301 2279 3442 2336; x_wconf 87' lang='lat' dir='ltr'><strong>Casa</strong></span> 
     </span>
    </p>
   </div>
   <div class='ocr_carea' id='block_1_53' title="bbox 1867 2373 3444 2447">
    <p class='ocr_par' dir='ltr' id='par_1_53' title="bbox 1867 2373 3444 2447">
     <span class='ocr_line' id='line_1_53' title="bbox 1867 2373 3444 2447; baseline -0.004 -13"><span class='ocrx_word' id='word_1_375' title='bbox 1867 2380 2037 2447; x_wconf 83' lang='lat' dir='ltr'><strong>Nova,</strong></span> <span class='ocrx_word' id='word_1_376' title='bbox 2069 2380 2281 2435; x_wconf 89' lang='lat' dir='ltr'><strong>colonia</strong></span> <span class='ocrx_word' id='word_1_377' title='bbox 2303 2380 2370 2434; x_wconf 82' lang='lat' dir='ltr'><strong>de</strong></span> <span class='ocrx_word' id='word_1_378' title='bbox 2405 2378 2647 2433; x_wconf 83' lang='lat' dir='ltr'><strong>Tribuno</strong></span> <span class='ocrx_word' id='word_1_379' title='bbox 2677 2386 2728 2432; x_wconf 90' lang='lat' dir='ltr'><strong>et</strong></span> <span class='ocrx_word' id='word_1_380' title='bbox 2771 2378 2837 2431; x_wconf 88' lang='lat' dir='ltr'><strong>de</strong></span> <span class='ocrx_word' id='word_1_381' title='bbox 2863 2375 3175 2446; x_wconf 82' lang='lat' dir='ltr'><strong>Masopanc,</strong></span> <span class='ocrx_word' id='word_1_382' title='bbox 3205 2385 3260 2430; x_wconf 89' lang='lat' dir='ltr'><strong>et</strong></span> <span class='ocrx_word' id='word_1_383' title='bbox 3294 2373 3444 2429; x_wconf 89' lang='lat' dir='ltr'><strong>colo-</strong></span> 
     </span>
    </p>
   </div>
   <div class='ocr_carea' id='block_1_54' title="bbox 1870 2465 3446 2541">
    <p class='ocr_par' dir='ltr' id='par_1_54' title="bbox 1870 2465 3446 2541">
     <span class='ocr_line' id='line_1_54' title="bbox 1870 2465 3446 2541; baseline -0.006 -14"><span class='ocrx_word' id='word_1_384' title='bbox 1870 2473 2016 2527; x_wconf 89' lang='lat' dir='ltr'><strong>niam</strong></span> <span class='ocrx_word' id='word_1_385' title='bbox 2043 2471 2109 2526; x_wconf 91' lang='lat' dir='ltr'><strong>de</strong></span> <span class='ocrx_word' id='word_1_386' title='bbox 2136 2470 2407 2525; x_wconf 83' lang='lat' dir='ltr'><strong>Castanea</strong></span> <span class='ocrx_word' id='word_1_387' title='bbox 2437 2486 2575 2541; x_wconf 90' lang='lat' dir='ltr'><strong>cupa</strong></span> <span class='ocrx_word' id='word_1_388' title='bbox 2605 2479 2659 2524; x_wconf 86' lang='lat' dir='ltr'><strong>et</strong></span> <span class='ocrx_word' id='word_1_389' title='bbox 2696 2470 2763 2524; x_wconf 87' lang='lat' dir='ltr'><strong>de</strong></span> <span class='ocrx_word' id='word_1_390' title='bbox 2787 2467 3044 2535; x_wconf 84' lang='lat' dir='ltr'><strong>Cobellis,</strong></span> <span class='ocrx_word' id='word_1_391' title='bbox 3071 2467 3341 2522; x_wconf 79' lang='lat' dir='ltr'><strong>coloniam</strong></span> <span class='ocrx_word' id='word_1_392' title='bbox 3377 2465 3446 2519; x_wconf 86' lang='lat' dir='ltr'><strong>de</strong></span> 
     </span>
    </p>
   </div>
   <div class='ocr_carea' id='block_1_55' title="bbox 1869 2561 3439 2632">
    <p class='ocr_par' dir='ltr' id='par_1_55' title="bbox 1869 2561 3439 2632">
     <span class='ocr_line' id='line_1_55' title="bbox 1869 2561 3439 2632; baseline -0.002 -16"><span class='ocrx_word' id='word_1_393' title='bbox 1869 2561 2127 2628; x_wconf 71' lang='lat' dir='ltr'><strong>Cresario,</strong></span> <span class='ocrx_word' id='word_1_394' title='bbox 2162 2561 2274 2616; x_wconf 89' lang='lat' dir='ltr'><strong>sive</strong></span> <span class='ocrx_word' id='word_1_395' title='bbox 2321 2561 2521 2632; x_wconf 71' lang='lat' dir='ltr'><strong>Quibus</strong></span> <span class='ocrx_word' id='word_1_396' title='bbox 2563 2561 2686 2617; x_wconf 87' lang='lat' dir='ltr'><strong>aliis</strong></span> <span class='ocrx_word' id='word_1_397' title='bbox 2728 2561 3007 2615; x_wconf 77' lang='lat' dir='ltr'><strong>vocabulis</strong></span> <span class='ocrx_word' id='word_1_398' title='bbox 3039 2568 3439 2628; x_wconf 85' lang='lat' dir='ltr'><strong>nuncupantur,</strong></span> 
     </span>
    </p>
   </div>
   <div class='ocr_carea' id='block_1_56' title="bbox 1871 2655 3442 2726">
    <p class='ocr_par' dir='ltr' id='par_1_56' title="bbox 1871 2655 3442 2726">
     <span class='ocr_line' id='line_1_56' title="bbox 1871 2655 3442 2726; baseline -0.001 -16"><span class='ocrx_word' id='word_1_399' title='bbox 1871 2671 1997 2711; x_wconf 91' lang='lat' dir='ltr'><strong>eum</strong></span> <span class='ocrx_word' id='word_1_400' title='bbox 2028 2657 2284 2711; x_wconf 85' lang='lat' dir='ltr'><strong>omnibus</strong></span> <span class='ocrx_word' id='word_1_401' title='bbox 2314 2656 2429 2711; x_wconf 91' lang='lat' dir='ltr'><strong>suis</strong></span> <span class='ocrx_word' id='word_1_402' title='bbox 2454 2655 2652 2721; x_wconf 89' lang='lat' dir='ltr'><strong>vineis,</strong></span> <span class='ocrx_word' id='word_1_403' title='bbox 2684 2656 2958 2712; x_wconf 86' lang='lat' dir='ltr'><strong>casalibus</strong></span> <span class='ocrx_word' id='word_1_404' title='bbox 2989 2665 3042 2710; x_wconf 88' lang='lat' dir='ltr'><strong>et</strong></span> <span class='ocrx_word' id='word_1_405' title='bbox 3076 2655 3442 2726; x_wconf 88' lang='lat' dir='ltr'><strong>appendiciis;</strong></span> 
     </span>
    </p>
   </div>
   <div class='ocr_carea' id='block_1_57' title="bbox 1871 2744 3450 2814">
    <p class='ocr_par' dir='ltr' id='par_1_57' title="bbox 1871 2744 3450 2814">
     <span class='ocr_line' id='line_1_57' title="bbox 1871 2744 3450 2814; baseline -0.003 -12"><span class='ocrx_word' id='word_1_406' title='bbox 1871 2757 1927 2802; x_wconf 90' lang='lat' dir='ltr'><strong>et</strong></span> <span class='ocrx_word' id='word_1_407' title='bbox 1952 2762 2076 2803; x_wconf 89' lang='lat' dir='ltr'><strong>cum</strong></span> <span class='ocrx_word' id='word_1_408' title='bbox 2101 2747 2355 2802; x_wconf 87' lang='lat' dir='ltr'><strong>omnibus</strong></span> <span class='ocrx_word' id='word_1_409' title='bbox 2379 2747 2578 2802; x_wconf 81' lang='lat' dir='ltr'><strong>finibus</strong></span> <span class='ocrx_word' id='word_1_410' title='bbox 2603 2753 2658 2801; x_wconf 90' lang='lat' dir='ltr'><strong>et</strong></span> <span class='ocrx_word' id='word_1_411' title='bbox 2692 2747 2961 2814; x_wconf 86' lang='lat' dir='ltr'><strong>terminis,</strong></span> <span class='ocrx_word' id='word_1_412' title='bbox 3006 2746 3293 2811; x_wconf 79' lang='lat' dir='ltr'><strong>limitibus,</strong></span> <span class='ocrx_word' id='word_1_413' title='bbox 3340 2744 3450 2801; x_wconf 78' lang='lat' dir='ltr'><strong>sci—</strong></span> 
     </span>
    </p>
   </div>
   <div class='ocr_carea' id='block_1_58' title="bbox 1874 2836 3446 2908">
    <p class='ocr_par' dir='ltr' id='par_1_58' title="bbox 1874 2836 3446 2908">
     <span class='ocr_line' id='line_1_58' title="bbox 1874 2836 3446 2908; baseline -0.004 -14"><span class='ocrx_word' id='word_1_414' title='bbox 1874 2840 2000 2894; x_wconf 88' lang='lat' dir='ltr'><strong>licet</strong></span> <span class='ocrx_word' id='word_1_415' title='bbox 2027 2839 2211 2905; x_wconf 89' lang='lat' dir='ltr'><strong>terris,</strong></span> <span class='ocrx_word' id='word_1_416' title='bbox 2241 2837 2469 2907; x_wconf 89' lang='lat' dir='ltr'><strong>eampis,</strong></span> <span class='ocrx_word' id='word_1_417' title='bbox 2494 2837 2689 2908; x_wconf 86' lang='lat' dir='ltr'><strong>pratis,</strong></span> <span class='ocrx_word' id='word_1_418' title='bbox 2722 2837 2940 2906; x_wconf 86' lang='lat' dir='ltr'><strong>pascuis</strong></span> <span class='ocrx_word' id='word_1_419' title='bbox 2961 2879 2976 2903; x_wconf 96' lang='lat'><strong>,</strong></span> <span class='ocrx_word' id='word_1_420' title='bbox 3013 2837 3186 2901; x_wconf 85' lang='lat' dir='ltr'><strong>silvis,</strong></span> <span class='ocrx_word' id='word_1_421' title='bbox 3221 2836 3446 2898; x_wconf 85' lang='lat' dir='ltr'><strong>salictis,</strong></span> 
     </span>
    </p>
   </div>
   <div class='ocr_carea' id='block_1_59' title="bbox 1876 2927 3451 3001">
    <p class='ocr_par' dir='ltr' id='par_1_59' title="bbox 1876 2927 3451 3001">
     <span class='ocr_line' id='line_1_59' title="bbox 1876 2927 3451 3001; baseline -0.006 -14"><span class='ocrx_word' id='word_1_422' title='bbox 1876 2932 2165 2987; x_wconf 82' lang='lat' dir='ltr'><strong>arboribus</strong></span> <span class='ocrx_word' id='word_1_423' title='bbox 2191 2930 2494 3001; x_wconf 81' lang='lat' dir='ltr'><strong>pomiferis,</strong></span> <span class='ocrx_word' id='word_1_424' title='bbox 2538 2928 2839 2984; x_wconf 84' lang='lat' dir='ltr'><strong>fructiferis</strong></span> <span class='ocrx_word' id='word_1_425' title='bbox 2866 2938 2920 2983; x_wconf 89' lang='lat' dir='ltr'><strong>et</strong></span> <span class='ocrx_word' id='word_1_426' title='bbox 2950 2927 3323 2993; x_wconf 81' lang='lat' dir='ltr'><strong>infructiferis,</strong></span> <span class='ocrx_word' id='word_1_427' title='bbox 3368 2927 3451 2981; x_wconf 86' lang='lat' dir='ltr'><strong>di—</strong></span> 
     </span>
    </p>
   </div>
   <div class='ocr_carea' id='block_1_60' title="bbox 1874 3019 3450 3093">
    <p class='ocr_par' dir='ltr' id='par_1_60' title="bbox 1874 3019 3450 3093">
     <span class='ocr_line' id='line_1_60' title="bbox 1874 3019 3450 3093; baseline -0.004 -14"><span class='ocrx_word' id='word_1_428' title='bbox 1874 3024 2019 3079; x_wconf 79' lang='lat' dir='ltr'><strong>versi</strong></span> <span class='ocrx_word' id='word_1_429' title='bbox 2043 3025 2276 3093; x_wconf 76' lang='lat' dir='ltr'><strong>generis,</strong></span> <span class='ocrx_word' id='word_1_430' title='bbox 2307 3023 2508 3093; x_wconf 84' lang='lat' dir='ltr'><strong>puteis,</strong></span> <span class='ocrx_word' id='word_1_431' title='bbox 2541 3022 2803 3088; x_wconf 84' lang='lat' dir='ltr'><strong>fontibus,</strong></span> <span class='ocrx_word' id='word_1_432' title='bbox 2829 3022 2981 3088; x_wconf 83' lang='lat' dir='ltr'><strong>rivis,</strong></span> <span class='ocrx_word' id='word_1_433' title='bbox 3017 3021 3174 3092; x_wconf 85' lang='lat' dir='ltr'><strong>aquis</strong></span> <span class='ocrx_word' id='word_1_434' title='bbox 3196 3019 3450 3090; x_wconf 87' lang='lat' dir='ltr'><strong>perenni-</strong></span> 
     </span>
    </p>
   </div>
   <div class='ocr_carea' id='block_1_61' title="bbox 1877 3106 3454 3184">
    <p class='ocr_par' dir='ltr' id='par_1_61' title="bbox 1877 3106 3454 3184">
     <span class='ocr_line' id='line_1_61' title="bbox 1877 3106 3454 3184; baseline -0.003 -19"><span class='ocrx_word' id='word_1_435' title='bbox 1877 3110 2000 3176; x_wconf 90' lang='lat' dir='ltr'><strong>bus,</strong></span> <span class='ocrx_word' id='word_1_436' title='bbox 2033 3110 2297 3175; x_wconf 64' lang='lat' dir='ltr'><strong>aedificiis,</strong></span> <span class='ocrx_word' id='word_1_437' title='bbox 2329 3109 2634 3179; x_wconf 88' lang='lat' dir='ltr'><strong>parietinis,</strong></span> <span class='ocrx_word' id='word_1_438' title='bbox 2664 3109 2954 3176; x_wconf 88' lang='lat' dir='ltr'><strong>arenariis,</strong></span> <span class='ocrx_word' id='word_1_439' title='bbox 2983 3109 3278 3184; x_wconf 71' lang='lat' dir='ltr'><strong>adjunctis,</strong></span> <span class='ocrx_word' id='word_1_440' title='bbox 3303 3106 3454 3176; x_wconf 68' lang='lat' dir='ltr'><strong>adja-</strong></span> 
     </span>
    </p>
   </div>
   <div class='ocr_carea' id='block_1_62' title="bbox 235 3195 3452 3276">
    <p class='ocr_par' dir='ltr' id='par_1_62' title="bbox 235 3195 3452 3276">
     <span class='ocr_line' id='line_1_62' title="bbox 235 3195 3452 3276; baseline -0.003 -14"><span class='ocrx_word' id='word_1_441' title='bbox 235 3215 391 3270; x_wconf 78' lang='lat' dir='ltr'><strong>estiis</strong></span> <span class='ocrx_word' id='word_1_442' title='bbox 406 3222 586 3276; x_wconf 72' lang='lat' dir='ltr'><strong>terrae,</strong></span> <span class='ocrx_word' id='word_1_443' title='bbox 606 3217 660 3264; x_wconf 86' lang='lat' dir='ltr'><strong>et</strong></span> <span class='ocrx_word' id='word_1_444' title='bbox 687 3222 794 3263; x_wconf 90' lang='lat' dir='ltr'><strong>non</strong></span> <span class='ocrx_word' id='word_1_445' title='bbox 818 3207 887 3261; x_wconf 91' lang='lat' dir='ltr'><strong>sit</strong></span> <span class='ocrx_word' id='word_1_446' title='bbox 913 3205 1006 3276; x_wconf 91' lang='lat' dir='ltr'><strong>qui</strong></span> <span class='ocrx_word' id='word_1_447' title='bbox 1036 3203 1234 3274; x_wconf 81' lang='lat' dir='ltr'><strong>abigat.</strong></span> <span class='ocrx_word' id='word_1_448' title='bbox 1257 3199 1532 3256; x_wconf 80' lang='lat' dir='ltr'><strong>Pc&#39;rcutiat</strong></span> <span class='ocrx_word' id='word_1_449' title='bbox 1554 3212 1649 3252; x_wconf 88' lang='lat' dir='ltr'><strong>eos</strong></span> <span class='ocrx_word' id='word_1_450' title='bbox 1671 3195 1780 3248; x_wconf 88' lang='lat' dir='ltr'><strong>Do-</strong></span> <span class='ocrx_word' id='word_1_451' title='bbox 1806 3212 1848 3269; x_wconf 69' lang='grc' dir='ltr'>ε</span> <span class='ocrx_word' id='word_1_452' title='bbox 1879 3200 2239 3271; x_wconf 89' lang='lat' dir='ltr'><strong>centibusque</strong></span> <span class='ocrx_word' id='word_1_453' title='bbox 2281 3201 2417 3268; x_wconf 89' lang='lat' dir='ltr'><strong>suis,</strong></span> <span class='ocrx_word' id='word_1_454' title='bbox 2445 3210 2499 3255; x_wconf 91' lang='lat' dir='ltr'><strong>et</strong></span> <span class='ocrx_word' id='word_1_455' title='bbox 2530 3201 2816 3256; x_wconf 87' lang='lat' dir='ltr'><strong>ecclesiam</strong></span> <span class='ocrx_word' id='word_1_456' title='bbox 2853 3199 2910 3254; x_wconf 92' lang='lat' dir='ltr'><strong>S.</strong></span> <span class='ocrx_word' id='word_1_457' title='bbox 2941 3199 3169 3255; x_wconf 71' lang='lat' dir='ltr'><strong>Andrem</strong></span> <span class='ocrx_word' id='word_1_458' title='bbox 3199 3200 3452 3270; x_wconf 87' lang='lat' dir='ltr'><strong>apostoli,</strong></span> 
     </span>
    </p>
   </div>
   <div class='ocr_carea' id='block_1_63' title="bbox 200 3288 1781 3364">
    <p class='ocr_par' dir='ltr' id='par_1_63' title="bbox 200 3288 1781 3364">
     <span class='ocr_line' id='line_1_63' title="bbox 200 3288 1781 3364; baseline -0.012 -5"><span class='ocrx_word' id='word_1_459' title='bbox 200 3305 387 3360; x_wconf 88' lang='lat' dir='ltr'><strong>minus</strong></span> <span class='ocrx_word' id='word_1_460' title='bbox 429 3300 698 3364; x_wconf 91' lang='lat' dir='ltr'><strong>amentia,</strong></span> <span class='ocrx_word' id='word_1_461' title='bbox 730 3308 783 3354; x_wconf 90' lang='lat' dir='ltr'><strong>et</strong></span> <span class='ocrx_word' id='word_1_462' title='bbox 817 3297 1059 3354; x_wconf 63' lang='lat' dir='ltr'><strong>eiecitate</strong></span> <span class='ocrx_word' id='word_1_463' title='bbox 1109 3310 1173 3348; x_wconf 89' lang='lat' dir='ltr'><strong>ac</strong></span> <span class='ocrx_word' id='word_1_464' title='bbox 1211 3292 1395 3346; x_wconf 88' lang='lat' dir='ltr'><strong>furore</strong></span> <span class='ocrx_word' id='word_1_465' title='bbox 1442 3288 1678 3352; x_wconf 89' lang='lat' dir='ltr'><strong>mentis;</strong></span> <span class='ocrx_word' id='word_1_466' title='bbox 1727 3293 1781 3342; x_wconf 87' lang='lat' dir='ltr'><strong>et</strong></span> 
     </span>
    </p>
   </div>
   <div class='ocr_carea' id='block_1_64' title="bbox 196 3378 1778 3466">
    <p class='ocr_par' dir='ltr' id='par_1_64' title="bbox 196 3378 1778 3466">
     <span class='ocr_line' id='line_1_64' title="bbox 196 3378 1778 3466; baseline -0.013 -16"><span class='ocrx_word' id='word_1_467' title='bbox 196 3395 422 3466; x_wconf 81' lang='lat' dir='ltr'><strong>palpent</strong></span> <span class='ocrx_word' id='word_1_468' title='bbox 455 3393 508 3446; x_wconf 90' lang='lat' dir='ltr'><strong>in</strong></span> <span class='ocrx_word' id='word_1_469' title='bbox 536 3389 782 3454; x_wconf 90' lang='lat' dir='ltr'><strong>meridie,</strong></span> <span class='ocrx_word' id='word_1_470' title='bbox 820 3388 964 3443; x_wconf 91' lang='lat' dir='ltr'><strong>sicut</strong></span> <span class='ocrx_word' id='word_1_471' title='bbox 1002 3385 1218 3454; x_wconf 80' lang='lat' dir='ltr'><strong>palpare</strong></span> <span class='ocrx_word' id='word_1_472' title='bbox 1247 3382 1386 3436; x_wconf 86' lang='lat' dir='ltr'><strong>solet</strong></span> <span class='ocrx_word' id='word_1_473' title='bbox 1411 3394 1588 3435; x_wconf 58' lang='lat' dir='ltr'><strong>caecus</strong></span> <span class='ocrx_word' id='word_1_474' title='bbox 1619 3378 1675 3432; x_wconf 87' lang='lat' dir='ltr'><strong>in</strong></span> <span class='ocrx_word' id='word_1_475' title='bbox 1699 3385 1778 3431; x_wconf 83' lang='lat' dir='ltr'><strong>te-</strong></span> 
     </span>
    </p>
   </div>
   <div class='ocr_carea' id='block_1_65' title="bbox 197 3472 1780 3551">
    <p class='ocr_par' dir='ltr' id='par_1_65' title="bbox 197 3472 1780 3551">
     <span class='ocr_line' id='line_1_65' title="bbox 197 3472 1780 3551; baseline -0.012 -11"><span class='ocrx_word' id='word_1_476' title='bbox 197 3484 409 3551; x_wconf 88' lang='lat' dir='ltr'><strong>nebris,</strong></span> <span class='ocrx_word' id='word_1_477' title='bbox 432 3493 486 3536; x_wconf 89' lang='lat' dir='ltr'><strong>et</strong></span> <span class='ocrx_word' id='word_1_478' title='bbox 506 3495 617 3535; x_wconf 90' lang='lat' dir='ltr'><strong>non</strong></span> <span class='ocrx_word' id='word_1_479' title='bbox 646 3479 883 3549; x_wconf 84' lang='lat' dir='ltr'><strong>dirigant</strong></span> <span class='ocrx_word' id='word_1_480' title='bbox 911 3476 1028 3531; x_wconf 89' lang='lat' dir='ltr'><strong>vias</strong></span> <span class='ocrx_word' id='word_1_481' title='bbox 1066 3490 1215 3540; x_wconf 92' lang='lat' dir='ltr'><strong>suas,</strong></span> <span class='ocrx_word' id='word_1_482' title='bbox 1253 3472 1512 3540; x_wconf 91' lang='lat' dir='ltr'><strong>omnique</strong></span> <span class='ocrx_word' id='word_1_483' title='bbox 1537 3475 1780 3537; x_wconf 90' lang='lat' dir='ltr'><strong>tempore</strong></span> 
     </span>
    </p>
   </div>
   <div class='ocr_carea' id='block_1_66' title="bbox 196 3561 1783 3638">
    <p class='ocr_par' dir='ltr' id='par_1_66' title="bbox 196 3561 1783 3638">
     <span class='ocr_line' id='line_1_66' title="bbox 196 3561 1783 3638; baseline -0.013 -7"><span class='ocrx_word' id='word_1_484' title='bbox 196 3573 532 3633; x_wconf 88' lang='lat' dir='ltr'><strong>calumniam</strong></span> <span class='ocrx_word' id='word_1_485' title='bbox 561 3572 888 3636; x_wconf 88' lang='lat' dir='ltr'><strong>sustineant,</strong></span> <span class='ocrx_word' id='word_1_486' title='bbox 920 3579 975 3623; x_wconf 92' lang='lat' dir='ltr'><strong>et</strong></span> <span class='ocrx_word' id='word_1_487' title='bbox 1003 3566 1380 3638; x_wconf 90' lang='lat' dir='ltr'><strong>opprimantur</strong></span> <span class='ocrx_word' id='word_1_488' title='bbox 1400 3561 1653 3617; x_wconf 87' lang='lat' dir='ltr'><strong>violentia</strong></span> <span class='ocrx_word' id='word_1_489' title='bbox 1682 3573 1783 3613; x_wconf 92' lang='lat' dir='ltr'><strong>nec</strong></span> 
     </span>
    </p>
   </div>
   <div class='ocr_carea' id='block_1_67' title="bbox 197 3651 1782 3734">
    <p class='ocr_par' dir='ltr' id='par_1_67' title="bbox 197 3651 1782 3734">
     <span class='ocr_line' id='line_1_67' title="bbox 197 3651 1782 3734; baseline -0.011 -11"><span class='ocrx_word' id='word_1_490' title='bbox 197 3667 443 3723; x_wconf 85' lang='lat' dir='ltr'><strong>habeant</strong></span> <span class='ocrx_word' id='word_1_491' title='bbox 477 3664 786 3734; x_wconf 87' lang='lat' dir='ltr'><strong>quiliberet</strong></span> <span class='ocrx_word' id='word_1_492' title='bbox 824 3677 963 3728; x_wconf 89' lang='lat' dir='ltr'><strong>eos;</strong></span> <span class='ocrx_word' id='word_1_493' title='bbox 1000 3673 1201 3714; x_wconf 83' lang='lat' dir='ltr'><strong>uxores</strong></span> <span class='ocrx_word' id='word_1_494' title='bbox 1244 3655 1513 3725; x_wconf 89' lang='lat' dir='ltr'><strong>accipiant</strong></span> <span class='ocrx_word' id='word_1_495' title='bbox 1549 3661 1605 3708; x_wconf 92' lang='lat' dir='ltr'><strong>et</strong></span> <span class='ocrx_word' id='word_1_496' title='bbox 1640 3651 1782 3706; x_wconf 89' lang='lat' dir='ltr'><strong>alius</strong></span> 
     </span>
    </p>
   </div>
   <div class='ocr_carea' id='block_1_68' title="bbox 198 3744 1784 3812">
    <p class='ocr_par' dir='ltr' id='par_1_68' title="bbox 198 3744 1784 3812">
     <span class='ocr_line' id='line_1_68' title="bbox 198 3744 1784 3812; baseline -0.009 0"><span class='ocrx_word' id='word_1_497' title='bbox 198 3756 445 3812; x_wconf 84' lang='lat' dir='ltr'><strong>dormiat</strong></span> <span class='ocrx_word' id='word_1_498' title='bbox 465 3770 590 3809; x_wconf 90' lang='lat' dir='ltr'><strong>cum</strong></span> <span class='ocrx_word' id='word_1_499' title='bbox 615 3753 695 3809; x_wconf 90' lang='lat' dir='ltr'><strong>eis</strong></span> <span class='ocrx_word' id='word_1_500' title='bbox 725 3751 1034 3807; x_wconf 90' lang='lat' dir='ltr'><strong>videntibus</strong></span> <span class='ocrx_word' id='word_1_501' title='bbox 1062 3749 1187 3803; x_wconf 88' lang='lat' dir='ltr'><strong>illis.</strong></span> <span class='ocrx_word' id='word_1_502' title='bbox 1215 3747 1416 3802; x_wconf 91' lang='lat' dir='ltr'><strong>Domos</strong></span> <span class='ocrx_word' id='word_1_503' title='bbox 1442 3744 1710 3801; x_wconf 59' lang='lat' dir='ltr'><strong>aedificent</strong></span> <span class='ocrx_word' id='word_1_504' title='bbox 1728 3750 1784 3798; x_wconf 89' lang='lat' dir='ltr'><strong>et</strong></span> 
     </span>
    </p>
   </div>
   <div class='ocr_carea' id='block_1_69' title="bbox 200 3839 1780 3905">
    <p class='ocr_par' dir='ltr' id='par_1_69' title="bbox 200 3839 1780 3905">
     <span class='ocr_line' id='line_1_69' title="bbox 200 3839 1780 3905; baseline -0.008 0"><span class='ocrx_word' id='word_1_505' title='bbox 200 3865 317 3905; x_wconf 89' lang='lat' dir='ltr'><strong>non</strong></span> <span class='ocrx_word' id='word_1_506' title='bbox 348 3848 593 3903; x_wconf 91' lang='lat' dir='ltr'><strong>habitent</strong></span> <span class='ocrx_word' id='word_1_507' title='bbox 639 3847 696 3901; x_wconf 92' lang='lat' dir='ltr'><strong>in</strong></span> <span class='ocrx_word' id='word_1_508' title='bbox 724 3846 824 3901; x_wconf 91' lang='lat' dir='ltr'><strong>eis.</strong></span> <span class='ocrx_word' id='word_1_509' title='bbox 872 3844 1125 3898; x_wconf 88' lang='lat' dir='ltr'><strong>Plantent</strong></span> <span class='ocrx_word' id='word_1_510' title='bbox 1159 3842 1346 3897; x_wconf 83' lang='lat' dir='ltr'><strong>vineas</strong></span> <span class='ocrx_word' id='word_1_511' title='bbox 1371 3847 1426 3896; x_wconf 92' lang='lat' dir='ltr'><strong>et</strong></span> <span class='ocrx_word' id='word_1_512' title='bbox 1457 3854 1566 3894; x_wconf 88' lang='lat' dir='ltr'><strong>non</strong></span> <span class='ocrx_word' id='word_1_513' title='bbox 1590 3839 1780 3893; x_wconf 90' lang='lat' dir='ltr'><strong>vinde-</strong></span> 
     </span>
    </p>
   </div>
   <div class='ocr_carea' id='block_1_70' title="bbox 202 3930 1783 3998">
    <p class='ocr_par' dir='ltr' id='par_1_70' title="bbox 202 3930 1783 3998">
     <span class='ocr_line' id='line_1_70' title="bbox 202 3930 1783 3998; baseline -0.009 -1"><span class='ocrx_word' id='word_1_514' title='bbox 202 3941 379 3998; x_wconf 86' lang='lat' dir='ltr'><strong>mient</strong></span> <span class='ocrx_word' id='word_1_515' title='bbox 401 3955 514 3995; x_wconf 90' lang='lat' dir='ltr'><strong>eas.</strong></span> <span class='ocrx_word' id='word_1_516' title='bbox 549 3938 614 3994; x_wconf 86' lang='lat' dir='ltr'><strong>Et</strong></span> <span class='ocrx_word' id='word_1_517' title='bbox 655 3938 878 3994; x_wconf 79' lang='lat' dir='ltr'><strong>veniant</strong></span> <span class='ocrx_word' id='word_1_518' title='bbox 915 3951 1106 3990; x_wconf 90' lang='lat' dir='ltr'><strong>omnes</strong></span> <span class='ocrx_word' id='word_1_519' title='bbox 1137 3932 1547 3987; x_wconf 84' lang='lat' dir='ltr'><strong>maledictiones</strong></span> <span class='ocrx_word' id='word_1_520' title='bbox 1586 3930 1705 3986; x_wconf 58' lang='lat' dir='ltr'><strong>ista”:</strong></span> <span class='ocrx_word' id='word_1_521' title='bbox 1728 3935 1783 3983; x_wconf 89' lang='lat' dir='ltr'><strong>et</strong></span> 
     </span>
    </p>
   </div>
   <div class='ocr_carea' id='block_1_71' title="bbox 202 4020 1779 4100">
    <p class='ocr_par' dir='ltr' id='par_1_71' title="bbox 202 4020 1779 4100">
     <span class='ocr_line' id='line_1_71' title="bbox 202 4020 1779 4100; baseline -0.009 -12"><span class='ocrx_word' id='word_1_522' title='bbox 202 4033 396 4088; x_wconf 72' lang='lat' dir='ltr'><strong>multa:</strong></span> <span class='ocrx_word' id='word_1_523' title='bbox 419 4031 536 4086; x_wconf 70' lang='lat' dir='ltr'><strong>alia:</strong></span> <span class='ocrx_word' id='word_1_524' title='bbox 569 4045 733 4100; x_wconf 91' lang='lat' dir='ltr'><strong>super</strong></span> <span class='ocrx_word' id='word_1_525' title='bbox 772 4043 964 4083; x_wconf 89' lang='lat' dir='ltr'><strong>omnes</strong></span> <span class='ocrx_word' id='word_1_526' title='bbox 987 4025 1238 4080; x_wconf 88' lang='lat' dir='ltr'><strong>homines</strong></span> <span class='ocrx_word' id='word_1_527' title='bbox 1259 4023 1356 4094; x_wconf 87' lang='lat' dir='ltr'><strong>qui</strong></span> <span class='ocrx_word' id='word_1_528' title='bbox 1379 4030 1554 4080; x_wconf 89' lang='lat' dir='ltr'><strong>terras</strong></span> <span class='ocrx_word' id='word_1_529' title='bbox 1580 4020 1639 4076; x_wconf 90' lang='lat' dir='ltr'><strong>S.</strong></span> <span class='ocrx_word' id='word_1_530' title='bbox 1675 4020 1779 4075; x_wconf 91' lang='lat' dir='ltr'><strong>Pe-</strong></span> 
     </span>
    </p>
   </div>
   <div class='ocr_carea' id='block_1_72' title="bbox 203 4111 1782 4186">
    <p class='ocr_par' dir='ltr' id='par_1_72' title="bbox 203 4111 1782 4186">
     <span class='ocr_line' id='line_1_72' title="bbox 203 4111 1782 4186; baseline -0.006 -11"><span class='ocrx_word' id='word_1_531' title='bbox 203 4121 281 4175; x_wconf 89' lang='lat' dir='ltr'><strong>tri</strong></span> <span class='ocrx_word' id='word_1_532' title='bbox 321 4118 550 4174; x_wconf 78' lang='lat' dir='ltr'><strong>Romani</strong></span> <span class='ocrx_word' id='word_1_533' title='bbox 603 4118 922 4173; x_wconf 87' lang='lat' dir='ltr'><strong>monasterii</strong></span> <span class='ocrx_word' id='word_1_534' title='bbox 967 4116 1166 4186; x_wconf 89' lang='lat' dir='ltr'><strong>injuste</strong></span> <span class='ocrx_word' id='word_1_535' title='bbox 1207 4121 1411 4180; x_wconf 88' lang='lat' dir='ltr'><strong>tenent,</strong></span> <span class='ocrx_word' id='word_1_536' title='bbox 1460 4113 1542 4168; x_wconf 88' lang='lat' dir='ltr'><strong>vel</strong></span> <span class='ocrx_word' id='word_1_537' title='bbox 1567 4111 1661 4183; x_wconf 88' lang='lat' dir='ltr'><strong>qui</strong></span> <span class='ocrx_word' id='word_1_538' title='bbox 1691 4126 1782 4167; x_wconf 90' lang='lat' dir='ltr'><strong>eas</strong></span> 
     </span>
    </p>
   </div>
   <div class='ocr_carea' id='block_1_73' title="bbox 204 4205 1488 4279">
    <p class='ocr_par' dir='ltr' id='par_1_73' title="bbox 204 4205 1488 4279">
     <span class='ocr_line' id='line_1_73' title="bbox 204 4205 1488 4279; baseline -0.008 -9"><span class='ocrx_word' id='word_1_539' title='bbox 204 4214 408 4279; x_wconf 84' lang='lat' dir='ltr'><strong>celant,</strong></span> <span class='ocrx_word' id='word_1_540' title='bbox 436 4211 540 4266; x_wconf 89' lang='lat' dir='ltr'><strong>nisi</strong></span> <span class='ocrx_word' id='word_1_541' title='bbox 561 4211 670 4266; x_wconf 91' lang='lat' dir='ltr'><strong>cito</strong></span> <span class='ocrx_word' id='word_1_542' title='bbox 695 4211 761 4265; x_wconf 92' lang='lat' dir='ltr'><strong>ad</strong></span> <span class='ocrx_word' id='word_1_543' title='bbox 798 4209 1232 4266; x_wconf 89' lang='lat' dir='ltr'><strong>emendationem</strong></span> <span class='ocrx_word' id='word_1_544' title='bbox 1258 4205 1488 4262; x_wconf 87' lang='lat' dir='ltr'><strong>venerit.</strong></span> 
     </span>
    </p>
   </div>
   <div class='ocr_carea' id='block_1_74' title="bbox 951 4323 1041 4380">
    <p class='ocr_par' dir='ltr' id='par_1_74' title="bbox 951 4323 1041 4380">
     <span class='ocr_line' id='line_1_74' title="bbox 951 4323 1041 4380; baseline 0.033 -3"><span class='ocrx_word' id='word_1_545' title='bbox 951 4323 1041 4380; x_wconf 86' lang='lat' dir='ltr'><strong>IV.</strong></span> 
     </span>
    </p>
   </div>
   <div class='ocr_carea' id='block_1_75' title="bbox 204 4415 1780 4486">
    <p class='ocr_par' dir='ltr' id='par_1_75' title="bbox 204 4415 1780 4486">
     <span class='ocr_line' id='line_1_75' title="bbox 204 4415 1780 4486; baseline -0.002 -12"><span class='ocrx_word' id='word_1_546' title='bbox 204 4419 442 4474; x_wconf 85' lang='lat' dir='ltr'><strong>Joannes</strong></span> <span class='ocrx_word' id='word_1_547' title='bbox 468 4415 606 4475; x_wconf 78' lang='lat' dir='ltr'><strong>XIX</strong></span> <span class='ocrx_word' id='word_1_548' title='bbox 648 4417 899 4472; x_wconf 74' lang='lat' dir='ltr'><strong>Ecclesia:</strong></span> <span class='ocrx_word' id='word_1_549' title='bbox 927 4415 1087 4472; x_wconf 70' lang='lat' dir='ltr'><strong>Silere</strong></span> <span class='ocrx_word' id='word_1_550' title='bbox 1117 4415 1374 4472; x_wconf 72' lang='lat' dir='ltr'><strong>Candida:</strong></span> <span class='ocrx_word' id='word_1_551' title='bbox 1412 4416 1780 4486; x_wconf 78' lang='lat' dir='ltr'><strong>possessiones,</strong></span> 
     </span>
    </p>
   </div>
   <div class='ocr_carea' id='block_1_76' title="bbox 496 4488 1497 4560">
    <p class='ocr_par' dir='ltr' id='par_1_76' title="bbox 496 4488 1497 4560">
     <span class='ocr_line' id='line_1_76' title="bbox 496 4488 1497 4560; baseline -0.003 -18"><span class='ocrx_word' id='word_1_552' title='bbox 496 4498 694 4560; x_wconf 80' lang='lat' dir='ltr'><strong>petente</strong></span> <span class='ocrx_word' id='word_1_553' title='bbox 723 4488 884 4542; x_wconf 88' lang='lat' dir='ltr'><strong>Petro</strong></span> <span class='ocrx_word' id='word_1_554' title='bbox 911 4489 1171 4558; x_wconf 80' lang='lat' dir='ltr'><strong>episcopo,</strong></span> <span class='ocrx_word' id='word_1_555' title='bbox 1201 4488 1497 4555; x_wconf 83' lang='lat' dir='ltr'><strong>conﬁrmat.</strong></span> 
     </span>
    </p>
   </div>
   <div class='ocr_carea' id='block_1_77' title="bbox 803 4578 1199 4652">
    <p class='ocr_par' dir='ltr' id='par_1_77' title="bbox 803 4578 1199 4652">
     <span class='ocr_line' id='line_1_77' title="bbox 803 4578 1199 4652; baseline -0.005 -18"><span class='ocrx_word' id='word_1_556' title='bbox 803 4582 983 4652; x_wconf 84' lang='lat' dir='ltr'><strong>(Anno</strong></span> <span class='ocrx_word' id='word_1_557' title='bbox 1016 4578 1199 4649; x_wconf 70' lang='lat'><strong>109.6.)</strong></span> 
     </span>
    </p>
   </div>
   <div class='ocr_carea' id='block_1_78' title="bbox 551 4669 1457 4748">
    <p class='ocr_par' dir='ltr' id='par_1_78' title="bbox 551 4669 1457 4748">
     <span class='ocr_line' id='line_1_78' title="bbox 551 4669 1457 4748; baseline -0.006 -17"><span class='ocrx_word' id='word_1_558' title='bbox 551 4675 836 4748; x_wconf 60' lang='lat' dir='ltr'><strong>[Uarium],</strong></span> <span class='ocrx_word' id='word_1_559' title='bbox 871 4673 1037 4727; x_wconf 83' lang='lat' dir='ltr'><strong>Italia</strong></span> <span class='ocrx_word' id='word_1_560' title='bbox 1074 4671 1262 4738; x_wconf 84' lang='lat' dir='ltr'><strong>Sacra,</strong></span> <span class='ocrx_word' id='word_1_561' title='bbox 1295 4670 1334 4725; x_wconf 91' lang='lat' dir='ltr'><strong>I.</strong></span> <span class='ocrx_word' id='word_1_562' title='bbox 1365 4669 1457 4743; x_wconf 80' lang='lat'><strong>95]</strong></span> 
     </span>
    </p>
   </div>
   <div class='ocr_carea' id='block_1_79' title="bbox 287 4762 1790 4838">
    <p class='ocr_par' dir='ltr' id='par_1_79' title="bbox 287 4762 1790 4838">
     <span class='ocr_line' id='line_1_79' title="bbox 287 4762 1790 4838; baseline -0.005 -14"><span class='ocrx_word' id='word_1_563' title='bbox 287 4769 516 4824; x_wconf 58' lang='lat' dir='ltr'><strong>Joannes</strong></span> <span class='ocrx_word' id='word_1_564' title='bbox 539 4769 845 4838; x_wconf 89' lang='lat' dir='ltr'><strong>episcopus,</strong></span> <span class='ocrx_word' id='word_1_565' title='bbox 897 4781 1086 4822; x_wconf 89' lang='lat' dir='ltr'><strong>servus</strong></span> <span class='ocrx_word' id='word_1_566' title='bbox 1109 4779 1385 4819; x_wconf 86' lang='lat' dir='ltr'><strong>servorum</strong></span> <span class='ocrx_word' id='word_1_567' title='bbox 1431 4763 1548 4829; x_wconf 89' lang='lat' dir='ltr'><strong>Dei,</strong></span> <span class='ocrx_word' id='word_1_568' title='bbox 1593 4762 1790 4817; x_wconf 92' lang='lat' dir='ltr'><strong>dilecto</strong></span> 
     </span>
    </p>
   </div>
   <div class='ocr_carea' id='block_1_80' title="bbox 216 4851 1790 4927">
    <p class='ocr_par' dir='ltr' id='par_1_80' title="bbox 216 4851 1790 4927">
     <span class='ocr_line' id='line_1_80' title="bbox 216 4851 1790 4927; baseline -0.005 -13"><span class='ocrx_word' id='word_1_569' title='bbox 216 4863 331 4915; x_wconf 86' lang='lat' dir='ltr'><strong>filio</strong></span> <span class='ocrx_word' id='word_1_570' title='bbox 359 4860 564 4925; x_wconf 73' lang='lat' dir='ltr'><strong>Perna,</strong></span> <span class='ocrx_word' id='word_1_571' title='bbox 590 4859 803 4913; x_wconf 90' lang='lat' dir='ltr'><strong>Domini</strong></span> <span class='ocrx_word' id='word_1_572' title='bbox 831 4858 1022 4927; x_wconf 83' lang='lat' dir='ltr'><strong>gratia,</strong></span> <span class='ocrx_word' id='word_1_573' title='bbox 1069 4856 1324 4925; x_wconf 86' lang='lat' dir='ltr'><strong>episeopo</strong></span> <span class='ocrx_word' id='word_1_574' title='bbox 1356 4852 1518 4907; x_wconf 73' lang='lat' dir='ltr'><strong>Silv-.e</strong></span> <span class='ocrx_word' id='word_1_575' title='bbox 1535 4851 1790 4909; x_wconf 67' lang='lat' dir='ltr'><strong>Candidas</strong></span> 
     </span>
    </p>
   </div>
   <div class='ocr_carea' id='block_1_81' title="bbox 217 4942 1791 5019">
    <p class='ocr_par' dir='ltr' id='par_1_81' title="bbox 217 4942 1791 5019">
     <span class='ocr_line' id='line_1_81' title="bbox 217 4942 1791 5019; baseline -0.005 -16"><span class='ocrx_word' id='word_1_576' title='bbox 217 4949 496 5014; x_wconf 78' lang='lat' dir='ltr'><strong>Ecclesiae,</strong></span> <span class='ocrx_word' id='word_1_577' title='bbox 523 4957 578 5003; x_wconf 90' lang='lat' dir='ltr'><strong>et</strong></span> <span class='ocrx_word' id='word_1_578' title='bbox 608 4963 702 5019; x_wconf 92' lang='lat' dir='ltr'><strong>per</strong></span> <span class='ocrx_word' id='word_1_579' title='bbox 722 4956 776 5002; x_wconf 91' lang='lat' dir='ltr'><strong>te</strong></span> <span class='ocrx_word' id='word_1_580' title='bbox 818 4947 994 5002; x_wconf 90' lang='lat' dir='ltr'><strong>eidem</strong></span> <span class='ocrx_word' id='word_1_581' title='bbox 1039 4943 1336 4999; x_wconf 89' lang='lat' dir='ltr'><strong>venerabili</strong></span> <span class='ocrx_word' id='word_1_582' title='bbox 1363 4942 1641 5012; x_wconf 87' lang='lat' dir='ltr'><strong>episcopio</strong></span> <span class='ocrx_word' id='word_1_583' title='bbox 1665 4958 1791 4996; x_wconf 93' lang='lat' dir='ltr'><strong>suc-</strong></span> 
     </span>
    </p>
   </div>
   <div class='ocr_carea' id='block_1_82' title="bbox 217 5037 1520 5111">
    <p class='ocr_par' dir='ltr' id='par_1_82' title="bbox 217 5037 1520 5111">
     <span class='ocr_line' id='line_1_82' title="bbox 217 5037 1520 5111; baseline -0.006 -15"><span class='ocrx_word' id='word_1_584' title='bbox 217 5041 643 5111; x_wconf 86' lang='lat' dir='ltr'><strong>cessoribusque</strong></span> <span class='ocrx_word' id='word_1_585' title='bbox 670 5040 779 5094; x_wconf 90' lang='lat' dir='ltr'><strong>tuis</strong></span> <span class='ocrx_word' id='word_1_586' title='bbox 805 5038 1078 5108; x_wconf 86' lang='lat' dir='ltr'><strong>episcopis</strong></span> <span class='ocrx_word' id='word_1_587' title='bbox 1097 5037 1152 5089; x_wconf 91' lang='lat' dir='ltr'><strong>in</strong></span> <span class='ocrx_word' id='word_1_588' title='bbox 1179 5043 1520 5105; x_wconf 87' lang='lat' dir='ltr'><strong>perpetuum.</strong></span> 
     </span>
    </p>
   </div>
   <div class='ocr_carea' id='block_1_83' title="bbox 291 5127 1788 5201">
    <p class='ocr_par' dir='ltr' id='par_1_83' title="bbox 291 5127 1788 5201">
     <span class='ocr_line' id='line_1_83' title="bbox 291 5127 1788 5201; baseline -0.004 -14"><span class='ocrx_word' id='word_1_589' title='bbox 291 5132 558 5187; x_wconf 86' lang='lat' dir='ltr'><strong>Convenit</strong></span> <span class='ocrx_word' id='word_1_590' title='bbox 601 5131 899 5201; x_wconf 87' lang='lat' dir='ltr'><strong>apostolico</strong></span> <span class='ocrx_word' id='word_1_591' title='bbox 957 5127 1314 5184; x_wconf 88' lang='lat' dir='ltr'><strong>moderamini</strong></span> <span class='ocrx_word' id='word_1_592' title='bbox 1374 5127 1462 5196; x_wconf 86' lang='lat' dir='ltr'><strong>pia</strong></span> <span class='ocrx_word' id='word_1_593' title='bbox 1528 5127 1788 5197; x_wconf 82' lang='lat' dir='ltr'><strong>religione</strong></span> 
     </span>
    </p>
   </div>
   <div class='ocr_carea' id='block_1_84' title="bbox 218 5219 1788 5294">
    <p class='ocr_par' dir='ltr' id='par_1_84' title="bbox 218 5219 1788 5294">
     <span class='ocr_line' id='line_1_84' title="bbox 218 5219 1788 5294; baseline -0.004 -16"><span class='ocrx_word' id='word_1_594' title='bbox 218 5223 550 5294; x_wconf 83' lang='lat' dir='ltr'><strong>pollentibus</strong></span> <span class='ocrx_word' id='word_1_595' title='bbox 569 5222 830 5277; x_wconf 87' lang='lat' dir='ltr'><strong>benevola</strong></span> <span class='ocrx_word' id='word_1_596' title='bbox 855 5219 1232 5289; x_wconf 81' lang='lat' dir='ltr'><strong>compassione</strong></span> <span class='ocrx_word' id='word_1_597' title='bbox 1255 5233 1597 5286; x_wconf 85' lang='lat' dir='ltr'><strong>succurrere,</strong></span> <span class='ocrx_word' id='word_1_598' title='bbox 1621 5227 1675 5273; x_wconf 90' lang='lat' dir='ltr'><strong>et</strong></span> <span class='ocrx_word' id='word_1_599' title='bbox 1694 5232 1788 5288; x_wconf 92' lang='lat' dir='ltr'><strong>po-</strong></span> 
     </span>
    </p>
   </div>
   <div class='ocr_carea' id='block_1_85' title="bbox 219 5313 1791 5384">
    <p class='ocr_par' dir='ltr' id='par_1_85' title="bbox 219 5313 1791 5384">
     <span class='ocr_line' id='line_1_85' title="bbox 219 5313 1791 5384; baseline -0.006 -8"><span class='ocrx_word' id='word_1_600' title='bbox 219 5320 492 5376; x_wconf 79' lang='lat' dir='ltr'><strong>scentium</strong></span> <span class='ocrx_word' id='word_1_601' title='bbox 533 5319 730 5372; x_wconf 90' lang='lat' dir='ltr'><strong>animis</strong></span> <span class='ocrx_word' id='word_1_602' title='bbox 765 5317 932 5372; x_wconf 87' lang='lat' dir='ltr'><strong>alacri</strong></span> <span class='ocrx_word' id='word_1_603' title='bbox 980 5315 1268 5370; x_wconf 88' lang='lat' dir='ltr'><strong>devotione</strong></span> <span class='ocrx_word' id='word_1_604' title='bbox 1296 5313 1563 5384; x_wconf 91' lang='lat' dir='ltr'><strong>impertiri</strong></span> <span class='ocrx_word' id='word_1_605' title='bbox 1602 5328 1791 5369; x_wconf 88' lang='lat' dir='ltr'><strong>assen-</strong></span> 
     </span>
    </p>
   </div>
   <div class='ocr_carea' id='block_1_86' title="bbox 220 5404 1792 5478">
    <p class='ocr_par' dir='ltr' id='par_1_86' title="bbox 220 5404 1792 5478">
     <span class='ocr_line' id='line_1_86' title="bbox 220 5404 1792 5478; baseline -0.006 -10"><span class='ocrx_word' id='word_1_606' title='bbox 220 5427 366 5468; x_wconf 84' lang='lat' dir='ltr'><strong>sum.</strong></span> <span class='ocrx_word' id='word_1_607' title='bbox 401 5409 483 5466; x_wconf 75' lang='lat' dir='ltr'><strong>Ex</strong></span> <span class='ocrx_word' id='word_1_608' title='bbox 506 5412 607 5466; x_wconf 89' lang='lat' dir='ltr'><strong>hoc</strong></span> <span class='ocrx_word' id='word_1_609' title='bbox 632 5411 776 5465; x_wconf 89' lang='lat' dir='ltr'><strong>enim</strong></span> <span class='ocrx_word' id='word_1_610' title='bbox 801 5409 934 5462; x_wconf 85' lang='lat' dir='ltr'><strong>lucri</strong></span> <span class='ocrx_word' id='word_1_611' title='bbox 963 5406 1304 5478; x_wconf 90' lang='lat' dir='ltr'><strong>potissimum</strong></span> <span class='ocrx_word' id='word_1_612' title='bbox 1334 5404 1616 5475; x_wconf 64' lang='lat' dir='ltr'><strong>prmmium</strong></span> <span class='ocrx_word' id='word_1_613' title='bbox 1647 5404 1792 5473; x_wconf 88' lang='lat' dir='ltr'><strong>apud</strong></span> 
     </span>
    </p>
   </div>
   <div class='ocr_carea' id='block_1_87' title="bbox 219 5494 1790 5566">
    <p class='ocr_par' dir='ltr' id='par_1_87' title="bbox 219 5494 1790 5566">
     <span class='ocr_line' id='line_1_87' title="bbox 219 5494 1790 5566; baseline -0.006 -10"><span class='ocrx_word' id='word_1_614' title='bbox 219 5501 573 5556; x_wconf 89' lang='lat' dir='ltr'><strong>Conditorem</strong></span> <span class='ocrx_word' id='word_1_615' title='bbox 599 5499 843 5554; x_wconf 91' lang='lat' dir='ltr'><strong>omnium</strong></span> <span class='ocrx_word' id='word_1_616' title='bbox 878 5498 1050 5553; x_wconf 82' lang='lat' dir='ltr'><strong>Deum</strong></span> <span class='ocrx_word' id='word_1_617' title='bbox 1081 5496 1532 5566; x_wconf 90' lang='lat' dir='ltr'><strong>promcrebimus,</strong></span> <span class='ocrx_word' id='word_1_618' title='bbox 1571 5494 1790 5564; x_wconf 83' lang='lat' dir='ltr'><strong>quando</strong></span> 
     </span>
    </p>
   </div>
   <div class='ocr_carea' id='block_1_88' title="bbox 220 5587 1789 5660">
    <p class='ocr_par' dir='ltr' id='par_1_88' title="bbox 220 5587 1789 5660">
     <span class='ocr_line' id='line_1_88' title="bbox 220 5587 1789 5660; baseline -0.004 -15"><span class='ocrx_word' id='word_1_619' title='bbox 220 5593 568 5660; x_wconf 43' lang='lat' dir='ltr'><strong>venerabilia,</strong></span> <span class='ocrx_word' id='word_1_620' title='bbox 599 5593 719 5646; x_wconf 87' lang='lat' dir='ltr'><strong>loca</strong></span> <span class='ocrx_word' id='word_1_621' title='bbox 763 5599 1064 5660; x_wconf 88' lang='lat' dir='ltr'><strong>opportune</strong></span> <span class='ocrx_word' id='word_1_622' title='bbox 1109 5589 1358 5642; x_wconf 90' lang='lat' dir='ltr'><strong>ordinata</strong></span> <span class='ocrx_word' id='word_1_623' title='bbox 1403 5587 1468 5642; x_wconf 88' lang='lat' dir='ltr'><strong>ad</strong></span> <span class='ocrx_word' id='word_1_624' title='bbox 1508 5587 1789 5640; x_wconf 88' lang='lat' dir='ltr'><strong>meliorem</strong></span> 
     </span>
    </p>
   </div>
   <div class='ocr_carea' id='block_1_89' title="bbox 220 5673 1791 5748">
    <p class='ocr_par' dir='ltr' id='par_1_89' title="bbox 220 5673 1791 5748">
     <span class='ocr_line' id='line_1_89' title="bbox 220 5673 1791 5748; baseline -0.004 -13"><span class='ocrx_word' id='word_1_625' title='bbox 220 5681 428 5736; x_wconf 75' lang='lat' dir='ltr'><strong>fuerint</strong></span> <span class='ocrx_word' id='word_1_626' title='bbox 457 5680 572 5736; x_wconf 88' lang='lat' dir='ltr'><strong>sine</strong></span> <span class='ocrx_word' id='word_1_627' title='bbox 597 5679 761 5735; x_wconf 88' lang='lat' dir='ltr'><strong>dubio</strong></span> <span class='ocrx_word' id='word_1_628' title='bbox 793 5688 993 5735; x_wconf 89' lang='lat' dir='ltr'><strong>statum</strong></span> <span class='ocrx_word' id='word_1_629' title='bbox 1038 5679 1315 5748; x_wconf 87' lang='lat' dir='ltr'><strong>perducta.</strong></span> <span class='ocrx_word' id='word_1_630' title='bbox 1358 5675 1526 5746; x_wconf 86' lang='lat' dir='ltr'><strong>Igitur</strong></span> <span class='ocrx_word' id='word_1_631' title='bbox 1554 5675 1683 5745; x_wconf 89' lang='lat' dir='ltr'><strong>quia</strong></span> <span class='ocrx_word' id='word_1_632' title='bbox 1704 5673 1791 5729; x_wconf 87' lang='lat' dir='ltr'><strong>di-</strong></span> 
     </span>
    </p>
   </div>
   <div class='ocr_carea' id='block_1_90' title="bbox 223 5768 1793 5841">
    <p class='ocr_par' dir='ltr' id='par_1_90' title="bbox 223 5768 1793 5841">
     <span class='ocr_line' id='line_1_90' title="bbox 223 5768 1793 5841; baseline -0.001 -17"><span class='ocrx_word' id='word_1_633' title='bbox 223 5773 386 5826; x_wconf 86' lang='lat' dir='ltr'><strong>lectio</strong></span> <span class='ocrx_word' id='word_1_634' title='bbox 411 5780 516 5826; x_wconf 70' lang='lat' dir='ltr'><strong>tua:</strong></span> <span class='ocrx_word' id='word_1_635' title='bbox 540 5772 817 5826; x_wconf 85' lang='lat' dir='ltr'><strong>filiationis</strong></span> <span class='ocrx_word' id='word_1_636' title='bbox 848 5771 1140 5841; x_wconf 89' lang='lat' dir='ltr'><strong>postulavit</strong></span> <span class='ocrx_word' id='word_1_637' title='bbox 1177 5777 1445 5839; x_wconf 83' lang='lat' dir='ltr'><strong>quatenus</strong></span> <span class='ocrx_word' id='word_1_638' title='bbox 1470 5768 1793 5824; x_wconf 88' lang='lat' dir='ltr'><strong>concedere-</strong></span> 
     </span>
    </p>
   </div>
   <div class='ocr_carea' id='block_1_91' title="bbox 226 5868 1792 5940">
    <p class='ocr_par' dir='ltr' id='par_1_91' title="bbox 226 5868 1792 5940">
     <span class='ocr_line' id='line_1_91' title="bbox 226 5868 1792 5940; baseline -0.003 -16"><span class='ocrx_word' id='word_1_639' title='bbox 226 5887 350 5925; x_wconf 88' lang='lat' dir='ltr'><strong>mus</strong></span> <span class='ocrx_word' id='word_1_640' title='bbox 396 5878 450 5924; x_wconf 88' lang='lat' dir='ltr'><strong>et</strong></span> <span class='ocrx_word' id='word_1_641' title='bbox 496 5870 942 5940; x_wconf 78' lang='lat' dir='ltr'><strong>confirmarentus</strong></span> <span class='ocrx_word' id='word_1_642' title='bbox 972 5868 1063 5922; x_wconf 90' lang='lat' dir='ltr'><strong>tibi</strong></span> <span class='ocrx_word' id='word_1_643' title='bbox 1102 5878 1304 5938; x_wconf 85' lang='lat' dir='ltr'><strong>tuoque</strong></span> <span class='ocrx_word' id='word_1_644' title='bbox 1354 5868 1644 5922; x_wconf 85' lang='lat' dir='ltr'><strong>venerabili</strong></span> <span class='ocrx_word' id='word_1_645' title='bbox 1681 5868 1792 5937; x_wconf 89' lang='lat' dir='ltr'><strong>epi-</strong></span> 
     </span>
    </p>
   </div>
   <div class='ocr_carea' id='block_1_92' title="bbox 1883 3293 3456 3364">
    <p class='ocr_par' dir='ltr' id='par_1_92' title="bbox 1883 3293 3456 3364">
     <span class='ocr_line' id='line_1_92' title="bbox 1883 3293 3456 3364; baseline -0.001 -16"><span class='ocrx_word' id='word_1_646' title='bbox 1883 3293 2022 3349; x_wconf 84' lang='lat' dir='ltr'><strong>infra</strong></span> <span class='ocrx_word' id='word_1_647' title='bbox 2063 3295 2238 3364; x_wconf 86' lang='lat' dir='ltr'><strong>ipsam</strong></span> <span class='ocrx_word' id='word_1_648' title='bbox 2282 3311 2523 3350; x_wconf 88' lang='lat' dir='ltr'><strong>massam</strong></span> <span class='ocrx_word' id='word_1_649' title='bbox 2549 3294 2893 3361; x_wconf 64' lang='lat' dir='ltr'><strong>aedificatam,</strong></span> <span class='ocrx_word' id='word_1_650' title='bbox 2938 3311 3044 3349; x_wconf 89' lang='lat' dir='ltr'><strong>una</strong></span> <span class='ocrx_word' id='word_1_651' title='bbox 3087 3311 3211 3349; x_wconf 89' lang='lat' dir='ltr'><strong>cum</strong></span> <span class='ocrx_word' id='word_1_652' title='bbox 3246 3295 3456 3350; x_wconf 84' lang='lat' dir='ltr'><strong>colonis</strong></span> 
     </span>
    </p>
   </div>
   <div class='ocr_carea' id='block_1_93' title="bbox 1882 3384 3458 3456">
    <p class='ocr_par' dir='ltr' id='par_1_93' title="bbox 1882 3384 3458 3456">
     <span class='ocr_line' id='line_1_93' title="bbox 1882 3384 3458 3456; baseline 0 -17"><span class='ocrx_word' id='word_1_653' title='bbox 1882 3395 2046 3456; x_wconf 91' lang='lat' dir='ltr'><strong>atque</strong></span> <span class='ocrx_word' id='word_1_654' title='bbox 2081 3386 2427 3452; x_wconf 89' lang='lat' dir='ltr'><strong>massaritiis,</strong></span> <span class='ocrx_word' id='word_1_655' title='bbox 2460 3385 2765 3440; x_wconf 82' lang='lat' dir='ltr'><strong>tributariis</strong></span> <span class='ocrx_word' id='word_1_656' title='bbox 2808 3393 2862 3440; x_wconf 89' lang='lat' dir='ltr'><strong>et</strong></span> <span class='ocrx_word' id='word_1_657' title='bbox 2908 3384 3294 3456; x_wconf 85' lang='lat' dir='ltr'><strong>angarialibus,</strong></span> <span class='ocrx_word' id='word_1_658' title='bbox 3339 3400 3458 3439; x_wconf 90' lang='lat' dir='ltr'><strong>ma-</strong></span> 
     </span>
    </p>
   </div>
   <div class='ocr_carea' id='block_1_94' title="bbox 1883 3475 3458 3547">
    <p class='ocr_par' dir='ltr' id='par_1_94' title="bbox 1883 3475 3458 3547">
     <span class='ocr_line' id='line_1_94' title="bbox 1883 3475 3458 3547; baseline -0.004 -12"><span class='ocrx_word' id='word_1_659' title='bbox 1883 3479 2050 3535; x_wconf 90' lang='lat' dir='ltr'><strong>sculis</strong></span> <span class='ocrx_word' id='word_1_660' title='bbox 2082 3486 2136 3534; x_wconf 91' lang='lat' dir='ltr'><strong>et</strong></span> <span class='ocrx_word' id='word_1_661' title='bbox 2160 3477 2400 3544; x_wconf 79' lang='lat' dir='ltr'><strong>feminis,</strong></span> <span class='ocrx_word' id='word_1_662' title='bbox 2450 3477 2577 3533; x_wconf 82' lang='lat' dir='ltr'><strong>filiis</strong></span> <span class='ocrx_word' id='word_1_663' title='bbox 2601 3486 2654 3532; x_wconf 85' lang='lat' dir='ltr'><strong>et</strong></span> <span class='ocrx_word' id='word_1_664' title='bbox 2677 3476 2893 3532; x_wconf 82' lang='lat' dir='ltr'><strong>ﬁliabus</strong></span> <span class='ocrx_word' id='word_1_665' title='bbox 2924 3492 2988 3531; x_wconf 89' lang='lat' dir='ltr'><strong>ac</strong></span> <span class='ocrx_word' id='word_1_666' title='bbox 3028 3475 3313 3547; x_wconf 83' lang='lat' dir='ltr'><strong>nepotibus</strong></span> <span class='ocrx_word' id='word_1_667' title='bbox 3355 3476 3458 3531; x_wconf 90' lang='lat' dir='ltr'><strong>ibi—</strong></span> 
     </span>
    </p>
   </div>
   <div class='ocr_carea' id='block_1_95' title="bbox 1880 3568 3457 3640">
    <p class='ocr_par' dir='ltr' id='par_1_95' title="bbox 1880 3568 3457 3640">
     <span class='ocr_line' id='line_1_95' title="bbox 1880 3568 3457 3640; baseline -0.004 -12"><span class='ocrx_word' id='word_1_668' title='bbox 1880 3574 2004 3628; x_wconf 91' lang='lat' dir='ltr'><strong>dem</strong></span> <span class='ocrx_word' id='word_1_669' title='bbox 2046 3571 2415 3628; x_wconf 82' lang='lat' dir='ltr'><strong>residentibus</strong></span> <span class='ocrx_word' id='word_1_670' title='bbox 2461 3579 2554 3625; x_wconf 91' lang='lat' dir='ltr'><strong>aut</strong></span> <span class='ocrx_word' id='word_1_671' title='bbox 2596 3571 2792 3625; x_wconf 76' lang='lat' dir='ltr'><strong>exinde</strong></span> <span class='ocrx_word' id='word_1_672' title='bbox 2830 3569 3291 3640; x_wconf 82' lang='lat' dir='ltr'><strong>provenientibus,</strong></span> <span class='ocrx_word' id='word_1_673' title='bbox 3333 3568 3457 3623; x_wconf 85' lang='lat' dir='ltr'><strong>ubi-</strong></span> 
     </span>
    </p>
   </div>
   <div class='ocr_carea' id='block_1_96' title="bbox 1881 3660 3460 3734">
    <p class='ocr_par' dir='ltr' id='par_1_96' title="bbox 1881 3660 3460 3734">
     <span class='ocr_line' id='line_1_96' title="bbox 1881 3660 3460 3734; baseline -0.001 -16"><span class='ocrx_word' id='word_1_674' title='bbox 1881 3678 2096 3734; x_wconf 91' lang='lat' dir='ltr'><strong>cunque</strong></span> <span class='ocrx_word' id='word_1_675' title='bbox 2117 3662 2322 3718; x_wconf 89' lang='lat' dir='ltr'><strong>inventi</strong></span> <span class='ocrx_word' id='word_1_676' title='bbox 2349 3661 2570 3729; x_wconf 88' lang='lat' dir='ltr'><strong>fuerint,</strong></span> <span class='ocrx_word' id='word_1_677' title='bbox 2599 3669 2656 3716; x_wconf 92' lang='lat' dir='ltr'><strong>et</strong></span> <span class='ocrx_word' id='word_1_678' title='bbox 2683 3677 2808 3715; x_wconf 90' lang='lat' dir='ltr'><strong>cum</strong></span> <span class='ocrx_word' id='word_1_679' title='bbox 2837 3661 2986 3715; x_wconf 89' lang='lat' dir='ltr'><strong>omni</strong></span> <span class='ocrx_word' id='word_1_680' title='bbox 3019 3675 3184 3715; x_wconf 87' lang='lat' dir='ltr'><strong>censu</strong></span> <span class='ocrx_word' id='word_1_681' title='bbox 3208 3669 3262 3715; x_wconf 86' lang='lat' dir='ltr'><strong>et</strong></span> <span class='ocrx_word' id='word_1_682' title='bbox 3284 3660 3460 3716; x_wconf 92' lang='lat' dir='ltr'><strong>datio-</strong></span> 
     </span>
    </p>
   </div>
   <div class='ocr_carea' id='block_1_97' title="bbox 1882 3752 3461 3824">
    <p class='ocr_par' dir='ltr' id='par_1_97' title="bbox 1882 3752 3461 3824">
     <span class='ocr_line' id='line_1_97' title="bbox 1882 3752 3461 3824; baseline -0.001 -16"><span class='ocrx_word' id='word_1_683' title='bbox 1882 3755 2044 3810; x_wconf 89' lang='lat' dir='ltr'><strong>nibns</strong></span> <span class='ocrx_word' id='word_1_684' title='bbox 2069 3763 2233 3824; x_wconf 89' lang='lat' dir='ltr'><strong>atque</strong></span> <span class='ocrx_word' id='word_1_685' title='bbox 2282 3753 2677 3818; x_wconf 88' lang='lat' dir='ltr'><strong>functionibus,</strong></span> <span class='ocrx_word' id='word_1_686' title='bbox 2701 3769 2804 3809; x_wconf 89' lang='lat' dir='ltr'><strong>nec</strong></span> <span class='ocrx_word' id='word_1_687' title='bbox 2836 3768 2946 3807; x_wconf 89' lang='lat' dir='ltr'><strong>non</strong></span> <span class='ocrx_word' id='word_1_688' title='bbox 2982 3760 3036 3808; x_wconf 91' lang='lat' dir='ltr'><strong>et</strong></span> <span class='ocrx_word' id='word_1_689' title='bbox 3063 3752 3304 3822; x_wconf 79' lang='lat' dir='ltr'><strong>angariis</strong></span> <span class='ocrx_word' id='word_1_690' title='bbox 3339 3768 3461 3824; x_wconf 90' lang='lat' dir='ltr'><strong>per-</strong></span> 
     </span>
    </p>
   </div>
   <div class='ocr_carea' id='block_1_98' title="bbox 1883 3840 3459 3913">
    <p class='ocr_par' dir='ltr' id='par_1_98' title="bbox 1883 3840 3459 3913">
     <span class='ocr_line' id='line_1_98' title="bbox 1883 3840 3459 3913; baseline -0.001 -14"><span class='ocrx_word' id='word_1_691' title='bbox 1883 3844 2188 3900; x_wconf 88' lang='lat' dir='ltr'><strong>tinentibus</strong></span> <span class='ocrx_word' id='word_1_692' title='bbox 2214 3843 2407 3913; x_wconf 90' lang='lat' dir='ltr'><strong>positis</strong></span> <span class='ocrx_word' id='word_1_693' title='bbox 2437 3843 2493 3896; x_wconf 89' lang='lat' dir='ltr'><strong>in</strong></span> <span class='ocrx_word' id='word_1_694' title='bbox 2525 3842 2801 3897; x_wconf 87' lang='lat' dir='ltr'><strong>territorio</strong></span> <span class='ocrx_word' id='word_1_695' title='bbox 2830 3840 3122 3912; x_wconf 82' lang='lat' dir='ltr'><strong>Nepesino,</strong></span> <span class='ocrx_word' id='word_1_696' title='bbox 3147 3843 3459 3898; x_wconf 85' lang='lat' dir='ltr'><strong>milliarium</strong></span> 
     </span>
    </p>
   </div>
   <div class='ocr_carea' id='block_1_99' title="bbox 1883 3934 3463 4007">
    <p class='ocr_par' dir='ltr' id='par_1_99' title="bbox 1883 3934 3463 4007">
     <span class='ocr_line' id='line_1_99' title="bbox 1883 3934 3463 4007; baseline -0.001 -17"><span class='ocrx_word' id='word_1_697' title='bbox 1883 3936 1952 3990; x_wconf 89' lang='lat' dir='ltr'><strong>ab</strong></span> <span class='ocrx_word' id='word_1_698' title='bbox 1977 3935 2112 3990; x_wconf 89' lang='lat' dir='ltr'><strong>urbe</strong></span> <span class='ocrx_word' id='word_1_699' title='bbox 2143 3935 2330 3990; x_wconf 65' lang='lat' dir='ltr'><strong>Romae</strong></span> <span class='ocrx_word' id='word_1_700' title='bbox 2354 3935 2567 4007; x_wconf 80' lang='lat' dir='ltr'><strong>viginti,</strong></span> <span class='ocrx_word' id='word_1_701' title='bbox 2603 3951 2669 3990; x_wconf 80' lang='lat' dir='ltr'><strong>ex</strong></span> <span class='ocrx_word' id='word_1_702' title='bbox 2703 3951 2929 4005; x_wconf 89' lang='lat' dir='ltr'><strong>corpore</strong></span> <span class='ocrx_word' id='word_1_703' title='bbox 2962 3936 3271 4005; x_wconf 82' lang='lat' dir='ltr'><strong>patrimonii</strong></span> <span class='ocrx_word' id='word_1_704' title='bbox 3314 3934 3463 3990; x_wconf 85' lang='lat' dir='ltr'><strong>Thu-</strong></span> 
     </span>
    </p>
   </div>
   <div class='ocr_carea' id='block_1_100' title="bbox 1885 4026 3462 4100">
    <p class='ocr_par' dir='ltr' id='par_1_100' title="bbox 1885 4026 3462 4100">
     <span class='ocr_line' id='line_1_100' title="bbox 1885 4026 3462 4100; baseline -0.001 -18"><span class='ocrx_word' id='word_1_705' title='bbox 1885 4027 2013 4082; x_wconf 75' lang='lat' dir='ltr'><strong>scize</strong></span> <span class='ocrx_word' id='word_1_706' title='bbox 2031 4027 2176 4098; x_wconf 91' lang='lat' dir='ltr'><strong>juris</strong></span> <span class='ocrx_word' id='word_1_707' title='bbox 2203 4027 2260 4081; x_wconf 92' lang='lat' dir='ltr'><strong>S.</strong></span> <span class='ocrx_word' id='word_1_708' title='bbox 2289 4035 2490 4082; x_wconf 80' lang='lat' dir='ltr'><strong>nostrae</strong></span> <span class='ocrx_word' id='word_1_709' title='bbox 2532 4026 2789 4082; x_wconf 71' lang='lat' dir='ltr'><strong>Romana:</strong></span> <span class='ocrx_word' id='word_1_710' title='bbox 2811 4028 2920 4100; x_wconf 90' lang='lat' dir='ltr'><strong>(cui</strong></span> <span class='ocrx_word' id='word_1_711' title='bbox 2942 4027 3052 4082; x_wconf 85' lang='lat' dir='ltr'><strong>Deo</strong></span> <span class='ocrx_word' id='word_1_712' title='bbox 3081 4036 3303 4083; x_wconf 85' lang='lat' dir='ltr'><strong>auctore</strong></span> <span class='ocrx_word' id='word_1_713' title='bbox 3325 4043 3462 4098; x_wconf 73' lang='lat' dir='ltr'><strong>prm-</strong></span> 
     </span>
    </p>
   </div>
   <div class='ocr_carea' id='block_1_101' title="bbox 1885 4120 3461 4192">
    <p class='ocr_par' dir='ltr' id='par_1_101' title="bbox 1885 4120 3461 4192">
     <span class='ocr_line' id='line_1_101' title="bbox 1885 4120 3461 4192; baseline 0.001 -15"><span class='ocrx_word' id='word_1_714' title='bbox 1885 4123 2146 4192; x_wconf 82' lang='lat' dir='ltr'><strong>sidemus)</strong></span> <span class='ocrx_word' id='word_1_715' title='bbox 2189 4120 2468 4188; x_wconf 76' lang='lat' dir='ltr'><strong>Ecclesiae,</strong></span> <span class='ocrx_word' id='word_1_716' title='bbox 2495 4130 2549 4177; x_wconf 90' lang='lat' dir='ltr'><strong>et</strong></span> <span class='ocrx_word' id='word_1_717' title='bbox 2591 4122 2732 4176; x_wconf 90' lang='lat' dir='ltr'><strong>inter</strong></span> <span class='ocrx_word' id='word_1_718' title='bbox 2767 4121 2974 4189; x_wconf 81' lang='lat' dir='ltr'><strong>affines,</strong></span> <span class='ocrx_word' id='word_1_719' title='bbox 3021 4124 3090 4178; x_wconf 92' lang='lat' dir='ltr'><strong>ab</strong></span> <span class='ocrx_word' id='word_1_720' title='bbox 3121 4140 3235 4179; x_wconf 90' lang='lat' dir='ltr'><strong>uno</strong></span> <span class='ocrx_word' id='word_1_721' title='bbox 3273 4126 3461 4190; x_wconf 72' lang='lat' dir='ltr'><strong>latere,</strong></span> 
     </span>
    </p>
   </div>
   <div class='ocr_carea' id='block_1_102' title="bbox 1886 4212 3462 4284">
    <p class='ocr_par' dir='ltr' id='par_1_102' title="bbox 1886 4212 3462 4284">
     <span class='ocr_line' id='line_1_102' title="bbox 1886 4212 3462 4284; baseline 0.003 -17"><span class='ocrx_word' id='word_1_722' title='bbox 1886 4223 2028 4268; x_wconf 85' lang='lat' dir='ltr'><strong>terra</strong></span> <span class='ocrx_word' id='word_1_723' title='bbox 2052 4214 2367 4269; x_wconf 85' lang='lat' dir='ltr'><strong>monasterii</strong></span> <span class='ocrx_word' id='word_1_724' title='bbox 2399 4212 2456 4269; x_wconf 92' lang='lat' dir='ltr'><strong>S.</strong></span> <span class='ocrx_word' id='word_1_725' title='bbox 2490 4213 2751 4284; x_wconf 89' lang='lat' dir='ltr'><strong>Stephani</strong></span> <span class='ocrx_word' id='word_1_726' title='bbox 2776 4213 3000 4270; x_wconf 82' lang='lat' dir='ltr'><strong>Minoris</strong></span> <span class='ocrx_word' id='word_1_727' title='bbox 3022 4232 3050 4269; x_wconf 89' lang='lat' dir='ltr'><strong>a</strong></span> <span class='ocrx_word' id='word_1_728' title='bbox 3076 4214 3133 4270; x_wconf 90' lang='lat' dir='ltr'><strong>S.</strong></span> <span class='ocrx_word' id='word_1_729' title='bbox 3165 4215 3347 4282; x_wconf 85' lang='lat' dir='ltr'><strong>Petro,</strong></span> <span class='ocrx_word' id='word_1_730' title='bbox 3387 4229 3462 4283; x_wconf 78' lang='lat' dir='ltr'><strong>et,</strong></span> 
     </span>
    </p>
   </div>
   <div class='ocr_carea' id='block_1_103' title="bbox 1885 4305 3466 4376">
    <p class='ocr_par' dir='ltr' id='par_1_103' title="bbox 1885 4305 3466 4376">
     <span class='ocr_line' id='line_1_103' title="bbox 1885 4305 3466 4376; baseline 0.001 -14"><span class='ocrx_word' id='word_1_731' title='bbox 1885 4306 2126 4362; x_wconf 88' lang='lat' dir='ltr'><strong>secundo</strong></span> <span class='ocrx_word' id='word_1_732' title='bbox 2164 4307 2329 4362; x_wconf 88' lang='lat' dir='ltr'><strong>latere</strong></span> <span class='ocrx_word' id='word_1_733' title='bbox 2353 4347 2368 4373; x_wconf 92' lang='lat'><strong>,</strong></span> <span class='ocrx_word' id='word_1_734' title='bbox 2407 4305 2543 4361; x_wconf 86' lang='lat' dir='ltr'><strong>silva</strong></span> <span class='ocrx_word' id='word_1_735' title='bbox 2575 4314 2630 4361; x_wconf 86' lang='lat' dir='ltr'><strong>et</strong></span> <span class='ocrx_word' id='word_1_736' title='bbox 2669 4314 2812 4361; x_wconf 88' lang='lat' dir='ltr'><strong>terra</strong></span> <span class='ocrx_word' id='word_1_737' title='bbox 2847 4323 2969 4376; x_wconf 77' lang='lat' dir='ltr'><strong>qua:</strong></span> <span class='ocrx_word' id='word_1_738' title='bbox 2994 4315 3122 4362; x_wconf 88' lang='lat' dir='ltr'><strong>sunt</strong></span> <span class='ocrx_word' id='word_1_739' title='bbox 3155 4308 3222 4362; x_wconf 92' lang='lat' dir='ltr'><strong>de</strong></span> <span class='ocrx_word' id='word_1_740' title='bbox 3257 4307 3466 4363; x_wconf 86' lang='lat' dir='ltr'><strong>Joanne</strong></span> 
     </span>
    </p>
   </div>
   <div class='ocr_carea' id='block_1_104' title="bbox 1885 4399 3468 4470">
    <p class='ocr_par' dir='ltr' id='par_1_104' title="bbox 1885 4399 3468 4470">
     <span class='ocr_line' id='line_1_104' title="bbox 1885 4399 3468 4470; baseline 0.001 -18"><span class='ocrx_word' id='word_1_741' title='bbox 1885 4400 2262 4470; x_wconf 86' lang='lat' dir='ltr'><strong>grammatico,</strong></span> <span class='ocrx_word' id='word_1_742' title='bbox 2285 4408 2341 4454; x_wconf 92' lang='lat' dir='ltr'><strong>et</strong></span> <span class='ocrx_word' id='word_1_743' title='bbox 2361 4415 2392 4454; x_wconf 90' lang='lat' dir='ltr'><strong>a</strong></span> <span class='ocrx_word' id='word_1_744' title='bbox 2422 4399 2584 4454; x_wconf 91' lang='lat' dir='ltr'><strong>tertio</strong></span> <span class='ocrx_word' id='word_1_745' title='bbox 2621 4400 2808 4466; x_wconf 90' lang='lat' dir='ltr'><strong>latere,</strong></span> <span class='ocrx_word' id='word_1_746' title='bbox 2842 4401 3125 4470; x_wconf 91' lang='lat' dir='ltr'><strong>pastoritia</strong></span> <span class='ocrx_word' id='word_1_747' title='bbox 3156 4399 3380 4468; x_wconf 88' lang='lat' dir='ltr'><strong>Donica,</strong></span> <span class='ocrx_word' id='word_1_748' title='bbox 3412 4411 3468 4455; x_wconf 90' lang='lat' dir='ltr'><strong>et</strong></span> 
     </span>
    </p>
   </div>
   <div class='ocr_carea' id='block_1_105' title="bbox 1887 4491 3466 4563">
    <p class='ocr_par' dir='ltr' id='par_1_105' title="bbox 1887 4491 3466 4563">
     <span class='ocr_line' id='line_1_105' title="bbox 1887 4491 3466 4563; baseline 0.001 -18"><span class='ocrx_word' id='word_1_749' title='bbox 1887 4507 1917 4545; x_wconf 91' lang='lat' dir='ltr'><strong>a</strong></span> <span class='ocrx_word' id='word_1_750' title='bbox 1949 4500 2145 4562; x_wconf 88' lang='lat' dir='ltr'><strong>quarto</strong></span> <span class='ocrx_word' id='word_1_751' title='bbox 2186 4492 2378 4559; x_wconf 85' lang='lat' dir='ltr'><strong>latere,</strong></span> <span class='ocrx_word' id='word_1_752' title='bbox 2413 4508 2596 4547; x_wconf 89' lang='lat' dir='ltr'><strong>massa</strong></span> <span class='ocrx_word' id='word_1_753' title='bbox 2627 4491 2947 4546; x_wconf 89' lang='lat' dir='ltr'><strong>Claudiana.</strong></span> <span class='ocrx_word' id='word_1_754' title='bbox 2995 4491 3237 4563; x_wconf 89' lang='lat' dir='ltr'><strong>Itemque</strong></span> <span class='ocrx_word' id='word_1_755' title='bbox 3266 4507 3466 4547; x_wconf 80' lang='lat' dir='ltr'><strong>eanec--</strong></span> 
     </span>
    </p>
   </div>
   <div class='ocr_carea' id='block_1_106' title="bbox 1818 4569 3462 4652">
    <p class='ocr_par' dir='ltr' id='par_1_106' title="bbox 1818 4569 3462 4652">
     <span class='ocr_line' id='line_1_106' title="bbox 1818 4569 3462 4652; baseline -0.001 -15"><span class='ocrx_word' id='word_1_756' title='bbox 1818 4569 1862 4624; x_wconf 83' lang='grc' dir='ltr'><strong>Ῑ)</strong></span> <span class='ocrx_word' id='word_1_757' title='bbox 1891 4582 2074 4637; x_wconf 90' lang='lat' dir='ltr'><strong>dimus</strong></span> <span class='ocrx_word' id='word_1_758' title='bbox 2108 4591 2162 4636; x_wconf 91' lang='lat' dir='ltr'><strong>et</strong></span> <span class='ocrx_word' id='word_1_759' title='bbox 2203 4584 2594 4636; x_wconf 79' lang='lat' dir='ltr'><strong>confirmamus</strong></span> <span class='ocrx_word' id='word_1_760' title='bbox 2623 4583 2778 4637; x_wconf 88' lang='lat' dir='ltr'><strong>vobis</strong></span> <span class='ocrx_word' id='word_1_761' title='bbox 2808 4581 3038 4636; x_wconf 84' lang='lat' dir='ltr'><strong>fundum</strong></span> <span class='ocrx_word' id='word_1_762' title='bbox 3087 4583 3140 4637; x_wconf 86' lang='lat' dir='ltr'><strong>in</strong></span> <span class='ocrx_word' id='word_1_763' title='bbox 3172 4583 3462 4652; x_wconf 86' lang='lat' dir='ltr'><strong>integrum,</strong></span> 
     </span>
    </p>
   </div>
   <div class='ocr_carea' id='block_1_107' title="bbox 1891 4669 3468 4742">
    <p class='ocr_par' dir='ltr' id='par_1_107' title="bbox 1891 4669 3468 4742">
     <span class='ocr_line' id='line_1_107' title="bbox 1891 4669 3468 4742; baseline 0.003 -16"><span class='ocrx_word' id='word_1_764' title='bbox 1891 4676 1986 4741; x_wconf 89' lang='lat' dir='ltr'><strong>qui</strong></span> <span class='ocrx_word' id='word_1_765' title='bbox 2013 4681 2240 4727; x_wconf 89' lang='lat' dir='ltr'><strong>vocatur</strong></span> <span class='ocrx_word' id='word_1_766' title='bbox 2284 4674 2488 4737; x_wconf 81' lang='lat' dir='ltr'><strong>Buxus,</strong></span> <span class='ocrx_word' id='word_1_767' title='bbox 2530 4674 2584 4726; x_wconf 90' lang='lat' dir='ltr'><strong>in</strong></span> <span class='ocrx_word' id='word_1_768' title='bbox 2609 4688 2721 4742; x_wconf 90' lang='lat' dir='ltr'><strong>quo</strong></span> <span class='ocrx_word' id='word_1_769' title='bbox 2769 4673 2993 4728; x_wconf 91' lang='lat' dir='ltr'><strong>basilica</strong></span> <span class='ocrx_word' id='word_1_770' title='bbox 3033 4669 3133 4729; x_wconf 87' lang='lat' dir='ltr'><strong>SS.</strong></span> <span class='ocrx_word' id='word_1_771' title='bbox 3174 4674 3384 4730; x_wconf 64' lang='lat' dir='ltr'><strong>Rufina:</strong></span> <span class='ocrx_word' id='word_1_772' title='bbox 3413 4686 3468 4731; x_wconf 89' lang='lat' dir='ltr'><strong>et</strong></span> 
     </span>
    </p>
   </div>
   <div class='ocr_carea' id='block_1_108' title="bbox 1895 4763 3468 4833">
    <p class='ocr_par' dir='ltr' id='par_1_108' title="bbox 1895 4763 3468 4833">
     <span class='ocr_line' id='line_1_108' title="bbox 1895 4763 3468 4833; baseline 0.002 -14"><span class='ocrx_word' id='word_1_773' title='bbox 1895 4763 2158 4819; x_wconf 74' lang='lat' dir='ltr'><strong>Secundzn</strong></span> <span class='ocrx_word' id='word_1_774' title='bbox 2179 4773 2491 4819; x_wconf 87' lang='lat' dir='ltr'><strong>constructa</strong></span> <span class='ocrx_word' id='word_1_775' title='bbox 2519 4781 2639 4819; x_wconf 88' lang='lat' dir='ltr'><strong>esse</strong></span> <span class='ocrx_word' id='word_1_776' title='bbox 2674 4764 2912 4833; x_wconf 87' lang='lat' dir='ltr'><strong>videtur,</strong></span> <span class='ocrx_word' id='word_1_777' title='bbox 2947 4772 3003 4820; x_wconf 87' lang='lat' dir='ltr'><strong>et</strong></span> <span class='ocrx_word' id='word_1_778' title='bbox 3027 4765 3258 4822; x_wconf 86' lang='lat' dir='ltr'><strong>fundum</strong></span> <span class='ocrx_word' id='word_1_779' title='bbox 3292 4768 3348 4822; x_wconf 89' lang='lat' dir='ltr'><strong>in</strong></span> <span class='ocrx_word' id='word_1_780' title='bbox 3384 4768 3468 4822; x_wconf 79' lang='lat' dir='ltr'><strong>in-</strong></span> 
     </span>
    </p>
   </div>
   <div class='ocr_carea' id='block_1_109' title="bbox 1891 4857 3465 4927">
    <p class='ocr_par' dir='ltr' id='par_1_109' title="bbox 1891 4857 3465 4927">
     <span class='ocr_line' id='line_1_109' title="bbox 1891 4857 3465 4927; baseline 0.001 -15"><span class='ocrx_word' id='word_1_781' title='bbox 1891 4867 2125 4927; x_wconf 85' lang='lat' dir='ltr'><strong>tegrum,</strong></span> <span class='ocrx_word' id='word_1_782' title='bbox 2157 4857 2252 4927; x_wconf 90' lang='lat' dir='ltr'><strong>qui</strong></span> <span class='ocrx_word' id='word_1_783' title='bbox 2282 4866 2509 4912; x_wconf 85' lang='lat' dir='ltr'><strong>vocatur</strong></span> <span class='ocrx_word' id='word_1_784' title='bbox 2533 4859 2850 4925; x_wconf 85' lang='lat' dir='ltr'><strong>Artronum,</strong></span> <span class='ocrx_word' id='word_1_785' title='bbox 2874 4868 2930 4914; x_wconf 88' lang='lat' dir='ltr'><strong>et</strong></span> <span class='ocrx_word' id='word_1_786' title='bbox 2957 4869 3197 4914; x_wconf 87' lang='lat' dir='ltr'><strong>montem</strong></span> <span class='ocrx_word' id='word_1_787' title='bbox 3218 4858 3465 4926; x_wconf 85' lang='lat' dir='ltr'><strong>Jordani,</strong></span> 
     </span>
    </p>
   </div>
   <div class='ocr_carea' id='block_1_110' title="bbox 1890 4951 3468 5022">
    <p class='ocr_par' dir='ltr' id='par_1_110' title="bbox 1890 4951 3468 5022">
     <span class='ocr_line' id='line_1_110' title="bbox 1890 4951 3468 5022; baseline 0.002 -16"><span class='ocrx_word' id='word_1_788' title='bbox 1890 4967 2016 5006; x_wconf 90' lang='lat' dir='ltr'><strong>cum</strong></span> <span class='ocrx_word' id='word_1_789' title='bbox 2042 4951 2206 5018; x_wconf 91' lang='lat' dir='ltr'><strong>casis,</strong></span> <span class='ocrx_word' id='word_1_790' title='bbox 2252 4951 2424 5008; x_wconf 90' lang='lat' dir='ltr'><strong>vineis</strong></span> <span class='ocrx_word' id='word_1_791' title='bbox 2467 4961 2520 5008; x_wconf 91' lang='lat' dir='ltr'><strong>et</strong></span> <span class='ocrx_word' id='word_1_792' title='bbox 2569 4954 2770 5021; x_wconf 90' lang='lat' dir='ltr'><strong>terris,</strong></span> <span class='ocrx_word' id='word_1_793' title='bbox 2812 4955 3002 5022; x_wconf 88' lang='lat' dir='ltr'><strong>silvis,</strong></span> <span class='ocrx_word' id='word_1_794' title='bbox 3044 4956 3247 5012; x_wconf 89' lang='lat' dir='ltr'><strong>cultum</strong></span> <span class='ocrx_word' id='word_1_795' title='bbox 3293 4963 3349 5012; x_wconf 89' lang='lat' dir='ltr'><strong>et</strong></span> <span class='ocrx_word' id='word_1_796' title='bbox 3386 4956 3468 5010; x_wconf 85' lang='lat' dir='ltr'><strong>in-</strong></span> 
     </span>
    </p>
   </div>
   <div class='ocr_carea' id='block_1_111' title="bbox 1893 5043 3469 5118">
    <p class='ocr_par' dir='ltr' id='par_1_111' title="bbox 1893 5043 3469 5118">
     <span class='ocr_line' id='line_1_111' title="bbox 1893 5043 3469 5118; baseline 0.004 -20"><span class='ocrx_word' id='word_1_797' title='bbox 1893 5043 2121 5109; x_wconf 90' lang='lat' dir='ltr'><strong>cultum,</strong></span> <span class='ocrx_word' id='word_1_798' title='bbox 2169 5059 2276 5098; x_wconf 90' lang='lat' dir='ltr'><strong>una</strong></span> <span class='ocrx_word' id='word_1_799' title='bbox 2321 5059 2446 5098; x_wconf 88' lang='lat' dir='ltr'><strong>cum</strong></span> <span class='ocrx_word' id='word_1_800' title='bbox 2496 5046 2671 5100; x_wconf 89' lang='lat' dir='ltr'><strong>servis</strong></span> <span class='ocrx_word' id='word_1_801' title='bbox 2701 5055 2755 5100; x_wconf 92' lang='lat' dir='ltr'><strong>et</strong></span> <span class='ocrx_word' id='word_1_802' title='bbox 2791 5047 3025 5114; x_wconf 90' lang='lat' dir='ltr'><strong>ancillis,</strong></span> <span class='ocrx_word' id='word_1_803' title='bbox 3057 5057 3220 5118; x_wconf 91' lang='lat' dir='ltr'><strong>atque</strong></span> <span class='ocrx_word' id='word_1_804' title='bbox 3259 5048 3469 5104; x_wconf 88' lang='lat' dir='ltr'><strong>colonis</strong></span> 
     </span>
    </p>
   </div>
   <div class='ocr_carea' id='block_1_112' title="bbox 1895 5134 3467 5208">
    <p class='ocr_par' dir='ltr' id='par_1_112' title="bbox 1895 5134 3467 5208">
     <span class='ocr_line' id='line_1_112' title="bbox 1895 5134 3467 5208; baseline 0.006 -22"><span class='ocrx_word' id='word_1_805' title='bbox 1895 5134 2095 5189; x_wconf 89' lang='lat' dir='ltr'><strong>ibidem</strong></span> <span class='ocrx_word' id='word_1_806' title='bbox 2142 5135 2507 5190; x_wconf 86' lang='lat' dir='ltr'><strong>residentibus</strong></span> <span class='ocrx_word' id='word_1_807' title='bbox 2542 5138 2830 5208; x_wconf 89' lang='lat' dir='ltr'><strong>utriusque</strong></span> <span class='ocrx_word' id='word_1_808' title='bbox 2863 5155 3028 5194; x_wconf 85' lang='lat' dir='ltr'><strong>sexus</strong></span> <span class='ocrx_word' id='word_1_809' title='bbox 3053 5148 3109 5194; x_wconf 89' lang='lat' dir='ltr'><strong>et</strong></span> <span class='ocrx_word' id='word_1_810' title='bbox 3141 5140 3337 5207; x_wconf 66' lang='lat' dir='ltr'><strong>astatis,</strong></span> <span class='ocrx_word' id='word_1_811' title='bbox 3385 5141 3467 5195; x_wconf 84' lang='lat' dir='ltr'><strong>vel</strong></span> 
     </span>
    </p>
   </div>
   <div class='ocr_carea' id='block_1_113' title="bbox 1893 5227 3472 5298">
    <p class='ocr_par' dir='ltr' id='par_1_113' title="bbox 1893 5227 3472 5298">
     <span class='ocr_line' id='line_1_113' title="bbox 1893 5227 3472 5298; baseline 0.004 -18"><span class='ocrx_word' id='word_1_812' title='bbox 1893 5240 2020 5280; x_wconf 89' lang='lat' dir='ltr'><strong>cum</strong></span> <span class='ocrx_word' id='word_1_813' title='bbox 2063 5227 2318 5280; x_wconf 89' lang='lat' dir='ltr'><strong>omnibus</strong></span> <span class='ocrx_word' id='word_1_814' title='bbox 2347 5243 2538 5282; x_wconf 90' lang='lat' dir='ltr'><strong>eorum</strong></span> <span class='ocrx_word' id='word_1_815' title='bbox 2583 5229 3000 5298; x_wconf 88' lang='lat' dir='ltr'><strong>pertinentibus,</strong></span> <span class='ocrx_word' id='word_1_816' title='bbox 3028 5231 3158 5298; x_wconf 88' lang='lat' dir='ltr'><strong>situ,</strong></span> <span class='ocrx_word' id='word_1_817' title='bbox 3198 5232 3472 5288; x_wconf 86' lang='lat' dir='ltr'><strong>territorio</strong></span> 
     </span>
    </p>
   </div>
   <div class='ocr_carea' id='block_1_114' title="bbox 1898 5318 3470 5393">
    <p class='ocr_par' dir='ltr' id='par_1_114' title="bbox 1898 5318 3470 5393">
     <span class='ocr_line' id='line_1_114' title="bbox 1898 5318 3470 5393; baseline 0.003 -19"><span class='ocrx_word' id='word_1_818' title='bbox 1898 5318 2058 5375; x_wconf 69' lang='lat' dir='ltr'><strong>Silva:</strong></span> <span class='ocrx_word' id='word_1_819' title='bbox 2076 5319 2351 5386; x_wconf 59' lang='lat' dir='ltr'><strong>Candida),</strong></span> <span class='ocrx_word' id='word_1_820' title='bbox 2378 5329 2432 5376; x_wconf 90' lang='lat' dir='ltr'><strong>et</strong></span> <span class='ocrx_word' id='word_1_821' title='bbox 2452 5321 2593 5376; x_wconf 89' lang='lat' dir='ltr'><strong>inter</strong></span> <span class='ocrx_word' id='word_1_822' title='bbox 2612 5321 2818 5388; x_wconf 75' lang='lat' dir='ltr'><strong>affines,</strong></span> <span class='ocrx_word' id='word_1_823' title='bbox 2842 5338 2872 5377; x_wconf 88' lang='lat' dir='ltr'><strong>a</strong></span> <span class='ocrx_word' id='word_1_824' title='bbox 2905 5323 3083 5393; x_wconf 89' lang='lat' dir='ltr'><strong>primo</strong></span> <span class='ocrx_word' id='word_1_825' title='bbox 3112 5324 3299 5390; x_wconf 86' lang='lat' dir='ltr'><strong>latere,</strong></span> <span class='ocrx_word' id='word_1_826' title='bbox 3328 5334 3470 5380; x_wconf 86' lang='lat' dir='ltr'><strong>terra</strong></span> 
     </span>
    </p>
   </div>
   <div class='ocr_carea' id='block_1_115' title="bbox 1896 5415 3473 5490">
    <p class='ocr_par' dir='ltr' id='par_1_115' title="bbox 1896 5415 3473 5490">
     <span class='ocr_line' id='line_1_115' title="bbox 1896 5415 3473 5490; baseline 0.002 -19"><span class='ocrx_word' id='word_1_827' title='bbox 1896 5415 2204 5485; x_wconf 89' lang='lat' dir='ltr'><strong>supradicta</strong></span> <span class='ocrx_word' id='word_1_828' title='bbox 2229 5415 2286 5469; x_wconf 92' lang='lat' dir='ltr'><strong>S.</strong></span> <span class='ocrx_word' id='word_1_829' title='bbox 2317 5417 2600 5486; x_wconf 90' lang='lat' dir='ltr'><strong>episcopii,</strong></span> <span class='ocrx_word' id='word_1_830' title='bbox 2623 5433 2654 5470; x_wconf 92' lang='lat' dir='ltr'><strong>a</strong></span> <span class='ocrx_word' id='word_1_831' title='bbox 2678 5417 2920 5472; x_wconf 78' lang='lat' dir='ltr'><strong>seCundo</strong></span> <span class='ocrx_word' id='word_1_832' title='bbox 2960 5419 3148 5485; x_wconf 87' lang='lat' dir='ltr'><strong>latere,</strong></span> <span class='ocrx_word' id='word_1_833' title='bbox 3183 5421 3353 5485; x_wconf 88' lang='lat' dir='ltr'><strong>rivus,</strong></span> <span class='ocrx_word' id='word_1_834' title='bbox 3380 5421 3473 5490; x_wconf 75' lang='lat' dir='ltr'><strong>qui</strong></span> 
     </span>
    </p>
   </div>
   <div class='ocr_carea' id='block_1_116' title="bbox 1895 5506 3474 5582">
    <p class='ocr_par' dir='ltr' id='par_1_116' title="bbox 1895 5506 3474 5582">
     <span class='ocr_line' id='line_1_116' title="bbox 1895 5506 3474 5582; baseline 0.004 -22"><span class='ocrx_word' id='word_1_835' title='bbox 1895 5515 2120 5560; x_wconf 86' lang='lat' dir='ltr'><strong>vocatur</strong></span> <span class='ocrx_word' id='word_1_836' title='bbox 2152 5506 2384 5573; x_wconf 83' lang='lat' dir='ltr'><strong>Galeria,</strong></span> <span class='ocrx_word' id='word_1_837' title='bbox 2417 5524 2447 5561; x_wconf 91' lang='lat' dir='ltr'><strong>a</strong></span> <span class='ocrx_word' id='word_1_838' title='bbox 2495 5509 2655 5563; x_wconf 88' lang='lat' dir='ltr'><strong>tertio</strong></span> <span class='ocrx_word' id='word_1_839' title='bbox 2705 5509 2891 5575; x_wconf 88' lang='lat' dir='ltr'><strong>latere,</strong></span> <span class='ocrx_word' id='word_1_840' title='bbox 2934 5507 3152 5578; x_wconf 89' lang='lat' dir='ltr'><strong>Bibaro,</strong></span> <span class='ocrx_word' id='word_1_841' title='bbox 3202 5527 3236 5567; x_wconf 71' lang='grc' dir='ltr'><strong>ιι</strong></span> <span class='ocrx_word' id='word_1_842' title='bbox 3275 5521 3474 5582; x_wconf 84' lang='lat' dir='ltr'><strong>quarto</strong></span> 
     </span>
    </p>
   </div>
   <div class='ocr_carea' id='block_1_117' title="bbox 1897 5597 3474 5676">
    <p class='ocr_par' dir='ltr' id='par_1_117' title="bbox 1897 5597 3474 5676">
     <span class='ocr_line' id='line_1_117' title="bbox 1897 5597 3474 5676; baseline 0.006 -27"><span class='ocrx_word' id='word_1_843' title='bbox 1897 5599 2080 5664; x_wconf 88' lang='lat' dir='ltr'><strong>latere,</strong></span> <span class='ocrx_word' id='word_1_844' title='bbox 2105 5597 2392 5668; x_wconf 73' lang='lat' dir='ltr'><strong>Criptulze;</strong></span> <span class='ocrx_word' id='word_1_845' title='bbox 2427 5615 2526 5654; x_wconf 89' lang='lat' dir='ltr'><strong>nec</strong></span> <span class='ocrx_word' id='word_1_846' title='bbox 2552 5617 2661 5655; x_wconf 88' lang='lat' dir='ltr'><strong>non</strong></span> <span class='ocrx_word' id='word_1_847' title='bbox 2702 5601 2931 5656; x_wconf 90' lang='lat' dir='ltr'><strong>fundum</strong></span> <span class='ocrx_word' id='word_1_848' title='bbox 2973 5603 3027 5657; x_wconf 89' lang='lat' dir='ltr'><strong>in</strong></span> <span class='ocrx_word' id='word_1_849' title='bbox 3051 5604 3340 5676; x_wconf 76' lang='lat' dir='ltr'><strong>integrum,</strong></span> <span class='ocrx_word' id='word_1_850' title='bbox 3379 5604 3474 5674; x_wconf 75' lang='grc' dir='ltr'><strong>(ῃί</strong></span> 
     </span>
    </p>
   </div>
   <div class='ocr_carea' id='block_1_118' title="bbox 1897 5688 3472 5765">
    <p class='ocr_par' dir='ltr' id='par_1_118' title="bbox 1897 5688 3472 5765">
     <span class='ocr_line' id='line_1_118' title="bbox 1897 5688 3472 5765; baseline 0.004 -23"><span class='ocrx_word' id='word_1_851' title='bbox 1897 5689 2094 5744; x_wconf 91' lang='lat' dir='ltr'><strong>dicitur</strong></span> <span class='ocrx_word' id='word_1_852' title='bbox 2111 5688 2266 5745; x_wconf 81' lang='lat' dir='ltr'><strong>Mons</strong></span> <span class='ocrx_word' id='word_1_853' title='bbox 2296 5691 2528 5756; x_wconf 82' lang='lat' dir='ltr'><strong>Aureus,</strong></span> <span class='ocrx_word' id='word_1_854' title='bbox 2554 5708 2679 5747; x_wconf 89' lang='lat' dir='ltr'><strong>cum</strong></span> <span class='ocrx_word' id='word_1_855' title='bbox 2693 5693 2950 5749; x_wconf 90' lang='lat' dir='ltr'><strong>omnibus</strong></span> <span class='ocrx_word' id='word_1_856' title='bbox 2973 5694 3090 5750; x_wconf 90' lang='lat' dir='ltr'><strong>suis</strong></span> <span class='ocrx_word' id='word_1_857' title='bbox 3112 5696 3472 5765; x_wconf 72' lang='lat' dir='ltr'><strong>pertinentiis,</strong></span> 
     </span>
    </p>
   </div>
   <div class='ocr_carea' id='block_1_119' title="bbox 1899 5781 3475 5855">
    <p class='ocr_par' dir='ltr' id='par_1_119' title="bbox 1899 5781 3475 5855">
     <span class='ocr_line' id='line_1_119' title="bbox 1899 5781 3475 5855; baseline 0.004 -21"><span class='ocrx_word' id='word_1_858' title='bbox 1899 5781 1966 5834; x_wconf 88' lang='lat' dir='ltr'><strong>ab</strong></span> <span class='ocrx_word' id='word_1_859' title='bbox 1989 5797 2100 5835; x_wconf 91' lang='lat' dir='ltr'><strong>uno</strong></span> <span class='ocrx_word' id='word_1_860' title='bbox 2121 5782 2285 5837; x_wconf 90' lang='lat' dir='ltr'><strong>latere</strong></span> <span class='ocrx_word' id='word_1_861' title='bbox 2321 5798 2478 5838; x_wconf 89' lang='lat' dir='ltr'><strong>mons</strong></span> <span class='ocrx_word' id='word_1_862' title='bbox 2501 5785 2592 5855; x_wconf 87' lang='lat' dir='ltr'><strong>qui</strong></span> <span class='ocrx_word' id='word_1_863' title='bbox 2617 5795 2843 5841; x_wconf 76' lang='lat' dir='ltr'><strong>vocatur</strong></span> <span class='ocrx_word' id='word_1_864' title='bbox 2863 5786 3149 5854; x_wconf 83' lang='lat' dir='ltr'><strong>Jordanus,</strong></span> <span class='ocrx_word' id='word_1_865' title='bbox 3171 5804 3200 5842; x_wconf 91' lang='lat' dir='ltr'><strong>a</strong></span> <span class='ocrx_word' id='word_1_866' title='bbox 3234 5789 3475 5848; x_wconf 44' lang='lat' dir='ltr'><strong>secundo</strong></span> 
     </span>
    </p>
   </div>
   <div class='ocr_carea' id='block_1_120' title="bbox 1899 5869 3464 5948">
    <p class='ocr_par' dir='ltr' id='par_1_120' title="bbox 1899 5869 3464 5948">
     <span class='ocr_line' id='line_1_120' title="bbox 1899 5869 3464 5948; baseline 0.003 -22"><span class='ocrx_word' id='word_1_867' title='bbox 1899 5869 2088 5936; x_wconf 77' lang='lat' dir='ltr'><strong>latere,</strong></span> <span class='ocrx_word' id='word_1_868' title='bbox 2111 5870 2396 5941; x_wconf 71' lang='lat' dir='ltr'><strong>Criptulze,</strong></span> <span class='ocrx_word' id='word_1_869' title='bbox 2428 5890 2455 5926; x_wconf 90' lang='lat' dir='ltr'><strong>a</strong></span> <span class='ocrx_word' id='word_1_870' title='bbox 2482 5875 2638 5928; x_wconf 77' lang='lat' dir='ltr'><strong>tertio</strong></span> <span class='ocrx_word' id='word_1_871' title='bbox 2662 5877 2827 5929; x_wconf 78' lang='lat' dir='ltr'><strong>latere</strong></span> <span class='ocrx_word' id='word_1_872' title='bbox 2870 5879 3049 5931; x_wconf 71' lang='lat' dir='ltr'><strong>casa-Ic</strong></span> <span class='ocrx_word' id='word_1_873' title='bbox 3071 5876 3215 5948; x_wconf 75' lang='lat' dir='ltr'><strong>quod</strong></span> <span class='ocrx_word' id='word_1_874' title='bbox 3247 5888 3464 5932; x_wconf 65' lang='lat' dir='ltr'><strong>vocatu.</strong></span> 
     </span>
    </p>
   </div>
  </div>
