4056 5360
1518 91 1559 137 ,ἦ
1572 146 1615 186 \

1634 202 1660 222 κς

569 254 702 311 tm

1852 250 2138 309 JOANNIS
2172 249 2293 305 xm
2330 247 2534 305 PAPIE

3719 253 3856 309 {iis

563 364 819 435 Pauinra,
850 384 879 423 a
908 375 1105 439 quarto
1146 368 1333 437 latere,
1368 365 1590 433 fundus,
1619 364 1712 437 qui
1763 363 1969 419 dicitur
1999 361 2152 417 Lau-
2184 369 2228 424 Α
2258 359 2374 416 sive
2401 360 2567 414 alium
2593 357 2929 428 aquimolum
2954 360 3148 431 inipso
3168 362 3288 418 rivo
3312 377 3437 418 eum
3459 361 3726 417 omnibus
3746 364 3855 421 sibi

564 472 665 527 net,
687 469 742 517 et
766 477 797 516 a
813 461 1004 532 quinto
1026 460 1215 527 latere,
1248 467 1392 535 terra
1417 467 1473 513 et
1515 456 1911 512 monasterium
1932 453 1987 509 8.
2015 452 2156 508 Mar-

566 554 687 619 tini,
715 568 811 609 seu
842 552 1072 608 fundum
1095 551 1194 622 qui
1236 550 1542 621 appellatur
1568 547 1726 603 Mons
1749 546 1998 602 Grundul
2026 561 2153 600 cum

563 644 821 700 omnibus
843 642 911 698 ad
935 657 1061 698 eum
1088 640 1493 713 pertinentibus
1516 658 1530 707 ;
1560 639 1702 693 inter
1723 636 1931 703 aliines,
1954 637 2023 691 ab
2043 649 2156 692 uno

563 735 752 801 latere,
815 734 1020 790 fundus
1068 732 1314 804 Aquilin.
1360 748 1392 787 a
1441 730 1684 787 secundo
1716 729 1907 795 latere,
1950 727 2156 785 fundus

562 824 759 894 Palati,
809 843 840 881 a
890 827 1050 882 tertio
1087 826 1274 892 latere,
1327 822 1532 879 fundus
1562 823 1762 879 Montis
1799 822 1986 890 Aurei,
2027 831 2082 877 et
2121 839 2154 879 a

563 926 761 989 quarto
795 917 982 981 latere,
1029 914 1230 969 fundus
1265 912 1545 984 Criptulae,
1582 923 1636 969 et
1665 912 1949 968 Bibariolaa
1992 920 2155 982 atque

564 1008 797 1064 fundum
849 1007 941 1078 qui
971 1006 1173 1061 dicitur
1211 1004 1399 1075 Oripo,
1427 998 1553 1060 cum
1600 1004 1858 1058 omnibus
1905 1003 1973 1058 ad
2023 1018 2151 1058 eum

565 1094 979 1165 pertinentibus,
1008 1091 1151 1146 inter
1182 1091 1390 1157 allines,
1419 1092 1489 1146 ab
1518 1107 1630 1146 uno
1655 1091 1845 1157 latere,
1870 1090 2013 1146 bona
2041 1106 2157 1146 mo—

559 1185 791 1242 nasterii
813 1184 871 1239 S.
897 1183 1135 1250 Martini,
1162 1192 1217 1238 et
1241 1200 1271 1237 a
1297 1183 1539 1239 secundo
1572 1183 1761 1249 latere,
1802 1183 2005 1237 fundus
2053 1183 2153 1253 qui

556 1286 791 1335 ‘vocatur
809 1277 991 1331 Insula
1017 1275 1237 1343 Sancta,
1262 1285 1316 1331 ct
1336 1292 1368 1329 a
1394 1276 1552 1330 tertio
1573 1274 1945 1339 latere,curtis
1973 1272 2029 1328 8.
2059 1273 2156 1329 Pe-

567 1371 656 1437 tri,
687 1379 741 1426 et
768 1369 971 1425 fundus
1004 1368 1207 1423 Montis
1241 1367 1529 1435 Grunduli,
1574 1377 1629 1423 et
1667 1385 1695 1422 a
1727 1375 1927 1437 quarto
1962 1367 2150 1434 latere,

556 1466 743 1521 insula
766 1465 833 1520 de
854 1473 1009 1520 curtc
1045 1462 1104 1519 8.
1130 1462 1297 1517 Petri.
1884 1446 1891 1459 ’

634 1557 835 1613 Verum
888 1558 1053 1615 etiam
1099 1555 1302 1611 fundus
1342 1553 1437 1624 qui
1482 1564 1708 1609 vocatur
1746 1553 2048 1623 Criptulus,
2099 1560 2154 1608 et

561 1652 787 1718 Palmis,
834 1667 958 1706 cum
1008 1649 1267 1704 omnibus
1305 1663 1498 1701 eorum
1530 1646 1892 1717 pertinentiis,
1932 1645 2001 1701 ab
2040 1662 2153 1701 uno

2255 449 2672 519 pertinentibus,
2699 450 2842 521 juris
2865 451 3038 521 ipsius
3061 453 3343 524 episcopii.
3381 453 3634 525 Itemque
3658 471 3856 513 conce-

2255 541 2439 598 dimus
2473 553 2527 599 et
2549 544 2939 601 conﬁrmamus
2960 546 3118 602 vobis
3145 562 3338 603 omnes
3363 548 3551 619 plebes
3585 558 3645 604 et
3674 550 3855 605 eccle-

2255 631 2389 698 sias,
2425 633 2824 703 parocliiasque
2853 649 2979 690 cum
3005 634 3262 691 omnibus
3295 652 3487 692 eorum
3519 638 3848 707 pertinenti-

2255 725 2359 780 bus
2414 726 2499 781 vel
2540 726 2885 795 adjacentiis,
2935 727 3142 783 scilicet
3188 729 3400 798 plebem
3444 729 3504 784 8.
3546 729 3743 786 Maria
3794 732 3851 786 in

2210 838 2214 846 λ
2258 816 2403 873 Silva
2425 816 2669 873 Candida
2695 834 2819 873 cum
2846 818 3022 875 titulis
3041 821 3178 886 suis,
3215 821 3434 876 titulum
3466 820 3567 877 SS.
3616 821 3853 878 Joannis

2254 922 2309 968 et
2340 911 2491 967 Pauli
2517 913 2574 967 in
2604 912 2825 977 Lutino,
2849 922 2904 969 et
2940 914 3156 968 titulum
3186 912 3244 969 S.
3277 913 3468 985 Angeli
3503 916 3559 969 in
3588 914 3851 983 Musano,

2253 1006 2472 1061 titulum
2495 1004 2550 1059 S.
2579 1005 2774 1060 Donati
2802 1007 2858 1061 in
2879 1005 3165 1077 Majorata,
3191 1016 3354 1078 atque
3379 1007 3593 1078 plebem
3619 1006 3680 1062 8.
3716 1007 3854 1065 Gre-

2256 1096 2398 1167 gorii
2437 1097 2490 1151 in
2526 1098 2646 1167 ipso
2690 1099 2833 1165 loco,
2857 1099 3077 1154 titulum
3107 1097 3165 1153 S.
3203 1098 3479 1154 Anastasii
3514 1099 3570 1152 in
3615 1099 3853 1157 Musam

2254 1197 2307 1242 et
2328 1188 2539 1258 plebem
2580 1187 2637 1243 S.
2683 1189 2875 1261 Angeli
2908 1190 2963 1245 in
2999 1190 3279 1246 Rusciudo
3318 1208 3444 1247 cum
3494 1193 3663 1248 terris
3708 1194 3850 1261 suis,

2255 1280 2528 1351 simulque
2551 1282 2763 1352 plebem
2780 1281 2838 1336 8.
2860 1282 3089 1339 Joannis
3112 1283 3166 1337 in
3192 1299 3339 1339 nono
3366 1300 3493 1340 cum
3518 1287 3689 1340 terris
3706 1295 3762 1342 et
3788 1288 3855 1341 ti-

2254 1373 2389 1427 tulis
2416 1373 2554 1439 suis,
2591 1371 2811 1430 titulum
2856 1373 2914 1429 S.
2952 1374 3204 1431 Martiani
3234 1378 3287 1431 in
3332 1378 3452 1448 ipso
3490 1378 3671 1449 but-go
3719 1395 3851 1434 cum

2256 1464 2417 1519 terris
2442 1464 2577 1531 suis,
2605 1465 2824 1521 titulum
2863 1464 2919 1521 S.
2949 1464 3180 1523 Andreae
3205 1484 3329 1524 cum
3375 1468 3547 1524 titulis
3576 1470 3721 1534 suis,
3748 1486 3854 1527 nec

2255 1569 2364 1608 non
2393 1554 2610 1610 titulum
2650 1555 2710 1610 8.
2734 1555 2916 1611 Maria:
2938 1572 3065 1611 cum
3087 1558 3249 1613 terris
3271 1559 3409 1625 suis,
3432 1560 3656 1613 titulum
3670 1560 3731 1615 8.
3756 1561 3854 1617 Nlo

2255 1652 2415 1715 colai,
2452 1651 2544 1721 qui
2581 1659 2666 1707 est
2694 1652 2750 1709 in
2792 1653 3016 1709 castello
3055 1654 3122 1709 de
3144 1662 3326 1710 monte
3365 1655 3579 1726 Depini,
3625 1658 3850 1713 titulum

560 1745 756 1811 latere,
774 1710 989 1798 lundus
1039 1740 1356 1806 Fulisanus,
1389 1748 1443 1793 et
1474 1754 1505 1793 a
1530 1710 1783 1794 “secundo
1814 1738 1999 1805 latere,
2024 1737 2151 1793 fun-
2184 1710 2228 1766 Β
2257 1743 2315 1799 8.
2361 1710 2548 1800 Maria:
2579 1746 2674 1816 qui
2715 1746 3018 1817 appellatur
3056 1744 3345 1818 lnsirigus,
3368 1710 3495 1802 cuin
3517 1710 3686 1803 terris
3707 1750 3848 1815 suis.

563 1837 667 1891 dus
697 1834 917 1900 Laurct,
940 1842 993 1889 ct
1015 1848 1045 1886 a
1070 1831 1230 1887 tertio
1254 1830 1443 1897 latere,
1470 1839 1613 1885 terra
1658 1830 1715 1884 8.
1765 1828 2003 1897 Martini,
2044 1838 2099 1885 et
2120 1846 2154 1887 a

565 1938 762 2000 quarto
794 1928 980 1993 latere,
1022 1925 1225 1982 fundus
1274 1922 1519 1992 Seriani;
1556 1924 1614 1979 in
1657 1924 1788 1991 imo,
1821 1923 2024 1979 fundus
2052 1922 2155 1979 lsi-

564 2021 686 2076 dori
712 2036 835 2075 cum
858 2019 1113 2074 omnibus
1137 2016 1533 2088 pertinentibus
1565 2017 1702 2083 suis,
1726 2016 1795 2071 ab
1816 2031 1927 2070 uno
1960 2014 2149 2081 latere,

567 2125 709 2168 terra
732 2109 1046 2166 monasterii
1077 2107 1134 2175 S,
1164 2108 1402 2173 Martini,
1439 2124 1469 2162 a
1496 2107 1740 2163 secundo
1767 2108 1933 2162 latere
1954 2105 2152 2161 Casta-

563 2204 765 2275 gnetol,
804 2211 909 2257 eta
952 2201 1112 2256 tertio
1148 2201 1338 2268 latere,
1366 2197 1548 2254 Insula
1579 2196 1799 2265 Sancta,
1838 2197 2070 2267 denique
2097 2206 2153 2253 et

564 2297 743 2364 ipsum
790 2292 1015 2347 fundum
1065 2290 1302 2346 Insulam
1358 2289 1647 2358 Sanctam,
1711 2307 1838 2346 cum
1895 2289 2151 2346 omnibus

566 2385 633 2440 ad
677 2401 802 2440 eum
836 2383 1258 2454 pertinentibus,
1308 2382 1378 2437 ab
1413 2398 1523 2436 uno
1558 2383 1744 2449 latere,
1778 2382 1958 2439 casale
2004 2383 2151 2454 quod

565 2484 792 2531 vocatur
827 2474 1021 2544 Bruce,
1049 2490 1079 2528 a
1107 2474 1348 2530 secundo
1372 2474 1539 2530 latere
1566 2473 1828 2540 Donicus,
1858 2483 1913 2531 et
1933 2492 1963 2531 a
1986 2477 2151 2532 tertio

563 2568 732 2623 latere
758 2567 1040 2634 Musanus,
1063 2577 1118 2623 et
1144 2584 1174 2623 a
1203 2576 1399 2640 quarto
1422 2568 1589 2622 latere
1625 2566 1860 2623 Sanctus
1900 2568 2149 2624 Lauren—

566 2661 677 2715 tius
702 2660 769 2714 de
790 2659 978 2728 Panti;
1008 2661 1124 2731 pari
1153 2663 1314 2715 modo
1341 2659 1569 2715 fundum
1598 2659 1655 2715 8.
1680 2660 1864 2717 Basilii
1889 2678 2016 2718 cum
2037 2676 2152 2716 om-

568 2752 730 2806 nibus
771 2751 839 2806 ad
861 2766 986 2807 eum
1019 2753 1436 2822 pertinentibus,
1479 2753 1549 2807 ab
1590 2769 1700 2808 uno
1745 2754 1934 2822 latere,
1966 2755 2149 2815 casale

567 2842 627 2897 8.
659 2842 826 2912 Petri,
851 2843 944 2914 qui
971 2844 1271 2915 appellatur
1296 2843 1472 2912 Pauli,
1499 2861 1530 2899 a
1556 2846 1796 2902 secundo
1825 2847 2012 2915 latere,
2040 2849 2151 2903 val.

565 2936 634 2990 lis
665 2951 789 3006 quae
837 2947 1065 2990 vocatur
1090 2935 1467 3003 lntensonosa,
1493 2946 1546 2991 et
1567 2953 1599 2992 a
1626 2939 1785 2993 tertio
1804 2940 1990 3006 latere,
2016 2938 2149 2996 Bar-

2253 1836 2469 1891 titulum
2498 1834 2554 1891 8.
2570 1835 2844 1894 Pancratii
2861 1852 2986 1892 cum
3009 1836 3172 1893 terris
3190 1846 3245 1894 et
3282 1838 3458 1893 titulis
3479 1839 3626 1902 suis,
3651 1838 3712 1894 S.
3736 1838 3852 1893 Iino

2250 1931 2349 1987 ria:
2388 1932 2444 1986 in
2497 1928 2678 1987 Insula
2734 1946 2860 1987 cum
2903 1931 3065 1989 terris
3117 1932 3253 1999 suis,
3306 1933 3520 2002 plebem
3566 1931 3628 1987 S.
3662 1931 3853 1990 Maria

2252 2019 2426 2078 Lutim
2455 2038 2582 2078 cum
2618 2023 2781 2078 terris
2810 2023 2947 2090 suis,
2970 2023 3206 2079 insulam
3250 2021 3307 2078 8.
3338 2022 3575 2080 Joannis
3620 2038 3752 2080 cum
3782 2026 3852 2080 ti-

2252 2116 2370 2170 tulo
2393 2127 2448 2171 et
2479 2124 2626 2170 terra
2649 2132 2771 2182 sua,
2803 2115 3023 2170 titulum
3060 2113 3118 2171 8.
3155 2113 3404 2187 Gregorii
3434 2115 3491 2171 in
3522 2115 3650 2187 ipso
3683 2116 3849 2184 loco;

2251 2204 2505 2260 similiter
2532 2205 2746 2276 plebem
2782 2204 2838 2259 S.
2864 2204 3019 2261 Pauli
3060 2205 3117 2259 in
3156 2205 3454 2272 Formello,
3498 2222 3631 2262 cum
3664 2207 3848 2281 terris,

2250 2295 2450 2365 vineis,
2474 2298 2672 2364 hortis,
2699 2306 2754 2352 et
2790 2298 3004 2354 olivetis
3035 2307 3200 2368 atque
3232 2298 3409 2354 titulis
3445 2299 3591 2363 suis,
3625 2299 3851 2353 titulun

2252 2386 2311 2444 S.
2341 2387 2602 2461 Sylvestri
2625 2388 2680 2442 in
2703 2389 2960 2444 columna
2984 2405 3109 2445 cum
3135 2391 3295 2447 terris
3314 2400 3369 2446 et
3397 2391 3579 2447 vineis
3614 2391 3763 2456 suis,
3787 2392 3852 2445 ti-

2249 2475 2427 2530 tulum
2458 2476 2514 2530 S.
2543 2475 2732 2547 Angeli
2755 2476 2811 2530 in
2827 2475 3085 2533 Mubiano
3105 2494 3230 2533 cum
3255 2480 3417 2535 terris
3430 2488 3487 2534 et
3507 2480 3694 2535 hortis
3710 2482 3848 2547 suis,

2248 2566 2469 2621 titulum
2496 2565 2553 2621 S.
2577 2565 2797 2622 Martini
2817 2582 2945 2622 cum
2966 2568 3128 2623 terris
3150 2568 3288 2634 suis,
3317 2569 3539 2624 titulum
3585 2567 3647 2624 8.
3674 2570 3851 2626 Gene-

2250 2657 2316 2714 sii
2350 2657 2408 2712 in
2428 2655 2698 2712 Dalmatia
2720 2672 2847 2713 cum
2865 2657 3027 2713 terris
3051 2658 3189 2725 suis,
3214 2660 3432 2715 titulum
3468 2659 3527 2714 8.
3558 2659 3845 2717 Laurentii

2250 2746 2304 2802 in
2333 2746 2604 2803 Formello
2626 2762 2750 2801 cum
2776 2747 2937 2802 terris
2954 2756 3009 2802 et
3029 2744 3202 2803 hortis
3223 2749 3358 2815 suis,
3375 2750 3597 2805 titulum
3627 2750 3670 2805 8
3693 2750 3849 2808 Joan-

2250 2838 2336 2894 nis
2358 2839 2415 2893 in
2438 2837 2559 2908 ipso
2582 2838 2701 2893 loco
2721 2853 2847 2893 cum
2871 2847 3014 2893 terra
3038 2855 3159 2907 sua,
3182 2840 3398 2895 titulum
3432 2839 3491 2894 8.
3536 2840 3691 2897 Petri
3726 2859 3847 2898 cu

2250 2940 2395 2987 terra
2442 2947 2565 2999 sua,
2615 2931 2833 2987 titulum
2895 2930 2953 2986 S.
2993 2930 3185 3003 Angeli
3210 2931 3264 2986 in
3317 2931 3582 2999 Laurcto,
3628 2935 3847 2990 titulum

566 3028 739 3096 baro],
785 3044 817 3083 a
861 3037 1058 3099 quarto
1091 3029 1281 3096 latere,
1322 3032 1714 3086 monasterium
1760 3031 1817 3087 8.
1866 3032 2143 3103 Stephani.
2176 3065 2218 3121 ρ
2346 3022 2615 3121 Ϋθίοξιῐίιιί
2637 3024 2693 3078 in
2725 3021 3023 3094 (Ϊιτίῐηυυοὶ
3052 3024 3183 3080 item
3205 3024 3419 3096 Plebem
3446 3024 3506 3079 δ·
3528 3025 3850 3082 comem“!

562 3119 736 3175 Porro
785 3119 1015 3183 fumium
1068 3120 1292 3187 Pauori,
1350 3137 1475 3177 cum
1519 3123 1777 3179 omnibus
1825 3126 1942 3181 suis
1992 3130 2161 3196 perti.

565 3212 844 3278 nentibus,
886 3211 955 3266 ab
981 3226 1092 3267 uno
1134 3212 1321 3279 latere,
1353 3212 1557 3268 fundus
1598 3213 1973 3283 Aprunianus,
2009 3234 2040 3273 a
2068 3237 2159 3276 se-

566 3305 748 3359 cundo
770 3304 939 3358 latere
969 3302 1113 3358 Silva
1137 3304 1401 3370 Candida,
1426 3315 1480 3360 et
1502 3322 1533 3359 a
1557 3307 1715 3361 tertio
1750 3308 1939 3376 latere,
1978 3310 2162 3368 Musa-

558 3396 764 3466 »nellus,
790 3404 844 3451 et
877 3411 907 3450 a
940 3406 1139 3466 quarto
1180 3397 1349 3451 latere
1384 3397 1666 3465 Cantiliar,
1711 3408 1764 3453 et
1791 3416 1821 3454 a
1860 3405 2054 3471 quinto
2081 3405 2161 3459 la-

558 3496 681 3542 tere
707 3487 879 3543 turris
899 3486 1215 3554 Aureliana,
1240 3496 1294 3543 et
1326 3488 1458 3544 silex
1485 3487 1542 3541 8.
1571 3487 1853 3560 Stephani,
1882 3508 2005 3546 cum
2031 3494 2162 3549 sali-

566 3579 747 3648 naria,
779 3589 941 3650 atque
983 3578 1213 3635 fundum
1263 3578 1505 3646 Laureti,
1535 3581 1605 3635 ab
1647 3597 1759 3637 uno
1797 3583 1985 3650 latere,
2016 3593 2158 3641 terra

559 3668 627 3726 Β.
653 3670 822 3741 Petri,
852 3688 883 3726 a
907 3672 1147 3728 secundo
1177 3672 1363 3739 latere,
1399 3681 1542 3727 terra
1589 3673 1646 3728 8.
1673 3674 1912 3743 Martini,
1941 3692 1971 3731 a
2002 3678 2160 3732 tertio

559 3764 756 3832 latere,
780 3780 941 3819 mons
976 3763 1217 3831 lliodori,
1247 3780 1277 3819 a
1300 3774 1498 3835 quarto
1529 3766 1716 3833 latere,
1750 3767 1953 3823 fuluius
1984 3768 2157 3840 Oripi,

560 3872 668 3912 seu
702 3857 884 3912 casale
928 3856 1074 3928 quod
1114 3866 1362 3922 vocatur,
1409 3855 1585 3925 Pauli,
1618 3869 1671 3914 et
1716 3859 1944 3915 fundum
1979 3860 2162 3916 Seria-

565 3965 702 4003 litim
725 3965 852 4003 cum
876 3949 1133 4005 omnibus
1154 3964 1346 4004 eorum
1370 3951 1728 4020 pertinentiis,
1754 3952 1822 4007 ab
1840 3969 1950 4008 uno
1969 3954 2156 4021 latere,

567 4044 715 4094 terra
743 4039 801 4095 S.
842 4040 1078 4106 Martini,
1106 4056 1135 4094 a
1163 4042 1404 4096 secundo
1432 4042 1618 4109 latere,
1646 4043 1789 4098 Silva
1812 4044 2091 4111 Candida,
2127 4062 2160 4102 a

569 4133 733 4189 tertio
769 4134 937 4189 latere
978 4133 1158 4188 lnsula
1197 4134 1418 4201 Sancta,
1462 4145 1566 4190 cta
1602 4146 1799 4207 quarto
1826 4138 1993 4193 latere
2022 4139 2158 4195 silva

571 4225 632 4281 S.
654 4225 822 4293 Petri,
851 4242 949 4281 nec
981 4241 1091 4280 non
1114 4228 1296 4283 casale
1335 4229 1479 4298 quod
1522 4229 1721 4284 dicitur
1744 4229 2155 4301 Castagnolum,

572 4319 642 4374 ab
662 4334 773 4373 uno
800 4319 967 4373 latere
989 4319 1162 4373 sancti
1187 4318 1677 4389 quatuorFratres,
1702 4339 1733 4377 a
1763 4324 2003 4379 secundo
2028 4322 2157 4378 l'un-

2261 3110 2541 3184 Crapario.

2332 3209 2399 3266 Et
2440 3210 2729 3281 per'hujus
2756 3210 3021 3283 privilegii
3051 3212 3224 3267 nostri
3244 3221 3297 3268 et
3321 3212 3527 3268 decreti
3569 3217 3848 3286 paginam,

2262 3301 2318 3356 in
2348 3311 2670 3373 perpetuum
2717 3302 3110 3359 conﬁrmamus
3132 3300 3190 3358 S.
3232 3303 3492 3372 pnezlicto
3519 3316 3716 3361 vestro
3744 3308 3853 3376 epi-

2262 3394 2448 3464 scopio
2481 3393 2640 3449 Silva:
2669 3393 2947 3460 Candide,
2972 3409 3099 3450 cum
3123 3395 3306 3460 terris,
3329 3382 3527 3462 tineis,
3550 3406 3611 3452 et
3637 3398 3852 3453 olivetis

2261 3496 2315 3540 et
2342 3488 2516 3542 titulis
2539 3486 2676 3542 suis.
2720 3487 2938 3542 titulum
2982 3488 3040 3543 S.
3063 3487 3333 3543 Pancratii
3356 3504 3483 3542 cum
3513 3491 3683 3545 terris
3714 3493 3850 3557 suis,

2263 3579 2478 3632 titulum
2523 3579 2579 3633 S.
2608 3578 2789 3634 Marize
2811 3595 2938 3635 cum
2986 3581 3148 3636 terris
3188 3588 3243 3636 et
3276 3590 3439 3651 prato
3464 3597 3595 3649 suo,
3630 3584 3849 3639 titulun

2260 3669 2321 3724 8.
2352 3670 2619 3726 Valentini
2659 3688 2785 3727 cum
2820 3674 2981 3727 terris
3022 3681 3077 3728 et
3114 3673 3311 3728 oliveto
3335 3689 3437 3729 suo
3466 3684 3640 3745 atque
3668 3687 3850 3746 prato,

2262 3764 2478 3818 titulum
2540 3763 2597 3818 8.
2660 3764 2857 3825 Donati
2905 3781 3030 3819 cum
3096 3767 3258 3821 terris
3315 3767 3463 3831 suis,
3510 3768 3740 3822 titulum
3791 3769 3848 3823 8.

2261 3855 2444 3912 Mariae
2493 3871 2616 3912 cum
2672 3857 2834 3912 terris
2878 3857 3014 3925 suis,
3048 3858 3265 3912 titulum
3299 3857 3356 3912 8.
3398 3856 3686 3913 Laurentii
3726 3877 3848 3917 cum

2260 3949 2423 4004 terris
2464 3949 2600 4014 suis,
2632 3949 2848 4003 titulum
2874 3948 2930 4004 S.
2968 3950 3241 4005 Anastasii
3274 3950 3327 4003 in
3353 3948 3679 4017 Cannetalo,
3724 3970 3851 4008 cum

2264 4041 2423 4095 terris
2444 4049 2494 4094 et
2537 4041 2710 4095 vineis
2734 4041 2870 4101 suis.
2899 4041 3119 4095 titulum
3147 4040 3202 4095 8.
3235 4039 3345 4096 Viti
3369 4057 3497 4098 cum
3524 4044 3692 4099 terris
3711 4048 3848 4113 suis,

2262 4133 2470 4202 plebem
2501 4130 2557 4185 S.
2603 4131 2755 4186 Pauli
2783 4148 2909 4187 cum
2948 4132 3128 4198 terris,
3154 4132 3327 4188 vineis
3364 4140 3421 4188 et
3454 4134 3681 4203 juribus
3712 4139 3851 4204 suis,

2262 4224 2477 4280 titulum
2512 4224 2568 4278 8.
2617 4223 2896 4296 Sylvestri,
2920 4234 2976 4279 et
3011 4222 3068 4278 S.
3107 4224 3298 4296 Angeli
3326 4242 3451 4280 cum
3492 4229 3657 4283 terris
3683 4238 3739 4284 et
3770 4232 3852 4285 vi-

2261 4319 2399 4384 ncis,
2440 4328 2494 4373 ct
2533 4318 2745 4373 olivetis
2773 4326 2829 4372 et
2866 4317 3083 4387 juribus
3125 4319 3260 4384 suis,
3295 4319 3623 4379 titulumS.
3666 4321 3853 4378 Maria:

563 4408 675 4467 dus
696 4406 993 4475 Orbanula,
1019 4424 1049 4463 a
1074 4410 1233 4465 tertio
1253 4409 1498 4479 Mussan,
1539 4429 1569 4466 a
1600 4423 1795 4485 quarto
1820 4414 2153 4484 Massanell.,
2188 4410 2235 4466 D
2259 4428 2386 4468 cum
2414 4411 2575 4465 terris
2594 4419 2647 4465 et
2676 4410 2872 4476 vineis,
2896 4409 3112 4464 titulum
3145 4408 3202 4463 8.
3239 4409 3570 4466 Christianae
3598 4429 3726 4468 cum
3753 4426 3856 4481 ter.

558 4509 737 4570 aitque
782 4500 917 4555 silva
958 4516 1080 4572 qua:
1123 4510 1352 4558 vocatur
1373 4502 1568 4575 Magia,
1593 4521 1717 4561 cum
1745 4507 2001 4563 omnibus
2021 4523 2149 4579 per-

558 4593 870 4651 ;tinentibus
890 4594 1027 4661 suis,
1052 4595 1119 4651 ab
1145 4610 1255 4649 uno
1279 4597 1445 4652 latere
1480 4599 1629 4653 rivus
1648 4599 1715 4653 de
1749 4599 1983 4667 Galcsia,
2014 4616 2046 4655 a
2068 4617 2155 4656 se-

556 4686 752 4741 .cundo
795 4686 980 4753 latere,
1026 4690 1427 4744 monasterium
1468 4688 1714 4756 Veneris,
1746 4693 1892 4762 quod
1931 4702 2157 4749 vocatur

564 4776 783 4849 Jluppla
813 4779 1022 4833 Ancilla
1052 4778 1166 4833 Dei.
1199 4780 1401 4836 Omnes
1428 4798 1558 4836 vero
1587 4783 1706 4837 illos
1728 4783 1946 4851 fundos,
1979 4795 2033 4841 et
2062 4803 2157 4841 ca-

561 4871 837 4927 .saliacnm
895 4872 1073 4937 terris,
1126 4874 1363 4941 campis,
1420 4875 1611 4942 pratis,
1676 4877 1930 4943 pascuis,
1978 4878 2157 4943 silvis,

564 4963 734 5017 cultis
767 4971 822 5016 ct
865 4962 1107 5030 incultis,
1150 4965 1346 5033 positis
1380 4964 1455 5020 .in
1504 4965 1780 5020 territorio
1827 4966 1986 5021 Silva:
2026 4969 2164 5022 Can-

566 5052 735 5121 ilidaa,
760 5054 1076 5109 milliarium
1112 5057 1182 5110 ab
1214 5056 1349 5111 urbe
1377 5054 1563 5112 Romae
1586 5058 1708 5126 plus
1749 5058 1933 5113 minus
1953 5059 2161 5113 duode-

567 5142 702 5196 cim.
736 5142 931 5199 Verum
955 5146 1118 5200 etiam
1142 5148 1480 5218 aquimolum
1505 5148 1794 5203 molentem
1818 5148 2160 5220 inintegrum

574 5230 634 5287 in
664 5232 786 5287 vico
834 5237 928 5305 qui
954 5248 1181 5313 vocatur
1203 5239 1440 5304 Galeria,
1473 5256 1597 5294 cum
1629 5240 1885 5295 omnibus
1910 5241 2012 5295 sibi
2039 5257 2161 5311 per-

580 5318 876 5360 Ιίηοηῖὶιὶιια
919 5335 965 5360 nl
992 5336 1129 5360 Innrn
1160 5328 1474 5360 ρῖειὶῖοηηῖίιη
1527 5347 1646 5360 "nm
1672 5344 1899 5360 I-Anniuun
1918 5331 2060 5360 ηιξκιε

919 5335 965 5360 nl
992 5336 1129 5360 Innrn
1160 5328 1474 5360 ρῖειὶῖοηηῖίιη
1527 5347 1646 5360 "nm
1672 5344 1899 5360 I-Anniuun
1918 5331 2134 5360 nnnl:nn

2255 4506 2355 4571 ris,
2394 4502 2569 4559 vineis
2590 4506 2647 4557 et
2670 4502 2822 4559 silvis
2844 4503 2981 4569 suis,
3009 4502 3225 4556 titulum
3253 4501 3310 4557 8.
3347 4503 3587 4575 Georgii,
3628 4507 3853 4564 titulum

2261 4595 2318 4651 S.
2348 4595 2566 4650 Martini
2601 4612 2726 4651 eum
2751 4595 2909 4650 terris
2950 4603 3005 4650 et
3026 4595 3201 4649 vineis
3218 4596 3361 4661 suis,
3386 4596 3605 4651 titulum
3653 4598 3713 4652 8.
3744 4594 3855 4654 Ca-

2259 4688 2400 4745 siani
2422 4704 2548 4743 cum
2579 4688 2736 4743 terris
2760 4695 2813 4741 et
2848 4687 3046 4753 vineis,
3077 4695 3131 4740 et
3157 4686 3379 4742 familiis
3400 4688 3601 4752 tribus,
3630 4691 3853 4745 titulum

2266 4776 2324 4831 S.
2355 4777 2650 4843 Anastasii,
2674 4794 2796 4832 cum
2822 4777 2978 4832 terris
3001 4776 3259 4841 etvineis,
3285 4777 3503 4832 titulum
3530 4778 3587 4833 S.
3619 4778 3854 4836 Justina:

2265 4885 2388 4923 cum
2421 4870 2580 4925 terris
2613 4878 2667 4925 et
2695 4868 2886 4936 vineis,
2912 4870 3129 4925 titulum
3172 4868 3229 4925 S.
3277 4869 3467 4941 Angeli
3515 4888 3644 4927 cum
3690 4874 3854 4929 terris

2262 4963 2400 5027 suis,
2426 4962 2644 5017 titulum
2691 4960 2748 5015 8.
2780 4960 3025 5032 Gregorii
3050 4978 3177 5018 cum
3201 4964 3362 5019 terris
3400 4966 3519 5019 suis
3546 4977 3601 5019 et
3630 4967 3848 5032 vineis;

2262 5054 2518 5109 similiter
2553 5055 2762 5124 plebem
2801 5053 2856 5108 8.
2883 5054 3117 5111 Marcelli
3156 5058 3212 5111 in
3255 5056 3463 5123 Quarto
3483 5057 3702 5113 decimo
3723 5076 3849 5115 cum

2264 5149 2424 5200 terris
2454 5155 2508 5199 et
2527 5148 2721 5212 vincis,
2743 5156 2795 5202 et
2836 5147 3033 5202 oliveto
3057 5151 3266 5220 majore
3291 5159 3456 5220 atque
3488 5152 3664 5205 titulis
3707 5155 3848 5218 suis,

2263 5240 2479 5293 titulum
2511 5238 2567 5293 8.
2608 5240 2789 5294 Mariae
2814 5241 2867 5293 in
2894 5238 3160 5296 Scrofano
3200 5259 3324 5297 cum
3354 5244 3517 5298 terris
3557 5257 3609 5298 et
3647 5246 3847 5309 vineis,

2263 5333 2479 5360 ﬂaui...“
2517 5331 2553 5360 ρ
2615 5332 2872 5360 uin-\Iann:
2898 5331 2949 5360 :n
2984 5332 3179 5360 “non..-
3228 5336 3443 5360 ιξι--Ι-.-.ι
3479 5334 3515 5360 Ω
3570 5335 3617 5360 1.

3661 5353 3704 5360 ---
3718 5353 3757 5360 .μ
3794 5354 3843 5360 -μ
