4018 6388
234 198 382 308 ires

1386 224 1744 298 summa
1779 239 1867 296 ET
1906 236 2322 296 amonem.

3366 239 3517 337 “30.

227 366 287 421 et
309 360 505 419 vineis;
543 354 952 416 COniirmamus
984 359 1161 415 'etiam
1183 358 1338 415 vobis
1357 359 1559 416 casalia
1589 366 1644 416 et
1682 359 1831 416 colo—
1857 362 1905 423 Α
1932 356 2118 413 Gloria
2146 359 2203 412 in
2224 347 2444 413 excelsis
2465 355 2575 412 Deo
2593 355 2885 425 diceretur,
2908 366 2963 413 et
2984 357 3038 414 in
3072 358 3373 417 Parasceve
3394 376 3505 419 non

227 455 378 520 nias,
427 452 592 520 atque
630 452 914 508 castellum
938 450 1018 505 in
1063 450 1354 522 integrum,
1390 450 1485 522 qui
1525 450 1825 521 appellatur

229 543 573 609 Dalmachia;
603 541 824 609 Balnea,
850 539 1059 609 Stabla,
1094 539 1495 606 Massaviliana,
1518 541 1604 595 vel
1643 540 1689 596 si
1730 540 1827 611 qui

229 636 360 692 aliis
384 632 663 690 vocabulis
711 639 1082 705 nuncupatur,
1109 647 1220 688 una
1265 646 1392 688 cum
1442 630 1686 698 familiis,
1714 645 1829 685 ma-

229 728 405 785 sculis
424 733 480 782 et
499 724 740 791 feminis,
764 737 865 780 seu
900 724 1112 780 colonis
1134 740 1231 795 per
1254 724 1467 796 singula
1502 724 1623 780 loca
1653 722 1825 794 perti-

229 820 514 886 nentibus,
553 830 681 873 cum
703 816 872 883 casis,
901 816 1098 883 vineis,
1130 817 1314 884 terris,
1344 816 1497 872 silvis
1537 823 1592 873 et
1632 814 1825 886 pratis,

231 912 395 984 aquis
435 909 797 982 perennibus,
837 906 922 964 vel
962 923 1089 964 cum
1120 908 1377 964 omnibus
1405 908 1473 962 ad
1515 907 1828 977 supradicta

229 1004 459 1072 casaiia,
486 1011 541 1058 et
575 1001 820 1058 colonias
862 1008 1027 1071 atque
1078 999 1363 1056 castellum
1405 998 1825 1068 pertinentibus,

230 1097 477 1167 positum
522 1094 580 1149 in
611 1093 890 1149 territorio
939 1091 1211 1163 Nepesino
1240 1090 1554 1146 milliarium
1585 1090 1653 1144 ah
1694 1089 1829 1145 urbe

233 1185 414 1241 Roma
454 1185 578 1255 plus
601 1184 786 1240 minus
822 1183 1059 1254 viginti;
1094 1183 1237 1253 inter
1269 1180 1458 1237 aiﬁnes
1502 1181 1570 1235 ab
1612 1195 1722 1235 uno
1754 1180 1830 1235 la-

237 1287 356 1333 tere
373 1278 482 1345 via,
505 1292 627 1348 quae
650 1283 735 1332 est
770 1276 911 1332 inter
942 1275 1193 1330 militiam
1219 1274 1288 1331 de
1318 1284 1468 1329 turre
1511 1274 1578 1329 de
1621 1272 1828 1344 Crapa—

233 1369 391 1424 corio
417 1376 471 1424 et
496 1377 696 1424 terram
743 1368 811 1423 de
840 1367 1132 1423 Pastoritia
1186 1365 1243 1422 S.
1287 1365 1456 1433 Petri,
1503 1366 1572 1421 ab
1619 1365 1727 1420 alio
1753 1366 1827 1421 la-

234 1466 354 1514 tere
393 1468 536 1515 terra
563 1460 630 1515 de
672 1466 855 1515 monte
894 1459 1122 1527 Arsitio,
1178 1467 1232 1515 et
1270 1457 1574 1528 Focapran,
1605 1457 1700 1527 qui
1735 1473 1829 1513 vo-

234 1558 397 1607 catur
450 1550 772 1618 Columella,
826 1559 882 1607 et
913 1560 1058 1607 terra
1082 1552 1149 1607 de
1183 1562 1334 1608 turre
1361 1552 1429 1608 de
1474 1550 1823 1622 Crapacorio,

236 1658 364 1714 quin
418 1644 717 1714 appellatur
775 1642 998 1711 Matera,
1031 1651 1084 1700 et
1124 1659 1156 1699 a
1213 1652 1410 1715 quarto
1452 1644 1621 1700 latere
1680 1652 1826 1699 terra

1925 458 2039 506 tam
2065 458 2377 506 reverenter
2405 448 2484 504 uti
2510 448 2738 504 decebat
2774 449 3009 506 cilicium
3047 452 3121 507 ibi
3158 452 3336 509 ﬁebat.
3361 453 3508 509 Con-

1925 540 2223 609 doluimus,
2257 549 2312 597 et
2348 541 2647 597 ‘meliorare
2674 542 2791 622 hoc.
2821 542 3101 612 cupientes
3147 553 3243 615 per
3271 560 3371 600 vos
3413 560 3509 600 ve-

1925 643 2180 707 strosque
2219 649 2583 700 successores,
2611 634 2903 690 statuimus
2933 644 2993 689 ut
3030 636 3179 691 omni
3209 652 3391 691 annua
3420 636 3509 691 die

1926 726 2210 782 Dominica
2257 726 2570 781 Palmarum
2600 742 2725 782 cum
2768 727 3119 798 processione
3166 729 3235 783 ab
3274 729 3507 785 ecclesia

1928 815 1986 871 S.
2017 816 2203 874 Mariae
2229 817 2286 873 in
2322 817 2485 873 Turri
2506 817 2813 886 exeatis,'et
2838 819 3119 875 venientes
3150 819 3219 875 ad
3243 834 3508 891 magnum

1926 908 2097 964 altare
2120 904 2178 962 S.
2211 907 2359 964 Petri
2382 909 2608 965 missam
2629 909 2933 966 celebretis.
2968 902 3251 979 Similiter,
3278 917 3334 966 et
3356 911 3510 967 omni

1927 1016 2073 1056 anno
2104 1002 2159 1056 in
2186 1000 2275 1057 die
2301 1000 2485 1057 Coenae
2507 1000 2723 1056 Domini
2746 1018 2845 1058 vos
2868 1010 3189 1074 vestrosque
3217 1018 3509 1073 successo-

1926 1109 2016 1150 res
2043 1094 2268 1150 missam
2306 1109 2470 1164 super
2495 1093 2686 1149 eodem
2726 1092 2911 1150 Altare
2942 1094 2998 1150 8.
3031 1094 3177 1151 Petri
3207 1096 3506 1163 celebrare,

1929 1183 2113 1241 Gloria
2140 1187 2195 1239 in
2220 1184 2441 1240 excelsis
2474 1185 2583 1240 Deo
2625 1186 2826 1254 dicere,
2858 1186 2915 1242 S.
2948 1188 3186 1244 chrisma
3216 1189 3505 1257 conﬁcere,

1926 1283 1982 1331 et
2005 1277 2151 1347 quod
2179 1275 2249 1331 ad
2285 1276 2600 1348 episcopum
2653 1278 2904 1348 pertinet,
2951 1293 3111 1350 agerc
3146 1288 3421 1345 votumus,
3454 1289 3511 1335 et

1927 1366 2079 1421 omni
2110 1375 2255 1422 anno
2284 1366 2372 1422 die
2395 1364 2699 1424 Parasceve
2723 1384 2888 1439 supra
2922 1368 3102 1439 ipsum
3133 1370 3304 1425 altare
3325 1371 3510 1441 majus

1929 1454 1987 1512 S.
2013 1455 2162 1513 Petri
2189 1466 2364 1514 totum
2388 1458 2624 1515 oilicium
2655 1470 2987 1530 reverenter,
3016 1470 3078 1517 ut
3104 1462 3260 1519 decet
3291 1478 3392 1522 vos
3413 1474 3510 1520 ve-

1927 1554 2181 1619 strosque
2211 1564 2561 1606 successores
2590 1548 2769 1607 facere
2790 1552 3063 1620 volumus,
3095 1552 3148 1606 in
3187 1554 3385 1624 quibus
3408 1552 3510 1609 tri-

1926 1639 2031 1695 bus
2056 1640 2264 1710 missis,
2277 1642 2487 1698 scilicet
2521 1644 2577 1698 in
2604 1644 2771 1700 missa
2788 1644 3230 1712 Palmarum,seu
3260 1647 3315 1700 in
3336 1647 3506 1703 missa

239 1730 301 1789 Β.
380 1733 681 1802 Laurentii,
719 1750 844 1805 quas
907 1736 1211 1807 appellatur
1254 1736 1525 1803 Salieara,
1577 1745 1631 1792 et
1676 1737 1829 1793 rivus
1861 1743 1904 1798 Β
1929 1730 2114 1789 Cumae
2155 1732 2401 1801 Domini,
2448 1743 2503 1789 et
2554 1734 2609 1789 in
2660 1735 2838 1792 oilieio
2881 1736 3199 1803 Paraseeve,
3238 1738 3508 1809 quidquid

236 1827 337 1900 qui
378 1829 554 1899 pergit
592 1844 689 1899 per
716 1828 1008 1885 Bussetum
1071 1839 1126 1886 et
1169 1830 1400 1887 Malean.
1433 1829 1676 1902 Itemque
1704 1846 1830 1887 con-

238 1920 509 1988 cedimus,
533 1927 588 1974 et
614 1920 1006 1978 conﬁrmamus
1032 1921 1190 1979 vobis
1217 1922 1273 1976 in
1306 1930 1630 1993 perpetuum
1653 1924 1828 1981 eccle-

239 2011 381 2066 siam
408 2010 508 2068 SS.
533 2012 744 2071 Ruﬁna
764 2022 819 2071 et
842 2002 1320 2086 Secund:e,sitam
1351 2017 1539 2075 Romae.
1557 2018 1716 2091 juxta
1736 2035 1831 2092 pa-

238 2101 433 2159 latium
477 2113 749 2174 nostrum,
784 2123 910 2163 cum
939 2108 1196 2165 omnibus
1239 2108 1308 2165 ad
1352 2124 1475 2167 eam
1514 2111 1828 2182 pertinenti-

238 2194 365 2251 bus.
408 2196 586 2273 Etiam
635 2200 989 2258 concedimus
1040 2207 1095 2258 e‘t
1143 2202 1534 2259 conﬁrmamus
1573 2202 1730 2259 vobis
1769 2203 1825 2258 in

237 2296 561 2363 perpetuum
602 2294 895 2350 ecclesiam
940 2294 998 2350 S.
1038 2295 1240 2362 Marias,
1273 2302 1399 2351 eum
1431 2295 1689 2367 omnibus
1711 2296 1826 2353 suis

232 2383 638 2452 pertinentibus
673 2385 817 2442 infra
861 2388 1004 2445 hanc
1051 2387 1328 2443 civitatem
1356 2386 1682 2457 Romanam,
1714 2404 1828 2453 non

236 2477 402 2550 longe
429 2494 460 2535 a
484 2488 670 2537 monte
721 2481 816 2552 qui
843 2480 1126 2553 Augustus
1145 2481 1365 2538 dicitur.
1393 2480 1604 2537 Pariter
1631 2497 1829 2539 conce-

236 2569 425 2627 dimus
448 2579 504 2628 et
536 2573 929 2629 conﬁrmamus
961 2574 1120 2630 vobis
1151 2573 1458 2646 vestrisque
1486 2575 1825 2631 successori-

236 2659 347 2718 bus
390 2662 446 2718 in
481 2671 826 2735 perpetuum,
853 2664 1016 2721 sicuti
1059 2680 1091 2720 a
1132 2673 1436 2722 memorato
1477 2665 1826 2722 sanctissimo

238 2756 404 2822 papa,
438 2753 553 2810 sive
573 2770 605 2809 a
626 2754 793 2810 certis
812 2755 1302 2826 praedecessoribus
1328 2755 1533 2811 nostris
1557 2754 1826 2826 pontiﬁci-

238 2841 347 2898 bus
370 2858 631 2902 concessa
660 2854 715 2902 et
749 2846 1074 2903 conﬁrmata
1120 2846 1367 2915 fuerunt,
1403 2847 1673 2915 videlicet,
1702 2863 1823 2903 mo-

236 2932 481 2989 nasteria
528 2934 772 3006 quinque
822 2933 880 2990 S.
918 2935 1181 3008 Stephani
1215 2935 1460 3008 Maioris,
1492 2945 1547 2993 et
1574 2936 1822 3005 Minoris,

239 3018 679 3097 Sanctorumque
700 3025 929 3084 Joannis
948 3037 1003 3084 et
1027 3022 1283 3096 Pauli,‘et
1306 3029 1368 3084 Β.
1396 3029 1634 3097 Martini,
1662 3039 1825 3101 atque

1928 1822 2048 1879 auri
2075 1824 2162 1879 vel
2198 1824 2430 1897 argenti,
2466 1825 2634 1896 pallii,
2676 1842 2773 1883 seu
2822 1843 2979 1897 cerae,
3015 1830 3101 1885 vel
3131 1830 3362 1886 aliarum
3415 1846 3505 1888 re-

1926 1930 2047 1971 rum
2071 1932 2236 1987 supra
2258 1917 2375 1988 jam
2418 1917 2565 1973 dicto
2603 1934 2762 1975 sacro
2801 1920 2962 1976 altari
3000 1920 3057 1977 8.
3105 1921 3271 1990 Petri,
3305 1923 3420 1979 sive
3449 1921 3507 1979 in

1925 2008 2270 2066 confessione
2315 2010 2578 2081 positum,
2627 2021 2722 2067 aut
2745 2013 3012 2085 iactatum
3055 2013 3221 2071 fuerit
3242 2016 3329 2071 vel
3348 2016 3506 2073 vobis

1926 2101 2191 2168 oblatum.
2222 2102 2293 2158 ab
2336 2104 2473 2160 hora
2523 2119 2633 2175 qua
2668 2104 2785 2175 ipsa
2825 2106 3015 2175 missa,
3051 2115 3106 2163 et
3148 2107 3387 2164 cilicium
3427 2108 3508 2162 in«~

1924 2194 2119 2249 ciioata
2151 2193 2376 2264 fuerint,
2428 2204 2485 2252 et
2529 2197 2741 2268 expleta
2772 2213 2872 2269 per
2912 2207 3134 2256 nostros
3168 2201 3425 2257 custodes
3448 2201 3505 2257 in

1923 2293 2183 2355 vestram,
2230 2297 2651 2360 vestrorumque
2678 2306 3058 2347 successorum
3109 2292 3382 2361 similiter,
3419 2309 3508 2349 re—

1925 2386 2073 2435 mota
2116 2380 2267 2435 omni
2305 2382 2757 2451 contradictione,
2786 2384 3038 2440 deveniat
3075 2393 3423 2456 potestatem,
3450 2387 3505 2440 in

1925 2472 2125 2541 quibus
2156 2472 2399 2544 quinque
2426 2473 2619 2531 diebus
2648 2474 2698 2530 si
2731 2475 2887 2532 vobis
2923 2477 3231 2549 vestrisque
3286 2494 3508 2536 success

1925 2562 2145 2619 soribus
2176 2564 2308 2620 utile
2336 2565 2517 2621 visum
2546 2564 2712 2622 fuerit
2741 2567 2978 2639 aliquem
3019 2568 3379 2625 diaconorum
3412 2585 3511 2626 no:

1925 2662 2167 2710 strorum
2184 2656 2500 2714 ministrare
2520 2658 2592 2714 ob
2609 2659 2876 2715 honorem
2906 2661 2963 2714 S.
2995 2660 3140 2716 Petri
3162 2670 3400 2718 vestram
3427 2677 3510 2719 res

1921 2755 2220 2804 verenttam
2255 2749 2510 2806 volumus
2539 2760 2750 2821 petere;
2780 2760 3106 2823 potestatem
3141 2762 3325 2810 autem
3359 2752 3509 2827 ejus—

1923 2839 2045 2905 dem
2094 2841 2339 2897 ecclesia:
2391 2841 2448 2896 S.
2498 2841 2643 2897 Petri
2693 2851 2749 2899 et
2792 2845 3234 2914 supradictorum
3278 2860 3508 2901 suorum

1925 2932 2407 3002 monasteriorum,
2454 2942 2510 2989 et
2523 2943 2719 2990 cuncta
2747 2936 3119 2993 ecclesiastica
3137 2936 3345 3007 judicia
3367 2938 3512 3008 ipsc~

1924 3038 2068 3093 rum,
2093 3039 2191 3081 seu
2234 3025 2403 3082 totius
2433 3026 2671 3085 civitatis
2719 3026 2979 3085 Leoninas
3005 3029 3161 3085 vobis
3197 3030 3511 3100 vestrisque

236 3104 478 3185 Thecla,
509 3119 808 3175 constituta
844 3120 1002 3192 juxta
1029 3137 1284 3194 magnam
1323 3122 1609 3177 ecclesiam
1640 3121 1697 3177 S.
1723 3122 1824 3178 Pe—
1851 3103 1892 3160 (ἶ
1925 3118 2338 3174 successoribus
2368 3119 2721 3175 concedimus
2756 3127 2811 3175 et
2857 3121 3269 3191 conﬁrmamus,
3311 3122 3509 3177 simili‘

234 3208 331 3276 tri,
354 3225 480 3264 eum
502 3210 759 3267 omnibus
779 3227 968 3268 eorum
990 3214 1353 3284 pertinentiis,
1377 3224 1677 3288 omnesque
1699 3229 1827 3270 conc

232 3300 577 3363 secrationes
622 3317 748 3374 quae
769 3303 972 3359 ibidem
1009 3311 1157 3372 sunt,
1184 3312 1280 3359 aut
1303 3304 1358 3359 in
1396 3302 1654 3375 praedicta
1678 3304 1823 3359 alma

234 3391 472 3448 ecclesia
499 3393 557 3448 8.
588 3393 759 3462 Petri,
789 3403 885 3451 aut
920 3395 977 3450 in
998 3395 1211 3452 caeteris
1245 3396 1512 3464 ecclesiis,
1543 3412 1665 3467 quae
1696 3403 1826 3453 sunt

237 3484 553 3541 constitutae
601 3484 657 3540 in
693 3494 805 3542 tota
835 3486 1061 3561 civitate
1080 3486 1345 3556 Leonina,
1381 3496 1434 3543 et
1478 3487 1527 3544 si
1564 3503 1823 3544 necessa-

239 3575 388 3630 rium
419 3576 586 3632 fuerit
613 3593 709 3635 eas
734 3590 1081 3648 consecrare,
1127 3581 1312 3638 nullus
1357 3581 1498 3637 alius
1536 3582 1824 3653 episcopus

241 3667 313 3722 ad
360 3669 465 3724 tale
512 3670 900 3739 ministerium,
928 3673 1015 3728 vel
1051 3674 1520 3730 consecrationem
1568 3674 1825 3730 accedere

241 3768 557 3827 praesumat,
606 3760 713 3815 nisi
753 3775 853 3818 vos
900 3762 1178 3833 vestrique
1206 3779 1555 3821 successores
1583 3765 1824 3837 episcopi

244 3847 305 3904 δ.
334 3836 492 3908 sum;
511 3852 768 3910 Candida:
787 3854 1032 3911 ecclesiae
1057 3855 1110 3909 in
1144 3866 1486 3928 perpetuum.

315 3940 677 4001 Coneedimus
711 3954 896 4001 autem
919 3954 975 4001 et
1001 3946 1392 4003 conﬁrmamus
1419 3948 1575 4004 vobis
1605 3950 1826 4007 vestris-

241 4042 353 4104 ‘que
385 4038 798 4093 successoribus
844 4037 901 4092 in
940 4047 1262 4111 perpetuum
1309 4040 1365 4095 S.
1399 4041 1541 4096 diem
1604 4041 1826 4100 Sabbati

240 4128 315 4197 ad
360 4128 615 4199 baptismi
652 4140 1057 4186 sacramentum
1103 4133 1511 4201 celebrandum,
1556 4143 1611 4190 et
1647 4143 1826 4191 totum

243 4220 483 4277 cilicium
536 4220 866 4291 faciendum,
900 4224 954 4279 in
1005 4225 1237 4281 ecclesia
1270 4224 1331 4280 B.
1367 4225 1514 4282 Petri
1562 4228 1823 4299 apostoli,

244 4318 302 4366 et
341 4328 505 4383 supra
556 4329 816 4385 magnum
865 4313 1054 4382 altare,
1088 4316 1144 4370 in
1173 4331 1284 4387 quo
1333 4324 1448 4372 toto
1488 4333 1614 4375 ven.
1646 4319 1824 4388 altari,

1924 3221 2032 3277 que
2052 3210 2215 3265 modo
2237 3210 2306 3265 ad
2332 3210 2704 3282 inungendum
2739 3221 2792 3268 et
2820 3214 3251 3269 consecrandum
3274 3214 3510 3284 imperaa-

1924 3306 2098 3354 torem
2142 3299 2380 3369 primum
2419 3310 2659 3357 vestram
2691 3311 2747 3358 et
2774 3314 3081 3360 vestrorum
3122 3320 3508 3362 successorum

1924 3389 2306 3461 episcoporum
2351 3390 2747 3449 fraternitatem
2793 3412 3184 3465 convocamus,
3213 3406 3276 3453 ut
3305 3399 3509 3468 quibus

1926 3479 2167 3551 regimen
2214 3481 2385 3538 totius
2420 3481 2681 3540 Ecclesia:
2717 3484 2774 3539 8.
2798 3484 2943 3541 Petri
2977 3497 3031 3542 et
3061 3488 3296 3545 civitatis
3317 3488 3510 3545 Leoni-

1925 3587 2010 3627 nae
2030 3574 2388 3631 commissum
2427 3585 2512 3632 est
2545 3577 2615 3633 ab
2657 3578 2744 3634 his
2773 3578 3014 3651 primUm
3034 3583 3112 3638 sit
3136 3583 3506 3638 benedictum.

1923 3662 2035 3720 Nec
2059 3680 2170 3721 non
2199 3676 2397 3724 cuncta
2418 3684 2576 3725 sacra
2596 3669 2794 3731 cilicia.
2820 3688 2916 3729 seu
2943 3675 3223 3745 mysteria,
3252 3692 3375 3746 quze
3404 3692 3508 3733 nos

1925 3763 1979 3810 et
2004 3770 2353 3815 successores
2377 3761 2557 3816 nostri
2586 3758 3130 3833 facere_debcmus,si
3162 3766 3505 3837 aegritudine,

1924 3849 2011 3905 vel
2038 3849 2219 3921 aliqua
2257 3867 2390 3907 cura
2420 3851 2665 3924 impediti
2687 3853 2869 3912 facere
2898 3872 3006 3912 non
3043 3874 3363 3927 possumus,
3392 3869 3509 3916 iam

1927 3940 1984 3998 in
2015 3941 2328 4012 supradicta
2364 3943 2612 4001 Ecclesia
2641 3944 2698 4002 S.
2740 3945 2908 4017 Petri,
2937 3958 2993 4005 et
3021 3952 3370 4007 monasteriis
3391 3954 3509 4009 suis

1927 4047 2092 4105 quam
2124 4049 2221 4105 per
2267 4043 2439 4090 totam
2482 4027 2757 4094 civitatem
2788 4038 3111 4110 Leoninam,
3157 4058 3256 4113 per
3282 4059 3382 4100 vos
3408 4060 3506 4101 ve-

1929 4134 2183 4196 strosque
2216 4143 2565 4186 successores
2594 4129 2711 4186 ﬁeri
2743 4120 3042 4203 apostolica
3062 4135 3386 4192 auctoritate
3413 4137 3510 4195 de-

1928 4234 2227 4276 cernimus.

1998 4309 2483 4370 Consecrationem
2532 4330 2662 4372 vero
2703 4314 2958 4372 altarium
2984 4320 3228 4376 ecclesiae
3271 4320 3327 4375 S.
3364 4319 3510 4377 Petri

248 4414 345 4458 seu
369 4404 427 4459 in
456 4402 825 4472 confessione,
877 4406 1142 4479 quidquid
1174 4406 1317 4475 auri,
1347 4408 1434 4462 vel
1455 4410 1688 4480 argenti,
1711 4412 1827 4480 pal-
1858 4447 1903 4503 Β
1928 4413 1983 4460 et
2015 4405 2249 4461 aliorum
2296 4410 2781 4474 monasteriorum,
2830 4427 2930 4466 nec
2976 4429 3087 4468 non
3140 4416 3512 4470 consecratio-

247 4494 326 4560 lii,
353 4495 439 4550 vel
459 4510 617 4562 cerae,
641 4497 756 4552 sive
779 4497 1010 4553 aliarum
1051 4514 1236 4554 rerum
1267 4499 1530 4569 positum,
1558 4501 1644 4555 vel
1672 4502 1826 4557 obla-

246 4592 386 4650 tum,
415 4586 501 4641 vel
519 4579 785 4656 iactatum
810 4585 994 4653 fuerit,
1017 4587 1102 4643 vel
1128 4588 1284 4645 vobis
1312 4588 1574 4656 oblatum,
1593 4590 1663 4646 ab
1691 4591 1827 4647 liora

246 4672 498 4729 videlicet
531 4674 640 4729 diei
670 4676 852 4743 tertia,
874 4691 992 4755 .qua
1026 4676 1235 4747 ingredi
1257 4676 1545 4735 ecclesiam
1572 4680 1641 4735 ad
1674 4681 1827 4736 ordi-

242 4763 490 4819 nandum
538 4773 594 4822 et
628 4767 994 4838 peragendum
1050 4767 1296 4824 divinum
1336 4769 1571 4826 cilicium
1596 4786 1696 4827 vos
1726 4787 1823 4828 vo-

245 4853 471 4924 lumus,
522 4864 580 4913 et
621 4873 910 4929 usquequo
958 4860 1227 4929 expletam
1276 4858 1334 4915 S.
1380 4860 1678 4919 Dominica:
1721 4863 1831 4920 diei

245 4947 474 5003 missam
502 4947 807 5005 habueritis
840 4963 938 5019 per
954 4958 1168 5005 vestros
1188 4962 1470 5007 curatores
1501 4952 1555 5007 in
1586 4960 1825 5009 vestram

244 5047 664 5110 vestrorumque
684 5054 1088 5119 successorum,
1117 5051 1326 5098 remota
1366 5044 1518 5100 omni
1551 5046 1827 5102 contradi-

245 5130 448 5197 ctione,
485 5130 748 5201 deveniat
786 5140 1130 5203 potestatem.
1166 5133 1234 5189 Et
1261 5134 1390 5206 quia
1421 5152 1597 5207 usque
1621 5137 1690 5193 ad
1718 5154 1822 5193 no-

245 5230 423 5279 strum
475 5230 692 5294 tempus
736 5223 792 5279 in
833 5224 1055 5294 praefata
1085 5226 1314 5283 ecclesia
1359 5225 1416 5283 S.
1461 5227 1628 5296 Petri,
1661 5244 1821 5303 aqua

244 5328 385 5384 pene
419 5330 611 5375 omnes
636 5317 878 5375 ecclesiae
911 5316 1216 5373 doctrinam
1248 5329 1589 5390 acceperunt,
1630 5322 1771 5377 sicut
1791 5336 1825 5379 a

244 5405 507 5477 magistra
533 5416 588 5462 et
629 5405 879 5474 Domina,
927 5408 1044 5463 dies
1082 5408 1365 5467 Dominica
1404 5410 1738 5481 Palmarum,
1769 5423 1826 5470 et

244 5496 365 5553 dies
410 5497 594 5554 Crenas
640 5498 855 5555 Domini
906 5509 962 5555 et
1008 5499 1307 5567 Paraseeve
1326 5511 1435 5557 tam
1466 5503 1823 5561 irreverenter

244 5587 585 5655 colebantur,
613 5595 800 5644 utnec
825 5591 1103 5659 processio
1136 5607 1262 5647 cum
1290 5592 1486 5663 palmis
1517 5593 1572 5648 in
1598 5594 1714 5665 ipsa
1734 5596 1823 5653 die

243 5676 529 5739 Dominica
586 5679 660 5735 ibi
708 5680 881 5748 ﬁeret,
922 5698 1100 5752 neque
1151 5684 1207 5740 in
1237 5674 1327 5741 die
1368 5682 1553 5743 Cinnas
1602 5685 1821 5746 Domini

605 5774 879 5835 Pulice.
926 5775 1140 5839 CXLI.

1929 4512 2055 4551 nem
2097 4498 2477 4566 ecclesiarum,
2534 4501 2810 4569 altarium,
2853 4504 3218 4572 sacerdotum,
3257 4506 3513 4562 diacono-

1927 4603 2073 4655 rum,
2115 4603 2211 4643 seu
2258 4590 2692 4646 diaconistarum
2735 4593 2904 4647 totius
2954 4594 3191 4659 civitatis
3253 4594 3511 4652 Lconinae

1928 4679 2109 4745 vobis,
2128 4681 2436 4752 vestrisque
2466 4684 2881 4740 successoribus
2911 4685 2967 4740 in
2992 4696 3334 4758 perpetuum,
3367 4689 3511 4746 sicut

1928 4770 2268 4840 praelibatum
2314 4782 2417 4840 est,
2462 4774 2816 4832 concedimus
2864 4785 2917 4833 et
2952 4778 3362 4836 conﬁrmamus.
3400 4780 3509 4836 Su-

1931 4876 2135 4933 perque
2183 4864 2346 4919 etiam
2385 4866 2631 4921 ecclesiae
2680 4864 2779 4921 88.
2836 4866 3044 4927 Ruﬁna:
3086 4880 3140 4927 et
3200 4870 3506 4941 Secundze,

1926 4954 2014 5007 cui
2034 4953 2147 5010 Deo
2168 4965 2390 5013 auctore
2422 4958 2747 5028 praesidetis,
2773 4962 2930 5017 vobis
2961 4964 3265 5036 vestrisque
3284 4981 3510 5022 succes-

1925 5048 2143 5104 soribus
2189 5050 2244 5105 in
2275 5061 2594 5121 perpetuum
2644 5055 2997 5112 concedimus
3019 5065 3074 5113 et
3115 5060 3509 5117 conﬁrmamus

1922 5139 2088 5195 etiam
2117 5142 2401 5213 ecclesiam
2438 5142 2495 5198 8.
2523 5145 2801 5201 Adalberti
2821 5157 2875 5203 et
2892 5146 3103 5205 Paulini
3125 5165 3251 5207 cum
3277 5153 3507 5211 ecclesia

1926 5230 1984 5285 S.
2025 5230 2320 5301 Benedicti,
2352 5242 2406 5289 et
2429 5236 2579 5290 omni
2602 5253 2703 5303 sua
2732 5237 3042 5310 integritate
3064 5250 3119 5297 et
3141 5245 3505 5314 pertinentiis,

1923 5330 1977 5378 et
2002 5323 2144 5379 sicut
2172 5326 2238 5380 ad
2265 5341 2463 5382 manus
2500 5337 2711 5385 vestras
2734 5329 2895 5385 hodie
2932 5333 3126 5389 tenetis
3151 5337 3327 5405 prsita
3364 5337 3506 5393 infra

1924 5414 2067 5470 hanc
2088 5417 2361 5472 civitatem
2390 5417 2694 5474 Romanam
2722 5421 2778 5475 in
2804 5422 2983 5493 inspla
3030 5423 3323 5496 Lycaonia,
3346 5438 3407 5483 ut
3435 5430 3508 5484 sit

1922 5507 2077 5563 vobis
2100 5509 2407 5579 vestrisque
2421 5512 2833 5570 successoribus
2852 5530 2977 5571 cum
3002 5518 3282 5575 volueritis
3301 5521 3505 5590 cpiscot

1922 5599 2042 5669 pale
2062 5600 2421 5667 domicilium,
2463 5611 2518 5657 et
2544 5619 2845 5675 congruum
2872 5611 3272 5679 receptaculum
3301 5628 3503 5682 oppor-

1923 5700 2226 5764 tunumque
2273 5694 2664 5766 habitaculum,
2724 5700 3187 5769 quemadmodum
3243 5704 3506 5761 interesse

3064 5797 3145 5858 36
