4056 5360
534 135 665 190 Ηδι

1818 124 2101 189 JOANNIS
2138 125 2256 186 XIX
2300 125 2505 187 PAP/E

529 249 745 304 videtur
789 247 1147 306 Portucnsem
1202 248 1511 316 ecclesiam,
1558 247 1614 304 s.
1663 246 1927 305 Joannem
1973 249 2114 304 inter
2142 249 2189 308 Δ
2283 245 2631 303 Crescentius
2649 246 2933 303 diaconus.

529 340 666 397 duos
685 346 899 412 pontes,
938 341 1283 413 presbyteros
1310 356 1440 397 vero
1480 348 1534 397 et
1578 340 1825 408 clericos,
1867 340 1962 412 qui
2013 352 2116 411 pro

530 441 773 503 tempore
798 432 855 487 in
878 434 1067 490 eadem
1098 432 1327 490 ecclesia
1357 431 1414 487 S.
1442 432 1750 500 Adalberti,
1787 430 2019 500 Paulini,
2061 441 2116 489 et

528 522 807 579 Benedicti
835 523 1060 590 fuerint,
1089 527 1163 582 ita
1192 525 1469 596 subjectos
1492 510 1651 581 vobis
1693 539 1815 581 esse
1859 526 2115 583 volumus

528 622 591 669 ut
618 616 872 686 proprios
900 615 1040 672 ﬁlios
1089 616 1332 673 ecclesiae
1351 625 1543 672 vestra:
1563 658 1577 684 ,
1601 625 1655 671 et
1679 615 1749 671 ab
1793 617 1942 671 omni
1992 616 2118 688 jure

530 693 655 763 illos
681 707 1078 777 subtrahimus,
1109 717 1218 764 tum
1249 708 1560 781 paternitati
1589 716 1773 764 tamen
1813 725 1909 765 eos
1960 724 2116 765 com-

530 799 829 868 mittentes,
858 808 920 856 ut
957 801 1299 858 solummodo
1339 809 1583 855 vestrum
1607 800 1876 872 judicium
1918 818 2116 872 exspe-

529 899 710 959 ctent,
736 900 919 948 vestro
977 892 1220 947 dominio
1268 891 1622 959 famulentur,
1671 900 1726 947 et
1787 909 1885 965 per
1930 894 2117 950 omnia

528 983 726 1040 vestris
757 984 1114 1040 rationalibus
1143 985 1515 1040 obsecundent
1536 984 1828 1053 mandatis,
1859 994 1940 1053 ut,
1974 1001 2115 1057 quo-

528 1076 695 1133 modo
724 1076 880 1133 vobis
906 1078 1110 1149 placet,
1135 1091 1231 1132 eos
1277 1078 1553 1144 ordinare,
1601 1078 1901 1133 secundum
1939 1079 2114 1147 decet,

528 1181 737 1240 regere,
768 1169 1064 1225 informare
1087 1177 1143 1225 et
1168 1170 1458 1226 emendare
1482 1178 1669 1229 nostra
1698 1172 2119 1242 apostolica-auo

530 1262 778 1317 ctoritate
808 1263 863 1318 in
892 1272 1213 1335 perpetuum
1242 1263 1429 1331 liceat,
1472 1264 1745 1335 praedictis
1772 1279 1904 1320 vero
1935 1265 2116 1320 omni-
2176 1290 2179 1293 ι

528 1354 633 1410 bus
653 1355 807 1424 locis,
834 1364 890 1412 et
910 1356 1130 1415 familiis
1149 1372 1276 1414 cum
1300 1358 1557 1415 omnibus
1582 1373 1773 1413 eorum
1799 1358 2118 1429 pertinenti-

525 1446 651 1514 bus,
683 1447 826 1504 sicut
862 1449 1115 1520 superius
1148 1450 1319 1505 missa
1355 1457 1504 1518 sunt,
1528 1465 1561 1505 a
1602 1450 1860 1521 praesenti
1906 1450 2118 1506 decima

525 1537 844 1608 indictione,
875 1542 993 1609 tibi,
1032 1541 1249 1613 tuisque
1287 1542 1698 1601 successoribus
1720 1542 1775 1597 in
1800 1542 1991 1598 eodem
2018 1557 2116 1598 ve-

2291 334 2527 395 Joannes
2564 337 2933 401 subdiaconus

2287 431 2526 488 Joannes
2547 431 2695 486 card.
2725 431 2807 485 tit.
2837 428 2894 483 S.
2922 426 3108 483 Marci.
3142 458 3145 465 ι

2287 523 2525 580 Joannes
2545 522 2764 578 Domini
2786 522 2959 594 gratia
2980 520 3263 577 diaconus.

2286 616 2523 677 Joannes
2546 616 2918 673 subdiaconus
2939 614 3008 669 de
3040 613 3198 668 Mira.

2286 708 2526 765 Joannes
2546 708 2828 781 presbyter
2864 707 2950 762 tit.
2989 705 3047 761 S.
3095 701 3313 760 Callisti
3370 701 3433 759 in
3485 698 3817 757 Transtibe-

2215 800 2342 859 rim.

2287 890 2636 947 Croscentius
2662 889 2947 945 diaconus.

2288 980 2610 1051 Rodulphus
2638 981 2894 1050 indignus
2914 980 3214 1051 presbyter,
3250 984 3306 1033 et
3348 976 3522 1042 abbas
3565 991 3640 1033 ex
3696 990 3819 1030 mo.

2217 1073 2458 1129 nasterio
2484 1070 2542 1126 8.
2570 1071 2868 1138 Laurentii,
2898 1072 2992 1141 qui
3018 1069 3239 1141 ponitur
3264 1069 3319 1127 in
3344 1066 3645 1125 Clausura.

2286 1164 2526 1221 Joannes
2553 1165 2833 1237 presbyter
2858 1164 3009 1227 card.
3048 1164 3132 1218 tit.
3159 1161 3219 1217 S.
3242 1159 3558 1233 Grisogoni.

2288 1254 2502 1311 France
2523 1254 2809 1327 diaconus.
3072 1306 3075 1309 λ
3389 1306 3395 1313 ,
3426 1286 3435 1315 ι.
3540 1268 3545 1293 τ

2288 1345 2592 1419 Raynerius
2638 1346 2923 1402 diaconus.

2287 1437 2486 1492 Datum
2517 1452 2610 1491 xvi
2656 1434 2773 1493 Kal.
2821 1433 3091 1501 Januarii,
3131 1448 3232 1506 per
3278 1447 3476 1491 manus
3529 1430 3816 1501 Benedicti

2217 1526 2460 1601 episcopi
2494 1525 2834 1591 Portuensis,
2884 1533 2942 1580 et
2999 1523 3121 1585 'vice
3162 1521 3445 1595 Peregrini
3486 1519 3812 1575 Coionicns.

526 1632 760 1688 nerabili
785 1632 1063 1706 episcopio
1090 1634 1143 1688 in
1162 1612 1495 1705 perpetuum
1522 1634 1812 1701 donamus,
1828 1634 2111 1706 largimur,
2146 1622 2195 1677 Β
2216 1619 2611 1690 θΐοῆίορίεεορί
2632 1617 3035 1674 bibliotheca?“
3061 1616 3119 1671 δ·
3134 1613 3452 1686 θρθειοιίθω
3667 1625 3817 1706 sum

528 1725 881 1782 concedimus
908 1734 964 1781 et
994 1725 1408 1794 conﬁrmamus,
1450 1734 1614 1798 atque
1664 1727 1973 1785 stabilimus
2016 1741 2115 1797 pe-

527 1816 770 1872 renniter
809 1818 865 1872 in
907 1834 1071 1877 usum
1119 1826 1174 1874 et
1224 1818 1514 1874 utilitatem
1566 1818 1742 1889 ipsius
1788 1818 2116 1875 venerabilis

524 1907 807 1981 episcopii,
838 1918 892 1966 et
914 1910 1297 1982 episcoporum
1339 1910 1435 1982 qui
1455 1926 1551 1981 per
1570 1918 1814 1981 tempora
1844 1910 2118 1967 tenuerint

525 1999 703 2071 ipsam
726 2001 1035 2058 ecclesiam.
1060 2001 1375 2060 Statuentes
1402 2003 1601 2073 quippe
1641 2003 1943 2074 apostolica
1989 2017 2117 2058 cen-

528 2108 679 2160 sura,
704 2094 808 2150 sub
837 2094 1005 2150 divini
1031 2094 1227 2166 judicii
1256 2095 1626 2153 obtestatione
1652 2103 1708 2150 et
1752 2094 2118 2151 anathematis

526 2183 835 2252 interdicto,
858 2194 916 2240 ut
958 2185 1092 2242 nulli
1116 2201 1359 2258 unquam
1395 2194 1713 2242 nostrorum
1734 2201 2118 2244 successorum

525 2276 865 2347 pontiﬁcum,
886 2278 972 2335 vel
1000 2278 1095 2350 qui
1120 2279 1367 2350 publicas
1398 2277 1575 2336 functi
1611 2277 1818 2334 fuerint
1852 2279 2116 2347 actiones,

527 2366 614 2423 vel
637 2369 741 2423 alia
770 2366 1025 2441 qurelibet
1051 2385 1271 2443 magna,
1314 2385 1592 2441 parvaque
1640 2385 1873 2441 persona
1925 2371 2121 2427 audeat

527 2463 933 2534 vel‘praasumat
961 2464 1166 2536 aliquid
1188 2462 1256 2520 de
1291 2454 1549 2520 omnibus
1592 2480 1717 2534 qua:
1748 2479 1912 2535 supra
1941 2464 2121 2519 contio

530 2565 748 2624 nentur,
772 2565 963 2613 contra
999 2557 1105 2613 hoc
1133 2565 1386 2614 nostrum
1418 2558 1727 2629 pontiﬁcale
1776 2557 2118 2629 privilegium

531 2664 711 2719 agere,
732 2650 821 2705 vel
841 2650 1081 2707 alienare
1109 2659 1206 2706 aut
1230 2649 1466 2718 auferre,
1496 2650 1703 2706 scilicet
1740 2648 1924 2720 potius
1962 2649 2120 2705 ﬁrma

530 2750 692 2811 atque
717 2741 932 2798 stabilia
959 2743 1236 2813 perpetuis
1268 2742 1625 2814 temporibus,
1668 2742 1831 2799 sicuti
1878 2756 1910 2797 a
1962 2742 2121 2799 nobis

529 2823 819 2890 statuta'et
844 2835 1167 2891 conﬁrmata
1195 2834 1703 2903 sunt,decernimus
1728 2834 2117 2905 permanenda.

532 2925 590 2981 Si
613 2926 737 2997 quis
760 2934 965 2995 autem,
987 2927 1135 3000 quod
1181 2942 1290 2983 non
1339 2935 1617 2999 optamus,
1651 2926 1940 2982 temerario
1982 2941 2119 2981 ausu

2216 1712 2567 1783 pontiﬁcatus
2577 1710 2785 1765 domini
2802 1710 2973 1765 nostri
2989 1708 3216 1764 Joannis
3231 1703 3754 1777 summipontiﬁcis.
3765 1714 3819 1759 et

2217 1803 2543 1861 universalis
2578 1802 2697 1856 XIX
2725 1818 2879 1874 papae
2916 1802 2974 1856 in
3006 1799 3374 1857 sacratissima
3407 1798 3541 1855 sede
3568 1797 3639 1852 Β.
3671 1796 3817 1851 Petri

2218 1896 2471 1970 apostoli,
2502 1896 2663 1957 tertio
2685 1911 2874 1952 mense
2901 1894 3179 1962 Deeemb.,
3209 1892 3507 1951 indictione
3533 1908 3589 1945 ι.

2280 2011 2633 2068 Decernimus
2654 2025 2785 2082 ergo
2810 2017 2868 2065 ut
2895 2010 3031 2065 nulli
3062 2007 3289 2065 omnino
3329 2005 3626 2062 hominum
3657 2004 3821 2060 liceat

2217 2106 2531 2177 praedictam
2575 2103 2873 2159 Ecclesiam
2917 2111 3120 2158 temere
3164 2100 3509 2171 perturbare,
3568 2104 3671 2152 aut
3700 2096 3823 2166 ejus

2217 2198 2602 2272 possessiones
2632 2196 2867 2263 auferre,
2895 2197 2980 2250 vel
3013 2195 3225 2251 ablatas
3248 2194 3508 2259 retinere,
3540 2190 3818 2255 minuere,

2216 2294 2302 2349 vel
2329 2292 2552 2363 injustis
2573 2288 2955 2346 vexationibus
2982 2287 3230 2357 fatigare.
3258 2284 3476 2341 scilicet
3504 2281 3703 2337 omnia
3738 2281 3825 2334 in—

2220 2394 2367 2457 tegra
2394 2390 2788 2440 conserventur
2806 2396 3001 2437 eorum
3029 2393 3130 2449 pro
3154 2390 3389 2447 quorum
3416 2372 3825 2446 gubernatione

2220 2491 2285 2533 ac
2321 2474 2720 2533 sustentatione
2756 2487 3019 2529 concessa
3062 2479 3212 2537 sunt,
3256 2468 3449 2523 usibus
3478 2463 3824 2523 omnimodis

2218 2568 2525 2641 profutura,
2550 2567 2699 2623 salva
2722 2564 2867 2621 sedis
2890 2561 3201 2635 apostolicae
3221 2560 3567 2616 auctoritate.
3613 2556 3675 2612 Si
3700 2571 3826 2627 quae

2220 2662 2386 2734 igitur
2411 2661 2470 2715 in
2498 2658 2745 2714 futurum
2776 2655 3176 2720 ecclesiastica,
3220 2652 3525 2717 saecularis,
3574 2649 3668 2705 vel
3717 2648 3823 2703 alia

2220 2768 2479 2825 persona,
2504 2751 2648 2806 hanc
2675 2759 2876 2806 nostra
2899 2746 3310 2805 constitutionis
3333 2743 3616 2815 paginam,
3643 2739 3822 2796 sciens

2222 2854 2413 2901 contra
2454 2858 2577 2899 eam
2615 2851 2822 2897 temere
2855 2840 3038 2896 venire
3068 2837 3379 2903 tentaverit,
3420 2833 3674 2891 secundo
3715 2842 3825 2886 ter-

2221 2938 2381 2993 tiove
2404 2934 2760 3001 commonita,
2790 2933 2899 2988 nisi
2927 2942 3157 2988 reatum“
3176 2944 3340 2986 suum
3376 2943 3633 2999 congrua
3662 2925 3823 2982 satis.

530 3027 722 3074 contra
778 3020 883 3075 hoc
930 3027 1183 3077 nostrum
1237 3020 1600 3092 apostolicum
1667 3018 2011 3090 privilegium
2065 3018 2121 3073 in

2230 3030 2459 3086 factione
2486 3026 2803 3092 correxerit,
2834 3024 3117 3096 potestatis
3142 3021 3482 3092 honorisque
3513 3019 3603 3074 sui
3620 3025 3826 3072 careat

529 3126 810 3183 quoquam
835 3099 1212 3185 transgressor
1234 3116 1358 3169 esse
1391 3110 1805 3182 praesumpserit
1839 3110 1926 3166 vel
1968 3108 2120 3165 fran-

530 3218 658 3273 gere
683 3219 853 3260 ausus
879 3202 1062 3271 fuerit,
1093 3212 1148 3259 et
1176 3204 1231 3259 in
1254 3204 1513 3259 omnibus
1536 3203 1796 3258 obcdiens
1826 3210 1882 3258 et
1929 3202 2119 3257 obser-

527 3306 686 3351 vator
708 3311 831 3353 esse
851 3296 1109 3362 noluerit,
1135 3296 1274 3352 sciat
1295 3311 1353 3352 se
1379 3295 1702 3351 auctoritate
1733 3294 1830 3350 Dei
1870 3293 2121 3364 omnipo-
2156 3326 2167 3337 υ

530 3389 697 3444 tentis
715 3396 770 3444 et
793 3388 1003 3444 domini
1021 3388 1196 3444 nostri
1241 3388 1613 3459 apostolorum
1658 3384 1923 3457 principis
1952 3385 2119 3451 Petri,

532 3481 714 3551 cujus,
735 3481 865 3537 licet
888 3480 1168 3548 immeriti,
1199 3479 1294 3535 Dei
1325 3488 1509 3534 tamen
1538 3479 1853 3550 dignatione
1883 3478 2123 3549 gerimus

528 3572 699 3640 vices,
724 3572 1089 3629 anathematis
1105 3571 1320 3627 vinculo
1341 3571 1683 3638 innodatum,
1699 3577 1756 3625 et
1777 3584 1807 3624 a
1834 3584 2004 3640 regno
2026 3568 2123 3624 Dei

532 3665 799 3735 alienum,
826 3671 993 3737 atque
1021 3680 1147 3720 cum
1183 3663 1323 3719 Juda
1372 3663 1632 3720 traditore
1675 3663 1894 3722 Domini
1949 3660 2122 3718 nostri

530 3756 661 3814 Jesu
688 3756 894 3814 Christi
918 3765 974 3813 et
993 3757 1250 3812 omnibus
1281 3756 1463 3826 impiis
1495 3757 1680 3813 socius
1711 3757 1782 3812 sit
1808 3759 1860 3812 in
1886 3756 2120 3815 inferno.

532 3849 639 3916 Qui
664 3866 795 3906 vero
825 3864 927 3920 pro
960 3848 1161 3904 intuitu
1224 3857 1410 3904 custos
1472 3856 1528 3903 et
1587 3846 1904 3905 observator
1960 3847 2126 3917 hujus

532 3942 708 3997 nostri
733 3941 1018 4011 apostolici
1065 3939 1335 4013 privilegii
1372 3941 1660 4007 exstiterit,
1710 3940 1919 3997 meritis
1965 3946 2127 4010 atque

532 4033 791 4103 precibus
812 4033 873 4088 Β.
903 4033 1050 4089 Petri
1074 4034 1447 4104 apostolorum
1473 4033 1757 4103 principis,
1788 4042 1843 4088 et
1868 4030 1968 4087 SS.
1987 4047 2129 4086 mar-

536 4137 716 4195 tyrum
748 4123 957 4180 Ruﬁna:
985 4132 1039 4180 et
1062 4123 1327 4179 Secundae
1357 4122 1414 4176 in
1458 4123 1711 4178 aethereis
1743 4122 1961 4177 arcibus
1989 4135 2130 4192 pra:-

537 4218 669 4282 mia,
693 4225 747 4270 et
766 4215 1161 4271 benedictionis
1196 4215 1424 4285 gratiam
1469 4221 1633 4284 atque
1672 4213 2125 4277 misericordiam,

537 4326 570 4365 a
600 4310 752 4381 justo
769 4307 952 4379 judice
976 4306 1209 4362 Domino
1241 4306 1350 4362 Deo
1388 4315 1598 4374 nostro,
1646 4307 1814 4362 vitam
1867 4314 2126 4362 aeternam
2159 4326 2229 4381 “-

535 4404 840 4476 percipere,
870 4409 926 4458 et
949 4399 1193 4456 invenire
1230 4407 1502 4455 mercatur
1545 4399 1603 4455 in
1649 4399 1849 4457 saecula
1896 4398 2124 4455 sacculo.

536 4511 684 4552 rum.
711 4495 902 4551 Amen.

612 4588 887 4660 Scriptum
921 4601 1020 4659 per
1060 4600 1287 4641 manum
1322 4584 1540 4657 Georgii
1590 4583 1791 4642 notarii
1832 4584 2123 4656 regionarii

538 4666 703 4753 atque
731 4679 1014 4749 scriptoris
1050 4676 1107 4732 S.
1140 4676 1205 4732 R.
1239 4676 1499 4733 Ecclesiae
1554 4679 1611 4733 in
1669 4693 1856 4734 mense
1898 4677 2122 4733 Decem-

540 4774 674 4838 bris,
702 4779 755 4828 et
780 4770 1076 4826 indictione
1102 4784 1265 4840 supra
1304 4769 1506 4838 scripta
1528 4785 1581 4823 x.

612 4863 922 4919 Thebaldus
946 4862 1081 4917 Bell.
1100 4869 1241 4918 tren.
1272 4860 1530 4917 Ecclesia:
1550 4861 1859 4931 episcopus.

613 4953 959 5008 Theobaldus
980 4953 1270 5023 episcopus
1293 4960 1495 5006 sanctae
1526 4951 1721 5007 Alban.
1749 4951 2022 5008 Ecclesizc.

612 5044 930 5099 Dominicus
956 5043 1014 5099 S.
1047 5043 1304 5098 Lavican.
1329 5041 1475 5098 Eccl.
1501 5044 1672 5114 episc.

612 5132 810 5190 Petrus
828 5134 1089 5191 Praenest.
1110 5134 1257 5190 Eccl.
1272 5134 1441 5204 episc.

616 5221 813 5280 Petrus
831 5226 999 5295 episc.
1039 5224 1096 5279 8.
1124 5223 1361 5282 Ostiens.
1396 5225 1671 5282 Ecclesiae.

620 5313 927 5360 Smnhnnns
945 5316 1224 5360 nmslwtnr
1244 5317 1385 5360 tituli
1412 5325 1613 5360 enm-tm
1635 5316 1883 5360 Cmoilim-

2221 3120 2503 3192 dignitate,
2530 3133 2794 3188 reamque
2823 3132 2882 3173 se
2910 3116 3097 3172 divino
3114 3114 3298 3186 judice
3322 3112 3561 3168 existere
3601 3110 3671 3165 de
3688 3124 3822 3179 ’per-

2222 3220 2433 3284 patrata
2461 3210 2746 3282 iniquitate
2787 3217 3101 3278 cognoscat,
3129 3216 3184 3262 et
3226 3223 3257 3261 a
3298 3203 3684 3260 sacratissimo
3700 3215 3821 3257 cor-

2223 3320 2357 3376 pore
2410 3318 2477 3358 ac
2503 3302 2768 3374 sanguine
2794 3300 2890 3355 Dei
2917 3309 2971 3355 et
2994 3299 3211 3354 Domini
3230 3295 3617 3366 Redemptoris
3646 3293 3822 3349 nostri

2223 3396 2350 3451 Jesu
2379 3394 2586 3451 Christi
2622 3394 2801 3450 aliena
2829 3392 2942 3459 ﬁat,
2968 3400 3132 3463 atque
3176 3390 3232 3445 in
3273 3397 3525 3443 extremo
3569 3386 3823 3440 examine

2223 3488 2468 3545 districto
2502 3486 2780 3557 subiaceat
2801 3484 3015 3539 ultioni.
3051 3481 3277 3538 Cunctis
3294 3487 3479 3535 autem
3501 3478 3684 3533 eidem
3701 3476 3823 3531 loco

2225 3597 2324 3637 sua
2349 3581 2477 3653 jura
2513 3577 2879 3644 servantibus,
2920 3576 2998 3633 sit
3041 3590 3148 3646 pax
3191 3572 3410 3628 Domini
3459 3570 3641 3626 nostri
3689 3568 3819 3623 Jesu
3885 3582 3888 3586 λ

2224 3671 2447 3738 Christi,
2483 3677 2752 3741 quatenus
2770 3712 2786 3735 ,
2808 3678 2863 3724 et
2880 3667 2974 3725 hic
2996 3666 3234 3722 fructum
3252 3665 3410 3720 bonae
3435 3663 3677 3718 actionis
3706 3677 3821 3733 per-

2226 3761 2451 3832 cipiant,
2479 3768 2535 3815 et
2555 3759 2698 3829 apud
2732 3757 3042 3814 districtum
3073 3754 3321 3811 Judicem
3346 3752 3577 3824 praemia
3604 3760 3822 3807 aeterna

2227 3854 2379 3925 pacis
2412 3850 2712 3908 inveniant.
2755 3848 2952 3905 Amen.

2970 3950 3046 4016 Ἴ.

2228 4059 2458 4116 Joannes
2498 4056 2639 4114 XIX
2678 4057 2735 4112 in
2770 4053 2993 4111 concilio
3038 4051 3277 4118 Petrum,
3311 4049 3616 4120 episcopum
3662 4045 3816 4103 Silva

2300 4131 2578 4194 Candida,
2642 4136 2883 4197 acccptag
2907 4126 3076 4197 virga,
3117 4122 3182 4197 de
3222 4123 3466 4197 universa
3508 4130 3659 4174 terra
3707 4133 3816 4171 om-

2301 4204 2446 4258 nium
2470 4193 2810 4256 ecclesiarum
2843 4193 3092 4260 Galatiae,
3124 4193 3354 4249 investit.

2818 4286 2998 4360 (Anno
3042 4284 3222 4355 1026.)

2626 4380 2914 4456 [Uunnun
2947 4378 3104 4443 ibid.,
3132 4392 3273 4447 ρεαδ..
3288 4372 3400 4448 98..

2290 4476 2355 4533 1n
2382 4474 2603 4533 nomine
2634 4481 2840 4530 sancta:
2861 4480 2916 4528 et
2949 4469 3242 4527 individua:
3281 4464 3585 4531 Trinitatis,
3617 4462 3813 4527 Patris,

2223 4578 2278 4625 et
2304 4568 2445 4636 Filii,
2470 4578 2525 4625 et
2550 4566 2787 4638 Spiritus
2812 4563 3005 4621 sancti.
3046 4560 3242 4614 Amen.

2294 4666 2410 4740 Ego
2429 4664 2664 4720 Joannes
2690 4662 2877 4718 divina
2904 4649 3398 4740 providentia‘XlX
3423 4665 3568 4740 papa
3612 4648 3813 4740 Doma-

2221 4736 2555 4821 nus,'sciens
2589 4764 2731 4821 pene
2768 4753 2968 4803 cuncta
3006 4738 3270 4798 oblivioni
3317 4736 3439 4792 dari
3468 4737 3543 4791 ob
3586 4736 3813 4791 nimiam

2227 4849 2574 4922 fragilitatem
2601 4847 2900 4911 humanam
2928 4881 2944 4907 ,
2974 4852 3097 4909 quae
3130 4835 3203 4889 ad
3230 4835 3498 4889 honorem
3541 4839 3599 4885 et
3620 4831 3814 4885 utilita-

2227 4953 2337 5000 tem
2363 4940 2463 4997 SS.
2486 4938 2698 4993 Ruﬁna:
2749 4943 2804 4991 et
2833 4931 3096 4989 Secundae
3132 4936 3453 4998 martyrum
3476 4924 3812 4993 temporibus

2225 5044 2376 5108 gesta
2417 5039 2566 5097 sunt,
2605 5028 2800 5085 litteris
2831 5022 3112 5096 pandenda
3154 5018 3571 5081 mandavimus,
3612 5024 3674 5069 ut
3712 5028 3808 5083 po-

2188 5127 2355 5185 steri
2395 5122 2739 5181 devotionem
2798 5133 2925 5188 erga
2968 5123 3156 5170 nostra
3195 5112 3317 5166 loca
3365 5115 3719 5179 cognoscant,
3758 5111 3809 5158 et

2222 5219 2271 5276 si
2325 5218 2423 5289 qui
2479 5215 2707 5272 rebelles
2763 5209 3004 5274 fuerint,
3060 5204 3456 5261 contabescant
3506 5208 3560 5252 et
3610 5196 3806 5251 erube-

2225 5319 2399 5360 scant.
2479 5304 2746 5360 Defuncto
2816 5300 2983 5360 igitur
3050 5293 3339 5354 Gregorio
3384 5291 3641 5352 episcono
3710 5299 3803 5339 su-
