4018 6458
196 374 335 433 1153

1356 368 1715 436 EPISTOLAS
1758 375 1844 436 ET
1882 379 2297 439 DIPLOMATA.

3307 382 3445 440 H31

191 489 400 547 Nicolai
430 490 497 547 de
515 488 729 548 Galeria
762 492 1045 563 coeperunt
1065 506 1253 564 gerere
1271 493 1525 550 eumdem
1554 493 1766 565 episco-
1795 502 1842 557 Α
1869 497 2033 565 mine,
2064 497 2295 552 nullum.
2320 518 2337 549 ι
2359 494 2511 552 Tunc
2535 512 2633 554 nos
2657 494 3131 569 interrogavimus,
3149 496 3449 555 residentes

190 598 324 658 pum
360 583 427 638 de
467 584 798 655 presbyteris
836 583 894 640 8.
924 582 1174 652 Andreae,
1211 584 1513 656 presbyteri
1540 600 1671 641 vero
1706 585 1763 641 8.

191 674 424 730 Andreae
467 685 799 747 rogaverunt
832 677 1150 747 episcopum
1194 686 1254 732 ut
1281 676 1409 732 illuc
1443 677 1569 745 iret,
1604 686 1660 732 et
1714 678 1767 731 in

192 771 452 843 praedicta
479 769 706 826 ecclesia
743 770 801 826 8.
824 772 1054 827 Andreae
1079 772 1274 828 altaria
1304 772 1612 828 aediﬁcaret.
1639 771 1772 839 Qui-

193 865 301 934 bus
327 863 617 936 cpiscopus
649 864 930 935 respondit
961 880 1071 918 non
1093 864 1290 919 debere
1318 863 1393 918 ibi
1423 864 1616 918 altaria
1641 879 1771 919 con—

196 970 433 1021 secrare,
462 954 592 1026 quia
621 955 687 1012 de
724 954 842 1025 ipsa
874 955 1106 1011 ecclesia
1135 955 1383 1026 litigatur
1406 955 1686 1027 presbyter
1710 952 1769 1008 8.

192 1045 422 1115 Nicolai,
456 1047 609 1116 prius
653 1047 819 1119 igitur
857 1048 1082 1102 veniant
1125 1055 1368 1117 utraeque
1413 1056 1598 1117 partes
1648 1054 1774 1102 ante

196 1155 319 1207 nos,
342 1146 396 1193 et
421 1137 629 1209 legibus
657 1137 896 1204 finiatur,
939 1146 994 1193 et
1026 1146 1156 1194 tunc
1195 1137 1242 1193 si
1273 1138 1535 1193 canonice
1559 1146 1771 1207 potero,

197 1231 265 1286 ad
295 1230 579 1286 servitium
631 1228 688 1284 8.
740 1229 997 1285 Ecclesia:
1041 1229 1351 1288 faciendum
1387 1230 1618 1285 libenter
1661 1231 1770 1284 ibo.

200 1323 296 1378 llis
326 1322 527 1377 auditis
548 1321 753 1378 reversi
776 1330 924 1389 sunt,
951 1329 1004 1376 et
1023 1321 1494 1393 archipresbytero
1537 1328 1592 1375 et
1615 1329 1776 1377 caete-

198 1416 277 1472 ris
307 1413 638 1487 presbyteris
671 1414 1082 1482 nuntiaverunt,
1119 1414 1212 1484 qui
1240 1414 1439 1469 iterum
1484 1421 1646 1482 atque
1675 1412 1777 1467 ite-

195 1524 320 1563 rum
352 1506 613 1563 canonice
639 1505 838 1574 vocati,
878 1504 1098 1561 tandem
1129 1515 1374 1575 utrzeque
1394 1512 1576 1576 partes
1607 1517 1775 1558 venes

199 1607 329 1655 runt
356 1608 481 1654 ante
504 1594 664 1654 suum
694 1599 1037 1669 episcopum,
1075 1613 1313 1669 quorum
1339 1613 1564 1653 causam
1588 1595 1777 1652 volens

198 1688 515 1762 prmlibatus
539 1690 733 1745 Petrus
758 1689 1046 1761 cpiSCOpus
1081 1691 1155 1745 ita
1197 1688 1355 1744 ﬁnire
1411 1697 1471 1744 ut
1496 1703 1777 1759 nunquam

200 1785 376 1855 magis
393 1784 462 1839 lis
487 1782 613 1838 inde
636 1783 896 1852 oriretur,
919 1793 1044 1851 ante
1070 1791 1314 1838 nostram
1340 1781 1683 1852 praesentiam
1715 1778 1779 1834 il-

199 1877 285 1933 los
314 1875 594 1941 conduxit,
618 1889 721 1930 nos
739 1889 872 1930 vero
900 1875 1200 1930 residentes
1227 1874 1283 1928 in
1306 1873 1537 1930 ecclesia
1567 1871 1625 1928 S.
1653 1870 1777 1944 Syl-

200 1969 410 2036 vestri,
448 1974 571 2038 quae
599 1975 685 2022 est
728 1966 869 2022 infra
913 1967 1177 2039 palatium
1222 1966 1587 2024 Lateranense
1615 2008 1631 2034 ,
1669 1981 1778 2021 una

202 2046 328 2116 cum
351 2058 663 2115 Theobaldo
685 2058 1065 2115 Belliternens.
1079 2101 1094 2127 ,
1111 2058 1272 2114 Petro
1293 2057 1648 2124 Praenestino,
1679 2055 1780 2113 Be-

203 2153 417 2208 nedicto
434 2151 746 2218 Portuensi,
771 2150 1087 2207 Theobaldu
1107 2150 1426 2218 Albanensi,
1448 2150 1611 2206 Petro
1638 2146 1781 2206 Osti-

203 2246 346 2310 ensi,
382 2244 670 2300 Dominico
713 2244 971 2300 Lavican.
1024 2245 1317 2301 Benedicto
1363 2243 1781 2311 archidiacono,

204 2338 542 2405 Crescentio,
590 2345 754 2407 atque
795 2336 1098 2410 Raynerio,
1140 2336 1402 2409 Gregorio
1442 2335 1782 2398 diaconibus,

199 2428 370 2485 Petro
416 2430 566 2485 card.
616 2430 675 2484 8.
722 2428 963 2497 Damasi,
1006 2429 1290 2486 Francone
1330 2428 1479 2484 card.
1530 2426 1589 2483 8.
1625 2425 1783 2493 Sixti,

202 2510 466 2577 Tuidisco
494 2522 644 2577 card.
698 2520 755 2576 8.
789 2520 1059 2590 Marcelli,
1108 2522 1341 2591 aliisque
1366 2520 1787 2592 quamplurimis

203 2614 611 2681 sacerdotibus,
647 2621 702 2668 et
748 2613 963 2669 clericis
1010 2606 1355 2670 adstantibus
1400 2621 1583 2668 autem
1624 2611 1790 2667 Bene-

208 2707 361 2771 dicto
386 2705 740 2773 Primieerio,
785 2713 839 2761 et
879 2705 988 2761 alio
1029 2704 1324 2761 Benedicto
1378 2702 1788 2770 Secundiceriu,

204 2799 526 2855 Crescentio
574 2799 1013 2866 nomenclatore,
1059 2797 1221 2853 Petro
1263 2797 1442 2868 primo
1481 2795 1788 2863 defensore,

208 2892 488 2964 Stephano
541 2889 995 2947 Protoscriniario
1019 2931 1035 2957 ,
1088 2888 1300 2945 JOanne
1356 2887 1634 2944 Deubaldo
1688 2885 1793 2941 Da-

209 2987 325 3041 tivo
363 2986 582 3057 judice,
637 3001 733 3042 seu
790 2984 969 3041 fratre
1012 2993 1204 3041 nostro
1248 2983 1483 3040 Domino
1541 2982 1794 3039 Alberico

203 3079 412 3134 Comite
472 3077 692 3148 palatii,
751 3086 807 3133 et
866 3076 1077 3134 Joanne
1141 3075 1322 3132 Tocco
1379 3076 1576 3132 comite
1632 3074 1792 3131 Gale-

206 3171 338 3245 riae,
397 3170 570 3225 dictus
625 3170 973 3240 presbyteros
1015 3177 1381 3239 utrarumque
1430 3167 1790 3224 ecclesiarum
1819 3194 1861 3250 ο

207 3261 439 3316 introire
483 3259 715 3337 fecimus
763 3275 889 3314 cum
940 3260 1130 3330 paucis
1173 3260 1327 3314 laicis
1358 3258 1675 3326 Galeranis,
1713 3258 1793 3312 vi-

208 3353 407 3409 delicet
456 3351 664 3407 Joanne
718 3350 830 3406 filio
880 3350 1194 3422 Rodulphi,
1245 3350 1446 3416 Baldo;
1500 3359 1633 3405 tunc
1674 3348 1790 3420 epis-

209 3460 414 3515 seopus
443 3444 667 3499 veniens
703 3443 773 3498 ad
820 3443 985 3513 pedes
1040 3451 1262 3499 uestros
1309 3442 1474 3513 coepit
1525 3453 1796 3512 exponere

209 3537 511 3608 quomodo,
543 3545 596 3593 et
611 3535 865 3606 qualiter,
894 3544 946 3590 et
969 3550 1078 3606 qua
1102 3551 1203 3607 pro
1225 3550 1391 3592 causa
1411 3543 1661 3591 vocasset
1677 3549 1794 3601 eos,

210 3640 270 3684 et
307 3630 573 3710 cmpimus
612 3642 835 3683 causam
875 3642 1139 3698 quaerere,
1184 3644 1307 3698 qua:
1355 3627 1476 3682 illos
1524 3626 1796 3692 movebat,

211 3722 511 3792 tranquilla
556 3728 737 3776 mente
786 3720 1042 3775 dirimere
1090 3729 1144 3775 et
1195 3729 1446 3775 tractare.
1498 3718 1630 3785 Quae
1673 3733 1800 3773 cum

214 3808 615 3882 protelaretur,
675 3821 735 3867 ut
789 3827 937 3878 reor,
989 3811 1337 3882 suggestione
1386 3809 1622 3880 Spiritus
1670 3825 1799 3864 san-

215 3906 322 3971 cti,
386 3906 534 3958 venit
604 3904 737 3958 mihi
768 3905 822 3958 in
872 3913 1110 3958 mentem
1167 3902 1315 3972 quod
1374 3903 1610 3957 multum
1661 3901 1802 3956 lucri

214 3995 506 4062 episcopus
537 3992 593 4047 8.
625 3993 833 4049 Rufina:
862 3993 1084 4048 haberet
1110 3993 1177 4048 de
1206 4001 1286 4047 tot
1316 3992 1695 4048 sacerdotibus
1750 4000 1805 4047 et

219 4096 331 4139 tam
361 4100 561 4154 magno
597 4086 794 4155 populo
825 4083 1113 4152 Galcrano,
1145 4085 1250 4139 hoc
1290 4085 1538 4155 cogitans
1557 4082 1697 4138 infra
1719 4099 1806 4139 me

220 4178 421 4246 ipsum,
445 4185 499 4231 et
520 4176 707 4232 volens
728 4176 1005 4232 addiscere
1027 4177 1381 4246 quantitatem
1408 4176 1649 4231 redditus
1670 4190 1807 4247 prae-

221 4268 382 4322 dictae
411 4266 658 4335 Galerize,
685 4268 864 4323 taliter
891 4268 1207 4338 episcopum
1244 4268 1595 4339 interrogavi.
1634 4266 1808 4323 Credo

223 4360 445 4429 quidem
475 4360 707 4414 multum
737 4360 982 4415 redditus
1026 4361 1227 4415 habere
1256 4360 1574 4430 episcopum
1607 4358 1664 4413 8.
1697 4359 1810 4414 Ru-

225 4452 349 4505 fina:
368 4451 434 4506 de
463 4460 543 4506 tot
569 4450 965 4518 sacerdotibus,
993 4459 1048 4507 et
1077 4461 1189 4505 tam
1212 4451 1394 4521 amplo
1420 4452 1622 4521 populo
1653 4451 1812 4506 Gale-

1868 589 2172 660 episcopos,
2202 590 2531 657 sacerdotes,
2562 590 2843 658 diaconos,
2869 591 3102 661 judices,
3132 590 3262 663 quid
3284 592 3449 647 debac-

1869 690 1951 735 ret
1978 681 2044 736 de
2072 680 2178 735 hoc
2203 682 2341 749 ﬁeri,
2379 690 2433 737 et
2457 682 2769 752 prtelibatus
2821 683 3107 753 episcopus
3151 684 3452 754 procedens

1871 771 1939 827 ad
1967 772 2131 842 pedes
2158 781 2395 840 nostros,
2438 774 2567 829 talia
2612 774 2813 843 coepit:
2847 794 2863 825 ι
2919 773 3166 841 Domine,
3191 775 3238 832 si
3284 777 3453 832 vestri

1871 863 2043 933 gratia
2071 873 2174 931 est,
2203 865 2270 921 ad
2297 880 2418 920 eam
2446 881 2669 920 causam
2698 866 2886 933 redite,
2927 881 3027 937 pro
3066 882 3175 937 qua
3218 866 3327 922 huc
3360 883 3457 923 ve-

1872 954 2076 1022 nimus,
2105 956 2264 1011 istam
2295 965 2599 1027 opportuno
2628 966 2872 1028 tempore
2901 968 3191 1015 reservate.
3226 977 3245 1011 ι
3301 958 3458 1015 Tunc

1873 1061 1975 1102 nos
2002 1047 2261 1103 commoti
2288 1056 2343 1103 et
2368 1049 2675 1104 valde‘irati
2702 1059 2892 1106 contra
2916 1032 3077 1118 eum,
3127 1052 3255 1122 quia
3303 1052 3458 1108 nole-

1873 1139 1967 1193 bat
1991 1154 2093 1194 nos
2118 1155 2421 1210 proponere
2449 1142 2595 1212 quod
2632 1142 2749 1212 ipse
2766 1157 3009 1214 quaerere
3035 1143 3282 1211 debebat,
3312 1144 3460 1199 dixi-

1875 1238 2040 1285 mus:
2083 1250 2100 1283 ‹
2124 1229 2310 1295 Miror,
2352 1248 2477 1287 cum
2517 1233 2595 1289 sis
2638 1234 2878 1304 prudens
2916 1249 2980 1290 ac
3019 1243 3232 1304 potens,
3288 1249 3460 1305 quare

1875 1321 2161 1377 ecclesiam
2188 1330 2338 1378 tuam
2371 1338 2480 1380 non
2510 1324 2781 1393 sublevas,
2812 1325 2908 1381 sed
2944 1326 3116 1397 magis
3149 1326 3459 1396 opprimis?

1875 1428 2047 1483 quare
2073 1429 2181 1469 non
2208 1414 2392 1470 dixisti
2427 1415 2532 1471 huc
2571 1431 2665 1486 per
2701 1424 2781 1472 tot
2819 1417 2972 1486 dies,
3014 1426 3067 1472 et
3099 1432 3269 1488 quare
3311 1418 3461 1473 illam

1876 1505 2350 1573 Consuetudinem,
2382 1521 2546 1576 quam
2576 1522 2765 1564 omnes
2793 1507 3048 1565 Ecclesiae
3086 1509 3308 1577 habent,
3350 1525 3462 1565 non

1877 1595 2050 1667 exigis
2078 1596 2147 1651 ab
2175 1596 2308 1667 ipsis
2332 1597 2354 1651 ?
2390 1596 2520 1653 Mihi
2546 1599 2681 1654 adeo
2711 1615 2819 1654 non
2846 1600 3203 1670 imputabitur
3229 1599 3376 1671 quod
3405 1600 3463 1656 in

1877 1702 1943 1743 ea
1969 1696 2054 1744 est
2080 1686 2322 1744 Ecclesia
2349 1706 2364 1745 :
2408 1705 2508 1761 ego
2536 1705 2656 1745 eam
2686 1689 2839 1746 vobis
2869 1691 3012 1759 dedi,
3064 1691 3109 1747 si
3159 1700 3214 1746 tu
3241 1707 3350 1746 non
3381 1692 3464 1747 vis

1880 1782 2096 1837 tertiam
2132 1782 2201 1837 ab
2227 1781 2307 1841 eis
2327 1782 2559 1854 exigere,
2585 1795 2685 1855 ego
2711 1783 2858 1838 illam
2883 1784 3117 1857 exigam,
3141 1793 3201 1839 ut
3221 1782 3464 1839 Ecclesia

1882 1869 1980 1925 tibi
2001 1872 2294 1927 commissa
2347 1887 2469 1927 meo
2501 1882 2555 1927 et
2589 1881 2683 1927 tuo
2709 1880 2953 1944 tempore
2986 1889 3097 1928 non
3120 1874 3416 1929 decrescat.
3439 1892 3458 1924 ι

1883 1962 1980 2019 llis
2032 1963 2215 2019 verbis
2259 1962 2455 2018 Petrus
2481 1964 2770 2035 episcopus
2792 1973 3077 2036 correptus
3119 1965 3405 2037 respondit
3449 1979 3462 2019 :

1890 2074 1907 2107 ‹
1944 2054 2193 2122 Domine,
2224 2055 2356 2127 quid
2384 2071 2482 2111 vos
2509 2065 2562 2111 et
2585 2065 2833 2112 sanctum
2870 2059 2975 2114 hoc
3002 2059 3292 2137 concilium
3314 2059 3469 2130 judi-

1884 2157 1989 2213 cat,
2008 2149 2247 2219 recipere
2267 2158 2488 2219 paratus
2513 2149 2635 2204 sim.
2651 2167 2669 2200 ι
2689 2148 2841 2205 Tunc
2862 2151 2931 2206 ab
2952 2152 3100 2231 omni
3122 2150 3354 2207 concilio
3374 2151 3469 2206 de-

1885 2240 2097 2296 ﬁnitum
2118 2249 2171 2296 et
2187 2240 2490 2311 judicatum
2520 2251 2704 2307 estut,
2719 2242 2930 2298 cunctis
2955 2243 3292 2314 postpositis,
3314 2243 3470 2313 prius

1885 2332 2115 2387 ecclesia
2144 2331 2201 2386 8.
2237 2331 2465 2399 Ruﬁnus,
2494 2341 2548 2388 et
2572 2333 2860 2404 episcopus
2895 2351 3028 2391 suus
3057 2336 3373 2403 honoretur,
3416 2345 3472 2389 ct

1888 2441 1984 2496 per
2012 2441 2100 2481 me
2121 2422 2187 2481 de
2216 2427 2375 2480 tertia
2402 2434 2611 2481 cuncta:
2637 2425 2865 2483 Galeria:
2877 2428 3166 2498 episcopus
3187 2427 3468 2482 ministre-

1888 2528 1998 2585 tur,
2047 2517 2412 2574 refutantibus
2440 2534 2505 2574 ea
2548 2519 2900 2591 presbyteris,
2929 2528 2984 2575 et
3031 2520 3162 2574 dare
3201 2520 3467 2590 integram

1889 2610 2333 2682 promittentibus
2358 2611 2484 2679 sibi,
2516 2611 2743 2683 suisque
2758 2611 3170 2667 successoribus
3195 2611 3247 2666 in
3279 2626 3473 2683 perpe-

1892 2713 2071 2771 tuum,
2089 2713 2144 2759 et
2166 2704 2245 2760 sic
2269 2705 2338 2759 ad
2365 2704 2679 2759 inchoatam
2707 2719 2929 2760 causam
2946 2704 3323 2776 presbyterum
3348 2704 3473 2759 red-

1893 2795 2009 2861 ire,
2072 2796 2217 2866 quod
2253 2804 2308 2850 et
2354 2794 2559 2851 factum
2603 2804 2705 2851 est.
2752 2794 2889 2850 Nam
2922 2802 3140 2867 accepta
3170 2810 3273 2867 ego
3299 2795 3472 2867 virga,

1894 2884 2145 2943 investivi
2173 2888 2489 2959 episcopum
2520 2884 2762 2955 Petrum,
2792 2897 2846 2943 et
2869 2903 2967 2958 per
2995 2903 3054 2944 se
3076 2903 3319 2960 suosque
3349 2904 3475 2945 suc-

1896 2996 2145 3037 cessores
2166 2982 2233 3037 de
2255 2981 2510 3036 universa
2534 2980 2692 3036 tertia
2726 2981 2971 3036 omnium
2991 2980 3347 3037 ecclesiarum
3369 2978 3476 3034 Ga-

1895 3075 2063 3143 leriae,
2098 3082 2427 3144 assuetaque
2447 3073 2689 3141 datione,
2717 3060 3185 3130 consentientibus
3206 3074 3477 3146 presbyte-

1894 3166 1972 3222 ris
2006 3166 2297 3238 utriusque
2323 3164 2598 3234 Ecclesiae,
2637 3174 2692 3221 et
2719 3166 3105 3235 refutantibus,
3149 3170 3313 3244 atque
3345 3164 3477 3222 dare

1897 3246 2020 3314 eam
2065 3259 2529 3328 promittentibus,
2583 3273 2649 3313 ac
2674 3256 2982 3313 dicentibus
3028 3257 3175 3328 quod
3224 3272 3282 3312 se
3328 3255 3472 3310 illam

1897 3350 2051 3422 prius
2072 3359 2268 3420 sponte
2291 3351 2502 3404 darent.
2525 3348 2835 3421 iterumque
2846 3349 3152 3420 judicatum
3179 3356 3263 3404 est
3289 3356 3350 3402 ut
3370 3348 3475 3402 sub

1899 3442 2279 3498 interdictione
2314 3441 2676 3497 anathematis
2714 3441 2819 3497 hoc
2848 3447 3164 3512 poneretur,
3194 3447 3249 3495 et
3277 3438 3477 3495 confir-

1899 3542 2163 3602 maretur,
2186 3542 2242 3589 et
2262 3532 2467 3589 factum
2495 3541 2599 3600 est,
2628 3549 2755 3588 nam
2778 3542 2966 3588 nostra
2988 3531 3255 3603 iussione,
3276 3540 3330 3587 et
3358 3547 3481 3587 om--

1901 3627 2054 3681 nium
2082 3626 2464 3696 praedictorum
2481 3625 2846 3692 sacerdotum,
2874 3624 3278 3694 episcoporum,
3301 3623 3481 3677 diaco-

1902 3733 2099 3773 norum
2129 3726 2350 3787 accepta
2375 3717 2531 3772 stola
2554 3715 2877 3772 Benedictus
2907 3714 3226 3770 Portuensis
3264 3714 3478 3784 episco-

1904 3826 2007 3880 pus
2026 3810 2163 3866 dixit
2188 3827 2199 3861 :
2226 3808 2562 3865 Auctoritate
2600 3807 2797 3877 Patris,
2824 3806 2967 3874 Filii,
3005 3817 3060 3863 et
3082 3805 3317 3881 Spiritus
3348 3821 3479 3862 san~

1904 3902 1996 3968 cti,
2019 3911 2073 3957 et
2106 3902 2432 3957 auctoritate
2458 3899 2518 3954 Β.
2550 3900 2695 3954 Petri
2724 3899 2979 3970 apostoli,
3023 3907 3077 3952 et
3116 3897 3179 3952 D.
3214 3896 3279 3952 N.
3308 3896 3479 3952 Joan-

1906 3995 1992 4050 nis
2014 3992 2164 4065 papte
2192 3994 2296 4049 hoc
2326 3992 2383 4047 8.
2411 3993 2644 4047 concilio
2674 3991 3036 4063 praesidentis,
3067 4001 3122 4047 et
3154 3991 3482 4047 auctoritate

1908 4089 2072 4159 hujus
2090 4086 2147 4142 S.
2180 4086 2399 4142 concilii
2422 4086 2819 4151 maledicimus,
2842 4094 2897 4139 et
2917 4085 3480 4148 excommunicamus,

1908 4192 1961 4238 et
2001 4189 2260 4252 perpetuo
2306 4179 2670 4234 anathematis
2704 4178 2926 4233 vinculo
2970 4177 3307 4249 obligamus,
3359 4177 3486 4247 quin

1912 4287 2129 4344 cunque
2171 4270 2551 4336 sacerdotum,
2605 4269 2720 4324 sive
2770 4268 3115 4336 clericorum,
3162 4269 3275 4323 sive
3313 4266 3484 4321 laico-

1911 4381 2055 4432 rum,
2096 4379 2191 4420 seu
2221 4362 2628 4434 qualiscunque
2660 4375 2896 4432 persona
2928 4359 3239 4416 mortalium
3270 4359 3485 4413 tertiam

1914 4460 2294 4514 universarum
2341 4456 2697 4511 ecclesiarum
2732 4453 2959 4510 Galeria!
3005 4452 3169 4509 Petro
3207 4453 3484 4523 epise0po,

224 4559 382 4597 rano.
400 4541 700 4614 EpiscOpus‘
723 4543 996 4612 respondit
1021 4542 1099 4597 :A
1118 4543 1492 4599 sacerdotibus
1516 4541 1574 4598 S.
1603 4541 1813 4597 Nicolai
1846 4536 1889 4590 D
1916 4549 2140 4618 suisque
2164 4546 2581 4602 successoribus
2600 4545 2788 4614 aliquo
2810 4543 2972 4598 modo
3001 4541 3326 4597 contendere
3350 4557 3490 4610 pra:-

226 4651 318 4689 xrv
344 4635 548 4690 solidos
574 4650 669 4704 per
698 4650 924 4699 annum,
953 4643 1008 4689 et
1040 4647 1071 4689 a
1110 4634 1440 4707 presbyteris
1473 4633 1530 4687 8.
1583 4635 1812 4689 Andrete

226 4744 336 4781 xxx
360 4725 613 4781 denarios
638 4726 988 4796 consequitur
1016 4725 1326 4796 episcopus,
1369 4725 1505 4780 nihil
1555 4726 1806 4795 amplius.

227 4818 382 4886 Quod
413 4833 512 4872 nos
541 4817 824 4872 audientes
850 4817 1087 4872 maxima
1118 4817 1336 4872 tristitia
1377 4817 1552 4873 aﬂ‘ecti
1598 4834 1809 4884 sumus,

227 4919 280 4966 et
309 4909 678 4979 relinquentes
709 4925 933 4964 causam
965 4925 1130 4980 quam
1182 4910 1572 4975 tractabamus,
1621 4925 1824 4966 omnes

225 5017 340 5056 uno
363 5001 578 5071 spiritu,
603 5016 714 5058 una
746 5011 947 5069 mente,
980 5010 1205 5074 cogente
1232 5010 1380 5057 tanta
1412 5002 1708 5072 impietate,
1747 5003 1833 5056 ad'

228 5094 336 5148 hoc
365 5093 709 5148 tractandum
738 5099 987 5148 conversi
1011 5109 1223 5148 sumus.
1248 5089 1404 5149 Tunc
1430 5094 1813 5164 archipresby-

228 5194 411 5265 terum
447 5185 764 5241 vocavimus
795 5184 852 5239 S.
884 5183 1088 5240 Nicolai
1126 5174 1251 5241 cum
1278 5185 1415 5251 suis,
1449 5194 1503 5240 et
1528 5186 1812 5257 syndicum

231 5278 292 5331 8.
333 5278 562 5332 Andreae
609 5294 734 5333 cum
781 5278 918 5343 suis,
966 5278 1097 5348 quia
1143 5278 1580 5349 archipresbyter
1616 5277 1833 5346 absens;

227 5379 350 5424 erat
405 5369 737 5426 inﬁrmitatis
766 5385 956 5436 causa,
985 5384 1087 5425 nos
1111 5369 1292 5425 taliter
1307 5370 1551 5441 aggressi
1579 5384 1770 5425 sumus
1799 5357 1835 5435 ε’,

236 5482 254 5514 ι
291 5462 460 5518 Dicite
484 5463 641 5517 nobis
661 5478 831 5531 quare
853 5471 960 5516 tam
988 5477 1182 5532 parum
1213 5462 1471 5533 episcopo
1493 5461 1740 5527 redditis,
1765 5469 1821 5515 et

229 5571 406 5624 quare
430 5556 511 5610 vel
536 5556 748 5609 tertiam
778 5570 888 5607 non
918 5553 1142 5609 redditis
1173 5554 1297 5621 sibi,
1332 5555 1473 5610 sicut
1490 5563 1546 5610 et
1572 5554 1676 5608 alia
1702 5544 1820 5608 loca

231 5650 489 5703 faciunt?
519 5668 535 5700 ι
585 5646 687 5714 Qui
718 5647 1115 5717 responderunt
1153 5665 1165 5701 :
1210 5666 1228 5699 ε
1256 5647 1607 5702 Consuetudo
1636 5656 1823 5700 nostra

232 5740 357 5795 fuit.
373 5761 389 5792 ι
408 5740 584 5795 Etnos
609 5749 796 5794 contra
820 5757 831 5791 :
852 5758 869 5790 ε
893 5734 1111 5794 llabetis
1139 5740 1207 5793 ab
1225 5740 1407 5810 aliquo
1429 5741 1850 5811 episc0poinde-

233 5834 439 5901 aliquid
456 5833 755 5901 scriptum?
774 5853 790 5882 ι
812 5830 913 5896 Qui
937 5833 1332 5900 responderunt
1349 5849 1444 5903 per
1458 5834 1641 5889 omnia
1658 5849 1702 5886 τι
1724 5832 1823 5888 Do-

1916 4639 2231 4711 sumpserit,
2276 4638 2360 4693 vel
2410 4637 2598 4707 aliquo
2645 4639 2809 4692 modo
2854 4635 3108 4689 fraudare
3135 4631 3486 4703 disposuerit,

1915 4733 2093 4787 ethoc
2113 4731 2261 4803 quod
2290 4731 2357 4785 de
2380 4728 2593 4785 Galeria
2610 4727 2979 4798 indicavimus
3012 4726 3081 4779 ab
3120 4724 3375 4779 omnibus
3406 4723 3489 4776 lo-

1917 4824 1995 4879 cis
2022 4822 2264 4893 praedicti
2294 4820 2642 4890 episcopatus
2691 4817 2747 4872 8.
2781 4817 3011 4885 Rufinze,
3040 4824 3093 4872 et
3121 4816 3189 4871 ab
3235 4813 3490 4874 omnibus

1917 4898 2308 4975 sacerdotibus,
2339 4917 2394 4963 et
2421 4908 2655 4975 clericis,
2683 4908 2763 4963 vel
2794 4908 2968 4975 laieis,
3004 4916 3057 4962 et
3081 4908 3149 4962 ab
3186 4904 3335 4963 omni
3367 4921 3491 4963 ner-

1918 5018 2051 5058 sona
2098 5000 2378 5059 observari
2437 5000 2539 5056 sub
2592 4999 2760 5056 simili
2809 5001 3153 5055 anathemate
3191 4996 3490 5068 apostolica

1920 5095 2241 5150 auctoritate
2282 5093 2582 5159 sancimus,
2629 5102 2683 5148 et
2722 5093 3014 5151 statuimus
3061 5092 3115 5145 in
3143 5099 3487 5161 perpetuum,

1919 5198 2209 5261 postquam
2240 5191 2322 5244 ter
2355 5204 2387 5242 a
2412 5186 2573 5243 Petro
2604 5188 2861 5259 episcopo
2886 5186 2969 5241 vel
3005 5186 3123 5243 suis
3159 5184 3490 5241 successori-

1918 5284 2022 5338 bus
2050 5284 2357 5353 supradicta
2389 5284 2544 5339 tertia
2565 5281 2823 5353 requisita
2854 5281 3034 5348 fuerit,
3062 5287 3116 5336 et
3139 5280 3208 5334 ab
3238 5278 3493 5334 omnibus

1919 5370 2214 5425 clamatum
2261 5376 2366 5435 est,
2402 5363 2543 5435 Fiat,
2589 5367 2702 5433 fiat,
2753 5378 2935 5433 amen,
2972 5380 3151 5419 amen.
3186 5362 3253 5417 Et
3280 5370 3339 5418 ut
3377 5363 3497 5417 dili-

1920 5463 2134 5535 gentius
2194 5463 2549 5527 observetur,
2601 5468 2657 5514 et
2712 5459 2913 5513 clarius
2963 5467 3361 5529 cognoscatur,
3411 5466 3497 5511 to-

1922 5567 2035 5613 tum
2096 5574 2192 5628 per
2249 5557 2491 5611 ordinem
2549 5553 2812 5624 Gregorio
2872 5554 3143 5608 scrivanio
3191 5552 3248 5606 8.
3305 5550 3369 5605 R.
3429 5547 3490 5607 Ε.

1923 5650 2162 5705 scribere
2200 5647 2583 5719 prmccpimus,
2621 5644 2770 5699 etab
2799 5644 3056 5698 omnibus
3104 5644 3199 5714 qui
3236 5641 3497 5698 interfue-

1922 5751 2049 5795 runt
2070 5738 2305 5811 propriis
2329 5738 2583 5792 manibus
2606 5737 2863 5790 rohorare
2886 5736 3181 5790 voluimus.

1995 5833 2318 5888 Benedictus
2365 5829 2780 5885 archidiaconus
2827 5827 3070 5896 interfui,
3112 5835 3165 5882 et
3204 5827 3261 5881 in
3306 5838 3497 5897 perne-
