4056 5360
534 299 676 358 “55

1834 284 2118 346 JUANNIS
2147 285 2267 343 XIX
2306 284 2511 342 PAPE

3667 284 3808 343 “36

532 402 689 450 tuum
706 393 886 449 valere
893 391 1102 463 judico.
1126 389 1322 443 Petrus
1340 384 1711 440 Praenestinus
1726 381 2112 453 episcopusin—
2141 386 2187 441 Α
2215 390 2319 447 tas,
2343 396 2453 450 quo
2480 379 2684 434 certius
2734 387 2949 433 constat
2986 391 3081 433 eos
3111 376 3330 433 nonnisi
3359 377 3448 431 illa
3495 376 3812 433 desiderate

530 487 715 554 .terfui,
731 494 786 541 et
800 487 857 541 in
872 492 1197 556 perpetuum
1210 480 1391 535 valere
1415 476 1624 548 judico.
1651 474 1765 545 Ego
1786 472 2112 529 Benedictus

531 579 823 650 episcopus
848 574 1169 632 Parmensis
1223 569 1465 637 interfui,
1495 578 1550 625 et
1579 568 1634 622 in
1668 573 1992 638 perpetuum
2020 580 2115 619 va-

531 672 645 727 lere
678 672 887 742 judico.

595 764 800 819 Datum
855 778 949 818 xxx
989 759 1214 815 Kalend.
1261 755 1507 811 Januarii
1564 769 1660 823 per
1701 765 1899 807 manus
1946 749 2118 805 Bosc-

522 858 619 913 ‘nis
668 855 909 926 episcopi
959 852 1017 908 S.
1070 851 1369 907 Tiburtina
1421 845 1680 901 Ecclesia
1724 851 1780 899 et
1820 841 2116 897 bibliothe—

516 951 667 1005 acarii
691 948 748 1004 8.
767 949 833 1003 Α.
860 948 916 1002 8.
943 944 1184 1011 interfui,
1209 950 1263 997 et
1285 942 1338 996 in
1360 947 1683 1011 perpetuum
1708 936 1888 992 valere
1905 933 2116 1006 judico,

532 1042 838 1115 Ila'ynerius
855 1041 1118 1096 diaconus
1146 1036 1212 1091 de
1246 1032 1498 1088 diaconia
1521 1029 1578 1085 S.
1603 1027 1843 1100 Georgii,
1881 1035 1936 1081 et
1966 1024 2114 1080 Leon

531 1137 821 1209 episcopus
858 1131 1125 1187 Ostiensis
1153 1127 1410 1199 Ecclesia
1458 1121 1679 1178 interfui
1721 1129 1777 1177 et
1828 1120 1883 1174 in
1926 1132 2117 1189 perpe-

531 1237 687 1282 tuum
710 1226 889 1280 valere
915 1223 1119 1295 judico.
1158 1218 1454 1291 Gregorius
1479 1215 1537 1269 8.
1563 1212 1747 1269 Lucia
1797 1208 2039 1276 interfui,
2063 1215 2118 1262 et

530 1319 584 1374 in
631 1324 952 1388 perpetuum
992 1313 1174 1369 valere
1219 1308 1429 1380 judico.
1464 1304 1789 1360 Benedictus
1828 1300 2117 1374 episcopus

532 1408 590 1465 S.
634 1408 937 1480 Anagnina
992 1404 1237 1461 ecclesia
1276 1398 1516 1456 interfui.
1578 1396 1776 1452 Joann.
1828 1393 2118 1463 episcopus

530 1500 588 1556 S.
611 1500 862 1572 Bledana
882 1498 1142 1555 Ecclesia
1158 1493 1400 1565 interfui,
1431 1501 1486 1547 et
1509 1491 1562 1545 in
1590 1497 1911 1563 perpetuum
1935 1485 2117 1540 valere

523 1591 730 1661 judico.
755 1590 1082 1663 Benedictus
1127 1586 1418 1657 episcopus
1454 1581 1656 1637 Ceren.
1694 1581 1800 1635 hoc
1835 1578 2115 1633 decretum

525 1685 769 1750 firmum,
795 1690 852 1737 et
874 1682 930 1735 in
954 1687 1280 1751 perpetuum
1318 1675 1499 1731 valere
1517 1673 1728 1744 judico.
1766 1670 1963 1725 Petrus
1988 1683 2113 1723 car-

2213 477 2267 548 et
2290 478 2542 540 expetere
2591 484 2714 539 qua
2736 478 2865 524 sunt
2890 468 2959 523 ad
2980 468 3318 523 honestatem
3341 476 3545 523 sancta
3563 469 3810 538 pietatis,

2214 572 2268 618 et
2295 564 2582 618 utilitatem
2618 578 2760 618 vera
2792 561 3094 634 religionis.
3130 561 3198 616 Et
3232 562 3446 632 quoties
3473 562 3531 616 in
3560 577 3679 617 sua
3709 578 3809 618 ne»

2215 655 2484 710 cessitatis
2506 654 2808 710 commodis
2820 662 3072 710 nostrum
3095 668 3383 709 assensum
3402 661 3456 708 et
3477 653 3658 708 solius:
3678 669 3812 724 apo-

2218 744 2424 799 stolica
2469 743 2812 799 auctoritatis
2856 743 3163 798 audiverim
3198 742 3482 797 humiliter
3524 743 3813 813 requirere

2217 834 2552 904 prasidium,
2584 835 2730 890 ultro
2766 834 3121 907 benignitatis
3166 833 3368 889 intuitu
3404 850 3508 890 nos
3548 835 3813 890 convenit

2217 925 2526 992 subvenire,
2550 935 2605 981 et
2630 926 2733 981 rite
2759 941 2859 997 pro
2888 926 3096 997 integra
3124 927 3415 982 securitate
3445 925 3721 992 solidare;
3748 933 3813 980 ιι

2216 1031 2285 1072 ex
2312 1017 2416 1073 hoc
2445 1018 2603 1073 nobis
2646 1033 2865 1089 quoque
2901 1018 3249 1088 potissimum
3277 1018 3566 1088 pramium
3608 1033 3643 1071 a
3670 1033 3809 1072 con-

2216 1107 2392 1163 ditore
2414 1110 2657 1163 omnium
2682 1109 2792 1165 Deo
2814 1110 3042 1166 sidereis
3066 1110 3284 1166 arcibus
3305 1109 3712 1165 contribuatur.
3744 1107 3812 1161 Et

2216 1202 2337 1258 ideo
2364 1203 2492 1273 quia
2522 1203 2846 1275 postulastis
2880 1220 2912 1259 a
2942 1205 3104 1260 nobis
3131 1215 3191 1260 ut
3209 1204 3496 1276 praefatum
3520 1213 3808 1259 monasteo

2214 1295 2358 1350 rium
2402 1296 2716 1366 apostolica
2758 1296 3100 1353 auctoritatis
3144 1296 3285 1350 serie
3326 1295 3698 1361 muniremus,
3754 1304 3811 1349 ct

2215 1387 2399 1442 omnia
2434 1386 2554 1457 ejus
2579 1387 2903 1457 pertinentia
2939 1387 3158 1463 perenni
3190 1388 3313 1458 jure
3342 1387 3545 1443 ibidem
3573 1386 3809 1441 inviola-

2214 1478 2395 1533 biliter
2414 1478 2778 1548 permanenda
2823 1478 3295 1545 confirmaremus,
3327 1488 3381 1534 et
3404 1478 3619 1549 absque
3654 1476 3812 1532 omni

2210 1569 2342 1642 jugo
2372 1586 2469 1625 seu
2510 1570 2719 1626 ditione
2743 1569 3123 1642 cujuscunque
3166 1587 3415 1643 persona
3448 1568 3813 1626 constabilire

2215 1664 2392 1719 nostri
2417 1665 2685 1738 privilegii
2724 1666 2922 1737 pagina
2965 1666 3314 1721 studeremus
3338 1684 3350 1719 :
3374 1668 3666 1736 propterea
3697 1666 3809 1720 tuis

526 1777 730 1832 dinalis
754 1738 900 1830 tituli
1013 1738 1183 1828 M‘arci
1213 1769 1457 1836 interfui,
1481 1738 1536 1823 et
1563 1768 1618 1821 in
1657 1773 1980 1837 perpetuum
2022 1777 2115 1817 va-
2147 1738 2191 1793 Β
2216 1758 2390 1814 ﬂexus
2419 1760 2694 1830 precibus,
2722 1759 2793 1814 ob
2821 1760 3185 1815 interventum
3216 1758 3405 1813 domni
3447 1758 3805 1813 invictissimi

525 1868 640 1927 lere
658 1867 866 1939 judico.
898 1864 1205 1938 Raynerius
1238 1861 1528 1933 episcopus
1554 1857 1838 1929 Nepesina
1874 1854 2118 1911 ecclesia

526 1959 634 2017 hoc
662 1959 944 2014 decretum
973 1957 1223 2023 firmum,
1244 1961 1299 2009 et
1327 1953 1384 2007 in
1425 1960 1749 2022 perpetuum
1780 1962 2004 2005 manere
2024 1947 2117 2017 ju—

524 2050 668 2106 dico.
707 2050 948 2105 Amasus
992 2049 1284 2120 episcopus
1327 2053 1492 2114 atque
1537 2042 1852 2113 capellanus
1907 2038 2116 2096 domini

523 2156 698 2211 papa.
724 2140 938 2196 Franco
960 2138 1258 2196 cardinalis
1284 2135 1341 2191 8.
1368 2135 1527 2190 Sixti.
1550 2133 1878 2189 Benedictus
1898 2130 2114 2190 Domini

524 2232 699 2304 gratia
729 2230 1139 2289 secundicerius
1170 2229 1231 2286 S.
1258 2229 1325 2285 Α.
1355 2227 1412 2283 8.
1439 2227 1680 2283 Joannes
1703 2224 1996 2281 cardinalis
2026 2224 2111 2278 tit.

526 2322 586 2380 S.
612 2324 872 2380 Marcelli.
891 2323 1242 2380 Crescentius
1271 2320 1490 2375 Domini
1518 2320 1693 2391 gratia
1738 2318 2115 2374 nomenclator

526 2414 585 2470 S.
609 2416 675 2470 A.
708 2413 766 2471 8.
799 2414 915 2488 Ego
952 2414 1263 2486 Stephanus
1285 2414 1381 2469 Dei
1411 2414 1584 2484 gratia
1607 2412 1912 2469 scrivanius
1940 2410 1997 2466 S.
2021 2426 2114 2467 se-

518 2506 609 2574 dis
630 2508 943 2579 apostolica
970 2508 1188 2577 scripsi,
1213 2516 1320 2561 etc.

813 2653 823 2663 ,
1271 2597 1362 2653 Vl.

525 2690 873 2762 Privilegium
902 2690 1128 2762 Joannis
1158 2706 1310 2761 papa
1333 2688 1418 2743 XI
1425 2686 1476 2743 Χ
1500 2705 1594 2758 pro
1626 2689 1943 2762 monasterio
1976 2686 2110 2742 Clu.

594 2760 855 2816 niacensi.
887 2791 960 2801 ——
997 2761 1249 2815 Declarat
1280 2777 1335 2814 se
1363 2762 1679 2829 conﬁrmare
1714 2760 1895 2813 omnia
1926 2776 2112 2812 mona-

590 2834 755 2884 steria
776 2840 826 2885 et
851 2830 968 2884 loca
987 2831 1056 2884 ad
1077 2831 1423 2886 Cluniacense
1446 2830 1822 2899 monasterium
1847 2831 2113 2899 pertinen-

597 2901 696 2967 tia,
720 2910 767 2955 et
789 2902 840 2955 ei
862 2903 926 2954 ab
955 2901 1221 2971 aliquibus
1243 2899 1488 2971 ﬁdelibus
1512 2898 1852 2966 Christianis,
1877 2900 2108 2968 regibus,

598 2972 878 3041 episcopis,
908 2971 1152 3037 ducibus,
1178 2988 1268 3025 seu
1297 2971 1625 3041 principibus
1651 2978 1807 3041 antea
1841 2985 2108 3041 concessa.

598 2989 626 3026 e
663 2989 772 3025 isco
811 2989 878 3039 is,
908 2989 1152 3037 aucwus,
1178 2989 1268 3025 seu
1297 2989 1625 3041 principwus
1651 2989 1807 3023 aurea
1841 2989 2108 3025 concessa.

595 2989 850 3096 I’Proliib’et
876 3058 1077 3113 quoque
1100 3058 1161 3094 ne
1176 3042 1293 3113 quis
1309 3042 1601 3111 episcopus,
1627 3040 1704 3113 vel
1726 3040 1991 3113 sacerdos,
2013 3057 2108 3110 pro

597 3112 783 3183 aliqua
842 3110 1197 3166 ordinatione
1230 3110 1343 3166 scu'
1396 3111 1786 3183 consecratione
1839 3110 2105 3178 ecclesia},

594 3182 1035 3253 presbyterorum,
1083 3190 1179 3236 aut
1210 3183 1578 3253 diaconorum,
1608 3182 1993 3253 missarumque
2021 3198 2107 3235 ce-

594 3252 884 3308 lebratione
899 3295 913 3320 ,
936 3254 1039 3307 nisi
1062 3254 1127 3308 ab
1150 3253 1338 3307 abbate
1359 3252 1697 3307 Cluniacensi
1722 3252 1996 3317 invitatus,
2021 3268 2107 3307 ve-

596 3324 709 3377 niat
734 3322 1089 3388 Cluniacum;
1129 3324 1219 3378 sed
1260 3323 1416 3376 liceat
1450 3322 1717 3375 monac/tis
1740 3322 2109 3377 Cluniacensi-

591 3395 685 3447 bus
755 3395 1110 3464 cujuscunque
1169 3393 1428 3464 voluerint
1480 3393 1831 3464 ordinationis
1864 3393 2111 3464 _gradum

593 3461 856 3535 suscipere
882 3461 1173 3535 ubicunque
1203 3480 1299 3517 suo
1325 3463 1584 3535 placuerit
1612 3463 1812 3517 abbati.
1849 3461 2111 3517 Similiter

592 3533 818 3588 relatae
843 3536 961 3606 quis
986 3533 1259 3606 cpiscopus
1295 3533 1373 3606 vel
1400 3534 1646 3606 sacerdos
1684 3535 1848 3603 possit
1897 3549 2110 3606 excom-

598 3604 865 3675 municare
909 3604 1101 3675 fratres
1147 3604 1514 3675 Cluniacenses
1546 3605 1837 3673 ubicunque
1888 3604 2105 3675 positos.

596 3671 842 3745 Decernit
872 3671 1126 3745 praeterea
1156 3674 1499 3729 Cluniaceuse
1528 3671 1908 3745 monasterium
1936 3674 2109 3726 omni-

599 3744 693 3815 bus
723 3743 793 3815 ad
814 3743 880 3799 se
897 3745 959 3798 ob
982 3744 1209 3799 salutem
1231 3744 1647 3815 confugientibus
1674 3745 1785 3814 fore
1807 3744 2108 3815 misericor-

594 3811 700 3868 dia:
726 3810 940 3881 sinum;
975 3824 1025 3870 et
1056 3816 1245 3869 statuit
1279 3810 1418 3885 quod
1452 3815 1499 3867 si
1530 3810 1724 3885 aliquis
1756 3814 2117 3885 cujuscunque-

595 3884 861 3956 obligatus
882 3885 1218 3940 anathemate
1238 3884 1378 3956 idem
1415 3884 1791 3956 monasterium
1808 3884 2108 3956 expetierit,

596 3954 816 4027 sive—pro
844 3957 1074 4027 corporis
1100 3954 1391 4027 sepultura,
1415 3971 1505 4027 seu
1529 3955 1747 4027 alterius
1771 3971 1880 4008 sua:
1904 3955 2112 4027 utilita-

596 4025 685 4096 tis,
714 4024 764 4079 et
791 4024 982 4080 salutis
1005 4024 1202 4096 gratia,
1229 4025 1517 4096 benigniter
1536 4026 1835 4096 excipiatur
1861 4024 1973 4078 oleo
1998 4041 2111 4096 me-

596 4094 884 4150 dicamenti
924 4094 1182 4149 salutaris
1214 4095 1483 4164 fovendus.
1524 4094 1759 4163 Denique
1793 4096 1977 4164 deﬁnit
2002 4094 2111 4148 ele-

596 4164 822 4219 ctionem
850 4165 1058 4219 abbatis
1091 4164 1455 4220 Cluniacensis
1498 4167 1757 4234 pertinere
1787 4166 1856 4218 ad
1892 4180 2110 4234 congre-

598 4234 862 4304 gationem
882 4236 1047 4305 ipsius
1065 4234 1189 4290 loci.

1124 4324 1304 4397 (Anno
1340 4325 1523 4398 1027.)

826 4415 1164 4490 [Bullarium
1194 4416 1559 4485 Cluniacense,
1589 4434 1711 4490 pag.
1735 4416 1817 4491 8.]

597 4505 829 4564 Joannes
848 4510 1165 4583 episcopus,
1188 4526 1379 4566 servus
1409 4527 1694 4567 servorum
1724 4510 1840 4581 Dei,
1872 4512 2116 4568 dilectis-

531 4601 673 4656 simo
708 4602 822 4658 filio
865 4601 1093 4660 ODILONI
1146 4604 1329 4661 abbati
1378 4606 1699 4661 monasterii
1730 4602 1885 4676 quod
1917 4606 2119 4662 dicitur

530 4691 875 4763 Cluniacum,
904 4696 962 4752 in
995 4696 1204 4753 honore
1238 4697 1523 4753 beatorum
1558 4699 1930 4768 apostolorum
1968 4697 2117 4754 Petri

530 4796 585 4842 et
604 4788 759 4844 Pauli
802 4800 1208 4859 consecratum,
1239 4791 1293 4846 in
1328 4792 1589 4847 comitatu
1617 4791 2005 4849 Matisconensi
2034 4793 2112 4848 si-

530 4889 681 4951 tum,
712 4890 766 4938 et
813 4900 911 4954 per
942 4893 995 4940 te
1029 4885 1247 4940 cunctis
1262 4886 1675 4941 successoribus
1699 4886 1808 4941 tuis
1831 4886 2116 4940 abbatibus

532 4973 589 5028 in
619 4983 958 5044 perpetuum.

603 5064 742 5120 Cum
769 5065 1016 5122 omnium
1047 5065 1288 5121 ﬁdelium
1316 5066 1670 5135 petitionibus
1697 5074 1751 5120 et
1775 5066 2112 5122 necessitati-

532 5155 638 5209 bus
660 5156 948 5212 subvenire
991 5156 1185 5212 debeat
1228 5156 1542 5227 apostolica
1578 5155 1875 5211 'charitatis
1920 5157 2123 5233 gratia,

538 5245 710 5300 multo
738 5246 912 5316 magis
945 5247 1033 5301 his
1057 5256 1151 5307 est
1171 5247 1527 5319 impertienda
1569 5247 1690 5317 ejus
1719 5246 1967 5301 beneficii
2000 5237 2121 5303 cie-7

540 5344 736 5360 ...Α-..ΞΑ
791 5352 920 5360 ..ι-Α-
946 5344 1096 5360 -Ζ......--

2210 1856 2271 1925 ει
2310 1850 2384 1921 pii
2430 1848 2650 1906 Henrici
2692 1850 3037 1922 imperatoris
3075 1850 3313 1921 augusti,
3351 1848 3584 1919 ejusque
3629 1865 3809 1904 reme-

2216 1940 2368 1996 dium
2401 1940 2621 2009 animre,
2652 1956 2751 2012 per
2786 1942 2950 2012 hujus
2969 1950 3172 1997 nostra
3201 1940 3550 1996 auctoritatis
3578 1941 3807 2010 privile-

2214 2034 2362 2104 gium
2404 2042 2705 2090 statuentes
2745 2035 3110 2102 decernimus,
3146 2045 3206 2091 ut
3231 2044 3424 2092 cuncta
3461 2036 3583 2091 loca
3605 2044 3664 2090 et
3684 2050 3809 2089 mo-

2214 2128 2453 2184 nasteria
2481 2128 2547 2183 ad
2571 2128 2889 2199 pradictum
2913 2129 3273 2185 Cluniacense
3293 2129 3611 2185 coenobium
3634 2129 3810 2200 perti-

2212 2226 2418 2292 nentia,
2445 2241 2567 2296 qua
2588 2227 2657 2282 ab
2679 2226 2954 2297 aliquibus
2973 2227 3303 2282 fidelissimis
3325 2226 3688 2295 Christianis,
3718 2243 3809 2283 re-

2212 2316 2391 2388 gibus,
2419 2316 2712 2388 episcopis,
2730 2317 2983 2383 ducibus,
3008 2332 3105 2372 seu
3124 2316 3464 2387 principibus
3485 2316 3669 2372 eidem
3685 2317 3813 2372 loco

2213 2415 2345 2462 sunt
2372 2421 2658 2475 concessa,
2694 2413 2749 2462 et
2786 2406 2857 2462 ab
2897 2405 3337 2462 antecessoribus
3376 2405 3490 2461 tuis
3512 2406 3813 2461 abbatibus

2211 2497 2502 2566 acquisita,
2545 2496 2793 2553 Bernone
2841 2496 3110 2563 videlicet,
3149 2494 3358 2562 Odone,
3402 2494 3711 2566 Aymardo,
3755 2503 3812 2550 et

2210 2587 2383 2642 beata
2437 2586 2831 2642 recordationis
2898 2595 3088 2642 sancto
3140 2585 3351 2657 Mayolo
3398 2584 3809 2655 pradccessore

2211 2685 2326 2746 tuo,
2353 2679 2439 2734 vel
2462 2694 2804 2750 quacunque
2833 2678 2903 2734 ad
2923 2678 3175 2734 eumdem
3207 2678 3391 2732 locum
3417 2677 3701 2748 pertinere
3723 2678 3811 2731 vi-

2209 2756 2428 2835 dentur,
2472 2769 2681 2839 absque
2716 2768 2882 2823 ullius
2928 2768 3375 2835 contradictione,
3422 2783 3551 2823 cum
3608 2783 3809 2838 magna

2211 2861 2501 2917 securitate
2530 2863 2729 2918 debeas
2766 2861 3069 2932 possidere,
3096 2869 3150 2916 et
3184 2876 3282 2932 per
3308 2869 3360 2916 te
3397 2860 3648 2916 universi
3680 2876 3811 2916 suc-

2209 2968 2456 3010 cessores
2477 2956 2556 3010 lui
2583 2955 2638 3010 in
2662 2963 3010 3027 perpetuum.
3033 2953 3257 3010 Necnon
3283 2954 3387 3009 sub
3406 2954 3582 3009 divini
3612 2953 3811 3024 judicii

2208 3046 2644 3118 promulgatione
2719 3054 2775 3102 et
2832 3046 3282 3112 confirmatione,
3320 3054 3375 3100 et
3433 3045 3813 3100 anathematis

2210 3137 2591 3193 interdictione
2637 3138 3056 3193 corroborantes
3093 3137 3460 3203 decernimus,
3508 3145 3574 3192 nt
3623 3137 3812 3191 nullus

2210 3229 2522 3299 episcopus,
2555 3244 2653 3283 seu
2699 3228 2928 3299 quilibet
2955 3227 3299 3283 sacerdotum
3328 3227 3383 3281 in
3418 3227 3616 3282 eodem
3644 3242 3812 3282 vene-

2208 3319 2370 3372 rabili
2390 3319 2641 3374 coenobio
2656 3334 2756 3389 pro
2768 3319 2949 3389 aliqua
2975 3319 3345 3385 ordinatione,
3365 3317 3482 3374 sive
3508 3334 3809 3374 consecrav

2210 3411 2359 3464 tione
2386 3410 2649 3478 ecclesia,
2674 3412 3139 3482 presbyterorum,
3156 3419 3251 3464 aut
3268 3410 3656 3478 diaconorum,
3683 3411 3814 3465 mis-

2211 3516 2507 3572 sarumque
2535 3502 2923 3569 celebratione,
2954 3502 3062 3557 nisi
3100 3501 3170 3555 ab
3198 3501 3394 3556 abbate
3423 3501 3679 3572 ejusdem
3704 3501 3813 3557 loci

2210 3586 2473 3649 invitatus
2503 3592 2687 3660 fuerit,
2715 3595 2900 3650 venire
2941 3593 3009 3648 ad
3036 3594 3304 3664 agendum
3335 3602 3680 3663 prasnmat;
3714 3594 3809 3648 sed

2210 3683 2373 3739 liceat
2416 3685 2703 3741 monachis
2746 3685 2920 3755 ipsius
2962 3685 3069 3740 loci
3108 3684 3489 3754 cujuscunque
3532 3684 3813 3739 voluerint

2212 3776 2571 3833 ordinationis
2626 3777 2853 3850 gradum
2911 3777 3229 3847 suscipere,
3283 3776 3603 3846 ubicunque
3668 3777 3810 3841 tibi,

2210 3871 2428 3940 tuisque
2458 3870 2875 3925 successoribus
2904 3870 3187 3939 placuerit.
3219 3869 3602 3925 lnterdicimus
3623 3878 3812 3923 autem

2213 3964 2316 4019 sub
2351 3963 2516 4018 simili
2576 3961 2941 4017 anathematis
2990 3960 3461 4032 promulgatione,
3518 3970 3583 4016 ut
3631 3961 3808 4018 isdem

2213 4053 2366 4109 locus
2391 4054 2494 4109 sub
2512 4054 2718 4108 nullius
2754 4053 3131 4123 cujuscunque
3153 4051 3390 4121 episcopi
3445 4050 3531 4106 vel
3556 4052 3811 4107 sacerdo—

2213 4144 2286 4200 tis
2330 4145 2669 4214 deprimatur
2708 4142 3112 4199 interdictionis
3138 4142 3319 4207 titulo,
3352 4156 3447 4197 seu
3477 4156 3806 4197 excommu-

2214 4236 2505 4292 nicationis
2532 4235 2617 4289 vel
2652 4235 3017 4288 anathematis
3056 4234 3293 4288 vinculo.
3320 4231 3439 4287 Non
3479 4233 3631 4287 enim
3661 4233 3803 4303 pati-

2212 4337 2303 4383 tur
2339 4336 2541 4383 sancta
2572 4326 2718 4381 sedis
2745 4324 3059 4394 apostolica
3081 4323 3405 4387 auctoritas,
3431 4329 3493 4375 ut
3514 4321 3684 4376 ullius
3708 4336 3807 4376 cu-

2149 4420 2524 4493 Djuscunque
2568 4433 2817 4489 persona
2870 4418 3201 4488 obligatione
3237 4414 3623 4485 proscindatur
3672 4429 3703 4468 a
3746 4428 3805 4468 se

2217 4508 2440 4566 cuilibet
2462 4523 2725 4564 concessa
2751 4507 2997 4562 liberalis
3018 4508 3240 4561 libertas
3267 4525 3280 4560 :
3302 4520 3479 4575 neque
3500 4504 3680 4573 ipsius
3699 4503 3806 4558 loci

2215 4600 2415 4658 fratres
2440 4589 2753 4671 ubicunque
2791 4599 2979 4670 positi,
3007 4599 3385 4669 cujuscunque
3411 4597 3659 4668 episcopi
3684 4612 3807 4650 ma-

2213 4697 2523 4755 ledictionis
2548 4696 2634 4751 vel
2676 4693 3264 4752 excommunicationis
3306 4692 3527 4747 vinculo
3577 4702 3803 4747 tenean-

2214 4801 2307 4847 tur
2367 4790 2597 4845 astricti.
2671 4786 3030 4842 Inhonestum
3068 4785 3216 4841 enim
3269 4784 3435 4840 nobis
3483 4784 3701 4839 videtur
3746 4794 3804 4840 ut

2217 4884 2338 4939 sine
2399 4890 2590 4938 nostro
2634 4879 2842 4951 judicio
2864 4920 2880 4948 ,
2949 4895 2982 4934 a
3035 4894 3313 4950 quoquam
3373 4877 3808 4933 anathematize-

2219 4984 2308 5029 tur
2381 4981 2582 5029 sancta
2634 4972 2781 5029 sedis
2830 4970 3141 5041 apostolica
3198 4970 3343 5025 filius
3394 4968 3565 5023 veluti
3614 4967 3803 5038 cujus.

2217 5080 2435 5135 cunque
2481 5064 2738 5134 subjecta
2778 5060 3032 5117 Ecclesia
3070 5059 3393 5130 discipulus.
3425 5056 3485 5113 Si
3537 5073 3647 5130 qua
3676 5072 3809 5113 vero

2213 5166 2528 5228 competens
2577 5156 2717 5210 ratio
2765 5154 3027 5211 adversus
3068 5168 3164 5207 eos
3226 5165 3555 5223 quemquam
3626 5164 3810 5205 move.

2216 5250 2307 5316 rit,
2353 5257 2408 5304 et
2442 5249 2547 5303 hoc
2602 5248 2759 5302 aliter
2811 5243 3159 5329 determinari
3208 5244 3295 5299 vel
3350 5242 3565 5297 deﬁniri
3610 5244 3805 5311 nequi-

2864 5337 3057 5360 -IS---“
3108 5335 3245 5360 -.-ΑΔ
3271 5334 3400 5360 -..ιιι
3427 5333 3799 5360 ...μ-ιζηιιειιζηαυι
