4018 6390
1424 348 1785 411 ΕΡὶὸΤοιῶ
1823 356 1911 411 ΕΤ
1950 358 2363 416 DlPLOMATA.

262 450 702 550 confugientibus
726 497 741 521 ,
773 454 843 511 sit
890 458 1277 516 misericordiae
1324 462 1499 533 sinus,
1552 475 1624 523 stt
1671 469 1840 525 totius
1868 473 1914 529 A
1940 471 2165 529 sidereis
2201 474 2416 529 conseri
2438 475 2642 530 amoris
2667 476 2888 532 arcibus
2930 478 3387 534 remuneratione.
3408 479 3518 550 ἰαί-ι

262 542 479 612 pietatis
531 554 587 599 et
616 546 807 604 salutis
850 559 1061 618 portus.
1119 550 1373 611 Obtineat
1428 557 1485 611 in
1534 573 1600 614 eo
1655 560 1839 617 locum

257 635 462 705 justus,
495 634 905 709 nec'repellatur
924 644 1186 713 poenitere
1206 647 1400 729 volens
1419 648 1659 720 iniquus.
1693 651 1838 708 Prte-

260 728 455 784 heatur
495 730 881 789 innocentibus
925 736 1164 792 Charitas
1205 728 1409 796 mutua:
1456 741 1835 815 fraternitatis,

261 837 363 879 nec
392 832 620 894 negetur
643 824 866 882 offensis
895 842 1019 897 spes
1050 830 1242 885 salutis
1268 840 1323 886 et
1348 833 1684 905 indulgentia
1721 830 1839 908 pie?-

260 913 409 970 tatis.
446 912 514 970 Et
562 916 609 970 si
637 917 836 987 aliquis
884 919 1258 991 cujuscunque
1298 923 1566 997 obligatus
1600 931 1837 995 anathe-

259 1015 405 1062 mate
429 1007 680 1062 eumdem
709 1009 889 1065 locum
938 1013 1240 1082 cxpetierit,
1285 1015 1398 1072 sive
1446 1034 1547 1089 pro
1588 1022 1835 1092 corporis

256 1099 559 1168 Sepultum,
588 1116 683 1156 seu
706 1102 933 1159 alterius
970 1119 1085 1160 suae
1127 1107 1379 1165 utilitatis
1408 1119 1464 1164 et
1485 1111 1678 1168 salutis
1705 1130 1833 1184 gra-

258 1192 353 1258 tia,
387 1192 612 1247 minime
641 1210 673 1248 a
714 1195 873 1250 venia
919 1205 972 1251 et
1010 1206 1194 1267 optata
1222 1200 1599 1259 misericordia
1647 1206 1834 1261 exclu-

255 1288 436 1353 datur,
468 1286 561 1341 sed
590 1287 710 1341 oleo
738 1288 1118 1343 medicamenti
1162 1291 1416 1348 salutaris
1452 1292 1716 1352 fovendus
1740 1297 1835 1353 be-

256 1378 494 1448 nigniter
541 1378 844 1449 colligatur.
899 1378 1038 1446 Quia
1081 1389 1135 1435 et
1174 1381 1386 1451 justum
1425 1384 1504 1440 sic
1532 1396 1635 1454 est,
1664 1397 1726 1442 ut
1774 1388 1832 1443 in

252 1469 420 1545 domo
450 1470 666 1540 pietatis
693 1479 747 1526 et
765 1471 915 1542 justo
937 1471 1242 1542 praebeatur
1262 1474 1479 1530 dilectio
1501 1486 1700 1534 sanctae
1723 1478 1833 1535 fra-

255 1563 550 1630 ternitatis,
582 1573 636 1619 et
669 1565 737 1620 ad
777 1565 994 1620 veniam
1038 1566 1371 1638 confugienti
1404 1572 1675 1639 peccatori
1718 1587 1831 1629 non

253 1662 484 1725 negetur
512 1654 970 1713 medicamentum
999 1659 1347 1731 indulgentiae
1385 1672 1446 1718 ‘et
1483 1664 1695 1720 salutis.
1750 1664 1832 1720 Sit

252 1755 436 1801 autem
457 1747 711 1804 omnibus
747 1749 820 1803 ibi
822 1750 1256 1822 ,advenientibus
1286 1769 1450 1809 causa
1492 1756 1706 1823 salutis,
1741 1757 1831 1813 hic

1940 573 2031 621 tur
2051 568 2180 637 quia
2206 569 2494 638 postulatis
2529 586 2562 624 a
2598 571 2754 626 nobis
2782 580 3052 641 quatenus
3091 574 3519 643 patriarchatum

1939 668 2141 714 sancta:
2162 659 2531 730 Aquileiensis
2554 661 2810 719 Ecclesia:
2831 679 2957 721 cum
2983 665 3135 719 omni
3162 680 3265 720 suo
3284 666 3517 734 honore,

1938 762 2101 822 atque
2126 756 2242 810 suis
2268 755 2612 825 pertinentiis
2646 764 2823 812 totum
2867 759 2920 817 in
2947 775 3121 814 unum
3148 760 3303 815 vobis
3330 760 3519 817 confe-

1936 862 2145 916 ramus,
2169 849 2328 904 sicuti
2361 850 2490 904 olim
2513 866 2546 904 a
2574 850 2734 905 beato
2767 849 2928 907 Petro
2953 851 3199 923 principe
3242 854 3519 925 apostolo-3

1936 958 2080 1009 rum,
2114 958 2215 999 nec
2258 959 2371 999 non
2401 943 2665 1017 Eugenio,
2699 955 2864 1015 atque
2892 945 3176 1018 Gregorio,
3199 953 3522 1019 exterisque

1936 1036 2428 1105 praedecessoribus
2484 1036 2694 1093 nostris
2763 1037 2930 1107 hujus
3002 1040 3315 1110 apostolica:
3374 1041 3520 1097 sedis

1935 1125 2207 1195 episcopis
2248 1127 2526 1183 decretum
2561 1136 2668 1195 est,
2706 1128 2959 1192 inclinati
2989 1145 3225 1201 namque
3264 1132 3521 1202 precibus

1935 1218 2133 1273 vestris
2173 1220 2478 1289 apostolica
2527 1222 2852 1277 auctoritate
2891 1220 3248 1279 concedimus
3274 1266 3288 1291 ,
3331 1232 3386 1280 et
3426 1240 3527 1296 per

1935 1307 2102 1379 hujus
2129 1310 2302 1365 nostri
2328 1312 2596 1385 privilegii
2629 1314 2883 1385 paginam
2926 1313 3322 1371 confirmamus
3364 1317 3522 1373 vobis

1933 1402 2240 1473 vestrisque
2261 1406 2674 1461 successor-ibas
2691 1406 3119 1476 patriarcbatum
3135 1415 3339 1464 sancta:
3350 1408 3521 1479 Aqui-

1933 1492 2157 1548 leiensis
2186 1493 2447 1550 Ecclesiae
2493 1495 2611 1552 fore
2652 1506 2816 1568 caput
2865 1505 2919 1553 et
2969 1499 3315 1570 metmpolim
3358 1515 3520 1571 super

1933 1599 2127 1641 omnes
2151 1583 2321 1639 Italiae
2340 1584 2633 1653 Eeclesias,
2678 1586 2941 1659 quoniam
2977 1601 3105 1643 ante
3147 1604 3341 1645 omnes
3389 1607 3520 1652 con-

1932 1676 2178 1732 stitutam
2205 1683 2260 1731 et
2282 1676 2335 1730 in
2364 1677 2470 1732 ﬁde
2490 1677 2696 1734 Christi
2726 1678 3014 1735 fundatam
3035 1679 3207 1737 fuisse
3235 1683 3520 1754 cognosci-

1934 1783 2095 1837 mus;
2136 1777 2301 1838 atque
2352 1769 2604 1825 volumus
2648 1769 2706 1825 8.
2750 1769 3155 1841 Aquileiensem
3210 1773 3267 1828 in
3307 1775 3519 1831 cunctis

251 1846 308 1932 fl
333 1836 388 1932 ίξι
411 1846 731 1908 perpetuum
772 1840 971 1932 dll’inm
1009 1843 1377 1901 miserationis
1407 1854 1460 1900 ει
1492 1846 1709 1915 Ρίθῑίὶιίε
1737 1862 1828 1902 ι’θ-
1861 1846 1905 1902 Β
1932 1859 2058 1915 fidei
2085 1836 2249 1916 rebus
2292 1860 2646 1930 peculiarem,
2690 1869 2746 1917 et
2792 1836 3075 1932 vicariam,
3119 1871 3175 1920 et
3218 1865 3536 1925 secundam.

250 1924 484 1998 fugium,
515 1937 568 1984 et
599 1930 911 1999 apostolica:
931 1932 1327 1990 benedictionis
1356 1935 1691 2005 praesidium.
1720 1937 1828 1993 De-

248 2018 528 2076 eernimus
555 2031 813 2091 prmterea
836 2034 888 2079 et
913 2026 1134 2081 omnino
1164 2026 1548 2084 constituimus
1573 2038 1655 2095 ut,
1684 2046 1825 2101 pra»

247 2109 380 2166 dicti
402 2112 507 2168 loci
540 2114 788 2174 .obeunte
810 2117 1020 2184 abbate,
1053 2134 1162 2174 non
1188 2120 1263 2197 ibi
1287 2121 1428 2177 alius
1455 2123 1831 2197 cujuscunque

248 2219 496 2273 personae
519 2207 774 2262 violentia
815 2210 1177 2269 constituatur
1221 2213 1590 2282 ordinandus,
1633 2217 1727 2272 sed
1761 2197 1830 2273 ab

248 2294 369 2364 ipsa
408 2300 827 2370 congregatione
858 2301 964 2357 loci
1003 2305 1305 2359 secundum
1335 2305 1587 2363 timorem
1618 2307 1741 2376 Dei,
1775 2319 1833 2366 et

248 2387 647 2445 institutionem
690 2392 1017 2463 legislatoris
1059 2394 1355 2465 Benedicti,
1388 2408 1541 2468 pater
1581 2400 1677 2470 qui
1726 2400 1827 2456 sibi

250 2494 485 2549 pneesse
505 2482 699 2539 debeat
731 2486 981 2557 eligatur,
1010 2496 1173 2559 atque
1203 2490 1272 2545 ad
1305 2505 1432 2545 eum
1463 2491 1828 2548 ordinandum

248 2572 647 2644 qualiscunque
708 2576 784 2630 illi
834 2578 1135 2648 placuerit,
1184 2582 1479 2637 advocetur
1516 2584 1823 2655 episcopus.

246 2662 615 2736 Quascunque
638 2683 767 2723 vero
796 2677 970 2727 terras
1005 2689 1151 2728 nunc
1173 2681 1346 2741 tenes,
1383 2683 1439 2730 et
1462 2691 1599 2747 quas
1629 2686 1688 2732 tu
1719 2678 1831 2733 tui-

248 2773 356 2826 que
386 2773 734 2815 successores
763 2757 1047 2832 acquirere
1076 2766 1385 2834 potueritis,
1407 2767 1462 2821 in
1504 2779 1826 2839 perpetuum

248 2848 605 2922 possidendas
635 2854 986 2911 concedimus
1012 2857 1183 2912 vobis.
1212 2857 1269 2913 Si
1295 2858 1420 2929 quis
1443 2870 1622 2915 autem
1655 2871 1826 2918 teme-

250 2940 398 2995 rario
437 2957 594 3009 ausu,
627 2946 771 3014 quod
794 2946 911 3000 fieri
948 2964 1058 3002 non
1101 2949 1404 3018 credimus,
1437 2961 1626 3007 contra
1661 2953 1827 3024 hujus

250 3041 451 3088 nostra
473 3036 785 3104 apostolica:
831 3038 1262 3097 confirmationis
1291 3042 1487 3097 seriem
1522 3046 1707 3101 venire
1733 3057 1827 3105 aut

250 3139 411 3195 agere
436 3128 745 3195 tentaverit,
791 3131 928 3184 sciat
954 3147 1012 3186 se
1058 3131 1272 3188 Domini
1306 3136 1481 3190 nostri
1518 3145 1572 3192 et
1595 3147 1816 3208 aposto-

252 3216 428 3273 lortln
458 3217 720 3290 principis
749 3220 891 3277 Petri
920 3225 1282 3281 anathematis
1311 3227 1531 3283 vinculo
1555 3230 1825 3287 innodan-

249 3310 401 3379 dum,
431 3318 486 3367 et
514 3328 638 3367 eum
670 3313 886 3369 diabolo
929 3316 1156 3386 ejusque
1184 3319 1548 3377 atrocissimis
1588 3325 1832 3394 pompis,

249 3410 414 3472 atque
446 3418 571 3458 cum
598 3403 736 3459 Juda
762 3406 1024 3462 traditore
1056 3407 1274 3464 Domini
1298 3419 1352 3466 et
1384 3410 1687 3472 Salvatoris
1722 3434 1826 3472 no-

250 3493 348 3547 stri
368 3492 496 3549 Jesu
515 3494 740 3563 Christi,
765 3497 819 3552 in
842 3507 1104 3553 mternum
1130 3501 1312 3573 ignem
1341 3508 1832 3577 concremandum,

249 3583 523 3656 simulque
551 3586 606 3640 in
631 3589 942 3659 voraginem
983 3600 1389 3665 tartareumque
1410 3597 1581 3653 chaos
1607 3599 1824 3656 demer-

249 3692 372 3731 sum
407 3693 531 3731 eum
575 3678 757 3749 impiis
800 3680 1179 3739 deliciendum.
1216 3684 1322 3753 Qui
1365 3704 1497 3742 vero
1540 3699 1728 3747 custos
1772 3702 1826 3748 ct

248 3767 569 3823 observator
598 3770 763 3840 hujus
789 3775 963 3827 nostri
986 3775 1251 3848 privilegii
1287 3778 1575 3848 exstiterit,
1605 3782 1826 3838 benedi-

247 3859 448 3915 ctionis
482 3862 710 3932 gratiam
742 3873 796 3919 et
824 3866 990 3922 vitam
1018 3876 1277 3925 aeternam
1303 3886 1337 3925 a
1366 3870 1599 3929 Domino
1626 3891 1813 3932 conse-

246 3960 468 4025 quatur,
505 3962 610 4009 etc.
650 3954 845 4013 Amen.

897 4067 901 4071 '
977 4050 1090 4109 νη.

289 4135 512 4193 Joannis
539 4136 680 4194 XIX
706 4142 931 4219 epistola
953 4145 1036 4219 ad
1072 4144 1371 4216 Papponem
1403 4149 1763 4219 palriarcham

823 4214 1231 4284 Aquileiensem.

828 4305 1008 4376 (Anno
1045 4307 1226 4380 1027.)

555 4391 819 4467 [Παπειιι
839 4438 855 4465 ,
896 4396 1065 4454 Italia
1093 4417 1277 4470 sacra,
1301 4400 1368 4469 V,
1399 4403 1521 4477 49.].

1932 1967 2055 2007 esse
2080 1961 2204 2022 post
2230 1952 2373 2006 hanc
2398 1952 2598 2007 almam
2619 1952 2926 2011 Romanam
2959 1955 3165 2023 sedem,
3191 1955 3355 2012 sicuti
3385 1957 3531 2013 olim-

1931 2059 1963 2099 a
2007 2043 2172 2098 beato
2215 2041 2378 2099 Petro
2423 2044 2670 2114 apostolo
2695 2060 3023 2101 concessum
3061 2044 3235 2103 fuisse
3280 2047 3515 2104 videtur.

1930 2134 2158 2205 Insuper
2182 2136 2338 2191 vobis
2381 2137 2687 2208 vestrisque
2732 2137 3168 2206 successoribus,
3218 2140 3519 2210 apostolica

1930 2226 2255 2281 auctoritate
2279 2226 2504 2296 pallium
2527 2227 2903 2297 concedimus,
2928 2243 3039 2298 quo
3065 2243 3168 2283 vos
3209 2230 3277 2284 ad
3320 2229 3519 2285 missa-

1929 2334 2053 2373 rum
2115 2320 2381 2375 solemnia
2423 2320 2745 2379 celebranda
2801 2320 2883 2379 uti
2935 2320 3192 2380 volumus
3242 2320 3297 2375 in
3340 2319 3528 2378 Natali

1930 2410 2168 2478 Domini,
2212 2427 2277 2467 ac
2316 2412 2662 2468 solemnitate
2706 2411 3043 2482 Epiphaniae,
3089 2420 3145 2467 et
3181 2412 3239 2467 in
3268 2402 3519 2483 quatuor

1932 2500 1989 2557 8.
2017 2501 2203 2559 Mariae
2242 2502 2651 2572 festivitatibus,
2675 2512 2729 2558 et
2778 2504 2834 2558 in
2863 2503 3110 2574 ejusdem
3162 2502 3515 2560 Dedicatione

1928 2596 2192 2663 ecclesiae,
2215 2605 2270 2651 et
2296 2596 2349 2650 in
2372 2596 2459 2651 die
2486 2594 2730 2651 Natalitii
2757 2595 2864 2661 sui,
2892 2603 2947 2651 et
2972 2595 3028 2650 in
3048 2594 3228 2667 ⁸(Σωιηι
3280 2595 3514 2663 Domini,

1927 2697 1982 2744 et
2001 2688 2056 2742 in
2078 2688 2166 2743 die
2193 2686 2249 2742 S.
2288 2686 2532 2755 Paschae,
2572 2688 2701 2742 etin
2728 2688 3068 2743 Ascensione
3099 2686 3336 2755 Domini,
3366 2696 3420 2743 et
3460 2688 3515 2742 in

1928 2780 2016 2835 die
2041 2779 2097 2835 S.
2122 2779 2497 2848 Pentecostes,
2520 2787 2575 2835 et
2601 2779 2655 2834 in
2682 2778 2975 2835 Nativitate
3018 2778 3076 2834 8.
3115 2779 3345 2836 Joannis
3370 2778 3515 2851 Bap-

1933 2873 2095 2939 tistae,
2119 2874 2357 2943 atquein
2396 2872 2783 2928 festivitatibus
2825 2871 3074 2926 omnium
3117 2871 3532 2941 apostolorum,

1927 2965 2058 3019 etin
2088 2962 2383 3019 festivitate
2409 2962 2668 3019 Omnium
2707 2964 3056 3032 Sanctorum,
3099 2972 3153 3018 et
3200 2964 3256 3018 in
3305 2963 3517 3019 caeteris

1928 3056 2183 3112 omnibus
2212 3057 2504 3127 prmcipuis
2539 3056 2950 3124 festivitatibus,
2976 3070 3079 3111 nec
3106 3070 3217 3110 non
3243 3055 3298 3109 in
3322 3069 3518 3109 conse-

1928 3150 2171 3207 cratione
2192 3149 2593 3221 episcoporum.
2648 3148 2724 3204 De
2766 3147 3022 3203 rationali
3047 3156 3229 3203 autem
3274 3146 3514 3216 idipsum

1928 3242 2275 3312 praecipimus
2324 3251 2384 3297 ut
2433 3242 2491 3297 in
2549 3242 2762 3298 caeteris
2808 3241 3194 3299 festivitatibus
3244 3238 3512 3308 utamini,

1926 3334 2389 3403 quemadmodum
2431 3342 2486 3389 et
2515 3333 2581 3388 de
2629 3334 2815 3404 pallio.
2849 3332 3080 3403 Insuper
3124 3339 3306 3386 autem
3353 3330 3516 3386 vobis

1925 3426 2233 3494 vestrisque
2256 3425 2671 3482 successoribus
2702 3424 3003 3496 apostolica
3027 3423 3353 3482 auctoritate
3381 3422 3511 3481 uni-

1925 3532 2115 3573 versos
2143 3518 2426 3589 episcopos
2451 3517 2508 3572 S.
2532 3517 2901 3588 Aquileiensis
2934 3514 3190 3572 Ecclesize
3228 3515 3481 3586 pertinen
3501 3543 3514 3555 -

1924 3619 2027 3677 tes,
2051 3624 2153 3665 nec
2178 3625 2285 3664 non
2311 3609 2645 3665 monasteria
2671 3649 2685 3663 .
2711 3648 2726 3663 .
2757 3649 2775 3665 ,η
2811 3618 2973 3678 atque
3012 3607 3179 3662 etiam
3216 3606 3525 3676 parochias.

1926 3709 2154 3756 cunctas
2178 3700 2354 3755 eidem
2376 3699 2768 3770 patriarchatui
2801 3698 3136 3769 pertinentes
3157 3712 3285 3775 cum
3329 3695 3513 3752 omni-

1925 3794 2029 3849 bus
2049 3792 2319 3863 plebibus,
2340 3792 2531 3859 titulis,
2568 3791 2837 3859 ecclesiis,
2858 3806 2954 3846 seu
2982 3789 3225 3859 capellis,
3251 3788 3511 3854 castellis,

1923 3884 2254 3951 villis,terris
2264 3883 2426 3938 cultis
2437 3882 2845 3950 etincultis,seu
2855 3879 3308 3953 decimationibus
3319 3894 3513 3933 eorum

1924 3992 2050 4033 cum
2073 3974 2427 4042 exitibus,vel
2442 3973 2743 4032 redditibus
2763 3988 2975 4040 eorum,
2992 3986 3086 4026 seu
3106 3986 3232 4025 eum
3253 3969 3510 4025 omnibus

1922 4067 2249 4125 utensilibus
2264 4081 2479 4134 eorum,
2493 4074 2549 4122 et
2563 4065 2919 4136 appendiciis,
2933 4062 3202 4135 quaesitis,
3217 4061 3304 4119 vel
3319 4061 3503 4133 inqui-

1920 4159 2125 4225 rendis,
2146 4157 2387 4229 quaadici
2408 4157 2494 4213 vel
2513 4157 2787 4212 nominari
2804 4164 3055 4228 possunt,
3069 4170 3173 4211 nec
3182 4170 3293 4210 non
3307 4153 3511 4210 conﬁr-

1921 4267 2139 4307 mamus
2158 4250 2315 4306 vobis
2342 4250 2648 4321 vestrisque
2665 4249 3079 4306 successoribus
3104 4247 3365 4317 insulam,
3389 4263 3510 4319 qua:

1920 4341 2134 4398 Gradus
2165 4349 2410 4409 vocatur,
2434 4357 2561 4397 cum
2583 4341 2839 4399 omnibus
2866 4341 2981 4396 suis
2995 4339 3357 4412 pertinentiis,
3389 4354 3512 4410 quae

1920 4433 2209 4490 barbarico
2230 4434 2437 4503 impetu
2458 4433 2528 4489 ab
2542 4433 2733 4489 eadem
2746 4431 3087 4504 Aquileiensi
3112 4431 3356 4489 Ecclesia
3380 4431 3506 4487 sub-

318 4503 545 4563 Jomnss
564 4509 873 4581 episcopus,
907 4528 1096 4570 servus
1131 4531 1413 4571 servorum
1459 4517 1583 4586 Dei,
1623 4520 1821 4576 dilecto
1852 4557 1896 4611 Β
1923 4532 2097 4580 tracta
2142 4523 2380 4591 fuerant,
2412 4533 2466 4580 et
2516 4523 2656 4579 falso
2711 4503 3064 4594 patriarchali
3110 4523 3335 4599 nomine
3386 4531 3511 4578 utet-

243 4597 550 4657 in'Christo
597 4599 750 4656 fratri
799 4602 1028 4660 Porro.“
1075 4618 1277 4662 saneta:
1304 4608 1670 4679 Aquileiensis
1712 4612 1817 4671 Ec-

239 4688 424 4751 clesia:
449 4692 771 4762 patriarcha:
792 4705 1107 4765 perpetuam
1139 4697 1389 4753 salutem.

313 4780 450 4838 Cum
479 4800 677 4856 magna
701 4787 858 4843 nobis
900 4788 1261 4844 sollicitudine
1296 4790 1502 4847 insistit
1547 4809 1679 4849 cura
1719 4811 1819 4865 pro

242 4875 514 4931 universis
554 4875 815 4934 Ecclesiis
857 4878 955 4934 Dei
989 4895 1053 4936 ac
1098 4881 1203 4951 piis
1248 4881 1383 4937 locis
1425 4884 1718 4955 vigilandi,
1752 4904 1820 4943 ne

241 4967 482 5037 aliquam
502 4968 843 5043 necessitatis
864 4969 1134 5039 jacturam
1163 4973 1489 5041 sustineant,
1514 4976 1608 5030 scd
1643 4978 1817 5049 magis

241 5059 476 5130 propriae
505 5059 754 5117 utilitatis
776 5062 1041 5133 stipendia
1065 5074 1488 5134 consequantur,
1526 5068 1648 5123 ideo
1678 5084 1814 5124 con—

239 5152 391 5206 venit
424 5169 525 5208 nos
549 5161 661 5208 tota
686 5155 884 5209 mentis
931 5155 1188 5210 aviditate
1209 5158 1527 5213 eorumdem
1569 5168 1813 5216 veterum

241 5244 485 5305 locorum
513 5246 862 5301 stabilitatem
886 5264 950 5301 ac
974 5248 1339 5318 integritatem
1362 5251 1596 5306 maxime
1618 5268 1817 5322 procum

238 5350 385 5402 rare,
412 5344 466 5390 et
497 5336 687 5391 sedulo
714 5353 906 5392 eorum
956 5338 1248 5394 utilitatem
1301 5356 1366 5396 ac
1416 5344 1657 5398 Subsidia
1704 5345 1815 5400 illic

238 5427 582 5496 contrahere,
612 5437 673 5482 ut
695 5427 807 5483 Deo
830 5438 1020 5485 nostro
1046 5432 1405 5502 omnipotenti
1428 5433 1481 5488 id
1537 5436 1682 5505 quod
1715 5453 1814 5507 pro

235 5516 362 5587 ejus
390 5519 567 5573 sancti
592 5519 833 5575 nominis
866 5521 1075 5577 honore
1107 5533 1161 5579 et
1206 5523 1393 5591 laude,
1437 5533 1601 5595 atque
1643 5527 1815 5598 gloria

238 5607 358 5677 ejus
385 5609 584 5666 divina:
602 5612 922 5682 majestatis,
956 5622 1268 5670 nostrarum
1288 5632 1472 5671 rerum
1487 5618 1815 5676 confirmare

240 5700 513 5757 veteribus
567 5703 703 5759 locis
748 5705 819 5759 sit
865 5708 1221 5776 acceptabilc,
1259 5709 1526 5780 nobisque
1571 5712 1642 5766 ab
1691 5714 1812 5784 ejus

239 5790 661 5865 locupletissima
686 5797 1054 5854 misericordia
1075 5798 1236 5870 digna
1282 5801 1593 5873 hujusmodi
1636 5804 1709 5874 pii
1752 5805 1808 5861 in

1921 4616 2101 4684 batur,
2139 4615 2206 4671 de
2234 4631 2342 4687 qua
2376 4615 2532 4670 multi
2558 4623 2932 4671 antecessores
2956 4615 3146 4682 vestri,
3172 4614 3517 4684 temporibus

1922 4720 2168 4760 meorum
2217 4713 2650 4772 antecessorum,
2685 4714 2740 4759 et
2779 4705 3080 4760 multorum
3116 4692 3509 4775 imperatorum

1920 4813 2017 4868 per
2047 4797 2247 4852 multas
2273 4796 2513 4869 synodos
2542 4797 3037 4867 proclamaverunt,
3066 4797 3136 4853 ad
3164 4813 3301 4867 quas
3337 4813 3509 4852 temu~

1920 4879 2008 4946 lus
2041 4898 2167 4945 tuus
2208 4889 2487 4946 multoties
2518 4889 2765 4961 synodali
2807 4878 3109 4957 sententiae,
3151 4899 3205 4945 et
3238 4890 3509 4960 imperiali

1920 4990 2192 5053 praecepto
2240 4989 2467 5039 vocatus
2522 4982 2710 5039 venire
2752 4982 2954 5051 renuit,
3005 4982 3149 5038 unde
3199 4982 3509 5036 interventu.

1922 5076 2088 5130 etiam
2115 5083 2169 5129 et
2189 5073 2450 5145 petitione
2497 5074 2679 5130 dilecti
2716 5075 2811 5130 lilii
2842 5060 3012 5130 nostri
3049 5073 3286 5130 Conradi
3332 5073 3504 5143 impe-

1922 5165 2119 5221 ratoris
2178 5164 2408 5237 Augusti
2460 5166 2729 5238 synodum
2773 5151 3249 5237 congregavimns,
3290 5164 3347 5219 in
3393 5180 3502 5234 qua

1922 5257 2077 5311 multi
2097 5265 2371 5314 nostrates
2404 5264 2459 5313 et
2480 5257 2826 5329 Longobardi
2856 5267 2909 5313 et
2937 5256 3218 5313 Teutonici
3239 5255 3500 5326 episcopi,

1920 5356 1975 5404 et
2018 5349 2241 5403 abbates
2280 5347 2693 5415 interfuerunt,
2734 5350 2803 5405 ad
2856 5364 3021 5420 quam
3082 5350 3198 5419 ipse
3239 5347 3503 5404 canonice

1920 5449 2147 5496 vocatus
2204 5441 2392 5496 venire
2464 5442 2698 5497 distulit.
2769 5440 2923 5497 Unde
2954 5513 2962 5522 .
2974 5440 3184 5511 judicio
3251 5439 3500 5495 omnium

1917 5530 2301 5600 episcoporum
2342 5532 2437 5601 qui
2487 5532 2741 5601 aderant,
2792 5532 3043 5587 restituta
3076 5540 3162 5587 est
3196 5531 3271 5586 ibi
3307 5530 3499 5586 eadem

1918 5619 2096 5674 insula
2123 5635 2249 5676 cum
2278 5621 2534 5679 omnibus
2558 5624 2674 5679 suis
2699 5623 3060 5694 pertinentiis,
3096 5631 3157 5677 ut
3196 5621 3501 5681 secundum

1918 5709 2088 5766 Deum
2110 5721 2166 5767 et
2186 5724 2374 5769 votum
2401 5727 2649 5772 vestrum
2676 5732 2798 5772 eam
2834 5718 3090 5773 ordinare
3130 5718 3286 5774 vobis
3314 5715 3494 5785 liceat,

1915 5806 1999 5860 vel
2023 5807 2204 5861 omnia
2252 5822 2371 5880 qua:
2400 5809 2501 5866 sub
2534 5810 2656 5881 jure
2697 5828 2760 5866 ac
2806 5811 3049 5867 dominio
3092 5806 3487 5892 patriartl'ﬂul
