4018 6386
465 351 603 404 1159

1764 352 2047 413 JOANNIS
2081 355 2201 412 XIX
2239 355 2439 412 ΡΑΡᾹΞ

3558 346 3697 402 11ἑο

463 460 673 532 praefati
703 461 970 534 adjaeere,
994 463 1079 519 vel
1114 465 1387 536 pertinere
1427 477 1749 537 noscuntur,
1770 472 2039 542 quemad—
2069 479 2115 534 Α
2172 502 2175 503 ν
2209 475 2248 544 ηι-
2272 472 2511 527 Joannes
2534 469 2843 540 episcopus.
2870 478 3062 523 servus
3087 478 3364 521 servorum
3394 461 3513 522 Dei.
3541 459 3598 515 S.
3623 458 3716 517 Τίφ

466 553 691 609 modum
747 554 1100 617 beatissimus
1154 556 1350 616 Petrus
1414 561 1697 632 apostolus
1759 563 1890 619 olim
1937 580 2041 621 suo

465 646 735 715 discipulo
780 646 962 703 Marco
1002 650 1368 721 evangelista),
1420 651 1649 723 ejusque
1690 656 2043 725 sequaeiele-

467 737 616 808 ganti
638 738 754 793 viro
777 736 1126 811 Hermagora:
1154 743 1502 799 contradidit.
1537 743 1850 803 Statuentes
1879 747 2046 819 igitur

468 830 765 899 apostolica
789 845 1022 887 censura
1048 833 1150 888 sub
1172 834 1343 889 divini
1380 834 1570 906 judicii
1601 838 1963 895 obtestatione
1990 848 2045 895 et

469 920 834 979 anathematis
863 922 1155 981 interdictu
1195 925 1571 984 interdicimus
1614 937 1675 983 ut
1716 930 1898 985 nullus
1942 947 2045 987 un-

469 1028 636 1082 quam
666 1021 980 1074 nostrorum
1022 1030 1403 1072 successorum
1436 1017 1710 1088 pontifex,
1756 1020 2047 1092 nullusque

469 1101 786 1171 episcopus,
836 1103 1093 1187 nullaque
1148 1120 1342 1177 magna
1397 1123 1671 1179 parvaque
1712 1125 1943 1179 persona
1990 1110 2046 1166 in

471 1194 600 1249 totis
640 1194 842 1250 ﬁnibus
891 1197 1061 1251 vestri
1117 1198 1519 1267 patriarchatus
1545 1242 1560 1267 ,
1613 1198 1700 1254 vel
1758 1200 2047 1272 episcopo-9

472 1291 594 1339 rum
620 1294 924 1341 vestrorum
953 1288 1195 1345 dominio
1215 1290 1623 1361 pertinentium,
1648 1291 2047 1347 ordinationem

473 1377 770 1446 quamlibet
809 1375 990 1435 facere
1036 1390 1403 1449 prmsumant,
1452 1378 1561 1436 nisi
1605 1388 1786 1438 vestro
1837 1390 2048 1437 vestro-

474 1485 707 1540 rumque
763 1486 1149 1528 successorum
1202 1472 1365 1528 fuerit
1410 1488 1683 1530 consensu
1712 1516 1725 1541 ,
1780 1452 2090 1544 quatenus

474 1560 845 1618 Ecclesiarum
868 1564 1087 1621 ordines
1130 1580 1255 1621 cum
1288 1564 1384 1620 Dei
1425 1564 1695 1637 adjutorio
1736 1566 1919 1621 sedule
1961 1581 2052 1622 ac-

476 1662 744 1713 Crescant.
797 1653 856 1709 Si
900 1656 1025 1729 quis
1065 1665 1268 1725 autem,
1295 1658 1443 1727 quod
1490 1671 1598 1712 non
1650 1664 1922 1727 optamus,
1970 1664 2051 1713 te-

475 1744 714 1807 merario
774 1762 915 1802 ausu
979 1748 1145 1818 hujus
1204 1749 1378 1807 nostri
1436 1748 1719 1818 apostolici
1787 1749 2054 1821 privilegii

474 1848 850 1911 transgressor
883 1840 1171 1907 exstiterit,
1198 1841 1335 1895 sciat
1365 1855 1422 1896 se
1461 1841 1780 1896 auctoritate
1819 1839 1913 1895 Dei
1936 1856 2054 1895 om-

476 1930 795 2000 nipotentis,
820 1938 873 1986 ct
894 1931 1266 2001 apostolorum
1310 1930 1571 2001 principis
1609 1931 1773 1997 Petri,
1802 1941 1855 1987 et
1875 1931 2051 1997 I‘auli,

462 2031 531 2076 Act
570 2028 779 2088 nostra,
826 2021 922 2092 qui
948 2037 1161 2077 eorum
1204 2022 1485 2094 fungimur
1525 2023 1661 2089 vice,
1693 2024 2054 2079 anathematis

474 2115 694 2170 vinculo
714 2130 835 2170 esse
856 2114 1194 2181 innodatum,
1208 2123 1261 2169 et
1286 2131 1317 2169 a
1339 2129 1506 2185 regno
1521 2114 1615 2168 Dei
1639 2129 1758 2169 esse
1779 2114 2050 2179 alienum;

475 2204 571 2275 qui
591 2221 718 2261 vero
740 2205 905 2275 hujus
928 2212 1127 2261 nostra:
1147 2198 1398 2275 Epistolas
1420 2206 1773 2261 institutionis
1794 2205 1850 2259 in
1874 2205 2054 2260 omni-

475 2293 580 2348 bus
627 2293 945 2359 observator
994 2294 1299 2364 exstiterit,
1337 2294 1733 2351 benedictionis
1781 2294 2044 2364 gratiam,

475 2384 756 2455 vitamque
784 2392 1064 2455 aeternam,
1089 2393 1143 2440 et
1164 2385 1562 2446 absolutionem
1586 2385 1832 2439 omnium
1865 2400 2057 2454 pecca-

477 2488 660 2541 torum
699 2493 927 2534 suorum
962 2479 1223 2549 consequi
1254 2487 1527 2533 mereatur
1562 2492 1592 2531 a
1616 2476 1751 2544 Deo,
1783 2476 1880 2547 qui
1924 2477 2058 2533 vivit

478 2577 535 2637 et
567 2578 758 2641 regnat
794 2570 851 2625 in
877 2571 1076 2626 saecula
1102 2571 1446 2625 saeculorum.
1472 2568 1666 2624 Amen.

554 2659 827 2732 Scriptum
871 2676 967 2731 per
988 2648 1186 2715 manus
1229 2658 1458 2714 Joannis
1503 2657 1814 2729 cardinalis,
1849 2668 1903 2714 et
1924 2674 2056 2714 can-

481 2751 709 2818 cellarii,
740 2751 857 2806 vice
881 2750 1030 2806 Petri
1068 2750 1316 2825 diaconi,
1366 2765 1555 2806 mense
1598 2748 1949 2821 Septembris,
1977 2750 2059 2805 in-

480 2839 720 2895 dictione
741 2838 953 2894 dccima
991 2838 1088 2911 (l).

553 2928 750 2984 Datum
776 2945 871 3000 per
916 2946 1113 2987 manus
1134 2929 1403 2991 Bossonis
1434 2931 1673 3003 episcopi
1694 2941 1747 2987 et
1766 2932 2057 2989 bibliothee

483 3021 618 3077 carii
649 3018 706 3076 S.
734 3021 800 3076 Β.
825 3021 887 3079 Ε.
909 3022 967 3077 in
990 3038 1199 3090 mense,
1233 3032 1286 3079 et
1328 3024 1623 3079 indictione
1666 3024 2057 3095 suprascripta,

482 3112 542 3166 in
569 3111 942 3167 sacratissima
983 3114 1110 3170 sede
1156 3114 1302 3169 beati
1344 3113 1488 3168 Petri
1516 3114 1772 3185 apostoli,
1798 3131 1942 3170 anno
1982 3131 2056 3181 ιν,

377 3219 387 3230 ·
486 3201 597 3257 Deo
634 3200 888 3274 propitio,
925 3205 1274 3276 pontiﬁcatus
1317 3206 1379 3260 D.
1424 3204 1651 3267 Joannis
1694 3207 1896 3279 summi
1921 3222 2060 3279 pon-

485 3288 647 3353 {ilicis
673 3304 728 3351 et
751 3295 1077 3357 universalis
1100 3295 1223 3358 XIX
1254 3312 1423 3367 papze.

1210 3386 1343 3443 VIII.

556 3478 787 3534 Joannes
824 3479 965 3535 XIX
997 3479 1248 3536 Ecclesia:
1275 3479 1567 3535 Tiburtina:
1593 3480 1727 3534 bona
1743 3480 1979 3551 jnraqne,

696 3560 897 3620 petente
929 3551 1212 3606 Benedicto
1243 3552 1482 3621 episcopo
1505 3592 1520 3617 ,
1555 3551 1850 3621 conﬁrmat.

916 3640 1155 3713 (Fragm.
1180 3673 1249 3683 ——-
1275 3643 1432 3696 Anno
1459 3640 1661 3719 1029.)-

789 3731 1071 3805 [υσηειιῃ
1104 3731 1272 3787 Italia
1300 3750 1475 3800 sacra,
1507 3730 1549 3799 Ι,
1580 3730 1765 3805 1507.]

564 3823 853 3880 Dilecto'ln
882 3823 1105 3880 Christo
1135 3841 1199 3881 ac
1229 3834 1416 3881 nostro
1450 3824 1719 3895 spirituali
1750 3823 1862 3878 ﬁlio
1888 3822 2065 3879 Bene-

400 3956 403 3960 μ
492 3932 653 3972 mero
707 3915 765 3972 S.
799 3914 1100 3973 Tiburtinae
1144 3916 1400 3974 Ecclesia:
1451 3931 1482 3972 a
1530 3915 1688 3971 nobis
1752 3922 2069 3971 consecrato

492 4008 767 4079 episcopo.
798 4048 811 4063 .
842 4048 855 4063 .
884 4050 899 4063 .
927 4049 941 4064 .
974 4009 1088 4065 lmo
1115 4010 1279 4065 etiam
1308 4007 1590 4074 ecclesias,
1622 4023 1760 4079 quas
1786 4006 1927 4062 Boso
1953 4006 2068 4076 epi-

492 4116 691 4171 scopus
713 4109 838 4156 tuus
865 4109 1179 4156 antecessor
1201 4101 1306 4155 isto
1331 4107 1593 4170 praesente
1618 4087 1761 4152 anno
1780 4113 2068 4153 consecra-

491 4192 590 4257 vit,
616 4191 868 4246 videlicet
894 4190 950 4245 S.
974 4190 1202 4245 Joannis
1224 4200 1278 4245 et
1298 4190 1357 4243 B.
1385 4189 1679 4244 Juvenalis.

562 4280 625 4336 In
654 4282 872 4337 nomine
899 4322 912 4335 .
940 4323 955 4335 .
984 4322 999 4335 .
1028 4322 1042 4335 .
1074 4280 1430 4336 Pontiﬁcatus
1475 4279 1538 4334 D.
1583 4278 1808 4335 Joannis
1851 4277 1971 4332 XlX
2013 4279 2071 4333 in

494 4372 864 4429 sacratissima
913 4372 1058 4440 sede,
1110 4380 1239 4439 etc.,
1288 4386 1433 4427 anno
1480 4387 1578 4437 vn,
1626 4368 1917 4425 indictione
1958 4387 2068 4439 xiv,

494 4480 685 4549 mense
707 4462 950 4520 Januarii
970 4465 1058 4521 die
1077 4481 1195 4531 vm,
1220 4463 1457 4520 Joannes
1479 4463 1767 4534 episc0pus
1794 4461 1850 4516 S.
1877 4462 2072 4517 Tibur-

492 4557 622 4613 tina:
660 4554 952 4625 Ecclesiae,
1000 4557 1372 4613 consentiente
1415 4563 1611 4612 cuncta
1657 4554 2073 4628 congregatione

492 4647 754 4718 episcopii
777 4644 835 4701 S.
856 4645 1133 4702 Laurentii
1160 4649 1415 4719 martyris
1439 4646 1665 4714 Christi,
1692 4646 1857 4701 donat
1877 4653 2074 4701 cuncto

495 4725 641 4794 clero
686 4739 939 4795 venerab.
986 4739 1285 4811 presbyter.
1335 4754 1553 4793 omnem
1594 4737 1936 4793 medietatem
1975 4736 2072 4791 de-

495 4839 836 4886 mortuorum
882 4829 1117 4895 civitatis
1156 4828 1456 4885 Tiburtina:
1484 4830 1553 4885 ad
1582 4845 1641 4884 se
1675 4829 2028 4900 pertinentem
2056 4871 2072 4895 ,

496 4923 553 4977 in
594 4921 725 4993 juga
766 4922 1206 4994 presbyterorum
1242 4922 1385 4992 jurat
1415 4963 1430 4987 ,
1474 4930 1534 4977 ut
1576 4937 1696 4992 sup.
1742 4937 1901 4992 pinna
1950 4919 2070 4975 auri

495 5015 708 5069 obritiae
755 5014 929 5070 unciae
963 5022 1094 5089 tres.
1126 5012 1505 5071 Tedemaudus
1544 5013 1631 5068 vir
1654 5020 1708 5068 et
1734 5013 1949 5068 tabellio
1989 5012 2070 5067 ei-

496 5106 679 5162 vitatis
707 5105 941 5177 scripsit.

571 5281 648 5352 (lg)
689 5278 788 5336 ilic
811 5282 935 5352 loco
958 5280 1275 5337 indictionis
1298 5280 1522 5352 decimae
1543 5279 1871 5352 reponenda
1888 5278 2078 5352 estin-

500 5349 669 5423 dictio
705 5366 780 5423 x1.
802 5349 1072 5423 nghellus
1093 5353 1239 5423 enim
1267 5363 1401 5407 tom.
1428 5350 1701 5423 l,_recitat
1728 5349 1876 5423 aliud
1912 5349 2079 5417 privi-

501 5420 702 5490 legium
737 5419 896 5483 suae
929 5422 1184 5477 Candidas
1203 5424 1459 5491 episcopo
1479 5421 1688 5485 datum,
1718 5420 1974 5491 scriptum
1995 5436 2086 5491 per

505 5507 729 5563 manant
770 5491 978 5563 Georgii
1025 5490 1251 5547 notat-iii
1284 5492 1571 5563 regionarii
1620 5502 1775 5561 atque
1812 5490 2085 5563 scriptoris

506 5560 563 5615 S.
592 5561 655 5614 It.
684 5558 748 5614 E.
774 5561 827 5615 in
853 5558 1023 5617 manse
1064 5558 1358 5627 Decembri,
1397 5560 1509 5615 ind.
1538 5577 1592 5625 Χ,
1620 5558 1744 5630 post
1768 5558 2085 5630 suscriptio-

504 5647 630 5685 nem
654 5645 782 5685 vero
814 5634 1105 5687 oraesulum
1132 5650 1203 5687 xx
1257 5634 1312 5687 in
1333 5647 1397 5687 eo
1419 5629 1858 5684 nominaturum:
1886 5629 2083 5682 Datum

506 5699 591 5768 1f!
599 5699 626 5752 Ι
650 5697 699 5752 Κ
705 5700 778 5767 al,
800 5697 1052 5757 Januarii
1076 5720 1166 5771 per
1189 5720 1376 5757 manus
1398 5700 1669 5757 Benedicti
1691 5699 1922 5771 episcoyi
1942 5699 2080 5751 Por-

510 5771 739 5853 t_,uen§is',
783 5780 834 5825 et
882 5774 987 5853 ilice
1033 5769 1331 5853 Peregrini2
1354 5781 1452 5827 etc.
1473 5813 1488 5837 ,
1513 5843 1525 5853 _
1547 5786 1717 5853 anno“
1741 5769 2078 5853 pogtfilimtns

509 5841 578 5904 Β.
600 5840 651 5896 Ν
657 5883 669 5897 .
693 5839 920 5899 Joannis
938 5844 1129 5901 summi
1153 5838 1342 5909 contif.
1361 5852 1410 5897 et
1434 5840 1746 5898 universalis
1768 5838 1905 5894 XIX
1929 5855 2079 5910 papa:

2142 565 2371 619 burtinae
2396 560 2669 618 Ecclesiae.

2782 698 2973 755 ‘Ix.

2142 819 2373 875 Joannes
2404 816 2544 872 XIX
2577 817 2635 871 in
2678 815 2877 883 synodo
2898 813 3323 885 patriarchatnm
3363 809 3729 885 Gradensem,

2215 892 2308 944 sub
2346 895 2655 960 potestatem
2696 880 2961 960 Poppo‘nis
3013 880 3731 960 patriarchquuileienfis

2217 949 2400 1014 contra
2433 961 2525 1029 jus
2569 958 2749 1029 fasque
2778 949 3108 1023 'redactu'm,
3161 951 3355 1008 Πηοηὶ
3403 949 3732 1023 patriarclur

2218 1028 2478 1086 Gradensi
2505 1028 2755 1090 restituit,

2731 1163 2913 1235 (Anno
2958 1162 3140 1233 l029.)
3164 1149 3169 1155 ⁷

2452 1367 2457 1371 ,
2514 1300 2727 1374 [iussn
2770 1300 2973 1357 σοηείι.
3017 1298 3160 1367 XIX,
3201 1298 3345 1372 491.]

2216 1435 2447 1492 Joannes
2469 1434 2777 1505 episcopus,
2810 1434 3003 1491 servus
3032 1448 3312 1492 servorum
3336 1431 3453 1485 Dei.

2219 1528 2278 1585 Si
2307 1528 2628 1585 mortalibus
2670 1528 3053 1583 inevitabiliter
3096 1544 3205 1583 non
3250 1527 3563 1582 immineret
3593 1524 3741 1580 acci-

2149 1622 2284 1677 dens
2307 1637 2371 1676 cx
2397 1614 2718 1691 protoplasti
2743 1620 2985 1690 parentis
3015 1619 3148 1674 vitio
3175 1618 3427 1683 deﬁcere,
3460 1617 3614 1672 nulla
3638 1632 3735 1686 pe-

2150 1712 2298 1769 nitus
2327 1715 2467 1769 ratio
2492 1722 2708 1784 cogeret
2736 1722 2857 1768 acta
2883 1710 3193 1769 eorumdem
3224 1712 3493 1767 servanda
3533 1710 3741 1764 futuris

2084 1833 2127 1888 B
2151 1805 2367 1861 saaculis
2392 1805 2537 1859 bona
2572 1804 2639 1861 ad
2668 1805 2997 1874 exemplum,
3040 1805 3125 1859 vel
3165 1802 3407 1874 improba
3436 1803 3507 1857 ad
3550 1808 3741 1856 cantes

2153 1898 2261 1952 iam
2290 1896 2431 1968 style
2457 1894 2814 1951 inextricabili
2842 1895 3246 1960 commendare,
3282 1895 3375 1948 illa
3403 1895 3592 1948 minus
3622 1892 3743 1946 ἰάθη

2152 2004 2316 2043 neum
2347 1986 2488 2042 foret
2519 1994 2769 2041 auctores
2808 1994 3105 2056 praesentes
3152 1985 3420 2055 inspicere
3442 2025 3459 2050 ,
3508 1992 3562 2038 et
3605 1982 3742 2037 Acta

2151 2078 2376 2148 exsequi
2401 2086 2642 2132 exarata.
2674 2076 2781 2132 Sed
2803 2076 2954 2146 quia,
2985 2086 3045 2131 ut
3066 2076 3409 2146 prtemissum
3439 2082 3544 2139 est,
3575 2073 3742 2143 primi

2152 2171 2397 2242 parentis
2424 2171 2640 2240 piaculo
2663 2168 2922 2225 instantia
2951 2177 3270 2223 cancrorum
3296 2153 3528 2223 deficere
3549 2165 3741 2235 erepit,

2153 2260 2377 2332 provide
2404 2275 2595 2316 eorum
2621 2260 2829 2315 invenit
2852 2260 3185 2325 humanitas,
3213 2274 3281 2314 ne
3311 2274 3499 2314 secum
3546 2258 3743 2326 deper—

2154 2355 2297 2409 irent
2334 2352 2496 2419 Gesta
2538 2352 2760 2423 propria
2801 2351 2867 2406 ad
2911 2351 3348 2405 informationem
3393 2349 3743 2420 sequentium

2156 2443 2501 2511 saeculorum,
2544 2444 2629 2498 vel
2659 2443 2724 2498 ad
2752 2442 3122 2508 evitationem,
3161 2441 3207 2497 si
3238 2441 3472 2497 obscura
3516 2438 3744 2504 fuerint,

2155 2534 2352 2589 debere
2380 2534 2649 2600 adnotari,
2677 2543 2737 2593 ut
2763 2534 2878 2603 ipsa
2904 2533 3182 2596 adnotatio
3219 2533 3571 2587 immemores
3611 2538 3745 2585 atta-

2155 2634 2238 2680 tes
2268 2640 2532 2695 superans
2579 2624 2905 2695 signiﬁcaret
2953 2625 3085 2695 quid
3116 2606 3269 2690 utile,
3298 2622 3498 2695 quidve
3527 2629 3746 2693 gestum

2158 2713 2349 2770 fuisset
2372 2715 2564 2770 inutile
2588 2757 2603 2782 ,
2647 2723 2701 2769 et
2727 2713 2905 2769 lucida
2943 2712 3289 2783 indagatione
3319 2726 3511 2766 verum
3540 2726 3571 2765 a
3603 2709 3747 2764 falso

2158 2805 2211 2859 iu
2246 2813 2489 2873 tempore
2514 2811 2822 2873 opportuno
2847 2810 3173 2860 secerneret.
3201 2800 3355 2868 Quod
3380 2800 3427 2856 si
3455 2799 3619 2855 estin
3639 2815 3745 2854 sae-

2158 2896 2437 2952 cularibus
2479 2895 2711 2965 negotiis
2759 2894 2811 2949 id
2858 2893 3060 2949 servari
3104 2893 3393 2957 sancitum,
3421 2891 3663 2957 cautius,
3690 2900 3750 2949 et

2160 2988 2471 3059 diligentius
2508 2986 2565 3040 in
2604 2984 2996 3041 ecclesiasticis
3036 2993 3120 3040 est
3160 2982 3566 3040 observandum
3592 3025 3609 3048 ,
3648 2982 3747 3051 qui

2161 3091 2313 3136 tanto
2354 3088 2728 3150 tempestatem
2779 3077 2964 3134 saeculi
3009 3077 3232 3131 horrent
3289 3074 3496 3145 quanto
3560 3074 3751 3143 quiete

2090 3186 2132 3245 ο
2162 3178 2419 3241 perpetua
2485 3169 2715 3235 ardent,
2770 3176 2925 3233 tanto
2977 3165 3405 3237 inquietudinem
3466 3162 3751 3258 refugum

2163 3261 2474 3317 mortalium
2526 3269 2732 3331 quanto
2756 3258 2856 3315 soli
2886 3258 3089 3313 viventi
3119 3257 3231 3312 Deo
3260 3257 3316 3311 in
3345 3255 3543 3311 saecula
3570 3255 3752 3311 saccu-

2162 3352 2343 3407 lorum
2370 3352 2586 3421 placere
2610 3350 2940 3405 desiderant.
2969 3346 3141 3418 Cujus
3170 3346 3248 3402 rei
3272 3341 3445 3417 gratia
3488 3346 3753 3401 omnibus

2168 3442 2225 3497 S.
2252 3441 2348 3497 Dei
2372 3441 2625 3497 Ecclesia:
2647 3440 2772 3495 ﬁliis
2803 3448 2994 3499 notum
3016 3454 3135 3495 esse
3159 3438 3411 3493 volumus
3430 3437 3577 3508 quod
3606 3438 3755 3492 inter

2165 3532 2432 3589 Ursonem
2455 3533 2820 3604 patriarcham
2842 3531 3196 3598 Gradensem,
3231 3539 3286 3584 et
3307 3527 3622 3599 Popponem
3643 3527 3753 3583 Fo-

2164 3630 2516 3701 rojuliensem
2544 3630 2909 3700 patriarcham
2938 3671 2953 3695 ,
2988 3627 3126 3698 proh
3167 3624 3346 3681 dolor!
3379 3623 3585 3679 nostris
3610 3633 3754 3677 tem—

2165 3722 2390 3792 poribus
2418 3720 2611 3775 zabulo
2630 3719 2925 3774 ventilante
2945 3724 3279 3772 commotum
3303 3720 3406 3777 est,
3428 3720 3485 3766 et
3512 3711 3579 3766 ad
3599 3710 3755 3780 quod

2168 3828 2345 3884 usque
2363 3812 2703 3882 perductum.
2727 3809 3087 3879 Conspirantc
3104 3820 3338 3877 namque
3356 3803 3752 3859 Veneticorum

2168 3904 2371 3976 populo
2398 3911 2591 3959 contra
2622 3901 2905 3957 dominum
2940 3914 3103 3955 suum
3128 3898 3321 3953 ducem
3347 3937 3364 3963 ,
3412 3903 3466 3955 et
3500 3894 3756 3964 praeliba-

2169 4005 2285 4053 tum
2309 3994 2674 4066 patriarcham
2704 3992 2930 4047 fratrem
2958 4006 3141 4059 suum,
3173 3997 3400 4059 uterque
3422 3984 3758 4057 posthabitis

2168 4088 2523 4160 dignitatibus
2547 4093 2601 4142 et
2623 4084 2794 4162 curis,
2821 4099 2943 4155 quae
2964 4083 3032 4139 ad
3054 4098 3113 4139 se
3139 4079 3501 4155 pertinebant,
3532 4077 3673 4131 alias
3692 4092 3758 4132 se

2171 4187 2533 4250 receptarunt,
2564 4177 2738 4232 donec
2764 4176 2954 4246 sopitis
2980 4174 3331 4231 saecularibus
3355 4169 3666 4225 insolentiis
3684 4166 3758 4222 ad

2171 4290 2272 4331 sua
2309 4273 2569 4344 repedare
2594 4269 2902 4341 qnivissent
2925 4309 2940 4333 ,
2970 4267 3133 4323 sicuti
3158 4273 3346 4336 postea
3374 4263 3454 4317 rei
3500 4261 3761 4331 probavit

2171 4371 2414 4420 eventus.
2439 4360 2649 4416 Interea
2676 4374 2805 4414 vero
2841 4357 3067 4427 antiquo
3115 4355 3230 4409 zelo
3272 4366 3539 4409 accensus
3577 4351 3760 4406 hostis

2173 4452 2559 4524 Forojuliensis
2579 4449 2889 4522 patriarcha
2912 4447 3094 4518 Poppo
3117 4445 3447 4502 Gradensem
3474 4442 3759 4501 civitatem

2104 4526 2149 4580 D
2173 4546 2303 4611 adit,
2331 4552 2520 4615 petens
2545 4557 2603 4598 se
2629 4539 2796 4611 recipi
2820 4556 2850 4595 a
2891 4539 3103 4595 civibus
3129 4537 3429 4606 adjutorem
3461 4533 3763 4589 confratris

2177 4636 2265 4692 sui
2292 4635 2617 4707 patriarchae
2656 4632 2974 4696 Gradensis,
3003 4640 3058 4686 et
3099 4629 3261 4684 amici
3300 4627 3385 4683 sui
3426 4626 3605 4680 ducis.
3652 4624 3761 4679 Cui

2178 4742 2303 4785 cum
2333 4727 2535 4782 nollent
2574 4726 2920 4795 acquiescere
2959 4738 3054 4794 per
3086 4720 3258 4776 Deum
3287 4728 3341 4774 et
3374 4728 3498 4772 octo
3525 4731 3763 4771 suorum

2181 4829 2523 4882 sacramenta
2553 4820 2817 4886 ﬁrmavit,
2845 4819 2988 4874 sicut
3012 4815 3281 4872 referente
3324 4810 3542 4869 Ursone
3579 4810 3761 4880 patri-

2175 4920 2341 4974 archa
2367 4959 2382 4984 ,
2444 4924 2498 4970 et
2553 4912 2971 4985 quamplurimis
3010 4909 3395 4965 Veneticorum
3438 4904 3718 4959 nobilibus
3741 4946 3760 4970 ,

2175 5027 2243 5067 ac
2261 5020 2377 5065 tum
2404 5005 2819 5079 provincialium
2844 5000 3114 5077 episcopis
3140 5000 3453 5062 didicimus,
3497 4996 3646 5067 quod
3686 4996 3759 5050 ad

2180 5097 2385 5153 salvam
2421 5090 2727 5147 faciendam
2756 5087 2969 5144 duci'et
2994 5083 3154 5141 fratri
3188 5099 3297 5141 suo
3325 5082 3657 5155 patriarchae
3679 5081 3762 5137 ci-

2182 5270 2237 5323 in
2270 5265 2639 5322 sacratissima
2661 5260 2780 5316 sede
2824 5259 2888 5314 B.
2917 5258 3066 5312 Petri
3088 5254 3314 5326 apostoli
3352 5252 3564 5326 tertio,
3583 5267 3763 5326 mense

2185 5319 2477 5399 Decembri,
2502 5334 2615 5389 ind.
2662 5348 2720 5397 Χ,
2764 5345 2908 5385 anno
2949 5319 3152 5399 scilicet
3176 5324 3379 5399 Christi
3428 5321 3587 5399 Nili.
3617 5319 3759 5374 Cum

2188 5391 2371 5477 itaque
2414 5391 2480 5477 eo
2520 5391 2723 5459 Christi
2763 5416 2908 5477 anno
2946 5398 3033 5453 die
3054 5397 3119 5477 l7
3143 5391 3602 5477 niens.‘Deeemb.
3626 5398 3759 5477 iter-

2190 5460 2324 5531 tium
2352 5460 2496 5531 sedis
2519 5489 2723 5529 annum
2746 5470 3031 5541 attigisset,
3054 5468 3108 5545 i_n
3132 5462 3453 5545 praecedenti
3476 5460 3759 5545 subscrip—

2190 5547 2338 5602 tione
2359 5547 2480 5600 loco
2502 5545 2690 5599 indict.
2722 5558 2785 5605 ι,
2814 5532 3372 5610 νέροηθὴᾱθῖιιάὶειίο
3414 5549 3492 5610 si,
3510 5532 3756 5610 alioquin

2190 5630 2279 5671 an.
2307 5616 2465 5681 1026,
2486 5630 2674 5669 mense
2696 5603 2970 5681 Septemb.
2996 5621 3201 5681 annum
3233 5621 3284 5659 Iv
3308 5603 3678 5675 pontiﬁcatus,
3703 5608 3758 5681 et

2188 5703 2375 5748 mense
2406 5677 2657 5740 Decemb.
2702 5677 2949 5748 ejusdem
2997 5677 3255 5748 annian.
3282 5691 3382 5748 tu,
3418 5680 3753 5729 numeraret.

2190 5745 2392 5828 Pagina
2416 5757 2467 5810 in
2490 5752 2682 5809 Annal.
2708 5743 2906 5807 Baron.
2933 5759 3058 5828 tom.
3088 5745 3178 5816 ιγ,
3202 5762 3254 5815 p.
3286 5743 3400 5801 1‘25.
