4018 6462
131 457 264 515 illi

1266 452 1627 535 EPISTOLIE
1666 455 1757 512 ur
1796 455 2211 515 DlPLOMATAz

3252 454 3415 513 “12‘

129 574 352 628 vitatem
392 569 639 627 intraret.
673 566 779 626 Ubi
805 577 1099 641 postquam
1130 567 1394 627 intratum
1417 580 1542 639 est,
1580 570 1719 626 obli-
1748 574 1794 632 Α
1819 582 1936 629 tum
1963 583 2048 631 est
2077 589 2110 629 a
2148 571 2411 644 Gregorio
2442 589 2455 625 :
2487 570 2577 629 cui
2600 569 2891 627 revertenti
2930 568 3112 641 junxit
3153 585 3211 627 se
3254 568 3395 630 Urso

129 672 221 719 tus
249 670 740 729 sacramentorum,
768 659 1054 732 gentilium
1077 675 1248 729 more,
1271 669 1335 717 ut
1353 662 1421 717 de
1441 661 1719 717 saeculari‘

130 754 234 810 bus
257 740 568 811 audivimus
594 794 610 820 ,
635 751 905 822 quidquid
945 751 1007 807 in
1031 752 1261 808 ecclesia
1287 753 1571 808 inventum
1593 761 1678 809 est
1700 794 1717 821 ,

130 861 274 901 unca
320 861 489 900 manu
530 844 900 914 deprmdatum
929 849 1016 900 est
1039 886 1055 911 ,
1084 844 1319 900 duorum
1356 845 1721 900 monasterio-

130 953 258 993 rum
281 936 725 992 sanctimoniales
750 944 1009 1006 stupratae
1031 952 1095 992 ac
1116 937 1332 992 violata:
1359 952 1391 991 a
1420 937 1536 993 suis
1571 945 1719 1004 sunt,

130 1045 312 1100 neque
351 1029 636 1085 monachis
678 1028 940 1098 pepercit.
968 1026 1110 1094 Quin
1141 1029 1304 1083 etiam
1338 1028 1722 1084 defunctorum

131 1138 363 1193 corpora
389 1123 631 1193 quietem
656 1121 1023 1177 desiderantia
1054 1136 1083 1176 e
1113 1120 1348 1191 pmpriis
1376 1120 1602 1174 tumuiis
1626 1135 1725 1174 au-
1792 1124 1797 1130 ‘

132 1219 318 1276 ferens
345 1217 412 1272 ad
434 1215 707 1279 civitatem
734 1228 891 1269 suam
916 1213 1245 1271 inhonorata
1267 1212 1566 1278 transtulit,
1594 1210 1725 1267 reli-

133 1308 295 1379 quias
326 1307 511 1381 minus
555 1313 737 1359 tamen
775 1319 945 1374 quam.
971 1302 1317 1373 desiderabat
1345 1301 1601 1357 similiter
1638 1315 1726 1356 se—

134 1415 263 1455 cum
293 1398 549 1478 devexit,
573 1395 766 1455 altaria
800 1394 1112 1465 confregit,
1143 1395 1436 1450 thesauros
1462 1392 1724 1459 abstulit,

135 1491 413 1569 civitatem
443 1490 719 1563 aliquibus
744 1486 989 1559 patronis
1018 1485 1355 1543 Gradensem
1390 1487 1522 1541 licet
1560 1483 1732 1540 desti-

136 1590 312 1639 tutam
340 1581 608 1651 munitam
633 1579 754 1637 suis
783 1577 1022 1648 reliquit.
1048 1576 1149 1632 Cui
1175 1594 1288 1633 non
1312 1577 1593 1633 sufﬁciens
1626 1576 1732 1631 hee

136 1658 395 1744 apposuit
424 1668 739 1740 iniquitates
764 1683 927 1737 super
957 1667 1287 1738 iniquitates.
1308 1666 1483 1739 (Paul.
1517 1680 1684 1722 vam
1712 1686 1735 1736 ,-

86 1840 89 1843 ν
137 1764 263 1835 28),,
288 1760 397 1819 "nos
429 1762 546 1817 suis
572 1760 765 1831 legatis
793 1760 945 1829 petiit
987 1775 1220 1831 poscens
1259 1760 1733 1815 conﬁrmationem

137 1854 391 1909 omnium
437 1853 685 1921 locorum
731 1866 957 1911 suorum
1000 1851 1262 1919 anobis,
1305 1859 1360 1906 et
1403 1849 1733 1905 nominatim

140 1945 441 2033 Gradensis
467 1946 660 2007 insula:
676 1966 688 2000 :
704 1946 909 2017 quibus
928 1961 1058 2003 cum
1080 1944 1468 2016 responderem
1490 1957 1601 1997 non
1626 1942 1731 1997 sibi

78 2100 84 2107 ι
134 2041 308 2111 juste,
355 2049 409 2096 et
432 2040 747 2107 canonice,
780 2055 851 2094 ac
878 2053 981 2108 per
1005 2038 1231 2108 antiqua
1256 2034 1538 2109 privilegia
1566 2034 1733 2105 perti-

82 2195 87 2199 ,
142 2148 297 2205 uere,
322 2131 581 2191 dixerunt
610 2130 774 2195 :.Non
793 2130 966 2187 aliter
987 2129 1216 2199 eapetit
1249 2127 1507 2184 dominus
1537 2133 1728 2181 noster

114 2222 252 2283 .sibi
272 2222 595 2291 confirmari
620 2262 649 2289 λ
671 2220 780 2295 nisi
809 2218 1274 2290 quemadmodum
1316 2234 1411 2289 per
1453 2216 1735 2287 privilegia

78 2382 81 2385 ν
145 2327 459 2379 vestrorum
480 2324 897 2381 antecessonum
924 2312 1043 2367 suis
1072 2310 1510 2369 antecessoribus
1538 2316 1592 2363 et
1636 2305 1739 2362 Ec-

142 2398 351 2479 clesiaz'
374 2423 489 2464 sua:
513 2405 837 2465 conﬁrmata
860 2412 944 2459 est
966 2446 989 2471 ,.
1010 2412 1066 2459 et
1090 2402 1197 2459 sibi
1224 2403 1373 2473 juste
1399 2410 1453 2457 et
1480 2397 1742 2455 canonice

143 2503 424 2574 pertinere
448 2500 691 2565 videtur,
722 2513 789 2555 ac
816 2498 931 2569 ipse
961 2496 1192 2566 probare
1214 2502 1416 2565 potest,
1441 2502 1496 2549 et
1514 2490 1741 2562 promit-

146 2598 237 2653 tit.
271 2595 368 2652 Ilis
390 2596 615 2663 auditis,
644 2609 745 2651 nec
771 2593 1101 2651 arbitrantes
1128 2606 1257 2647 eum
1281 2590 1481 2647 audere
1518 2587 1745 2642 illudere

145 2690 468 2761 apostolicae
497 2688 634 2755 sedi,
677 2695 732 2746 et
754 2686 930 2757 magis
956 2685 1085 2756 quia
1112 2684 1369 2740 novimus
1396 2698 1497 2754 pro
1526 2681 1630 2737 hac
1658 2696 1747 2735 ra-

148 2784 305 2841 tione
333 2780 603 2837 Ursonem
633 2778 1009 2849 ‘patriarcham
1046 2776 1277 2832 abonre
1317 2772 1600 2829 memoria:
1644 2770 1747 2827 do-

98 2908 101 2911 ι
151 2891 289 2932 mno
313 2874 608 2930 Benedicto
630 2888 769 2943 papa
796 2870 1031 2927 Romam
1054 2878 1310 2925 vocatum
1332 2867 1547 2923 fassum
1574 2879 1635 2921 se
1662 2879 1749 2920 ve-

152 2969 280 3022 nire
307 2981 418 3023 non
458 2972 621 3039 pnsse
657 2964 761 3020 sub
802 2962 1156 3018 excusatione
1183 2958 1483 3029 imperialis
1516 2955 1748 3023 timoris,

153 3063 288 3118 licet
321 3061 527 3131 legatos
557 3074 687 3115 suos
737 3057 979 3112 mitteret
1009 3052 1369 3125 petitionibus
1402 3051 1517 3107 suis
1555 3048 1754 3105 conde-

161 3138 498 3215 scendentes
538 3150 883 3222 privilegium
924 3147 1029 3203 sibi
1050 3146 1181 3201 dare
1204 3143 1316 3199 ﬁlio
1358 3150 1548 3199 nostro
1594 3139 1756 3196 Petro

156 3249 397 3335 diacorp
419 3253 473 3300 et
512 3240 838 3300 caneellario
858 3251 1239 3310 przecepnnus.
1264 3234 1374 3335 Sed
1399 3241 1453 3289 et
1483 3233 1551 3335 de
1577 3231 1756 3288 insula

158 3323 434 3395 Gradensi
469 3334 637 3391 inseri
664 3332 936 3404 jussimus
959 3372 975 3401 ,
1020 3330 1164 3385 sicut
1199 3325 1454 3382 audietis.
1486 3323 1754 3379 Praiterea

158 3431 558 3488 conﬁrmamus
584 3426 740 3483 vobis
765 3424 998 3480 insulam
1044 3419 1382 3477 Gradensem
1422 3432 1549 3473 eum
1592 3414 1757 3486 perti-

161 3522 372 3581 nentiis
394 3563 413 3588 ,
475 3521 619 3577 sicut
642 3518 810 3588 'juste
850 3513 1205 3572 et'canonice
1246 3526 1343 3582 per
1383 3509 1608 3579 antiqua
1647 3505 1757 3577 pri-

140 3612 368 3683 vilegia
392 3611 550 3669 vobis
578 3619 633 3666 et
659 3607 917 3664 Ecclesiae
937 3614 1134 3661 vestrae
1172 3603 1458 3675 pertinere
1480 3598 1758 3671 dignosci-

164 3719 264 3769 tur
295 3726 310 3764 :
339 3715 394 3766 et
418 3705 561 3762 sicut
610 3712 668 3758 tu
712 3702 829 3772 ipse
869 3699 1018 3770 juste
1058 3696 1293 3767 probare
1334 3692 1484 3749 omni
1519 3700 1764 3759 tempore
1820 3714 1821 3717 η

165 3808 351 3872 potes,
375 3804 430 3852 et
454 3794 749 3868 promittis,
778 3792 854 3848 ita
881 3797 944 3845 ut
966 3787 1269 3846 secundum
1297 3785 1472 3841 Deum
1501 3783 1599 3839 tibi
1641 3796 1766 3839 eam

169 3891 434 3951 ordinum
457 3889 641 3946 liceat.
682 3883 840 3953 Quod
869 3891 1046 3938 totum
1072 3881 1128 3934 in
1156 3878 1492 3935 contrarium
1526 3873 1723 3930 accidit
1748 3914 1772 3940 λ

172 3983 311 4055 quia
350 3998 452 4039 nec
484 3981 635 4052 juste
672 3977 778 4035 sibi
819 3976 1090 4046 pertinere
1131 3972 1484 4028 convinctum
1509 3978 1592 4024 est
1623 3985 1637 4021 :
1671 3965 1767 4036 qui

171 4084 416 4133 vocatus
446 4073 516 4128 ad
559 4067 1011 4128 satisfaciendum
1032 4066 1098 4120 de
1119 4065 1225 4119 hoc
1245 4061 1511 4118 Gradensi
1534 4058 1768 4130 patriar-

173 4170 299 4229 chae
336 4167 479 4223 sicut
517 4162 807 4235 promisit,
849 4160 1039 4215 venire
1090 4155 1347 4223 distulit,
1411 4168 1514 4209 nec
1572 4166 1770 4207 secun-

174 4261 313 4315 dum
339 4258 512 4313 Deum
533 4256 734 4311 dictam
761 4252 1034 4309 ordinavit
1052 4249 1312 4314 insulam,
1345 4260 1522 4316 neque
1546 4243 1772 4313 antiqua

177 4366 281 4422 per
320 4346 599 4420 privilegia
637 4360 759 4401 eam
802 4343 907 4399 sibi
948 4343 1222 4413 pertinere
1244 4379 1259 4405 ,
1305 4345 1366 4392 ut
1403 4336 1773 4407 promiserat,

181 4444 444 4502 ostendit.
491 4439 865 4509 Privilegium,
916 4435 1065 4506 quod
1107 4432 1374 4509 scriptum
1394 4438 1479 4485 est
1507 4429 1611 4484 sub
1636 4442 1774 4498 prae—

181 4539 300 4593 fata
346 4534 659 4591 conditione
702 4524 870 4586 manu
918 4536 1112 4583 nostra
1158 4506 1571 4583 corroboratum
1597 4562 1611 4587 ,
1681 4535 1776 4590 per

1820 666 2127 736 patriarcha
2156 681 2258 721 nos
2280 672 2507 721 vocatus
2537 663 2744 719 adiens.
2772 661 2926 729 Quod
2950 679 3073 718 cum
3106 663 3396 734 cognovis-

1821 766 1904 813 set
1965 756 2151 827 Poppo
2213 746 2607 827 Forojuliensis
2661 754 2973 825 patriarcha
2998 795 3013 823 ,
3069 755 3395 829 monachum

1821 850 2114 920 quemdam
2146 850 2385 921 legatum
2417 849 2484 904 ad
2514 864 2615 903 nos
2643 847 2812 914 misit,
2834 846 2985 902 nulla
3007 846 3275 918 probabili
3306 862 3399 902 ra—

1821 942 1991 1010 tione,
2015 958 2115 998 nec
2130 941 2279 1012 justa
2300 938 2636 1008 defensione,
2658 948 2723 995 ut
2738 939 3083 1011 promiserat,
3106 938 3397 996 munitum.

1824 1033 1997 1100 Quem
2021 1050 2146 1088 eum
2173 1034 2406 1089 retinere
2426 1033 2612 1088 audito
2647 1031 2880 1087 adventu
2907 1028 3140 1087 Ursonis
3169 1030 3403 1100 patriar-

1825 1126 1942 1182 chae
1962 1124 2257 1180 voluissem
2278 1167 2292 1193 ,
2317 1123 2503 1196 fugam
2532 1122 2783 1193 arripuit.
2813 1121 3050 1176 Veniens
3070 1128 3252 1178 autem
3281 1130 3408 1179 ante

1827 1232 1929 1272 nos
1963 1216 2275 1288 patriarcha
2317 1214 2612 1273 Gradensis
2654 1213 2836 1269 triduo
2878 1212 3127 1268 flebiliter
3180 1218 3408 1285 questus

1826 1316 1929 1363 est.
1990 1306 2188 1362 Postea
2242 1322 2372 1362 vero
2427 1313 2751 1377 congregata
2802 1303 3011 1376 synodo
3068 1303 3125 1359 in
3179 1301 3410 1359 ecclesia

1828 1398 1890 1453 Β.
1932 1396 2195 1470 Sylvestri
2250 1397 2394 1453 infra
2437 1406 2684 1454 nostrum
2729 1396 2991 1467 palatium
3046 1394 3412 1451 residentibus

1830 1491 2117 1546 nobiscum
2144 1490 2546 1546 venerabilibus
2573 1489 2842 1559 episcopis
2878 1486 3039 1544 Petro
3070 1485 3410 1558 Pipernensi,

1762 1632 1771 1637 _
1830 1582 2121 1639 Benedicto
2175 1582 2488 1651 Portuensi,
2552 1580 2835 1637 Dominieo
2885 1579 3265 1647 Lavieanensi,
3310 1579 3416 1633 Bo-

1833 1691 1968 1732 sone
2031 1674 2440 1743 Tiburtinensi,
2499 1672 2789 1744 Reginerio
2854 1670 3181 1743 Nephiensi,
3241 1669 3416 1724 Bene-

1830 1767 1979 1823 dicto
2041 1752 2263 1820 Cerensi
2288 1807 2304 1832 ,
2366 1763 2591 1820 Dodone
2649 1762 2982 1831 Nucerensi,
3040 1760 3200 1819 Petro
3268 1759 3418 1815 Prae-

1834 1857 2169 1924 nestinensi,
2207 1856 2415 1913 Joanne
2452 1855 2721 1923 Bledensi,
2760 1854 2968 1910 Joanne
3015 1851 3262 1921 Ortcnsi,
3284 1852 3417 1919 Azo,

1764 1928 1807 1984 Β
1832 1952 2028 2035 Amato
2091 1966 2188 2006 seu
2249 1949 2540 2005 Benedicto
2596 1949 2868 2020 episcopis
2929 1963 2995 2003 ac
3061 1946 3418 2011 diaconibus,

1831 2045 2124 2101 Benedicto
2169 2043 2571 2110 archidiacono,
2609 2040 2927 2098 Greseentio
2966 2041 3223 2108 diacono,
3260 2038 3424 2095 Petro

1834 2139 2066 2195 diacono
2131 2136 2618 2195 archieancellario
2643 2177 2659 2202 ,
2719 2134 3037 2193 Crescentio
3101 2144 3154 2190 et
3218 2132 3424 2193 Raine-

1837 2230 1920 2285 rio
1969 2228 2291 2285 diaconibus
2333 2239 2386 2285 et
2427 2227 2833 2295 cardinalihus,
2877 2225 3189 2297 Stephano,
3241 2224 3425 2291 Petro,

1836 2319 2045 2378 Joanne
2085 2332 2139 2378 et
2178 2320 2286 2377 alio
2330 2320 2560 2389 Joanne,
2605 2336 2701 2377 seu
2743 2318 2956 2375 caeteris
2998 2328 3112 2374 tam
3152 2318 3427 2389 episcopis

1840 2431 2004 2486 quam
2027 2415 2380 2486 presbyteris,
2404 2430 2505 2471 nec
2527 2429 2635 2470 non
2659 2412 3001 2480 diaeonibus,
3026 2427 3262 2483 quorum
3295 2410 3428 2467 sub—

1842 2516 1932 2563 tus
1972 2523 2168 2562 manus
2195 2507 2449 2577 ascriptae
2479 2521 2602 2563 esse
2637 2506 3076 2571 subcernuntur;
3117 2518 3308 2560 omnes
3340 2518 3430 2557 res

1843 2616 1940 2673 per
1968 2599 2212 2654 ordinem
2253 2599 2438 2657 relatae
2474 2605 2604 2654 sunt
2629 2606 2791 2668 atque
2811 2596 3094 2669 privilegia
3118 2596 3447 2650 anteeesso-‘
3474 2605 3485 2617 '

1846 2708 1969 2747 rum
2002 2700 2170 2759 nost.,
2196 2690 2316 2747 scil.
2347 2690 2681 2747 sanctissimi
2710 2688 2933 2757 Pelagii,
2961 2686 3208 2758 Gregorii
3239 2696 3293 2741 et
3319 2684 3432 2741 Ho-

1846 2784 2009 2852 norii,
2039 2782 2297 2855 Stephani
2328 2793 2383 2839 et
2402 2781 2669 2853 Gregorii,
2694 2779 2910 2846 Leonis,
2943 2777 3118 2850 Sergii
3138 2785 3190 2834 et
3210 2776 3432 2842 Leonis,

1849 2874 2156 2941 Benedicti,
2199 2873 2454 2939 Adriani,
2506 2870 2791 2939 Bonifacii,
2837 2868 3093 2937 Romani,
3140 2866 3434 2934 Theodori,

1850 2969 2149 3035 Anastasii,
2177 2967 2433 3034 Joannis,
2459 2965 2719 3039 Sylvestri
2744 2973 2797 3020 et
2827 2962 3001 3036 Sergii
3029 2971 3268 3030 ostensa,
3299 2976 3438 3033 quo.

1852 3080 1976 3119 rum
1997 3062 2274 3118 imitantes
2295 3060 2695 3133 quamplurima
2717 3057 2785 3113 de
2812 3056 3003 3113 eadem
3026 3054 3288 3112 Gradensi
3313 3053 3441 3110 sede

1855 3156 2127 3222 instituta,
2161 3154 2327 3209 talem
2354 3150 2728 3207 definitionem
2763 3147 3086 3219 promeruit,
3124 3154 3184 3201 ut
3218 3144 3442 3216 privile-

1859 3246 2009 3318 gium
2035 3242 2465 3302 confirmationis
2490 3239 2696 3312 judicio
2718 3248 3033 3292 nostrorum
3058 3236 3441 3306 episcoporum

1858 3338 1985 3405 sibi,
2016 3337 2240 3407 suisque
2265 3331 2677 3390 successoribus
2696 3330 2763 3386 de
2790 3328 3032 3399 ejusdem
3050 3327 3196 3383 sedis
3231 3324 3444 3383 stabili-

1859 3439 1970 3487 tate
1990 3428 2377 3500 perpetualiter
2397 3424 2721 3481 faceremus.
2752 3422 2911 3490 Quod
2934 3431 2989 3477 et
3027 3420 3279 3488 fecimus,
3328 3429 3445 3476 sta-

1860 3531 2075 3579 tuentes
2104 3521 2401 3593 apostolica
2424 3534 2654 3576 censura
2678 3518 2782 3573 sub
2810 3516 2978 3572 divini
2994 3515 3186 3587 judicii
3209 3515 3449 3571 obtesta-

1865 3618 2029 3683 tione,
2043 3625 2102 3671 ut
2114 3614 2248 3670 nulli
2260 3628 2503 3685 unquam
2513 3612 2568 3666 in
2582 3620 2828 3681 tempore
2844 3608 3161 3681 praedictum
3176 3605 3445 3663 Ursonem

1864 3710 2267 3781 patriarcham,
2307 3722 2371 3762 ac
2417 3719 2765 3761 successores
2808 3705 2928 3772 ejus
2960 3700 3029 3756 de
3066 3700 3325 3772 prredicto
3353 3714 3451 3769 pa-

1865 3802 2166 3858 triarchatu
2187 3799 2476 3865 Gradensi,
2497 3797 2611 3853 sive
2632 3796 2699 3851 de
2714 3795 2899 3861 rebus,
2924 3809 2989 3849 ac
3008 3792 3452 3863 possessionibus

1866 3895 1985 3965 ejus
2007 3892 2329 3963 inquietare,
2349 3899 2444 3946 aut
2464 3889 2754 3945 molestare
2777 3893 3139 3957 prresumant;
3160 3883 3254 3939 sed
3269 3883 3452 3954 potius

1869 3983 2069 4054 saepius
2089 3983 2430 4053 nominatum
2455 3977 2824 4050 patriarcbam
2847 3974 3179 4030 Gradensem
3203 3987 3329 4026 cum
3353 3987 3453 4026 sua

1871 4075 2177 4148 integritate
2199 4072 2444 4144 quietum
2464 4078 2673 4126 remota
2695 4067 2846 4123 omni
2866 4064 3298 4122 contradictione
3314 4064 3452 4133 ipse,

1873 4167 2067 4238 suique
2087 4179 2437 4222 successores
2460 4160 2738 4234 perpetuis
2757 4158 3075 4229 possideant
3094 4154 3454 4226 temporibus,

1872 4260 1948 4315 ita
1967 4259 2132 4316 etiam
2159 4264 2220 4312 ut
2243 4257 2450 4327 absque
2478 4270 2578 4310 suo
2600 4265 2939 4327 suorumque
2964 4262 3346 4304 successorum
3367 4261 3461 4299 von

1874 4352 2117 4410 luntario
2153 4364 2425 4405 consensu
2467 4345 2605 4401 nulli
2638 4344 2973 4400 electionem
3004 4355 3229 4395 suorum
3264 4338 3461 4392 suffra-

1876 4458 2174 4518 ganeorum
2217 4439 2397 4495 facere
2430 4438 2610 4493 liceat.
2656 4434 2721 4489 Et
2763 4430 3031 4505 quidquid
3075 4430 3144 4485 ab
3186 4429 3267 4484 eis
3303 4427 3461 4497 juxta

1877 4550 2130 4592 normam
2145 4532 2466 4590 canonicam
2487 4544 2586 4600 pro
2597 4526 2906 4583 commissae
2928 4524 3030 4578 sibi
3053 4520 3309 4578 Ecclesiae
3329 4535 3464 4575 cura

181 4644 323 4686 suos
343 4626 639 4686 remissum
660 4631 744 4680 ext
768 4622 1011 4677 nuntios.
1035 4619 1167 4675 Post
1190 4631 1380 4673 eorum
1402 4612 1772 4669 reversionem
1804 4632 1850 4687 Β
1874 4629 2146 4699 prolatum
2180 4624 2365 4689 fuerit,
2405 4631 2518 4677 tam
2565 4636 2596 4675 τι
2641 4616 3001 4689 ευπνεςθηρίε
3035 4614 3138 4671 sibi
3169 4610 3460 4682 episcopis,

183 4720 436 4777 nandum
464 4718 678 4788 expleto
714 4716 897 4771 triduo
926 4712 1154 4768 nuntius
1177 4708 1503 4780 patriarcha:
1523 4704 1770 4760 Graden—

185 4813 268 4869 sis
289 4810 622 4882 supervenit,
644 4808 876 4864 flebilem
888 4805 1044 4860 nobis
1060 4808 1457 4873 repraesentans
1466 4797 1772 4868 epistolam,

186 4900 357 4975 Quam
382 4920 506 4960 cum
531 4903 856 4974 legissemus
876 4911 1076 4969 magno
1095 4909 1332 4951 maerore
1352 4892 1528 4947 affecti
1551 4905 1775 4957 sumus;

190 4999 294 5054 sed
328 5004 646 5066 recuperata
687 5010 782 5064 spe
805 5008 872 5048 ex
900 5006 988 5058 eo,
1016 4990 1162 5060 quod
1190 4989 1421 5060 probare
1449 4984 1601 5042 omni
1642 4992 1781 5040 tem-

190 5105 330 5161 pore
347 5089 617 5161 justitiam
645 5103 703 5143 se
723 5088 923 5141 habere
951 5083 1230 5155 promisit,
1253 5081 1507 5136 nuntium
1531 5080 1781 5135 nostrum

195 5182 521 5253 Gregorium
554 5180 659 5235 fide
690 5180 1002 5250 probatum,
1031 5185 1085 5231 et
1107 5174 1257 5231 omni
1290 5171 1599 5243 eloquentia
1646 5170 1783 5226 insi-

196 5289 362 5346 gnem
398 5273 464 5328 ad
486 5280 783 5342 utrumque
815 5271 1070 5325 misimus
1098 5282 1225 5323 cum
1272 5265 1518 5336 epistolis
1560 5271 1784 5334 paterne

200 5367 527 5433 vocantibus
572 5380 668 5420 eos
708 5364 775 5419 ad
829 5357 1071 5422 nostram
1115 5360 1403 5431 synodum.
1435 5355 1541 5412 Sed
1600 5355 1784 5425 Poppo

200 5461 340 5517 visis
369 5458 568 5514 litteris
605 5466 1025 5513 commotus...“
1059 5454 1202 5509 sicut
1241 5452 1535 5523 Gregorius
1577 5449 1782 5516 retulit,

202 5553 355 5624 quod
374 5568 475 5609 nec
494 5550 661 5611 etiam
690 5558 855 5621 caput
882 5546 1186 5611 inclinaret,
1212 5546 1307 5600 sed
1326 5544 1510 5614 potius
1536 5551 1785 5597 tenorem
1870 5548 1875 5549 ’

204 5644 477 5717 privilegii
525 5643 836 5714 denegaret.
873 5640 972 5708 Et,
996 5639 1125 5709 quia
1150 5638 1418 5709 perditam
1453 5634 1787 5691 Gradensem

208 5737 447 5792 insulam
474 5737 720 5803 haberet,
747 5734 1099 5805 querebatur,
1124 5746 1225 5788 nec
1245 5746 1407 5802 posse
1434 5744 1493 5785 se
1515 5728 1700 5784 venire
1722 5726 1789 5782 ad

210 5838 457 5885 nostram
486 5827 753 5901 synodum
781 5826 929 5881 nulla
956 5825 1166 5879 ratione
1195 5822 1587 5879 interveniente
1622 5818 1788 5889 proﬁ-

211 5922 462 5988 tebatur;
527 5921 622 5976 sed
670 5920 737 5976 de
778 5927 964 5975 tenore
1006 5915 1273 5986 privilegii
1321 5915 1377 5969 in
1425 5914 1615 5969 eodem
1673 5912 1792 5966 lzzco

214 6016 528 6076 vinctusest
548 6015 861 6072 mendacem
878 6029 1025 6082 esse;
1049 6011 1176 6084 quia
1187 6009 1463 6080 exemplar
1477 6007 1790 6065 demonstra

1877 4734 2043 4790 quam
2075 4734 2107 4774 a
2136 4718 2283 4774 clero
2315 4724 2371 4770 et
2412 4713 2614 4785 populo
2647 4709 2911 4767 custodiri
2954 4705 3321 4778 praecipimus.
3360 4700 3468 4767 Qui

1876 4827 2010 4867 vero
2032 4812 2169 4877 haec,
2203 4824 2326 4880 quae
2345 4823 2374 4862 a
2402 4805 2563 4861 nobis
2584 4802 2675 4874 pio
2702 4800 2903 4856 intuitu
2931 4796 3273 4869 promulgata
3316 4799 3465 4857 sunt,

1881 4902 2180 4974 infringere
2209 4900 2383 4955 autin
2427 4897 2613 4968 aliquo
2673 4890 2979 4963 transgredi
3039 4882 3467 4958 praesumpserit,

1882 4992 2275 5065 omnipotentis
2299 4991 2398 5046 Dei
2418 4990 2557 5046 iram
2580 4988 2847 5059 incurrat,
2871 4992 2925 5039 et
2941 4990 3135 5037 nostro
3152 4978 3474 5034 anathema-

1884 5096 1939 5143 te
1963 5084 2251 5142 confossus
2295 5091 2500 5154 pereat,
2542 5080 2639 5137 sed
2682 5087 2736 5135 et
2779 5091 2907 5132 eum
2947 5072 3167 5129 diabolo
3209 5076 3474 5140 perpetuo

1883 5180 2176 5235 damnatus
2197 5183 2395 5247 gemat.
2432 5173 2538 5241 Qui
2590 5179 2773 5227 autem
2822 5173 3011 5223 custos
3050 5172 3105 5219 et
3154 5162 3476 5217 observator

1887 5270 2053 5340 hujus
2081 5268 2257 5323 nostri
2285 5264 2570 5336 apostolici
2598 5260 2869 5333 privilegii
2903 5255 3200 5321 exstiterit,
3243 5250 3476 5323 gratiam

1886 5370 2160 5418 mereatur
2185 5359 2284 5414 SS.
2311 5357 2613 5423 Trinitatis,
2641 5363 2695 5410 et
2715 5361 2903 5407 nostra
2928 5346 3307 5404 benedictione
3327 5342 3478 5398 frua-

1888 5464 1999 5522 tur,
2025 5471 2089 5509 ac
2112 5454 2167 5508 in
2200 5450 2400 5508 saecula
2428 5448 2756 5506 saeculorum
2792 5443 3025 5498 laetetur.

1966 5545 2241 5616 Scriptum
2266 5559 2362 5613 per
2383 5556 2581 5597 manus
2600 5535 2818 5607 Georgii
2850 5529 3126 5589 scriniarii
3150 5527 3207 5583 S.
3238 5526 3304 5580 Β.
3334 5523 3395 5577 Ε.
3424 5522 3497 5576 in'

1894 5655 2084 5695 mense
2108 5633 2395 5692 Decembri
2420 5633 2714 5688 indictione
2736 5643 2854 5682 Vill.
2879 5626 2920 5695 -ι-
2940 5624 3085 5679 Bene
3106 5622 3301 5676 valete.

1969 5728 2083 5801 Ego
2122 5725 2449 5783 Benedictus
2486 5724 2775 5793 episcopus
2808 5714 3127 5776 Parmensis
3158 5700 3379 5767 interfui
3428 5714 3484 5760 et

1899 5822 2113 5879 subscr.

1973 5914 2085 5985 Ego
2106 5912 2284 5973 Bosus
2303 5906 2593 5984 cpiscopus
2629 5908 2684 5963 S.
2714 5906 2875 5977 Tibur
2894 5898 3011 5968 ἔκιε
3048 5894 3300 5955 Ecclesiae
3342 5891 3480 5947 sub.

1902 6022 2115 6078 scrupsr.
