4018 6384
488 415 628 471 1145

558 531 672 602 Ego
700 529 895 586 Petrus
916 529 1205 600 episcopus
1230 527 1538 586 Hostiensis
1564 531 1778 587 subscr.

560 621 670 693 Ego
709 618 1028 676 Dominicus
1069 619 1357 692 episcopus
1390 618 1778 678 Lavieanensis
1809 619 2068 683 Ecclesia

486 710 807 783 subscripsi.

503 886 509 891 .
563 804 675 876 Ego
709 798 1036 858 Benedictus
1089 800 1145 857 8.
1191 801 1446 860 Cerensis
1489 802 1749 881 Ecclesia
1780 804 2069 876 episcopus

489 895 705 950 subscr.

559 985 672 1058 Ego
711 983 950 1040 Joannes
981 984 1269 1054 episcopus
1310 982 1366 1039 8.
1399 982 1618 1040 Ortana
1656 982 1916 1045 Ecclesiae
1940 982 2072 1039 sub—

491 1095 597 1134 seri
608 1095 705 1147 ps1.

560 1167 675 1240 Ego
718 1166 1023 1239 Raynerius
1069 1164 1126 1221 S.
1172 1164 1456 1251 Nepesina
1492 1164 1749 1222 Ecclesiae
1784 1164 2074 1237 episcopus

492 1261 708 1318 subscr.
1837 1278 1842 1283 υ

562 1354 675 1425 Ego
693 1352 889 1409 Petrus
910 1352 1198 1424 episcopus
1220 1351 1276 1407 8.
1300 1350 1652 1425 Pipernensis
1666 1349 1925 1408 Ecclesia
1944 1349 2077 1407 sub:-

494 1464 709 1518 scripsn

510 1541 514 1547 '
563 1538 676 1610 Ego
700 1538 1024 1593 Benedictus
1044 1536 1332 1608 episcopus
1355 1537 1422 1592 de
1441 1535 1776 1592 Portalatina
1810 1535 2024 1593 subser.

566 1629 678 1701 Ego
711 1629 862 1685 Dodo
888 1629 1178 1699 episcOpus
1208 1626 1538 1684 Nucerensis
1576 1628 1771 1684 subscr

567 1723 679 1795 Ego
700 1723 813 1778 Azo
842 1723 1132 1794 episeonus
1153 1722 1560 1778 Camerinensis
1593 1723 1804 1777 subser.

566 1815 681 1887 Ego
703 1813 943 1871 Joannes
966 1814 1257 1886 episcopus
1282 1814 1339 1870 S.
1372 1812 1623 1870 Bledana
1652 1811 1909 1868 Ecclesia
1943 1810 2077 1867 sub-

499 1908 717 1979 Scripsi.

568 1999 682 2071 Ego
706 1998 977 2056 Almatius
1009 2039 1023 2054 .
1056 2040 1070 2053 .
1105 2041 1119 2054 .
1151 2040 1165 2053 .
1198 1999 1414 2055 subscr.

516 2174 519 2175 ν
569 2092 683 2163 Ego
711 2090 821 2148 Leo
848 2090 906 2147 8.
937 2090 1273 2149 Ficoelensis
1297 2090 1556 2147 Ecclesia
1583 2089 1750 2161 episc.
1779 2088 1993 2145 subscr.

571 2183 685 2256 Ego
711 2183 997 2240 Monaldus
1019 2184 1309 2255 episcopus
1334 2182 1699 2239 Ariminensis
1729 2197 1795 2237 ex
1834 2179 2084 2252 jussiono

501 2276 565 2355 ζ).
594 2276 679 2331 Jo.
706 2293 861 2348 papa
882 2277 1095 2333 subscr.

516 2364 521 2371 “
572 2368 688 2441 Ego
713 2368 986 2424 Berardus
1036 2368 1092 2424 S.
1136 2367 1480 2439 Fulgiliensis
1509 2365 1766 2423 Ecclesia
1804 2364 1973 2437 episc.
2015 2378 2085 2419 ex

503 2463 748 2535 iussione
771 2463 835 2518 D.
868 2461 952 2518 Jo.
983 2478 1136 2533 papa
1162 2462 1375 2518 subscr.

522 2632 527 2637 ἡ
574 2557 689 2629 Ego
733 2556 1062 2616 Benedictus
1102 2554 1523 2612 archidiaconus
1548 2593 1564 2619 ,
1605 2558 1662 2608 et
1709 2545 2088 2608 vicedominus

504 2650 718 2707 subscr.

575 2742 691 2815 Ego
720 2741 913 2798 Petrus
942 2740 1207 2798 diaconus
1234 2738 1292 2796 8.
1318 2737 1385 2802 Β.
1428 2737 1491 2795 Ε.
1525 2745 1582 2794 et
1607 2734 1966 2807 cancellarius
1993 2747 2088 2802 sa-

506 2833 588 2897 cri
609 2833 797 2903 palatii
828 2832 1041 2887 subscr.

579 2925 695 2997 Ego
718 2925 1069 2981 Crescentius
1090 2924 1356 2980 diaconus
1383 2922 1596 2979 subscr.

581 3018 696 3091 Ego
720 3017 1036 3090 Riginerius
1058 3017 1322 3074 diaconus
1349 3017 1563 3072 subscr.

526 3188 529 3189 ν
580 3109 695 3182 Ego
719 3094 1027 3181 Stephanus
1049 3109 1340 3166 cardinalis
1369 3107 1609 3163 interfui.

581 3202 697 3275 Ego
721 3201 961 3260 Joannes
988 3202 1281 3261 cardinalis
1317 3202 1401 3256 tit.
1433 3200 1490 3255 8.
1519 3197 1755 3254 Marcelli
1778 3192 2021 3253 interfui.

528 3366 535 3369 _
583 3295 700 3371 Ego
724 3294 964 3369 Joannes
988 3294 1284 3370 cardinalis
1309 3292 1368 3363 S.
1399 3292 1567 3348 Marci
1592 3288 1834 3347 interfui.

1273 3463 1344 3531 Χ.

514 3601 743 3671 Joannis
780 3599 924 3671 XIX
967 3616 1120 3671 papa:
1166 3597 1410 3671 epistola
1436 3598 1506 3671 ad
1556 3595 1781 3671 Petrum
1809 3593 2107 3664 episcopum

831 3664 1220 3727 Gerundensem
1240 3669 1304 3724 de
1327 3668 1598 3740 privilegio
1624 3664 1801 3738 pallii.

1113 3805 1295 3877 (Anno
1336 3802 1519 3874 1050.)

706 3921 968 3997 (limum,
1006 3918 1223 3991 Espana
1251 3917 1516 3989 Sagrada,
1540 3913 1724 3983 XLIII,
1761 3912 1913 3986 450.]

594 4059 831 4115 Joannes
857 4057 1168 4127 episcopus,
1203 4069 1397 4110 servus
1438 4064 1724 4107 servorum
1772 4048 1889 4115 Dei,
1921 4045 2109 4102 Pereo

523 4151 821 4206 venerabili
857 4149 1113 4219 episeopo
1137 4144 1506 4201 Gerundcnsis
1527 4150 1730 4198 sancta
1769 4140 2025 4196 Ecclesia
2056 4147 2111 4194 et

526 4243 724 4296 dilecto
752 4241 806 4295 in
830 4240 1053 4296 Christo
1084 4241 1215 4305 filio,
1263 4246 1577 4308 perpetuam
1620 4234 1675 4289 in
1704 4232 1936 4288 Domino
1963 4232 2113 4291 salu:-

522 4344 636 4389 tem
666 4342 721 4390 et
742 4334 1098 4405 apostolicam
1126 4330 1581 4388 benedictionem.

598 4428 736 4482 Cum
764 4428 843 4482 tui
872 4427 1078 4482 amoris
1104 4440 1270 4481 causa
1320 4421 1521 4493 aliquid
1555 4420 1786 4493 agimus,
1826 4425 1977 4474 tanto
2008 4431 2112 4473 nos

527 4522 739 4592 placere
759 4520 871 4575 Deo
899 4519 1147 4575 devotius
1181 4516 1507 4573 confidimus
1548 4521 1755 4585 quanto
1795 4520 1944 4566 tuam
1980 4522 2113 4565 con-
2161 4575 2164 4579 ν

526 4614 890 4670 versationem
932 4620 1044 4668 tam
1105 4608 1430 4680 evangelicis
1480 4622 1648 4678 quam
1703 4613 1757 4660 et
1799 4602 2113 4674 apostolicis

529 4707 884 4779 glorificatam
930 4702 1255 4761 testimoniis
1304 4701 1529 4757 scimus.
1584 4698 1667 4754 Ad
1715 4697 1835 4767 ejus
1880 4708 2118 4765 namque

530 4798 747 4854 laudem
775 4796 1010 4853 refertur
1038 4796 1167 4850 illud
1193 4794 1343 4865 quod
1368 4793 1605 4849 dicitur:
1649 4810 1668 4843 ι
1709 4789 1815 4857 Qui
1858 4797 2042 4842 manet
2061 4786 2119 4840 in

532 4890 819 4959 charitate,
870 4890 927 4945 in
959 4889 1071 4944 eo
1099 4894 1306 4959 manet,
1334 4884 1633 4940 etDeusin
1681 4896 1768 4937 eo.
1826 4901 1847 4933 ι
1908 4879 1965 4934 Si
1991 4892 2124 4948 ergo

532 5000 632 5057 per
681 4984 1005 5039 charitatem
1027 4982 1085 5036 in
1109 4980 1220 5035 Deo
1249 4992 1538 5034 manemus
1577 4984 1633 5031 et
1671 4974 1819 5029 Deus
1842 4973 1902 5028 in
1940 4970 2121 5038 nobis,

533 5088 589 5135 et
619 5079 737 5134 sine
770 5077 862 5131 illa
890 5074 1001 5130 Deo
1029 5073 1244 5143 placere
1270 5085 1380 5125 non
1413 5082 1730 5140 possumus,
1776 5065 1832 5119 in
1870 5062 2127 5118 omnibus

534 5167 739 5226 nostris
778 5167 1035 5239 operibus
1077 5163 1196 5220 sine
1240 5159 1646 5216 intermissione
1679 5157 1829 5211 illam
1867 5152 2124 5224 praferre

530 5262 817 5317 debemus.
874 5257 942 5313 Et
985 5256 1110 5328 quia
1160 5260 1388 5325 urgente
1444 5248 1708 5323 pastorali
1759 5243 2126 5303 sollicitudine

531 5368 644 5424 qua
667 5352 932 5409 divinitus
957 5349 1205 5405 videmur
1238 5343 1472 5417 praditi,
1527 5342 1575 5399 si
1622 5340 1840 5410 aliquos
1880 5335 2125 5407 captivos

536 5445 610 5499 ab
643 5442 900 5515 Hispanis
954 5442 1222 5497 redimere
1266 5424 1575 5508 possemus,
1638 5441 1693 5488 te
1746 5430 2000 5486 veniente
2056 5426 2124 5483 ad

536 5534 728 5593 limina
794 5534 1161 5605 apostolorum
1185 5574 1199 5598 ,
1251 5528 1743 5601 interrogavimus;
1793 5518 2122 5592 respondisti

536 5627 765 5699 triginta
786 5625 1029 5695 captivos
1057 5634 1111 5679 te
1129 5622 1267 5678 velle
1290 5630 1345 5676 et
1366 5634 1531 5691 posse
1548 5632 1649 5689 pro
1668 5614 1910 5672 remedio
1929 5612 2127 5668 anima

542 5729 749 5774 nostra
768 5716 1035 5772 redimere
1081 5724 1136 5770 et
1172 5713 1411 5777 libertati
1455 5710 1606 5776 dare,
1654 5709 1700 5763 si
1728 5707 1810 5762 vel
1837 5703 2123 5761 duodecim

540 5811 604 5867 in
626 5825 772 5866 anno
793 5809 1003 5866 vicibus
1024 5807 1121 5863 tibi
1147 5806 1296 5877 pallii
1319 5820 1484 5860 usum
1513 5801 1951 5858 concederemus.
2004 5795 2130 5852 Zelo

542 5904 733 5976 itaque
762 5900 880 5973 Dei,
919 5900 1013 5980 qui
1054 5915 1149 5958 eos
1202 5897 1423 5970 proprio
1460 5893 1725 5966 sanguine
1762 5889 2009 5957 redemit,
2038 5902 2131 5948 ac-

1769 416 2049 477 JOANNIS
2081 420 2204 476 XIX
2240 422 2449 479 PAPJE

3624 420 3759 479 «ιιι

2094 535 2143 594 Δ
2169 539 2342 607 cens‘i,
2394 536 2645 609 petitioni
2702 545 2811 591 tua
2854 502 3366 601 condcsoendimus,
3424 534 3761 607 palliumque

2172 631 2498 705 gestandum
2533 628 2820 686 duodecim
2866 627 2924 683 in
2964 642 3111 683 anno
3156 627 3370 683 vicibus
3413 628 3513 683 tibi
3556 627 3737 682 solum

2164 724 2333 781 modo
2367 722 2761 790 concessimus,
2809 720 2866 776 in
2906 718 3095 775 Natale
3118 719 3371 776 videlicet
3414 718 3664 785 Domini,
3709 719 3763 775 in

2169 815 2495 888 Epiphania,
2545 815 2600 871 in
2624 813 2796 871 Cana
2821 813 3060 880 Domini,
3094 814 3149 868 in
3196 812 3629 869 Resurrectione
3657 810 3765 886 Do:

2169 909 2326 976 mini,
2379 908 2435 963 in
2480 908 2568 964 die
2617 908 2750 963 luna
2808 905 3264 972 Resurrectionis,
3314 906 3374 960 in
3425 904 3769 960 Ascensione

2170 998 2410 1067 Domini,
2472 1001 2529 1057 in
2588 999 2980 1065 Pentecosten,
3037 998 3097 1054 in
3155 996 3451 1053 festivitate
3508 994 3771 1051 Omnium

2172 1091 2522 1159 Sanctorum,
2582 1093 2636 1146 in
2658 1091 3048 1162 Assumptione
3098 1099 3302 1147 sancta
3348 1088 3559 1154 Maria,
3615 1096 3673 1142 et
3719 1086 3774 1142 in

2169 1179 2312 1242 festo
2346 1185 2521 1242 sancti
2554 1184 2856 1253 Saturnini,
2880 1185 2937 1239 in
2971 1199 3082 1239 uno
3128 1183 3361 1239 concilio
3394 1180 3662 1249 diaeresis
3685 1194 3775 1243 re:

2170 1287 2322 1338 atra.
2365 1277 2538 1348 Cujus
2590 1277 2853 1348 quoniam
2915 1276 3220 1331 indumenti
3275 1276 3458 1330 honor
3522 1272 3777 1329 modesta

2172 1380 2398 1428 actuum
2436 1370 2725 1425 vivacitate
2774 1368 3074 1424 servandus
3120 1377 3223 1434 est,
3271 1366 3569 1421 hortamur
3620 1372 3685 1419 ut
3727 1363 3777 1419 ei

2173 1477 2397 1522 morum
2446 1470 2667 1517 tuorum
2715 1466 3036 1515 ornamenta
3091 1457 3458 1525 conveniant,
3512 1438 3805 1526 quatinus

2176 1562 2399 1611 auctore
2417 1551 2531 1629 Deo
2552 1559 2698 1607 recte
2723 1548 3014 1627 utrobique
3052 1547 3231 1618 possis
3260 1562 3383 1602 esse
3410 1545 3776 1617 conspicuus.

2176 1641 2363 1714 Itaque
2401 1624 2515 1698 vita
2560 1650 2653 1697 tua
2697 1640 2822 1695 filiis
2849 1638 2958 1694 tuis
2986 1624 3057 1693 Sit
3084 1638 3293 1709 regula.
3340 1634 3400 1690 In
3429 1636 3577 1707 ipsa,
3602 1633 3651 1690 si
3674 1648 3783 1704 qua

2177 1733 2443 1788 tortitudo
2485 1732 2541 1788 in
2582 1730 2689 1788 illis
2716 1729 2914 1801 injecta
2940 1736 3043 1795 est,
3071 1728 3420 1799 dirigantur;
3456 1725 3515 1781 iu
3545 1742 3619 1781 ea
3663 1741 3783 1796 qua:

2179 1824 2496 1889 imitentur,
2528 1822 2827 1892 aspiciant;
2879 1820 2934 1874 in
2975 1818 3093 1888 ipsa
3132 1832 3351 1887 semper
3375 1813 3783 1872 considerando

2106 1895 2155 1954 Β
2183 1915 2493 1990 proficiant,
2524 1922 2586 1969 ut
2626 1922 2780 1969 tuum
2811 1919 2937 1983 post
2972 1908 3148 1965 Deum
3193 1909 3445 1964 videatur
3476 1922 3607 1963 esse
3648 1906 3785 1962 bene

2185 2009 2334 2081 quod
2358 2007 2618 2066 vixerint.
2655 2004 2765 2061 Cor
2788 2017 2919 2076 ergo
2952 2016 3132 2071 neque
3176 2015 3439 2071 prospera
3473 2014 3604 2071 qua
3644 2008 3785 2054 tem-

2181 2100 2442 2175 poraliter
2469 2096 2822 2153 blandiuntur
2843 2092 3125 2158 extollant,
3164 2105 3340 2161 neque
3376 2089 3613 2145 adversa
3651 2086 3786 2157 ἀρῇ.

2184 2192 2372 2259 ciant;
2425 2190 2519 2247 sed
2556 2186 2821 2259 quidquid
2858 2184 2991 2240 illud
3037 2181 3203 2237 fuerit
3249 2180 3454 2236 virtute
3506 2178 3789 2251 patientia

2183 2286 2523 2342 devincatur.
2564 2281 2787 2338 Nullum
2839 2277 2984 2350 apud
3029 2285 3084 2333 te
3127 2276 3313 2332 locum
3367 2275 3515 2343 odia,
3570 2273 3789 2329 nullum

2186 2377 2342 2434 favor
2374 2376 2702 2433 indiscretus
2727 2371 3037 2437 inveniant;
3078 2367 3388 2424 districtum
3411 2366 3546 2422 mali
3584 2379 3791 2437 εοεηὼ

2188 2479 2367 2545 εςειηι,
2397 2469 2671 2525 insontem
2697 2464 2840 2537 apud
2860 2473 2914 2519 te
2952 2459 3278 2532 culpabilem
3306 2458 3591 2530 suggestio
3646 2456 3794 2513 mala

2188 2582 2298 2622 non
2322 2564 2507 2631 faciat,
2530 2568 2818 2618 nocentem
2850 2557 3025 2629 gratia
3055 2571 3166 2613 non
3188 2560 3430 2610 excuset.
3471 2550 3794 2606 Remissum

2191 2665 2243 2713 te
2264 2653 2706 2727 delinquentibus
2730 2666 2841 2706 non
2867 2648 3163 2723 ostendas,
3190 2660 3261 2701 ne
3309 2643 3457 2716 quod
3483 2641 3637 2697 ultus
3678 2654 3796 2695 non

2191 2746 2360 2803 fueris
2382 2742 2682 2818 perpetrari
2712 2740 3019 2813 permittas.
3054 2736 3138 2794 Sit
3156 2736 3213 2793 in
3236 2745 3291 2793 te
3311 2743 3366 2791 et
3384 2733 3515 2791 boni
3546 2731 3799 2804 pastoris

2191 2836 2443 2903 dulcedo,
2477 2836 2548 2891 sit
2573 2842 2628 2890 et
2662 2831 2863 2903 iudicis
2903 2843 3094 2886 severa
3145 2826 3434 2894 districtio,
3479 2839 3655 2880 unum
3686 2822 3800 2878 sci-

2193 2931 2321 2985 licet
2359 2927 2506 2999 quod
2555 2927 2877 2982 innocenter
2919 2917 3168 2986 viventes
3205 2918 3404 2987 foveat,
3448 2914 3600 2975 aliud
3644 2913 3801 2987 quod

2196 3021 2470 3093 inquietos
2532 3017 2808 3075 feriendos
2869 3032 2901 3070 a
2960 3014 3230 3087 pravitate
3281 3019 3614 3083 compescat.
3688 3005 3804 3063 Sed

2195 3113 2459 3185 quoniam
2511 3122 2909 3179 nonnunquam
2957 3104 3381 3177 prapositorum
3432 3101 3606 3167 zelus,
3660 3099 3805 3155 dum

2196 3206 2477 3263 districtus
2515 3203 2785 3259 malorum
2829 3199 3027 3255 vindex
3070 3198 3304 3254 existere
3332 3194 3469 3260 vult,
3502 3192 3711 3251 transit
3742 3190 3803 3247 in

2126 3305 2170 3365 c
2201 3297 2577 3354 crudelitatem
2623 3291 2924 3357 correctio,
2969 3289 3110 3344 iram
3163 3286 3371 3358 judicio
3423 3284 3643 3341 refrena
3669 3326 3688 3351 ,
3745 3292 3806 3339 et

2204 3403 2497 3446 censuram
2525 3384 2827 3455 disciplina
2850 3384 2930 3440 sic
2970 3381 3185 3437 discute
3212 3386 3276 3438 ut
3300 3377 3364 3435 et
3392 3378 3584 3450 culpas
3608 3375 3804 3455 ferias,

2204 3490 2260 3537 et
2283 3497 2315 3536 a
2339 3479 2629 3536 dilectione
2655 3490 3019 3553 personarum
3049 3489 3187 3545 quas
3214 3471 3447 3544 corrigis
3488 3484 3603 3527 non
3642 3452 3807 3526 recc-1

2204 3571 2323 3631 das.
2347 3570 2753 3628 Misericordetu
2781 3576 2856 3636 te,
2881 3576 3046 3639 prout
3065 3558 3493 3636 virtus'patitur,
3538 3562 3807 3632 pauperi-

2204 3666 2309 3722 bus
2341 3664 2555 3720 exhibe.
2580 3660 2869 3732 Oppressis
2896 3657 3142 3714 defensio
3166 3664 3260 3712 tua
3288 3653 3594 3720 subveniat,
3617 3652 3810 3723 oppri:-

2205 3758 2483 3814 mcntibus
2515 3755 2761 3811 modesta
2790 3750 3056 3809 correctio
3081 3747 3437 3807 contradicat.
3458 3744 3680 3801 Nullius
3720 3744 3811 3799 τε..

2206 3852 2345 3908 ciem
2391 3858 2581 3906 contra
2619 3846 2890 3918 justitiam
2921 3843 3179 3915 accipias,
3221 3841 3433 3896 nullum
3468 3844 3812 3910 quaerentem

2202 3942 2472 4015 justitiam
2531 3939 2820 4009 despicias.
2871 3934 3134 3992 Custodia
3186 3933 3243 3988 in
3302 3939 3355 3987 te
3389 3929 3666 4001 aequitatis
3707 3943 3810 3983 ex-

2208 4037 2387 4100 cellat,
2412 4043 2474 4089 ut
2505 4048 2604 4088 nec
2641 4030 2862 4086 divitem
2890 4026 3134 4099 potentia
3170 4034 3265 4080 tua
3294 4022 3501 4094 aliquid
3532 4019 3681 4092 apud
3710 4034 3813 4075 vos

2208 4134 2362 4182 extra
2386 4126 2528 4179 viam
2557 4122 2788 4178 rationis
2820 4120 3049 4177 suadeat
3072 4117 3282 4185 audire,
3299 4131 3397 4172 nec
3417 4129 3723 4187 pauperem
3744 4112 3815 4169 de

2210 4234 2268 4274 re
2299 4233 2397 4273 sua
2425 4216 2591 4271 faciat
2619 4213 2901 4269 humilitas
2921 4210 3233 4282 desperare,
3261 4216 3532 4279 quatenus
3555 4204 3673 4260 Deo
3704 4203 3817 4259 mi-

2208 4318 2426 4367 serante
2459 4308 2586 4362 talis
2618 4305 2799 4377 possis
2854 4303 3095 4359 existere
3153 4298 3374 4371 qualem
3428 4311 3587 4353 sacra
3640 4294 3817 4350 lectio

2210 4401 2472 4472 pracipit,
2506 4398 2726 4455 dicens:
2759 4416 2778 4449 ι
2808 4393 3036 4467 Oportet
3061 4387 3815 4464 episeopum'irreprehensi-

2210 4492 2375 4548 bilem
2396 4505 2536 4547 esse.
2567 4508 2586 4543 ι
2616 4488 2723 4544 Sed
2754 4488 2843 4543 his
2866 4483 3123 4542 omnibus
3148 4482 3227 4537 uti
3254 4481 3548 4538 salubriter
3579 4477 3815 4550 poteris,

2215 4584 2262 4639 si
2300 4583 2618 4653 magistram
2644 4580 2967 4636 charitatem
2995 4574 3285 4640 habueris;
3330 4587 3496 4643 quam
3524 4570 3621 4642 qui
3651 4584 3817 4625 secu-

2219 4685 2308 4731 tus
2331 4674 2493 4729 fuerit
2518 4689 2548 4728 a
2584 4681 2734 4729 recto
2786 4669 3081 4741 aliquando
3142 4664 3363 4722 tramite
3411 4679 3521 4719 non
3581 4660 3813 4717 recedit.

2219 4767 2378 4834 Ecce,
2408 4766 2572 4822 frater
2598 4763 2941 4827 eharissime,
2974 4761 3117 4816 inter
3138 4758 3312 4814 multa
3356 4748 3462 4812 alia
3481 4798 3497 4823 ,
3528 4754 3637 4810 ista
3686 4762 3819 4808 sunt

2224 4859 2542 4926 sacerdotii,
2571 4859 2676 4913 ista
2702 4863 2831 4912 sunt
2861 4852 3032 4925 pallii,
3064 4867 3188 4923 qua
3219 4850 3268 4907 si
3294 4849 3817 4905 studiose'semve—

2222 4953 2322 5019 ris,
2346 4952 2492 5022 quod
2517 4948 2652 5006 foris
2684 4946 2960 5018 accepisse
3002 4942 3308 5001 ostenderis
3361 4938 3512 4996 intus
3562 4935 3811 4993 habebis.

2230 5043 2430 5099 Sancta
2453 5042 2692 5097 Trinitas
2742 5038 3137 5109 fraternitatem
3181 5043 3419 5090 vestram
3482 5030 3657 5104 gratia
3703 5043 3818 5083 sua

2227 5134 2584 5208 protectionis
2604 5131 2926 5196 circumdet,
2952 5136 3117 5200 atque
3148 5127 3223 5182 ita
3248 5126 3305 5181 in
3335 5122 3552 5179 timoris
3594 5120 3681 5177 sui
3728 5118 3814 5173 via

2231 5242 2334 5283 nos
2374 5226 2573 5298 dirigat
2620 5233 2684 5279 ut
2730 5230 2858 5295 post
2901 5221 3026 5277 vita
3083 5218 3249 5297 hujus
3302 5213 3701 5271 amaritudines
3747 5208 3815 5264 ad

2230 5328 2488 5376 aternam
2513 5317 2679 5374 simul
2699 5327 2983 5387 pervenire
3006 5310 3349 5367 dulcedinem
3380 5317 3716 5360 mereamur.

2304 5408 2579 5479 Scriptum
2623 5422 2723 5478 per
2775 5420 3001 5461 manum
3059 5400 3216 5472 Sergi
3279 5395 3555 5455 scriniarii
3616 5398 3817 5450 sancta

2235 5502 2498 5557 Romana
2521 5499 2815 5566 Ecclesia,
2840 5510 3030 5555 mense
3085 5491 3280 5563 Aprili,
3320 5486 3616 5546 indictione
3660 5480 3817 5540 tertia

2233 5593 2443 5650 decima
