4018 6382
170 376 316 434 1145

843 487 938 543 XI.

170 579 703 674 ‘Epgtolagloannis
762 607 926 674 papas
961 592 1105 674 XIHX.
1137 594 1208 674 ml
1255 595 1541 674 Robertum
1586 619 1758 674 regem

246 653 583 725 Francorum
604 660 669 716 de
683 653 1017 717 immanitate
1040 664 1404 737 Cluniacensi:
1427 653 1756 735 monasterii.

679 746 863 824 (Anno
904 739 1262 831 1024-1051.)

464 842 794 917 [Baliarium
831 847 1200 920 Cluniacense,
1229 869 1353 926 pag.
1394 855 1474 929 7.]

247 933 480 992 Joannes
500 937 811 1011 episcopus,
829 957 1021 999 servus
1052 960 1340 1004 servorum
1360 946 1477 1017 Dei,
1500 948 1758 1009 Romam

166 1029 290 1100 regi
318 1028 686 1097 Francorum,
720 1033 955 1090 salutem
997 1036 1380 1109 charissimam
1422 1055 1550 1097 cum
1592 1042 1758 1104 bene-

166 1123 413 1199 dictione
443 1127 763 1196 apostolica.

240 1214 558 1303 Quoniam,
603 1234 637 1274 ο
668 1220 1081 1292 religiosissime
1128 1239 1245 1293 rex,
1294 1204 1595 1291 multorum
1639 1230 1755 1301 jam

158 1307 442 1372 ,cltaritate
478 1309 833 1385 frigescente,
892 1317 1372 1387 superabundante
1414 1330 1599 1389 autem
1651 1324 1758 1379 ini-

157 1399 403 1473 iquitate,
431 1396 685 1475 plurimis
711 1403 764 1458 in
812 1404 950 1473 locis
987 1421 1096 1465 non
1128 1409 1306 1466 solum
1347 1411 1421 1471 ab
1455 1413 1754 1484 extraneis,

160 1507 365 1548 verum
394 1494 560 1548 etiam
586 1495 744 1552 abiis
769 1498 864 1568 qui
906 1498 1004 1553 ﬁlii
1041 1502 1263 1557 nomine
1290 1511 1450 1559 tenus
1473 1504 1753 1576 dicuntur,

160 1592 347 1655 status
384 1584 642 1645 Ecclesia:
668 1589 1041 1661 confunditur,
1086 1609 1258 1651 sacrae
1299 1597 1578 1668 religionis
1617 1600 1754 1656 ordo

158 1679 558 1747 contemnitur,
586 1682 762 1751 pietas
790 1692 845 1739 et
875 1682 1052 1758 forma
1080 1685 1310 1756 justitim
1336 1688 1751 1761 deltonestatur,

154 1782 220 1837 ,et
243 1771 527 1861 privilegia
552 1776 853 1844 apostolica
896 1792 995 1833 seu
1035 1778 1217 1834 etiam
1232 1781 1434 1861 regalia
1461 1792 1751 1855 praecepta,

1322 386 1686 448 EPISTOLJE
1724 393 1814 450 ET
1851 394 2267 456 DIPLOMATA.

3301 420 3440 486 1146

1785 516 1835 577 Α
1864 513 1970 570 hoc
2004 516 2352 589 privilegium
2391 523 2690 591 apostolica
2730 528 3054 586 auctoritate
3094 532 3210 590 ﬁlio
3249 547 3443 598 nostro

1861 604 2188 699 charissimo
2215 606 2430 664 Odiloni
2466 621 2520 667 et
2558 613 2661 669 sibi
2699 618 3117 678 succedentibus
3152 622 3211 680 in
3243 642 3441 699 perpe-

1861 704 1916 750 tu
1925 712 2014 751 um
2039 697 2216 754 facere
2235 701 2538 770 voluimus;
2563 707 2711 776 quod
2732 718 2925 766 vestra:
2946 713 3215 773 nobilitati
3237 697 3442 780 idcirco

1859 801 1986 842 cum
2012 789 2098 845 his
2138 791 2332 848 litteris
2367 794 2657 865 mittimus,
2688 809 2748 855 ut
2785 803 2982 859 vestris
3025 814 3443 881 vestrorumque

1858 880 2206 941 sacerdotum
2255 885 2342 940 vel
2395 887 2717 956 optimatum
2772 892 2827 947 in
2876 896 3106 954 auribus
3149 900 3439 970 recitetur,

1857 982 2237 1045 prteceptoque
2263 978 2431 1049 regali
2465 988 2519 1035 et
2552 984 2872 1040 auctoritate
2898 986 3166 1057 firmetur,
3188 991 3445 1048 corrobo-

1857 1073 2028 1132 retur,
2052 1074 2107 1120 et
2130 1070 2525 1139 auctorizetur;
2554 1082 2615 1128 ut
2636 1076 2840 1132 nullius
2861 1078 3238 1152 cujuscunque
3263 1098 3442 1140 sacen-

1856 1154 2002 1212 dotis
2024 1157 2107 1212 vel
2124 1159 2388 1230 principis
2407 1179 2641 1233 persona
2663 1177 2850 1223 contra
2878 1171 2983 1227 hoc
3001 1173 3313 1241 apostolica:
3335 1189 3437 1231 au-

1856 1249 2125 1305 ctoritatis
2155 1251 2430 1308 decretum
2457 1254 2513 1309 in
2544 1266 2864 1328 perpetuum
2895 1262 3102 1333 garrire
3130 1264 3214 1318 vel
3239 1265 3439 1321 mutire

1854 1339 2072 1409 audeat,
2096 1358 2165 1397 ne
2186 1346 2487 1414 apostolico
2499 1364 2793 1417 percussus
2814 1355 3159 1410 anathemate
3179 1354 3438 1414 districta:

1856 1430 2081 1488 ultionis
2105 1450 2297 1503 pmnas
2320 1437 2453 1504 luat,
2484 1446 2539 1494 et
2566 1442 2764 1511 regalis
2791 1451 3163 1517 transgressor
3182 1449 3437 1519 praecepti

1856 1538 1982 1579 cum
2008 1525 2289 1595 suppliciis
2315 1528 2653 1586 infernorum
2675 1549 2876 1591 exsors
2902 1537 3069 1604 etiam
3090 1537 3187 1594 ﬁat
3225 1548 3437 1611 tempo-

1854 1616 2051 1672 ralium
2082 1618 2370 1679 bonorum.

2587 1710 2704 1769 XII.

1856 1796 2101 1882 Epistula
2120 1798 2347 1857 Joannis
2371 1801 2511 1858 XIX
2533 1821 2685 1882 papa;
2704 1807 3118 1882 ad‘Causlenum
3139 1810 3438 1882 episcopum

156 1856 436 1939 guuntum
457 1865 525 1937 ad
555 1867 943 1939 substantiam,
974 1862 1191 1927 illorum
1221 1856 1528 1930 temeritate
1549 1873 1754 1933 imave.-
1785 1858 1830 1914 Β
1905 1856 2368 1942 ’Μαιὶεεοηεηεβηι
2398 1856 3439 1942 pro‘inani;Meﬁéil:17551355235

159 1965 356 2019 renter
378 1967 669 2030 cassantur
692 1978 710 2033 ρ
735 1968 950 2031 oportet
990 1972 1231 2027 vestram
1259 1966 1650 2025 sublimitatem
1670 1968 1754 2023 vi,-

155 2048 358 2122 giiare,
390 2058 451 2117 ut
479 2049 534 2105 in
563 2066 731 2123 regno
764 2052 918 2117 vobis
942 2051 1055 2113 Deo
1076 2064 1301 2115 auctore
1326 2056 1627 2115 commisso
1655 2073 1752 2114 ca-

160 2140 385 2211 tholica:
421 2141 545 2212 ﬁdei
584 2158 781 2216 norma
814 2145 1058 2219 vigorem
1102 2147 1364 2217 obtineat,
1408 2151 1672 2208 sanctitas
1699 2160 1757 2216 et

160 2233 361 2307 religio
388 2244 579 2295 contra
606 2237 862 2295 inimicos
886 2240 1131 2297 veritatis
1174 2241 1483 2312 treplueum
1509 2243 1756 2301 victoria:

156 2324 456 2399 insigniter
475 2338 674 2397 teneat,
691 2339 745 2386 et
762 2347 918 2405 sacer
938 2331 1077 2407 ritus
1092 2334 1514 2403 praecedentium
1530 2334 1754 2392 Patrum

161 2419 554 2493 inviolabiliter
583 2433 919 2498 permaneat,
941 2434 1214 2498 quatenus
1236 2442 1333 2498 per
1355 2427 1471 2483 haec
1492 2436 1548 2487 et
1573 2436 1754 2485 vestra

156 2513 305 2575 ﬁdes
361 2514 755 2586 plenitudinem
806 2516 1078 2573 bonorum
1126 2519 1408 2589 percipiat,
1444 2528 1501 2575 et
1538 2520 1756 2577 devotio

157 2608 520 2673 subditorum
566 2609 764 2673 exinde
788 2611 862 2672 ad
887 2612 1229 2684 incrementa
1250 2611 1530 2677 ,virtutum
1578 2613 1757 2685 magis

158 2717 236 2767 ac
278 2703 454 2774 magis
483 2703 752 2773 proﬁciat.
785 2701 885 2759 llis
910 2703 1056 2759 enim
1102 2705 1183 2760 rei
1208 2714 1614 2761 sacramentum
1644 2719 1756 2762 non

158 2794 349 2855 solum
377 2810 409 2850 a
436 2795 596 2852 nobis
617 2795 875 2868 exigitur,
904 2797 1106 2867 quibus
1133 2797 1428 2867 pastoralis
1458 2797 1756 2857 commissa

154 2895 255 2952 est
287 2902 439 2962 cura,
469 2903 661 2961 verum
706 2888 869 2959 etiam
912 2896 968 2945 et
1012 2905 1043 2953 a
1074 2889 1250 2957 vobis,
1290 2889 1384 2946 cui
1411 2889 1616 2946 credita
1648 2899 1755 2959 est,

157 2995 299 3039 .cum
330 2980 517 3049 usuris
545 2981 810 3053 exigenda
834 2981 1072 3038 maxima
1095 2997 1295 3053 pompa
1322 2989 1377 3038 et
1400 2982 1564 3055 regite
1592 2983 1759 3049 subii.

160 3074 376 3133 mitatis
406 3074 670 3145 potentia.
709 3064 866 3145 Quod
893 3076 1041 3131 enim
1083 3075 1206 3132 sine
1247 3075 1401 3147 gravi
1432 3075 1617 3131 dicere
1643 3092 1755 3132 non

162 3168 416 3221 valemus
464 3166 672 3238 dolore,
721 3166 1051 3239 quibusdam
1098 3175 1406 3223 vestrorum
1433 3168 1757 3225 exsecrabili

161 3259 391 3337 negotio
417 3260 486 3316 ad
521 3260 893 3328 sacerdotium
920 3260 1267 3327 introductis,
1293 3276 1405 3315 non
1434 3260 1633 3319 suﬁicit
1665 3262 1755 3317 in-

162 3353 313 3426 liuste
336 3353 628 3425 acquisita,
651 3353 963 3426 posthabito
984 3353 1263 3425 religionis
1292 3353 1509 3421 ordine,
1532 3369 1629 3425 per
1649 3369 1750 3425 pe-

163 3430 450 3508 rimendos
482 3456 713 3504 terrenas
732 3446 1099 3509 aﬁectationis
1119 3446 1283 3502 luxus
1303 3446 1626 3514 distrahere,
1650 3447 1760 3505 nisi

162 3539 335 3599 etiam
355 3547 411 3595 et
431 3555 496 3595 ea
520 3540 642 3596 loca
671 3556 795 3611 quae
827 3554 860 3594 a
884 3538 1154 3607 ﬁdelibus,
1181 3539 1276 3610 qui
1302 3538 1395 3594 illa
1424 3554 1492 3594 ex
1520 3539 1759 3609 propriis

164 3633 614 3705 possessionibus
653 3643 709 3689 et
736 3634 1048 3705 sumptibus
1084 3643 1464 3701 constrinxere,
1503 3633 1760 3705 potestati

170 3724 347 3781 solius
398 3723 662 3782 Romanae
703 3723 963 3781 Ecclesia:
1016 3723 1216 3780 tradita
1269 3733 1400 3782 sunt
1446 3724 1761 3780 testamenti

164 3814 518 3887 auctoritate,
545 3816 617 3889 ad
639 3814 1010 3873 damnationis
1036 3830 1152 3871 suae
1192 3814 1477 3870 cumulum
1516 3814 1624 3869 sibi
1663 3829 1759 3870 eo-

167 3915 373 3981 nentur
393 3905 703 3975 defendere,
729 3914 785 3962 et
802 3907 919 3979 suis
945 3906 1139 3980 usibus
1167 3906 1307 3963 male
1336 3906 1638 3977 applicare;
1662 3906 1759 3977 qui

170 3995 419 4067 profecto
481 3995 663 4070 ipsum
711 4004 876 4067 caput
932 3996 1240 4068 discerpere
1293 3996 1574 4068 gestiunt,
1625 3997 1758 4052 dum

166 4080 417 4168 membra
439 4078 508 4146 ab
534 4090 654 4162 ipso
676 4106 932 4161 separare
957 4092 1170 4159 volunt,
1185 4100 1241 4147 et
1261 4107 1357 4149 eos
1380 4108 1519 4163 quos
1547 4099 1608 4147 ut
1632 4107 1757 4147 ver-

166 4186 402 4265 naculos
427 4185 592 4242 habet
617 4186 835 4257 injuriis
857 4194 913 4243 et
939 4187 1288 4244 contumeliis
1330 4188 1601 4244 lacessere
1626 4202 1755 4244 non

171 4280 451 4348 desinunt,
465 4280 779 4351 ignorantes
795 4281 982 4352 utique
998 4281 1186 4338 miseri
1204 4282 1352 4352 quod
1372 4282 1537 4353 hujus
1556 4290 1760 4337 saneta:

170 4370 318 4446 sedis
346 4370 565 4426 decreta
598 4370 673 4425 ita
696 4371 783 4441 pia
800 4370 905 4433 ﬁde
928 4386 961 4426 a
981 4372 1110 4428 ﬁliis
1134 4372 1327 4428 matris
1340 4371 1596 4437 Ecclesiae
1615 4373 1760 4429 acci-

171 4462 370 4536 pienda
399 4470 549 4530 sunt,
570 4470 625 4518 et
642 4464 971 4531 veneranda,
986 4472 1047 4518 ut
1071 4471 1333 4534 tanquam
1362 4466 1563 4537 regulae
1587 4481 1758 4521 cano-

168 4538 305 4612 unm
318 4557 387 4613 ab
397 4556 601 4613 eisdem
626 4557 834 4626 absque
854 4556 968 4619 ullo
993 4557 1253 4627 scrupulo
1275 4557 1755 4625 admittantur,ut-

170 4657 430 4722 potequae
439 4651 505 4706 de
515 4650 665 4705 omni
678 4648 934 4706 Ecclesia:
944 4648 1027 4704 fas
1041 4648 1243 4705 habeat
1260 4648 1561 4720 judicandi,
1578 4665 1755 4720 neque

170 4742 433 4814 cuiquam
452 4742 616 4798 liceat
639 4742 707 4797 de
720 4741 840 4812 ejus
868 4740 1079 4812 garrire
1105 4740 1348 4808 decreto,
1373 4757 1476 4798 nec
1508 4740 1757 4812 judicare

166 4836 398 4909 judicio.
425 4834 598 4906 Cujus
622 4834 813 4905 judicit
832 4835 1162 4891 sententiam
1189 4850 1255 4891 eo
1285 4834 1462 4907 magis
1492 4843 1704 4905 oportet
1724 4851 1757 4890 a

168 4929 394 4987 nemine
421 4928 666 4995 dissolvi,
701 4943 812 5002 quo
851 4929 1057 4985 certius
1097 4927 1330 4998 apostoli
1361 4935 1576 4984 constat
1608 4927 1756 4982 illam

170 5021 325 5078 Petri
353 5022 610 5077 ﬁrmitate
634 5029 689 5077 et
715 5021 1041 5078 auctoritate
1069 5020 1313 5077 solidari.
1336 5019 1428 5075 Ait
1451 5019 1597 5076 enim
1620 5035 1761 5090 quo-

172 5117 304 5172 dam
327 5116 381 5170 in
405 5116 527 5189 loco
558 5115 671 5174 Leo
701 5115 1194 5187 papavenerabilis
1214 5123 1271 5170 et
1294 5122 1499 5170 sanctae
1542 5113 1761 5170 institu—

176 5208 345 5264 tionis
373 5207 568 5265 doctor
594 5208 932 5265 admirabilis
957 5226 971 5263 :
1008 5227 1028 5261 ι
1054 5206 1175 5263 Non
1204 5223 1386 5278 parva:
1424 5206 1654 5261 insania:
1679 5214 1764 5262 est

174 5308 371 5359 contra
394 5317 525 5370 eum
555 5299 792 5372 aliquem
832 5301 1053 5368 mutire,
1097 5300 1193 5371 qui
1235 5299 1569 5371 clavigerum
1609 5298 1764 5369 regni

177 5394 420 5451 emlestis
446 5395 612 5461 habet
637 5402 875 5461 tutorem
900 5400 957 5449 et
982 5401 1308 5463 patronum;
1337 5390 1470 5461 quin
1495 5404 1562 5445 co
1592 5389 1766 5461 magis

180 5488 230 5542 si
257 5488 347 5543 hic
374 5487 545 5542 multa
572 5487 737 5542 verba
774 5484 1036 5542 tumentis
1074 5484 1302 5555 spiritus
1328 5483 1661 5548 relaxentur,
1692 5495 1764 5536 ne

178 5578 324 5637 forte
355 5579 501 5636 Petri
541 5578 780 5635 vindicta
822 5578 877 5634 in
911 5585 1195 5649 posterum
1227 5583 1557 5632 reservetur.
1593 5593 1612 5625 ι
1647 5571 1761 5635 Ho-

182 5688 306 5728 rum
332 5672 525 5742 itaque,
539 5671 747 5728 rabiem
769 5678 827 5729 et
853 5669 1085 5726 tumoris
1110 5667 1459 5725 insolentiam
1491 5681 1523 5722 a
1560 5665 1767 5722 nostris

176 5763 340 5830 locis,
367 5771 422 5818 et
449 5761 686 5817 maxime
710 5777 742 5816 a
770 5759 1051 5816 Cluniensi
1082 5758 1335 5815 coenobio
1369 5756 1673 5829 specialiter
1712 5764 1768 5810 et

174 5855 534 5947 singujagi‘ter
557 5853 714 5912 nobis
735 5853 958 5927 proprio
980 5852 1172 5924 procul
1192 5865 1445 5908 amovere
1460 5847 1764 5921 cupientes,

1923 1943 2236 2080 ῗέἓῖαἲξενίὶ
2265 1941 2632 2009 Cluniacensi:
2657 1948 2722 2001 ab
2753 1950 2895 2004 omni
2918 1949 3297 2020 jurisdictione
3327 1954 3440 2024 epi-

2050 2028 2081 2065 a
2109 2028 2147 2068 ι.

2050 2028 2147 2068 au.

2353 2104 2537 2178 (Anno
2583 2106 2943 2184 1024-1031.)

2160 2193 2492 2270 [Baliarium
2521 2198 2885 2271 Cluniacense,
2917 2216 3041 2276 pag.
3064 2201 3148 2279 8.]

1923 2309 2156 2367 Joannes
2177 2310 2485 2382 episcopus,
2502 2329 2694 2371 servus
2713 2332 3000 2372 servorum
3016 2317 3133 2387 Dei,
3157 2294 3445 2376 Carsulano

1852 2402 2112 2473 episcopo
2152 2401 2570 2474 Matisconensi,
2614 2408 2847 2464 salutem
2888 2410 3270 2467 charissimam
3314 2427 3442 2469 cum

1854 2493 2234 2550 benedictione
2268 2496 2590 2566 apostolica.

1925 2585 2047 2654 Cui,
2090 2585 2205 2642 Deo
2232 2596 2478 2657 auctore,
2505 2586 2873 2661 praesidemns
2895 2594 3230 2667 reliquarum
3257 2595 3445 2653 Eccle-

1855 2677 2061 2733 siarum
2089 2687 2255 2749 caput
2272 2688 2328 2735 et
2354 2681 2520 2737 cardo
2540 2693 2728 2739 saneta
2754 2676 3002 2742 Romana
3024 2686 3266 2743 Ecclesia
3289 2680 3465 2743 tanto

1855 2767 2257 2827 intolerabilius
2279 2772 2489 2843 patitur
2510 2776 2880 2848 quodcunque
2921 2778 3027 2833 sibi
3056 2779 3320 2851 ingeritur
3349 2780 3445 2836 dc-

1853 2860 2023 2919 decus
2042 2872 2250 2933 quanto
2275 2865 2476 2921 unitati
2503 2882 2618 2923 suae
2647 2867 2715 2935 is,
2739 2884 2770 2923 a
2792 2884 2903 2939 quo
2924 2869 3195 2941 ingestum
3222 2881 3326 2938 est,
3358 2872 3444 2927 vi-

1854 2952 2015 3011 detur
2044 2956 2423 3028 propinquior.
2456 2957 2537 3013 Ex
2578 2974 2691 3030 quo
2724 2960 2793 3016 ad
2825 2961 3188 3032 episcopalem
3216 2963 3447 3035 gloriam

1855 3046 2122 3104 deductus
2148 3063 2229 3115 es,
2273 3047 2539 3107 Romanae
2576 3050 2837 3108 Ecclesia:
2872 3053 3017 3109 ﬁlius
3058 3064 3114 3111 et
3145 3054 3451 3126 discipulus

1855 3137 2010 3194 visus
2048 3154 2129 3206 es,
2177 3148 2232 3194 et
2271 3147 2385 3195 tam
2426 3156 2459 3197 a
2492 3141 2650 3198 nobis
2690 3157 2856 3212 quam
2899 3143 2969 3198 ab
3007 3145 3449 3200 antecessoribus

1782 3216 1825 3275 C
1858 3230 2064 3288 nostris
2089 3230 2289 3291 amodo
2322 3232 2403 3288 sic
2435 3241 2790 3303 computatus
2815 3250 2904 3301 es;
2934 3251 3083 3291 nunc
3106 3250 3240 3291 vero
3263 3236 3447 3291 nesci-

1857 3339 1983 3379 mus
2002 3338 2113 3393 qua
2135 3337 2277 3378 nova
2304 3325 2611 3380 temeritate
2642 3326 2875 3393 illectus,
2900 3326 3330 3398 inexstinguihili
3359 3343 3452 3383 cu-

1856 3414 2089 3486 piditate
2130 3430 2419 3481 accensus,
2463 3416 2627 3471 matri
2674 3425 2783 3473 tute
2818 3433 3120 3489 repugnas,
3165 3426 3221 3473 et
3259 3427 3450 3475 contra

1858 3523 1981 3575 nos,
2013 3507 2225 3564 meritis
2266 3508 2502 3579 apostoli
2537 3507 2686 3564 Petri
2730 3508 3058 3580 magistrum
3094 3518 3270 3579 tuum,
3301 3510 3452 3568 levas

1858 3601 2208 3666 calcaneum,
2251 3616 2376 3657 cum
2431 3600 2744 3656 emnobium
2794 3600 3185 3670 Cluniacense,
3235 3603 3452 3660 cunctis

1857 3705 1999 3761 pene
2022 3691 2340 3748 nationibus
2370 3691 2665 3747 sanctitate
2679 3690 3030 3763 praefulgens,
3063 3707 3165 3747 nec
3190 3707 3301 3747 non
3321 3707 3453 3763 apo-

1858 3784 2067 3841 stolicis
2099 3784 2397 3855 privilegiis
2418 3782 2617 3838 fultum
2638 3784 2784 3840 etab
2811 3783 3059 3839 omnium
3089 3783 3297 3839 ditione
3322 3783 3457 3840 sub~

1857 3882 2118 3941 tractum,
2148 3874 2321 3930 solius
2347 3873 2612 3945 principis
2643 3874 3015 3945 apostolorum
3043 3883 3099 3929 et
3119 3874 3451 3929 vicariorum

1858 3978 2087 4020 suorum
2105 3963 2315 4035 judicio
2335 3973 2696 4030 reservatum,
2720 3979 3055 4030 commoves,
3079 3962 3451 4019 venerandum

1858 4055 2027 4115 etiam
2048 4056 2361 4112 inﬁdelibus
2406 4054 2624 4112 Patrem
2653 4056 2917 4113 domnum
2941 4054 3248 4123 Odilonem,
3280 4054 3452 4111 abba-

1860 4155 1967 4204 tem
1989 4148 2352 4204 irreverenter
2371 4146 2601 4218 appetis,
2626 4146 2825 4203 fratres
2847 4147 3048 4202 ibidem
3069 4148 3331 4220 degentes
3352 4160 3454 4216 pro

1858 4236 2209 4307 adipiscenda
2245 4246 2507 4308 perpetua
2535 4237 2909 4294 transitoriam
2934 4238 3173 4308 quietem
3201 4245 3454 4308 optantes

1860 4328 2159 4397 sollicitas,
2211 4329 2513 4399 apostolica
2552 4328 2835 4400 privilegia
2876 4343 3095 4383 cassare
3144 4326 3451 4383 contendis.

1860 4418 2018 4486 Quod
2043 4419 2119 4475 ita
2145 4420 2448 4490 accipimus
2476 4419 2943 4491 quemadmodum
2968 4419 3016 4474 si
3043 4420 3160 4489 ipsa
3207 4418 3454 4474 membra

1865 4521 2052 4593 nostra
2073 4511 2230 4567 avide
2250 4513 2558 4582 discerpere
2577 4527 2851 4583 quaereres
2873 4530 2887 4579 ;
2912 4519 2967 4566 et
2986 4512 3134 4581 quod
3156 4511 3275 4565 sine
3292 4508 3453 4564 ruina

1860 4612 1952 4658 tua
1971 4618 2095 4659 esse
2116 4603 2326 4673 nequit.
2361 4602 2505 4657 Cave
2536 4611 2695 4658 caute
2713 4602 2798 4657 vel
2822 4601 2937 4672 jam
2968 4602 3211 4656 monitus
3232 4599 3450 4666 animae,

1859 4704 1915 4752 et
1935 4706 2185 4751 nostrum
2203 4693 2599 4750 monasterium
2623 4693 2899 4765 singulare
2921 4692 3079 4747 nobis
3102 4692 3347 4762 relinque
3361 4704 3451 4759 ne,

1861 4787 1991 4842 dum
2004 4786 2276 4857 particeps
2290 4787 2410 4857 ejus
2420 4795 2611 4841 contra
2622 4800 2725 4840 nos
2736 4800 2857 4840 esse
2867 4783 3043 4854 cupis,
3058 4782 3268 4838 ordinis
3278 4779 3453 4835 nostri

1862 4895 2056 4936 exsors
2077 4879 2379 4949 apostolica
2399 4878 2725 4934 auctoritate
2744 4875 3017 4932 elﬁeiaris.
3045 4874 3103 4931 Si
3124 4889 3254 4929 vero
3269 4872 3453 4941 aliqua

1813 5018 1821 5024 .
1865 4982 2182 5044 competens
2221 4972 2366 5027 ratio
2398 4971 2661 5027 adversus
2705 4985 2832 5025 eum
2872 4978 2927 5024 te
2967 4974 3305 5031 commovet,
3351 4970 3455 5018 no-

1867 5072 2042 5119 strum
2052 5062 2321 5133 judicium
2335 5062 2439 5117 sub
2449 5061 2560 5131 quo
2574 5060 2693 5116 solo
2704 5066 2887 5115 manet
2897 5056 3421 5124 eonﬁdenterquaere
3435 5069 3451 5120 ;

1869 5170 1967 5211 nos
1994 5169 2190 5224 nempe
2226 5153 2320 5223 qui
2355 5168 2484 5208 eum
2517 5160 2629 5207 tam
2673 5166 2704 5206 a
2736 5160 2789 5207 te
2817 5164 2981 5221 quam
3004 5156 3059 5204 et
3090 5147 3161 5203 ab
3199 5144 3456 5201 omnibus

1868 5253 2109 5311 tuemur,
2134 5244 2272 5299 nulli
2290 5243 2669 5316 praajudicium
2694 5240 3028 5313 praetendere
3046 5237 3301 5310 patimur.

2589 5334 2730 5390 X111.

1872 5428 2119 5501 Epistula
2151 5429 2378 5502 Joannis
2422 5427 2562 5502 XIX
2604 5443 2757 5498 papa:
2795 5424 2878 5502 ad‘
2902 5418 3487 5502 Bochardumnarcltic'

1940 5503 2240 5584 episcopum
2285 5491 2686 5583 Lugdunensem
2718 5513 2814 5569 pro
2860 5495 3195 5567 immunitate
3235 5491 3457 5549 Clanio.

1943 5580 2113 5626 censis
2134 5580 2468 5625 monasterii.

2387 5659 2569 5731 (Anno
2596 5655 2950 5728 1024-1051.)

2173 5750 2504 5826 [Bullarium
2535 5748 2900 5815 Cluniacense,
2924 5762 3047 5818 pag.
3078 5742 3159 5818 9.]

1950 5844 2186 5903 Jossnas
2228 5844 2554 5917 episéOpus,
2598 5857 2789 5900 servus
2827 5853 3113 5895 servorum
3161 5833 3289 5903 Dei,
3323 5832 3464 5888 Bono
