4018 6462
81 416 211 475 1H9

807 526 924 585 XV.

82 623 323 680 Eoistola
368 621 594 677 Joannis
613 622 754 676 XIX
781 626 852 678 ad
874 621 883 637 ³
902 623 1200 679 Jordanum
1243 623 1657 681 Lemoviceusem

147 697 467 769 episcopum,
496 704 809 769 craterasque
844 694 1147 753 Galliarum
1183 697 1474 769 episcopos,
1501 699 1566 753 de
1594 696 1653 753 S.

148 764 423 825 Martialis
446 764 765 837 apostolatu.

485 854 491 859 “
614 932 615 935 γ
680 881 863 957 (Anno
891 881 1071 953 lost.)

467 973 688 1049 [Mas51,
718 973 925 1057 Co’ucil.
950 972 1093 1040 XIX,
1118 973 1270 1057 417.]

150 1084 384 1141 Joannes
409 1083 721 1161 episcopus,
746 1098 938 1140 servus
961 1070 1250 1139 servorum
1272 1082 1389 1150 Dei,
1422 1081 1664 1139 Jonomo

83 1176 361 1246 episcopo,
388 1183 441 1229 ct
468 1173 589 1247 ejus
636 1174 783 1229 clero
828 1173 1152 1246 cunctisque
1171 1173 1443 1247 episcopis
1471 1172 1669 1231 Gallia—

84 1281 226 1331 rum,
254 1265 485 1321 salutem
509 1264 888 1322 charissimam
925 1281 1049 1321 cum
1102 1264 1482 1320 benedictione
1534 1280 1667 1334 apo-

86 1358 299 1415 stolica.

150 1450 236 1506 Ad
278 1451 609 1522 pastoralem
658 1452 878 1523 quidem
937 1452 1360 1513 sollicitudinem
1404 1452 1666 1523 pertinet,

86 1560 208 1600 cum
240 1534 862 1620 aliquid-controversia:
889 1540 944 1599 in
994 1545 1240 1603 Ecclesia
1279 1548 1474 1611 oritur,
1516 1553 1672 1600 ante—

86 1655 252 1710 quam
274 1638 418 1693 vires
449 1638 695 1710 recipiat,
734 1638 991 1695 falcastro
1019 1656 1221 1717 severae
1249 1639 1447 1709 linguae
1474 1638 1672 1693 exstir-

85 1746 216 1801 pare
245 1726 530 1799 radicitus,
554 1740 610 1785 et
636 1748 700 1786 ea
747 1747 1095 1802 superserere
1122 1741 1231 1803 tam
1276 1731 1477 1789 divinis
1506 1746 1672 1800 quam

88 1822 457 1878 sanctissimis
514 1824 778 1893 exemplis
798 1840 921 1894 qua:
975 1841 1209 1881 messem
1257 1824 1355 1879 Dei
1384 1824 1587 1883 faciant
1619 1832 1675 1878 et

88 1913 381 1983 laetitic‘ent.
414 1910 526 1967 Cur
552 1914 700 1969 enim
743 1914 870 1969 talia
905 1915 1247 1984 suscepimus
1274 1916 1677 1987 ,propalabunt

88 2006 356 2075 subjecta.
404 1996 762 2062 Beatissimus
812 2006 1032 2077 quidem
1089 2006 1373 2074 Martialis,
1419 2008 1564 2067 sicut
1608 2007 1674 2063 in

1229 418 1590 479 EPISTOLIE
1628 421 1716 478 ET
1754 421 2173 515 DlPLQMATA.

1680 535 1728 593 A
1752 537 1838 593 lus
1867 538 2095 608 apostoli
2125 536 2301 605 Pauli,
2327 546 2380 592 et
2403 534 2702 606 Barnabas,
2752 546 2807 594 et
2843 538 3217 619 quamplure_s.
3249 538 3333 594 An

3193 388 3347 499 uso

1756 627 1897 683 forte
1922 630 2115 685 nolunt
2159 630 2261 684 hos
2299 630 2466 700 recipi
2518 628 2660 684 inter
2682 630 2979 701 apostolos,
3002 646 3068 686 eo
3089 630 3235 702 quod
3267 630 3337 684 ab

1759 722 2022 792 apostolis
2047 721 2157 777 sint
2178 722 2332 777 electi
2363 731 2417 777 et
2438 721 2610 789 missi,
2635 722 2728 792 qui
2758 704 3078 789 Martialem,
3102 737 3168 776 co
3190 720 3339 791 quod

1760 824 1869 868 non
1893 813 1964 869 sit
1992 814 2057 869 de
2087 814 2338 869 duodcno
2360 831 2608 882 numero,
2643 816 2938 885 apostolica
2959 814 3218 884 dignitate
3242 830 3341 869 no-

1760 906 1879 961 lunt
1906 907 2114 962 clarum
2144 904 2354 961 videri?

1828 995 1949 1051 Non
1973 998 2317 1067 putantalios
2342 998 2641 1068 apostolos,
2691 986 2809 1053 nisi
2850 997 2971 1053 illos
3006 995 3296 1057 duodecim
3324 1015 3342 1065 ;

1763 1095 1815 1142 et
1836 1087 1930 1141 ubi
1960 1088 2211 1158 estquod
2252 1088 2383 1143 dicit
2405 1076 2411 1085 ’
2432 1078 2711 1159 apostolus
2733 1086 2935 1143 Paulus
2974 1086 3343 1159 Philippensi-
3363 1106 3377 1120 ο

1765 1176 2299 1233 bus?Nccessarium
2343 1188 2518 1232 autem
2569 1179 2869 1233 existimari
2924 1176 3348 1248 Epaphroditum

1767 1269 2010 1339 fratrem,
2064 1278 2478 1340 cooperatorcm,
2510 1280 2561 1324 et
2602 1270 3008 1323 commilitonem
3040 1286 3232 1337 meum,
3267 1285 3323 1321 re

1766 1370 1937 1414 atrum
1953 1370 2129 1414 autem
2146 1362 2464 1432 apostolum,
2478 1371 2525 1415 et
2541 1358 2838 1416 ministrum
2854 1362 3179 1416 necessitatis
3203 1376 3349 1426 metr,

1770 1450 1978 1507 mittere
1996 1452 2064 1507 ad
2087 1450 2173 1508 vos
2198 1452 2457 1526 (Philipp.
2476 1453 2557 1526 ιι).
2578 1454 2745 1509 Silam
2758 1446 2975 1525 quoque
2993 1462 3046 1508 ct
3065 1450 3091 1507 J
3099 1453 3260 1508 udam
3285 1453 3354 1508 ab

1772 1545 2033 1617 apostolis
2075 1546 2352 1618 apostolos
2421 1548 2730 1603 nominatos
2775 1547 3103 1602 invenimus.
3147 1544 3354 1615 Anglo-

1773 1654 1893 1693 rum
1937 1638 2084 1694 enim
2133 1638 2376 1695 Ecclesia
2429 1656 2604 1711 usque
2658 1640 2921 1695 hactenus
2973 1636 3356 1693 beatissimum

1774 1730 2117 1803 Gregorium,
2158 1749 2322 1804 quem
2370 1749 2471 1789 nos
2518 1728 2887 1805 confcsSorem
2933 1730 3199 1796 dicimus,
3228 1716 3357 1800 pro-

1773 1824 1952 1894 prium
1985 1841 2146 1879 suum
2171 1826 2479 1895 apostolum
2508 1824 2773 1880 nominat.
2794 1823 3026 1878 Ronnaui
3054 1806 3359 1894 pontiﬁces,

1777 1918 1905 1987 quia
1939 1916 2058 1972 vice
2111 1906 2344 1989 apostoli
2391 1916 2712 1988 funguntur,
2743 1902 3029 1987 apostolici
3071 1916 3363 1971 nominan-

1780 2017 1884 2064 tur.
1909 2008 2046 2064 Cum
2075 2011 2238 2081 igitur
2274 1996 2509 2081 apostoli
2534 2025 2731 2065 nomen
2763 2024 2874 2063 non
2906 2010 2978 2064 sit
3007 2002 3242 2075 numeri,
3270 2008 3364 2063 sed

90 2099 261 2170 gestis
283 2098 402 2168 ejus
426 2098 751 2168 reperimus,
794 2099 1025 2159 docente
1050 2099 1270 2155 Christo
1313 2100 1369 2157 in
1397 2100 1603 2156 mundo
1622 2107 1678 2154 ct
1777 2096 2042 2172 suffragii,
2068 2103 2381 2173 quicunque
2418 2102 2692 2157 revelante
2726 2098 2836 2157 Deo
2858 2100 2925 2156 ad
2960 2100 3365 2177 pmdicaiiilum

89 2191 458 2263 praecipiente,
498 2208 529 2246 a
555 2190 718 2247 Petro
747 2193 1123 2263 apostolorum
1170 2193 1413 2263 principe
1435 2194 1679 2265 baptiza-
1778 2194 2033 2261 mittitur,
2065 2203 2119 2249 et
2164 2212 2262 2250 sua
2288 2195 2374 2266 pia
2404 2192 2782 2250 exhortatione
2812 2180 3169 2263 et'exemplo'
3211 2208 3363 2261 com-

91 2291 179 2349 tns
215 2291 322 2349 est,
362 2292 416 2338 et
438 2292 589 2365 tanto
613 2270 788 2341 sancti
814 2283 1051 2355 Spiritus
1081 2285 1205 2356 igne
1229 2285 1600 2349 inﬂammatus
1621 2294 1682 2340 ut
1779 2284 2011 2342 missum
2033 2279 2147 2343 'sibi
2193 2287 2454 2345 divinitus
2505 2282 2769 2361 populum
2799 2302 2831 2341 a
2866 2274 3133 2365 potestate
3166 2270 3368 2365 diaboli

91 2388 155 2426 ex
186 2387 257 2427 eo
279 2360 551 2427 dcreliCtis
582 2374 901 2444 parentibus
928 2374 1029 2429 soli
1059 2374 1165 2444 ipsi
1180 2374 1326 2441 ,Filio
1357 2374 1453 2429 Dei
1474 2375 1683 2431 servire
1779 2374 1992 2445 liberat,
2025 2396 2135 2435 non
2184 2380 2482 2455 incongrue
2530 2364 2808 2451 apostolus
2857 2364 2965 2435 dici
3008 2360 3209 2455 potest,
3238 2360 3368 2463 quia

92 2467 337 2537 eligeret,
367 2468 590 2523 ethunc
618 2467 937 2538 Magistrum
968 2478 1023 2524 et
1047 2468 1536 2534 Dominum,Petro
1557 2486 1686 2541 apo-

95 2561 240 2624 stolo
263 2559 641 2628 conﬁrmante,
667 2560 833 2631 cujus
855 2561 1119 2633 sanguine
1175 2572 1357 2618 cretus
1405 2571 1541 2629 erat,
1590 2563 1673 2618 de-

97 2652 365 2708 sideraret
395 2673 407 2707 :
434 2654 579 2725 quod
602 2662 657 2708 et
678 2643 884 2709 factum
900 2663 1003 2713 est.
1028 2653 1163 2711 Nam
1190 2655 1243 2711 in
1269 2657 1686 2713 rcsuscitatione

99 2745 300 2809 Lazari
334 2762 575 2817 praesens
606 2746 813 2819 aderat,
844 2747 900 2805 in
926 2762 1082 2805 caena
1128 2747 1398 2814 interfuit,
1435 2749 1491 2803 in
1534 2749 1685 2805 lava—

101 2837 254 2893 tione
307 2838 506 2908 pedum
556 2838 906 2896 ministravit.
981 2836 1111 2893 Post
1172 2839 1483 2909 passionem
1537 2856 1685 2906 vero,

103 2931 326 3007 quando
346 2932 611 3009 putabant
639 2947 697 2987 se
732 2931 985 3001 spiritum
1009 2932 1212 2998 videre,
1243 2932 1463 3001 palpare
1496 2948 1691 2987 manus

102 3034 156 3078 et
182 3025 329 3078 latus
373 3012 641 3079 Thamam
688 3024 839 3078 vidit.
879 3022 1111 3091 Quando
1162 3025 1425 3093 apostolis
1481 3024 1691 3079 dictum

102 3124 188 3171 est
228 3112 461 3169 :Euutes
490 3116 669 3169 docete
703 3132 879 3170 omnes
909 3125 1103 3187 gentes,
1133 3115 1463 3185 baptizantes
1510 3133 1594 3170 eos
1637 3116 1693 3169 in

1784 2468 2063 2539 apostolus
2096 2470 2286 2523 missas
2311 2468 2531 2525 dicitur.

1854 2560 1968 2617 Nos
2008 2577 2166 2627 vero,
2204 2560 2260 2615 in
2298 2560 2456 2616 ﬁrma
2488 2572 2639 2635 petra
2659 2538 2943 2626 aediﬁcati,
2974 2547 3123 2615 hunc
3162 2538 3228 2614 de
3263 2573 3373 2638 quo

1783 2655 2065 2725 loquimur
2113 2652 2434 2720 Martialem,
2483 2662 2667 2708 utrum
2722 2643 2863 2708 inter
2904 2642 3375 2727 confessorcstan

1786 2746 1930 2801 inter
1953 2744 2249 2815 apostolos,
2279 2744 2437 2800 Jesus
2467 2742 2720 2799 Christus
2750 2741 2847 2796 Dei
2894 2728 3087 2807 Filius,
3129 2739 3218 2797 cui
3248 2754 3374 2794 cor-

1789 2837 2046 2909 paraliter
2075 2836 2320 2901 adluesit,
2352 2844 2407 2890 ct
2434 2832 2593 2905 cujus
2617 2832 2847 2905 gloriam
2877 2822 3011 2886 vidit
3056 2837 3111 2886 et
3150 2829 3377 2884 benedi-
3462 2838 3467 2841 '

1791 2930 1973 2985 ctione
2018 2939 2102 2984 est
2139 2945 2294 2996 usus,
2347 2935 2705 2994 annumeret;
2752 2924 3061 2996 apostolum
3104 2921 3382 2978 nominari

1792 3036 1954 3091 posse
2022 3020 2332 3087 deﬁnimus,
2392 3028 2447 3075 et
2508 3035 2663 3089 teque
2714 3016 3014 3089 apostolica
3080 3014 3285 3071 otlicia'
3320 3014 3382 3069 in

1794 3115 1995 3171 divinis
2047 3113 2323 3186 mysteriis
2371 3112 2617 3168 exhiberi
2659 3111 2763 3166 sibi
2808 3123 3142 3164 censemus:
3174 3123 3275 3162 nec
3314 3106 3382 3161 de

104 3206 319 3259 nomine
346 3202 551 3272 Patris,
576 3214 624 3259 et
660 3205 812 3272 Filii,
838 3216 886 3262 et
944 3206 1177 3278 Spiritus
1226 3209 1397 3263 sancti
1468 3206 1689 3277 (Matth.
1722 3235 1762 3290 ο
1797 3208 1943 3263 illius
1971 3205 2308 3262 beatitudine
2342 3204 2949 3273 dubitarequemquam
2974 3216 3135 3270 posse
3155 3199 3384 3261 conlidi—

109 3293 335 3367 xxvm),
358 3305 464 3351 etc.
491 3296 731 3366 Accipite
768 3296 1028 3368 Spiritum
1053 3307 1326 3364 sanctum;
1356 3314 1580 3368 quorum
1606 3314 1693 3352 re-

106 3388 364 3461 miseritis
395 3398 633 3458 peccata,
672 3390 1015 3442 remittuntur
1037 3390 1137 3456 eis,
1188 3397 1236 3442 et
1287 3405 1513 3459 quorum
1571 3389 1696 3443 reti-

108 3480 358 3547 nueritis,
389 3488 588 3534 retento
610 3489 733 3533 sunt
759 3476 940 3550 (Joan.
968 3480 1082 3548 xx),
1106 3479 1329 3535 audivit.
1376 3477 1694 3533 Ascenden-

110 3579 225 3624 tem
249 3568 303 3624 in
325 3569 524 3625 cmlum
550 3569 704 3635 vidit,
734 3569 998 3638 Spiritum
1023 3578 1275 3624 sanctum
1312 3568 1368 3623 in
1403 3568 1575 3637 igneis
1595 3566 1700 3623 liu-

108 3660 239 3729 guis
266 3658 679 3715 descendentem
706 3668 760 3714 et
790 3659 925 3713 vidit
952 3667 1006 3715 et
1058 3658 1285 3729 accepit,
1335 3660 1701 3730 omnibusque

109 3750 317 3822 linguis
339 3758 421 3806 est
448 3767 603 3806 usus.
637 3748 839 3805 Deinde
883 3748 1119 3820 principi
1166 3750 1540 3819 apostolorum
1600 3750 1700 3803 ad-

112 3844 297 3910 hzesit,
322 3853 507 3914 utpote
535 3859 699 3899 carne
719 3844 1061 3914 propinquus
1082 3850 1137 3897 et
1174 3836 1503 3913 baptismate
1534 3842 1699 3908 ﬁlius,

111 3949 143 3987 a
173 3948 308 4005 quo,
333 3935 679 4005 prmeipicnte
713 3933 935 3989 Christo
987 3934 1055 3989 ad
1108 3933 1514 4004 praedicandum
1570 3946 1703 4002 pro-

113 4024 317 4080 vinciis
346 4023 642 4081 Galliarum
671 4033 754 4081 est
781 4026 1105 4091 destinatus,
1158 4022 1250 4081 ubi
1292 4023 1706 4093 inlinitumpo-

114 4111 315 4184 pulum
340 4128 371 4168 a
394 4115 543 4170 cultu
577 4114 845 4170 idolorum
871 4130 1195 4177 removens,
1227 4114 1451 4169 Christo
1477 4129 1576 4189 sua
1602 4113 1704 4170 do-

115 4207 300 4262 ctrina
375 4206 675 4275 dedicavit;
733 4224 896 4279 quam
929 4208 1072 4279 piam
1127 4218 1514 4279 sanctamque,
1597 4213 1707 4263 tam

118 4305 392 4376 gravitate
431 4313 486 4359 et
547 4304 744 4375 pietate
792 4320 1029 4368 morum,
1086 4320 1252 4374 quam
1293 4301 1711 4359 resuscitatione

119 4407 494 4465 mortuorum,
526 4399 871 4453 recuratione
924 4397 1265 4464 claudorum,
1294 4412 1567 4451 caecorum
1588 4395 1713 4451 illu-

120 4491 449 4560 minatione,
490 4499 545 4547 et
602 4490 850 4547 omnium
910 4490 1245 4547 mirahilium
1313 4489 1714 4565 perpetratioue

120 4586 508 4653 conﬁrmabat.

199 4679 341 4735 Iluic
390 4679 554 4737 modo
609 4678 833 4749 quidam
884 4683 1215 4744 vestrorum,
1265 4687 1326 4731 ut
1370 4675 1713 4741 audivimus,

121 4772 423 4835 detrahere
459 4779 821 4843 praesumunt,
870 4769 1028 4840 quasi
1064 4769 1201 4823 nihil
1229 4768 1301 4824 sit
1334 4769 1386 4823 ei
1425 4783 1718 4824 commune

122 4882 259 4923 cum
291 4864 575 4937 apostolis,
612 4863 707 4921 sed
727 4861 1158 4925 confessoribus.
1222 4860 1289 4915 lli
1329 4876 1459 4915 vero
1499 4875 1610 4915 non
1635 4860 1717 4915 lo-

123 4963 249 5035 qui,
302 4962 397 5018 sed
450 4960 694 5021 insanire
736 4959 1012 5029 videntur,
1063 4958 1195 5029 quia
1223 4958 1432 5030 gravati
1474 4956 1720 5013 fascibus

126 5061 509 5126 peccatorum,
545 5053 604 5108 in
632 5052 788 5108 emlis
825 5051 1074 5123 judicare
1104 5050 1460 5107 contendunt.
1500 5049 1720 5105 Petrum

125 5146 375 5216 denique
416 5153 687 5212 nostrum,
723 5143 813 5199 cui
862 5143 1041 5199 claves
1093 5144 1359 5197 malorum
1415 5141 1725 5197 commissaa

127 5246 290 5303 sunt,
317 5235 690 5305 confessorem
748 5234 981 5291 dicimus
1037 5233 1165 5304 quia
1193 5232 1473 5288 Christum
1503 5229 1725 5287 confes-

128 5346 238 5385 sus
288 5336 392 5395 est,
432 5328 660 5382 dicens:
716 5326 795 5380 Tu
838 5342 892 5380 es
936 5325 1181 5380 Christus
1222 5324 1399 5379 Filius
1457 5324 1556 5379 Dei
1625 5325 1729 5378 vivi

131 5419 365 5492 (Matth.
392 5421 504 5491 xvi)
534 5461 549 5486 ,
581 5427 634 5474 et
669 5418 975 5488 apostolum
1024 5416 1279 5483 dicimus,
1310 5414 1439 5489 quia
1488 5416 1557 5470 ab
1610 5416 1730 5485 ipso

131 5512 380 5566 Domino
410 5511 478 5566 ad
530 5507 971 5581 prmdicationem
1024 5516 1110 5563 est
1156 5507 1393 5573 missus;
1436 5516 1731 5577 martyrem

132 5603 519 5669 nominamus,
550 5601 680 5672 quia
724 5600 1073 5671 praedicando
1115 5598 1417 5664 Christum,
1472 5596 1734 5669 martyrio

134 5700 313 5752 vitam
366 5696 581 5762 ﬁnivit;
636 5696 940 5768 principem
1012 5694 1386 5765 apostolorum
1434 5691 1710 5749 credimus

135 5792 280 5862 quia
302 5790 583 5860 apostolos
610 5788 914 5854 constituit,
947 5788 1091 5842 sicut
1131 5795 1217 5841 cst
1268 5784 1492 5841 Marcus
1542 5786 1723 5856 bapti-

141 5892 332 5943 smate
356 5883 522 5955 ﬁlius,
544 5891 597 5938 et
618 5880 851 5939 Mathias
874 5888 1018 5938 sorte
1039 5880 1266 5948 electus,
1290 5877 1467 5935 Lucas
1490 5875 1732 5952 discipu-

1747 4608 1795 4664 D

1796 3316 1941 3367 mus,
1980 3300 2075 3369 qui
2117 3294 2221 3354 sibi
2267 3296 2629 3369 respondente
2674 3295 2896 3351 nomine
2923 3292 3097 3369 sacris
3124 3291 3385 3362 operibus

1795 3386 2153 3462 apostolicam
2171 3390 2492 3462 dignitatem
2510 3388 2832 3444 subtrahere
2848 3384 3115 3440 invidiose
3130 3391 3381 3439 conatur.

1797 3482 1870 3539 Ut
1909 3492 2090 3539 autem
2122 3476 2426 3538 reverentia
2456 3489 2511 3537 et
2553 3480 2840 3537 celebritas
2880 3478 3019 3535 tanti
3069 3475 3303 3547 apostoli
3330 3475 3388 3529 in

1797 3585 1913 3632 toto
1941 3585 2210 3632 terrarum
2252 3575 2383 3629 orbe
2411 3573 2685 3637 excelsius
2720 3572 3014 3637 recolatur,
3058 3568 3388 3629 azditicatum

1798 3679 1852 3724 et
1885 3670 2193 3723 dedicatum
2224 3675 2309 3722 est
2330 3683 2359 3721 a
2392 3666 2551 3720 nobis
2572 3665 2630 3719 in
2653 3664 2774 3734 ejus
2804 3663 3068 3718 hancrem
3090 3658 3392 3731 puleherri-

1801 3777 1953 3816 mum
1982 3762 2154 3815 altare
2190 3760 2248 3814 in
2274 3758 2501 3814 basilica
2530 3755 2721 3827 Sancti
2754 3755 2902 3811 Petri
2941 3752 3173 3824 apostoli
3202 3751 3391 3807 Roma)

1801 3854 1869 3915 ad
1896 3852 2253 3907 meridianam
2284 3848 2469 3919 templi
2497 3855 2707 3919 partem
2736 3862 2797 3901 ιιι
2826 3844 2952 3901 ldus
2976 3843 3125 3910 Maii,
3148 3842 3392 3912 ubiqno'

1804 3943 1934 3998 tidie
1959 3943 2132 4014 ipsius
2162 3941 2338 3999 sancti
2387 3939 2653 3995 memoria
2698 3936 3053 3995 devotissime.
3076 3944 3390 3999 veneratur,

1805 4042 1860 4087 et
1885 4034 2156 4103 praecipue
2180 4032 2235 4085 in
2258 4031 2346 4086 die
2373 4029 2606 4086 natalitii
2634 4028 2777 4103 ejus,
2801 4026 2948 4108 quod
2972 4034 3057 4083 est
3082 4025 3261 4098 pridie
3278 4023 3395 4093 Ka-

1806 4124 1996 4185 lendas
2027 4119 2221 4190 Julias,
2249 4121 2546 4195 quotannis
2579 4120 2795 4176 dulcius
2823 4118 3103 4198 recolitur.

2172 4298 2177 4302 δ
2585 4223 2728 4281 2m.
3306 4268 3311 4271 _
3352 4268 3355 4271 .

1811 4322 2037 4378 Joannis
2068 4320 2208 4378 XIX
2241 4320 2466 4378 epistola
2489 4318 2559 4372 ad
2600 4315 2661 4372 S.
2695 4316 2969 4373 0dilonem
3001 4314 3401 4370 Cluniacensem

1884 4396 2147 4447 abbatem.
2166 4422 2236 4431 -—
2254 4382 2545 4463 Redarguit
2567 4389 2705 4463 quod
2726 4382 3126 4459 Lugdunensem
3148 4384 3403 4454 archiepi~

1885 4472 2161 4537 scopatum
2184 4461 2523 4517 recusaverit.

2405 4572 2586 4644 (Anno
2628 4568 2811 4643 1031.)

2211 4664 2435 4741 (Massa
2466 4661 2668 4719 Concil.
2696 4659 2836 4728 XIX,
2868 4658 3029 4742 418.]

1892 4766 2127 4823 Joannes
2154 4764 2465 4834 episcopus,
2493 4774 2683 4815 servus
2721 4770 3003 4812 servorum
3028 4752 3141 4819 Dei,
3172 4751 3400 4809 ODILONI

1822 4858 2026 4924 abbati,
2044 4846 2289 4923 “salutem
2315 4851 2699 4908 charissimam
2721 4863 2846 4903 cum
2872 4845 3248 4902 benedictione
3274 4860 3406 4914 apo-

1826 4955 2037 5013 stolica.
3304 4980 3319 4995 κ

1895 5046 2134 5101 Docente
2178 5040 2499 5098 beatissimo
2534 5036 2815 5108 Gregorio,
2845 5034 3013 5089 multa
3041 5031 3294 5087 videntur
3316 5029 3411 5084 bo-

1825 5156 1916 5207 na,
1938 5146 1993 5193 et
2019 5152 2132 5191 non
2155 5141 2303 5190 sunt.
2330 5131 2719 5187 Verumtamen
2742 5143 2868 5183 cum
2890 5125 3122 5188 dicatur,
3148 5121 3193 5178 si
3227 5136 3406 5193 rogas,

1827 5230 2051 5297 audies;
2082 5227 2214 5298 quia
2247 5225 2432 5281 omnia
2462 5233 2554 5278 tua
2583 5235 2707 5291 quae
2731 5217 3050 5273 videbantur
3079 5215 3243 5280 bona,
3266 5213 3410 5266 bona

1830 5338 1942 5379 non
1966 5336 2088 5378 esse
2110 5318 2398 5374 sentimus.
2426 5314 2567 5383 Quid
2608 5314 2757 5368 enim
2785 5310 2841 5365 in
2868 5307 3140 5363 monacho
3162 5304 3414 5359 obedien-

1831 5413 1904 5471 tia
1930 5410 2217 5468 sanctius?
2242 5408 2383 5475 Quid
2410 5407 2464 5460 in
2493 5403 2806 5459 Christiano
2829 5394 3251 5467 acceptabilius?
3271 5390 3414 5446 Non-

1833 5522 1903 5562 ne
1943 5503 2128 5558 melior
2162 5509 2241 5555 est
2279 5496 2598 5562 obedientia,
2628 5491 2915 5561 sacriﬁcio,
2948 5486 3249 5543 secundum
3284 5498 3413 5554 pro-

1833 5598 2110 5670 pheticum
2170 5589 2484 5664 judicium?
2538 5596 2592 5643 et
2647 5599 2783 5641 voce
2838 5580 3119 5637 Dominica
3176 5577 3411 5633 dicitur:

1840 5687 2209 5747 Obedientiam
2249 5682 2389 5751 volo,
2413 5690 2461 5736 et
2486 5696 2590 5735 non
2612 5675 2958 5746 sacri/icium.
2983 5670 3259 5738 Quantum
3287 5683 3417 5723 vero

1836 5790 2030 5839 neatus
2057 5778 2383 5835 Benedictus
2411 5790 2538 5830 eam
2563 5772 2680 5828 suis
2709 5765 2996 5842 pratconiis
3035 5762 3277 5827 extollat,
3304 5766 3418 5813 non

1839 5882 1922 5932 est
1944 5872 2169 5945 dignum
2202 5868 2289 5925 hic
2321 5868 2583 5933 inserere,
2618 5878 2741 5918 cum
2773 5868 2823 5915 te
2853 5874 2961 5913 non
2992 5846 3420 5941 latcat.Percipi—
