  <div class='ocr_page' id='page_1' title='image "/cluster/home/n/w/nwhite01/storage/ocr_20150623/141/hvd.32044015471790/581.png"; bbox 0 0 4056 5360; ppageno 0'>
   <div class='ocr_carea' id='block_1_1' title="bbox 623 299 760 355">
    <p class='ocr_par' dir='ltr' id='par_1_1' title="bbox 623 299 760 355">
     <span class='ocr_line' id='line_1_1' title="bbox 623 299 760 355; baseline -0.007 0"><span class='ocrx_word' id='word_1_1' title='bbox 623 299 760 355; x_wconf 73' lang='grc'><strong>1151</strong></span> 
     </span>
    </p>
   </div>
   <div class='ocr_carea' id='block_1_2' title="bbox 619 503 2209 576">
    <p class='ocr_par' dir='ltr' id='par_1_2' title="bbox 619 503 2209 576">
     <span class='ocr_line' id='line_1_2' title="bbox 619 503 2209 576; baseline 0.001 -16"><span class='ocrx_word' id='word_1_2' title='bbox 619 504 854 576; x_wconf 86' lang='lat' dir='ltr'><strong>petentis</strong></span> <span class='ocrx_word' id='word_1_3' title='bbox 903 512 955 560; x_wconf 88' lang='lat' dir='ltr'><strong>te</strong></span> <span class='ocrx_word' id='word_1_4' title='bbox 1010 505 1065 558; x_wconf 93' lang='lat' dir='ltr'><strong>in</strong></span> <span class='ocrx_word' id='word_1_5' title='bbox 1115 505 1454 576; x_wconf 89' lang='lat' dir='ltr'><strong>conjugium,</strong></span> <span class='ocrx_word' id='word_1_6' title='bbox 1515 503 1645 575; x_wconf 80' lang='lat' dir='ltr'><strong>quia</strong></span> <span class='ocrx_word' id='word_1_7' title='bbox 1692 505 2033 574; x_wconf 88' lang='lat' dir='ltr'><strong>competebat</strong></span> <span class='ocrx_word' id='word_1_8' title='bbox 2073 508 2209 562; x_wconf 90' lang='lat' dir='ltr'><strong>:cui</strong></span> 
     </span>
    </p>
   </div>
   <div class='ocr_carea' id='block_1_3' title="bbox 618 592 2209 668">
    <p class='ocr_par' dir='ltr' id='par_1_3' title="bbox 618 592 2209 668">
     <span class='ocr_line' id='line_1_3' title="bbox 618 592 2209 668; baseline 0.002 -16"><span class='ocrx_word' id='word_1_9' title='bbox 618 596 783 652; x_wconf 85' lang='lat' dir='ltr'><strong>etiam</strong></span> <span class='ocrx_word' id='word_1_10' title='bbox 818 596 1048 652; x_wconf 82' lang='lat' dir='ltr'><strong>salivam</strong></span> <span class='ocrx_word' id='word_1_11' title='bbox 1091 596 1147 651; x_wconf 91' lang='lat' dir='ltr'><strong>in</strong></span> <span class='ocrx_word' id='word_1_12' title='bbox 1196 595 1334 652; x_wconf 89' lang='lat' dir='ltr'><strong>facie</strong></span> <span class='ocrx_word' id='word_1_13' title='bbox 1359 592 1558 666; x_wconf 82' lang='lat' dir='ltr'><strong>jecisti.</strong></span> <span class='ocrx_word' id='word_1_14' title='bbox 1593 594 1910 653; x_wconf 90' lang='lat' dir='ltr'><strong>Omittimus</strong></span> <span class='ocrx_word' id='word_1_15' title='bbox 1950 598 2209 668; x_wconf 87' lang='lat' dir='ltr'><strong>injuriam</strong></span> 
     </span>
    </p>
   </div>
   <div class='ocr_carea' id='block_1_4' title="bbox 619 687 2206 758">
    <p class='ocr_par' dir='ltr' id='par_1_4' title="bbox 619 687 2206 758">
     <span class='ocr_line' id='line_1_4' title="bbox 619 687 2206 758; baseline 0.001 -15"><span class='ocrx_word' id='word_1_16' title='bbox 619 696 824 743; x_wconf 80' lang='lat' dir='ltr'><strong>sancta:</strong></span> <span class='ocrx_word' id='word_1_17' title='bbox 846 687 1040 757; x_wconf 84' lang='lat' dir='ltr'><strong>plebis,</strong></span> <span class='ocrx_word' id='word_1_18' title='bbox 1054 687 1210 757; x_wconf 86' lang='lat' dir='ltr'><strong>cujus</strong></span> <span class='ocrx_word' id='word_1_19' title='bbox 1232 687 1495 756; x_wconf 80' lang='lat' dir='ltr'><strong>regimen,</strong></span> <span class='ocrx_word' id='word_1_20' title='bbox 1518 688 1790 758; x_wconf 75' lang='lat' dir='ltr'><strong>parcendo</strong></span> <span class='ocrx_word' id='word_1_21' title='bbox 1811 688 1910 743; x_wconf 90' lang='lat' dir='ltr'><strong>soli</strong></span> <span class='ocrx_word' id='word_1_22' title='bbox 1932 688 2056 743; x_wconf 81' lang='lat' dir='ltr'><strong>vita:</strong></span> <span class='ocrx_word' id='word_1_23' title='bbox 2078 698 2206 757; x_wconf 68' lang='lat' dir='ltr'><strong>ture,</strong></span> 
     </span>
    </p>
   </div>
   <div class='ocr_carea' id='block_1_5' title="bbox 619 776 2207 849">
    <p class='ocr_par' dir='ltr' id='par_1_5' title="bbox 619 776 2207 849">
     <span class='ocr_line' id='line_1_5' title="bbox 619 776 2207 849; baseline 0.002 -17"><span class='ocrx_word' id='word_1_24' title='bbox 619 776 893 849; x_wconf 74' lang='lat' dir='ltr'><strong>refugisti,</strong></span> <span class='ocrx_word' id='word_1_25' title='bbox 935 787 990 834; x_wconf 89' lang='lat' dir='ltr'><strong>et</strong></span> <span class='ocrx_word' id='word_1_26' title='bbox 1035 778 1258 849; x_wconf 78' lang='lat' dir='ltr'><strong>refugis.</strong></span> <span class='ocrx_word' id='word_1_27' title='bbox 1315 777 1583 835; x_wconf 86' lang='lat' dir='ltr'><strong>Taeemus</strong></span> <span class='ocrx_word' id='word_1_28' title='bbox 1635 778 1782 849; x_wconf 86' lang='lat' dir='ltr'><strong>quod</strong></span> <span class='ocrx_word' id='word_1_29' title='bbox 1824 780 2207 835; x_wconf 70' lang='lat' dir='ltr'><strong>auctoritatem</strong></span> 
     </span>
    </p>
   </div>
   <div class='ocr_carea' id='block_1_6' title="bbox 619 871 2207 944">
    <p class='ocr_par' dir='ltr' id='par_1_6' title="bbox 619 871 2207 944">
     <span class='ocr_line' id='line_1_6' title="bbox 619 871 2207 944; baseline 0.003 -20"><span class='ocrx_word' id='word_1_30' title='bbox 619 878 902 925; x_wconf 88' lang='lat' dir='ltr'><strong>tantorum</strong></span> <span class='ocrx_word' id='word_1_31' title='bbox 952 871 1244 941; x_wconf 67' lang='lat' dir='ltr'><strong>pratsulum</strong></span> <span class='ocrx_word' id='word_1_32' title='bbox 1295 872 1656 937; x_wconf 90' lang='lat' dir='ltr'><strong>monentium,</strong></span> <span class='ocrx_word' id='word_1_33' title='bbox 1701 882 1759 928; x_wconf 88' lang='lat' dir='ltr'><strong>et</strong></span> <span class='ocrx_word' id='word_1_34' title='bbox 1801 872 2110 944; x_wconf 87' lang='lat' dir='ltr'><strong>rogantium</strong></span> <span class='ocrx_word' id='word_1_35' title='bbox 2138 874 2207 929; x_wconf 87' lang='lat' dir='ltr'><strong>ad</strong></span> 
     </span>
    </p>
   </div>
   <div class='ocr_carea' id='block_1_7' title="bbox 619 963 2206 1037">
    <p class='ocr_par' dir='ltr' id='par_1_7' title="bbox 619 963 2206 1037">
     <span class='ocr_line' id='line_1_7' title="bbox 619 963 2206 1037; baseline 0.003 -20"><span class='ocrx_word' id='word_1_36' title='bbox 619 964 983 1034; x_wconf 79' lang='lat' dir='ltr'><strong>episcopalem</strong></span> <span class='ocrx_word' id='word_1_37' title='bbox 1000 963 1317 1034; x_wconf 88' lang='lat' dir='ltr'><strong>dignitatem</strong></span> <span class='ocrx_word' id='word_1_38' title='bbox 1341 965 1618 1031; x_wconf 79' lang='lat' dir='ltr'><strong>accedere,</strong></span> <span class='ocrx_word' id='word_1_39' title='bbox 1644 965 2034 1036; x_wconf 89' lang='lat' dir='ltr'><strong>posthabuisti,</strong></span> <span class='ocrx_word' id='word_1_40' title='bbox 2058 966 2206 1037; x_wconf 83' lang='lat' dir='ltr'><strong>quod</strong></span> 
     </span>
    </p>
   </div>
   <div class='ocr_carea' id='block_1_8' title="bbox 620 1055 2206 1115">
    <p class='ocr_par' dir='ltr' id='par_1_8' title="bbox 620 1055 2206 1115">
     <span class='ocr_line' id='line_1_8' title="bbox 620 1055 2206 1115; baseline 0.003 -4"><span class='ocrx_word' id='word_1_41' title='bbox 620 1066 825 1112; x_wconf 83' lang='lat' dir='ltr'><strong>sancta:</strong></span> <span class='ocrx_word' id='word_1_42' title='bbox 854 1055 1111 1110; x_wconf 82' lang='lat' dir='ltr'><strong>Romana:</strong></span> <span class='ocrx_word' id='word_1_43' title='bbox 1138 1055 1394 1111; x_wconf 84' lang='lat' dir='ltr'><strong>Ecclesia:</strong></span> <span class='ocrx_word' id='word_1_44' title='bbox 1423 1067 1479 1112; x_wconf 91' lang='lat' dir='ltr'><strong>et</strong></span> <span class='ocrx_word' id='word_1_45' title='bbox 1531 1058 1688 1113; x_wconf 90' lang='lat' dir='ltr'><strong>nobis</strong></span> <span class='ocrx_word' id='word_1_46' title='bbox 1724 1057 2124 1113; x_wconf 88' lang='lat' dir='ltr'><strong>inobedientem</strong></span> <span class='ocrx_word' id='word_1_47' title='bbox 2153 1068 2206 1115; x_wconf 82' lang='lat' dir='ltr'><strong>te</strong></span> 
     </span>
    </p>
   </div>
   <div class='ocr_carea' id='block_1_9' title="bbox 619 1150 2207 1221">
    <p class='ocr_par' dir='ltr' id='par_1_9' title="bbox 619 1150 2207 1221">
     <span class='ocr_line' id='line_1_9' title="bbox 619 1150 2207 1221; baseline 0.001 -15"><span class='ocrx_word' id='word_1_48' title='bbox 619 1151 926 1217; x_wconf 84' lang='lat' dir='ltr'><strong>reddidisti,</strong></span> <span class='ocrx_word' id='word_1_49' title='bbox 956 1158 1011 1204; x_wconf 88' lang='lat' dir='ltr'><strong>et</strong></span> <span class='ocrx_word' id='word_1_50' title='bbox 1040 1150 1270 1205; x_wconf 90' lang='lat' dir='ltr'><strong>inultum</strong></span> <span class='ocrx_word' id='word_1_51' title='bbox 1305 1151 1615 1221; x_wconf 82' lang='lat' dir='ltr'><strong>relinquere</strong></span> <span class='ocrx_word' id='word_1_52' title='bbox 1658 1167 1759 1207; x_wconf 90' lang='lat' dir='ltr'><strong>nec</strong></span> <span class='ocrx_word' id='word_1_53' title='bbox 1788 1151 2071 1216; x_wconf 87' lang='lat' dir='ltr'><strong>debemus,</strong></span> <span class='ocrx_word' id='word_1_54' title='bbox 2103 1167 2207 1207; x_wconf 89' lang='lat' dir='ltr'><strong>nec</strong></span> 
     </span>
    </p>
   </div>
   <div class='ocr_carea' id='block_1_10' title="bbox 618 1239 2204 1314">
    <p class='ocr_par' dir='ltr' id='par_1_10' title="bbox 618 1239 2204 1314">
     <span class='ocr_line' id='line_1_10' title="bbox 618 1239 2204 1314; baseline 0 -17"><span class='ocrx_word' id='word_1_55' title='bbox 618 1259 935 1314; x_wconf 88' lang='lat' dir='ltr'><strong>possumus,</strong></span> <span class='ocrx_word' id='word_1_56' title='bbox 979 1240 1084 1297; x_wconf 92' lang='lat' dir='ltr'><strong>nisi</strong></span> <span class='ocrx_word' id='word_1_57' title='bbox 1108 1239 1246 1296; x_wconf 84' lang='lat' dir='ltr'><strong>forte</strong></span> <span class='ocrx_word' id='word_1_58' title='bbox 1289 1242 1597 1297; x_wconf 86' lang='lat' dir='ltr'><strong>obedientia</strong></span> <span class='ocrx_word' id='word_1_59' title='bbox 1624 1242 1798 1297; x_wconf 87' lang='lat' dir='ltr'><strong>diluat</strong></span> <span class='ocrx_word' id='word_1_60' title='bbox 1840 1258 1965 1313; x_wconf 85' lang='lat' dir='ltr'><strong>qua:</strong></span> <span class='ocrx_word' id='word_1_61' title='bbox 2011 1242 2204 1298; x_wconf 86' lang='lat' dir='ltr'><strong>inobe-</strong></span> 
     </span>
    </p>
   </div>
   <div class='ocr_carea' id='block_1_11' title="bbox 617 1332 2205 1407">
    <p class='ocr_par' dir='ltr' id='par_1_11' title="bbox 617 1332 2205 1407">
     <span class='ocr_line' id='line_1_11' title="bbox 617 1332 2205 1407; baseline 0 -17"><span class='ocrx_word' id='word_1_62' title='bbox 617 1333 822 1390; x_wconf 88' lang='lat' dir='ltr'><strong>dientia</strong></span> <span class='ocrx_word' id='word_1_63' title='bbox 896 1332 1216 1400; x_wconf 78' lang='lat' dir='ltr'><strong>maculavit,</strong></span> <span class='ocrx_word' id='word_1_64' title='bbox 1294 1332 1668 1389; x_wconf 77' lang='lat' dir='ltr'><strong>satisfactione</strong></span> <span class='ocrx_word' id='word_1_65' title='bbox 1719 1342 1981 1407; x_wconf 79' lang='lat' dir='ltr'><strong>purgetur</strong></span> <span class='ocrx_word' id='word_1_66' title='bbox 2058 1335 2205 1405; x_wconf 89' lang='lat' dir='ltr'><strong>quod</strong></span> 
     </span>
    </p>
   </div>
   <div class='ocr_carea' id='block_1_12' title="bbox 616 1425 2202 1497">
    <p class='ocr_par' dir='ltr' id='par_1_12' title="bbox 616 1425 2202 1497">
     <span class='ocr_line' id='line_1_12' title="bbox 616 1425 2202 1497; baseline 0.001 -17"><span class='ocrx_word' id='word_1_67' title='bbox 616 1425 1053 1497; x_wconf 76' lang='lat' dir='ltr'><strong>transgressione</strong></span> <span class='ocrx_word' id='word_1_68' title='bbox 1101 1425 1446 1495; x_wconf 88' lang='lat' dir='ltr'><strong>inquinatum</strong></span> <span class='ocrx_word' id='word_1_69' title='bbox 1483 1435 1587 1493; x_wconf 92' lang='lat' dir='ltr'><strong>est,</strong></span> <span class='ocrx_word' id='word_1_70' title='bbox 1630 1425 1684 1481; x_wconf 89' lang='lat' dir='ltr'><strong>id</strong></span> <span class='ocrx_word' id='word_1_71' title='bbox 1721 1434 1826 1493; x_wconf 91' lang='lat' dir='ltr'><strong>est,</strong></span> <span class='ocrx_word' id='word_1_72' title='bbox 1858 1426 1964 1481; x_wconf 89' lang='lat' dir='ltr'><strong>nisi</strong></span> <span class='ocrx_word' id='word_1_73' title='bbox 1991 1427 2202 1497; x_wconf 75' lang='lat' dir='ltr'><strong>expeti-</strong></span> 
     </span>
    </p>
   </div>
   <div class='ocr_carea' id='block_1_13' title="bbox 614 1514 2243 1586">
    <p class='ocr_par' dir='ltr' id='par_1_13' title="bbox 614 1514 2243 1586">
     <span class='ocr_line' id='line_1_13' title="bbox 614 1514 2243 1586; baseline 0.001 -17"><span class='ocrx_word' id='word_1_74' title='bbox 614 1524 735 1569; x_wconf 88' lang='lat' dir='ltr'><strong>tum</strong></span> <span class='ocrx_word' id='word_1_75' title='bbox 769 1514 1012 1586; x_wconf 89' lang='lat' dir='ltr'><strong>regimen</strong></span> <span class='ocrx_word' id='word_1_76' title='bbox 1039 1514 1155 1584; x_wconf 85' lang='lat' dir='ltr'><strong>jam</strong></span> <span class='ocrx_word' id='word_1_77' title='bbox 1178 1514 1336 1570; x_wconf 69' lang='lat' dir='ltr'><strong>dicta:</strong></span> <span class='ocrx_word' id='word_1_78' title='bbox 1358 1514 1635 1583; x_wconf 66' lang='lat' dir='ltr'><strong>Ecclesiae,</strong></span> <span class='ocrx_word' id='word_1_79' title='bbox 1661 1515 1810 1586; x_wconf 89' lang='lat' dir='ltr'><strong>quod</strong></span> <span class='ocrx_word' id='word_1_80' title='bbox 1842 1515 2203 1571; x_wconf 89' lang='lat' dir='ltr'><strong>inobcdiendo</strong></span> <span class='ocrx_word' id='word_1_81' title='bbox 2240 1530 2243 1531; x_wconf 71' lang='lat'><strong><em>&#39;</em></strong></span> 
     </span>
    </p>
   </div>
   <div class='ocr_carea' id='block_1_14' title="bbox 615 1604 2198 1679">
    <p class='ocr_par' dir='ltr' id='par_1_14' title="bbox 615 1604 2198 1679">
     <span class='ocr_line' id='line_1_14' title="bbox 615 1604 2198 1679; baseline 0.001 -18"><span class='ocrx_word' id='word_1_82' title='bbox 615 1621 791 1679; x_wconf 80' lang='lat' dir='ltr'><strong>usque</strong></span> <span class='ocrx_word' id='word_1_83' title='bbox 840 1605 1106 1660; x_wconf 81' lang='lat' dir='ltr'><strong>hactenus</strong></span> <span class='ocrx_word' id='word_1_84' title='bbox 1163 1605 1415 1676; x_wconf 86' lang='lat' dir='ltr'><strong>sprevisti</strong></span> <span class='ocrx_word' id='word_1_85' title='bbox 1481 1606 1797 1661; x_wconf 84' lang='lat' dir='ltr'><strong>obedienter</strong></span> <span class='ocrx_word' id='word_1_86' title='bbox 1859 1604 2198 1677; x_wconf 83' lang='lat' dir='ltr'><strong>susceperis;</strong></span> 
     </span>
    </p>
   </div>
   <div class='ocr_carea' id='block_1_15' title="bbox 614 1694 2203 1767">
    <p class='ocr_par' dir='ltr' id='par_1_15' title="bbox 614 1694 2203 1767">
     <span class='ocr_line' id='line_1_15' title="bbox 614 1694 2203 1767; baseline 0.003 -19"><span class='ocrx_word' id='word_1_87' title='bbox 614 1696 743 1766; x_wconf 82' lang='lat' dir='ltr'><strong>quid</strong></span> <span class='ocrx_word' id='word_1_88' title='bbox 768 1694 1170 1762; x_wconf 79' lang='lat' dir='ltr'><strong>amaritudinis,</strong></span> <span class='ocrx_word' id='word_1_89' title='bbox 1196 1696 1280 1756; x_wconf 86' lang='lat' dir='ltr'><strong>vel</strong></span> <span class='ocrx_word' id='word_1_90' title='bbox 1310 1695 1619 1751; x_wconf 86' lang='lat' dir='ltr'><strong>severitatis</strong></span> <span class='ocrx_word' id='word_1_91' title='bbox 1646 1713 1776 1767; x_wconf 90' lang='lat' dir='ltr'><strong>erga</strong></span> <span class='ocrx_word' id='word_1_92' title='bbox 1809 1697 2035 1752; x_wconf 81' lang='lat' dir='ltr'><strong>meritos</strong></span> <span class='ocrx_word' id='word_1_93' title='bbox 2066 1697 2203 1752; x_wconf 87' lang='lat' dir='ltr'><strong>sciat</strong></span> 
     </span>
    </p>
   </div>
   <div class='ocr_carea' id='block_1_16' title="bbox 615 1776 2199 1857">
    <p class='ocr_par' dir='ltr' id='par_1_16' title="bbox 615 1776 2199 1857">
     <span class='ocr_line' id='line_1_16' title="bbox 615 1776 2199 1857; baseline 0.002 -16"><span class='ocrx_word' id='word_1_94' title='bbox 615 1776 863 1842; x_wconf 68' lang='lat' dir='ltr'><strong>Enniana</strong></span> <span class='ocrx_word' id='word_1_95' title='bbox 888 1786 1129 1846; x_wconf 83' lang='lat' dir='ltr'><strong>Ecclesia</strong></span> <span class='ocrx_word' id='word_1_96' title='bbox 1154 1786 1397 1857; x_wconf 87' lang='lat' dir='ltr'><strong>injicere,</strong></span> <span class='ocrx_word' id='word_1_97' title='bbox 1434 1788 1655 1842; x_wconf 89' lang='lat' dir='ltr'><strong>senties.</strong></span> <span class='ocrx_word' id='word_1_98' title='bbox 1683 1786 1821 1843; x_wconf 88' lang='lat' dir='ltr'><strong>Nam</strong></span> <span class='ocrx_word' id='word_1_99' title='bbox 1852 1789 1957 1844; x_wconf 91' lang='lat' dir='ltr'><strong>hoc</strong></span> <span class='ocrx_word' id='word_1_100' title='bbox 1982 1806 2199 1846; x_wconf 91' lang='lat' dir='ltr'><strong>sacrum</strong></span> 
     </span>
    </p>
   </div>
   <div class='ocr_carea' id='block_1_17' title="bbox 612 1884 2201 1955">
    <p class='ocr_par' dir='ltr' id='par_1_17' title="bbox 612 1884 2201 1955">
     <span class='ocr_line' id='line_1_17' title="bbox 612 1884 2201 1955; baseline 0.002 -17"><span class='ocrx_word' id='word_1_101' title='bbox 612 1885 857 1954; x_wconf 82' lang='lat' dir='ltr'><strong>regimen</strong></span> <span class='ocrx_word' id='word_1_102' title='bbox 898 1884 1040 1941; x_wconf 89' lang='lat' dir='ltr'><strong>sicut</strong></span> <span class='ocrx_word' id='word_1_103' title='bbox 1074 1899 1104 1937; x_wconf 90' lang='lat' dir='ltr'><strong>a</strong></span> <span class='ocrx_word' id='word_1_104' title='bbox 1128 1884 1278 1939; x_wconf 91' lang='lat' dir='ltr'><strong>nullo</strong></span> <span class='ocrx_word' id='word_1_105' title='bbox 1326 1891 1411 1939; x_wconf 80' lang='lat' dir='ltr'><strong>est</strong></span> <span class='ocrx_word' id='word_1_106' title='bbox 1457 1892 1657 1939; x_wconf 90' lang='lat' dir='ltr'><strong>temere</strong></span> <span class='ocrx_word' id='word_1_107' title='bbox 1698 1885 2097 1955; x_wconf 79' lang='lat' dir='ltr'><strong>usurpandum,</strong></span> <span class='ocrx_word' id='word_1_108' title='bbox 2124 1886 2201 1942; x_wconf 90' lang='lat' dir='ltr'><strong>ita</strong></span> 
     </span>
    </p>
   </div>
   <div class='ocr_carea' id='block_1_18' title="bbox 611 1975 2196 2047">
    <p class='ocr_par' dir='ltr' id='par_1_18' title="bbox 611 1975 2196 2047">
     <span class='ocr_line' id='line_1_18' title="bbox 611 1975 2196 2047; baseline 0.004 -16"><span class='ocrx_word' id='word_1_109' title='bbox 611 1985 828 2047; x_wconf 87' lang='lat' dir='ltr'><strong>petente</strong></span> <span class='ocrx_word' id='word_1_110' title='bbox 874 1975 1115 2033; x_wconf 86' lang='lat' dir='ltr'><strong>Ecclesia</strong></span> <span class='ocrx_word' id='word_1_111' title='bbox 1160 1992 1192 2038; x_wconf 81' lang='lat' dir='ltr'><strong>a</strong></span> <span class='ocrx_word' id='word_1_112' title='bbox 1237 1977 1388 2031; x_wconf 89' lang='lat' dir='ltr'><strong>nullo</strong></span> <span class='ocrx_word' id='word_1_113' title='bbox 1423 1985 1517 2032; x_wconf 90' lang='lat' dir='ltr'><strong>tuo</strong></span> <span class='ocrx_word' id='word_1_114' title='bbox 1563 1975 1731 2032; x_wconf 88' lang='lat' dir='ltr'><strong>simili</strong></span> <span class='ocrx_word' id='word_1_115' title='bbox 1782 1986 1868 2033; x_wconf 90' lang='lat' dir='ltr'><strong>est</strong></span> <span class='ocrx_word' id='word_1_116' title='bbox 1893 1978 2196 2038; x_wconf 88' lang='lat' dir='ltr'><strong>vitandum.</strong></span> 
     </span>
    </p>
   </div>
   <div class='ocr_carea' id='block_1_19' title="bbox 612 2065 2199 2150">
    <p class='ocr_par' dir='ltr' id='par_1_19' title="bbox 612 2065 2199 2150">
     <span class='ocr_line' id='line_1_19' title="bbox 612 2065 2199 2150; baseline 0.002 -27"><span class='ocrx_word' id='word_1_117' title='bbox 612 2067 884 2135; x_wconf 86' lang='lat' dir='ltr'><strong>Quoniam</strong></span> <span class='ocrx_word' id='word_1_118' title='bbox 919 2065 1194 2129; x_wconf 63' lang='lat' dir='ltr'><strong>tantorum</strong></span> <span class='ocrx_word' id='word_1_119' title='bbox 1226 2068 1544 2138; x_wconf 86' lang='lat' dir='ltr'><strong>perditionis</strong></span> <span class='ocrx_word' id='word_1_120' title='bbox 1566 2069 1844 2150; x_wconf 84' lang='lat' dir='ltr'><strong>reuseris,</strong></span> <span class='ocrx_word' id='word_1_121' title='bbox 1869 2078 2199 2140; x_wconf 88' lang='lat' dir='ltr'><strong>quantorum</strong></span> 
     </span>
    </p>
   </div>
   <div class='ocr_carea' id='block_1_20' title="bbox 610 2159 2217 2233">
    <p class='ocr_par' dir='ltr' id='par_1_20' title="bbox 610 2159 2217 2233">
     <span class='ocr_line' id='line_1_20' title="bbox 610 2159 2217 2233; baseline 0.002 -17"><span class='ocrx_word' id='word_1_122' title='bbox 610 2159 778 2220; x_wconf 80' lang='lat' dir='ltr'><strong>saluti.</strong></span> <span class='ocrx_word' id='word_1_123' title='bbox 798 2161 1047 2233; x_wconf 73' lang='lat' dir='ltr'><strong>exemplo</strong></span> <span class='ocrx_word' id='word_1_124' title='bbox 1071 2169 1126 2216; x_wconf 91' lang='lat' dir='ltr'><strong>et</strong></span> <span class='ocrx_word' id='word_1_125' title='bbox 1154 2161 1401 2219; x_wconf 83' lang='lat' dir='ltr'><strong>doctrina</strong></span> <span class='ocrx_word' id='word_1_126' title='bbox 1448 2163 1710 2232; x_wconf 89' lang='lat' dir='ltr'><strong>prodesse</strong></span> <span class='ocrx_word' id='word_1_127' title='bbox 1732 2160 2029 2233; x_wconf 75' lang='lat' dir='ltr'><strong>potuisses.</strong></span> <span class='ocrx_word' id='word_1_128' title='bbox 2062 2161 2217 2230; x_wconf 48' lang='lat' dir='ltr'><strong>Nota,</strong></span> 
     </span>
    </p>
   </div>
   <div class='ocr_carea' id='block_1_21' title="bbox 562 2253 2201 2326">
    <p class='ocr_par' dir='ltr' id='par_1_21' title="bbox 562 2253 2201 2326">
     <span class='ocr_line' id='line_1_21' title="bbox 562 2253 2201 2326; baseline 0.002 -19"><span class='ocrx_word' id='word_1_129' title='bbox 562 2288 569 2293; x_wconf 89' lang='lat'><strong>-</strong></span> <span class='ocrx_word' id='word_1_130' title='bbox 611 2253 911 2325; x_wconf 87' lang='lat' dir='ltr'><strong>loquimur,</strong></span> <span class='ocrx_word' id='word_1_131' title='bbox 936 2262 989 2308; x_wconf 92' lang='lat' dir='ltr'><strong>et</strong></span> <span class='ocrx_word' id='word_1_132' title='bbox 1009 2269 1132 2324; x_wconf 82' lang='lat' dir='ltr'><strong>qua:</strong></span> <span class='ocrx_word' id='word_1_133' title='bbox 1162 2261 1214 2309; x_wconf 88' lang='lat' dir='ltr'><strong>te</strong></span> <span class='ocrx_word' id='word_1_134' title='bbox 1240 2254 1381 2309; x_wconf 91' lang='lat' dir='ltr'><strong>scire</strong></span> <span class='ocrx_word' id='word_1_135' title='bbox 1411 2255 1644 2326; x_wconf 85' lang='lat' dir='ltr'><strong>pleniter</strong></span> <span class='ocrx_word' id='word_1_136' title='bbox 1664 2255 2012 2311; x_wconf 73' lang='lat' dir='ltr'><strong>confidimus.</strong></span> <span class='ocrx_word' id='word_1_137' title='bbox 2047 2254 2201 2310; x_wconf 81' lang='lat' dir='ltr'><strong>Ideo-</strong></span> 
     </span>
    </p>
   </div>
   <div class='ocr_carea' id='block_1_22' title="bbox 609 2346 2199 2419">
    <p class='ocr_par' dir='ltr' id='par_1_22' title="bbox 609 2346 2199 2419">
     <span class='ocr_line' id='line_1_22' title="bbox 609 2346 2199 2419; baseline 0 -16"><span class='ocrx_word' id='word_1_138' title='bbox 609 2361 718 2415; x_wconf 87' lang='lat' dir='ltr'><strong>que</strong></span> <span class='ocrx_word' id='word_1_139' title='bbox 754 2353 931 2402; x_wconf 85' lang='lat' dir='ltr'><strong>taceat</strong></span> <span class='ocrx_word' id='word_1_140' title='bbox 975 2346 1090 2416; x_wconf 89' lang='lat' dir='ltr'><strong>jam</strong></span> <span class='ocrx_word' id='word_1_141' title='bbox 1127 2347 1346 2413; x_wconf 89' lang='lat' dir='ltr'><strong>charta,</strong></span> <span class='ocrx_word' id='word_1_142' title='bbox 1379 2355 1434 2402; x_wconf 88' lang='lat' dir='ltr'><strong>et</strong></span> <span class='ocrx_word' id='word_1_143' title='bbox 1472 2348 1657 2418; x_wconf 82' lang='lat' dir='ltr'><strong>lingua</strong></span> <span class='ocrx_word' id='word_1_144' title='bbox 1699 2349 1977 2419; x_wconf 86' lang='lat' dir='ltr'><strong>loquatur,</strong></span> <span class='ocrx_word' id='word_1_145' title='bbox 2004 2364 2199 2403; x_wconf 89' lang='lat' dir='ltr'><strong>verum</strong></span> 
     </span>
    </p>
   </div>
   <div class='ocr_carea' id='block_1_23' title="bbox 606 2438 2199 2510">
    <p class='ocr_par' dir='ltr' id='par_1_23' title="bbox 606 2438 2199 2510">
     <span class='ocr_line' id='line_1_23' title="bbox 606 2438 2199 2510; baseline -0.001 -13"><span class='ocrx_word' id='word_1_146' title='bbox 606 2438 851 2510; x_wconf 78' lang='lat' dir='ltr'><strong>episcopi</strong></span> <span class='ocrx_word' id='word_1_147' title='bbox 874 2438 1176 2507; x_wconf 85' lang='lat' dir='ltr'><strong>Gaudfridi,</strong></span> <span class='ocrx_word' id='word_1_148' title='bbox 1190 2440 1279 2495; x_wconf 92' lang='lat' dir='ltr'><strong>cui</strong></span> <span class='ocrx_word' id='word_1_149' title='bbox 1299 2442 1419 2497; x_wconf 91' lang='lat' dir='ltr'><strong>luce</strong></span> <span class='ocrx_word' id='word_1_150' title='bbox 1438 2442 1641 2496; x_wconf 86' lang='lat' dir='ltr'><strong>clarius</strong></span> <span class='ocrx_word' id='word_1_151' title='bbox 1658 2441 1992 2496; x_wconf 84' lang='lat' dir='ltr'><strong>voluntatem</strong></span> <span class='ocrx_word' id='word_1_152' title='bbox 2018 2456 2199 2499; x_wconf 90' lang='lat' dir='ltr'><strong>meam</strong></span> 
     </span>
    </p>
   </div>
   <div class='ocr_carea' id='block_1_24' title="bbox 609 2529 2200 2601">
    <p class='ocr_par' dir='ltr' id='par_1_24' title="bbox 609 2529 2200 2601">
     <span class='ocr_line' id='line_1_24' title="bbox 609 2529 2200 2601; baseline 0.003 -19"><span class='ocrx_word' id='word_1_153' title='bbox 609 2529 961 2585; x_wconf 85' lang='lat' dir='ltr'><strong>reserandam</strong></span> <span class='ocrx_word' id='word_1_154' title='bbox 1017 2537 1125 2584; x_wconf 90' lang='lat' dir='ltr'><strong>tam</strong></span> <span class='ocrx_word' id='word_1_155' title='bbox 1179 2529 1297 2597; x_wconf 85' lang='lat' dir='ltr'><strong>tibi,</strong></span> <span class='ocrx_word' id='word_1_156' title='bbox 1346 2547 1512 2601; x_wconf 90' lang='lat' dir='ltr'><strong>quam</strong></span> <span class='ocrx_word' id='word_1_157' title='bbox 1565 2529 1936 2586; x_wconf 87' lang='lat' dir='ltr'><strong>confratribus</strong></span> <span class='ocrx_word' id='word_1_158' title='bbox 1977 2531 2108 2599; x_wconf 84' lang='lat' dir='ltr'><strong>tuis,</strong></span> <span class='ocrx_word' id='word_1_159' title='bbox 2144 2538 2200 2587; x_wconf 91' lang='lat' dir='ltr'><strong>et</strong></span> 
     </span>
    </p>
   </div>
   <div class='ocr_carea' id='block_1_25' title="bbox 608 2618 1751 2692">
    <p class='ocr_par' dir='ltr' id='par_1_25' title="bbox 608 2618 1751 2692">
     <span class='ocr_line' id='line_1_25' title="bbox 608 2618 1751 2692; baseline -0.002 -15"><span class='ocrx_word' id='word_1_160' title='bbox 608 2619 759 2677; x_wconf 90' lang='lat' dir='ltr'><strong>omni</strong></span> <span class='ocrx_word' id='word_1_161' title='bbox 788 2618 1043 2675; x_wconf 78' lang='lat' dir='ltr'><strong>Ecclesia:</strong></span> <span class='ocrx_word' id='word_1_162' title='bbox 1071 2621 1471 2683; x_wconf 83' lang='lat' dir='ltr'><strong>commisimus.</strong></span> <span class='ocrx_word' id='word_1_163' title='bbox 1496 2619 1628 2681; x_wconf 69' lang='lat' dir='ltr'><strong>Vale</strong></span> <span class='ocrx_word' id='word_1_164' title='bbox 1652 2620 1751 2692; x_wconf 74' lang='lat'><strong>(2).</strong></span> 
     </span>
    </p>
   </div>
   <div class='ocr_carea' id='block_1_26' title="bbox 1316 2710 1482 2771">
    <p class='ocr_par' dir='ltr' id='par_1_26' title="bbox 1316 2710 1482 2771">
     <span class='ocr_line' id='line_1_26' title="bbox 1316 2710 1482 2771; baseline 0.03 -5"><span class='ocrx_word' id='word_1_165' title='bbox 1316 2710 1482 2771; x_wconf 79' lang='lat' dir='ltr'><strong>XVII.</strong></span> 
     </span>
    </p>
   </div>
   <div class='ocr_carea' id='block_1_27' title="bbox 606 2801 2193 2876">
    <p class='ocr_par' dir='ltr' id='par_1_27' title="bbox 606 2801 2193 2876">
     <span class='ocr_line' id='line_1_27' title="bbox 606 2801 2193 2876; baseline 0.001 -19"><span class='ocrx_word' id='word_1_166' title='bbox 606 2801 827 2862; x_wconf 74' lang='lat' dir='ltr'><strong>Littera:</strong></span> <span class='ocrx_word' id='word_1_167' title='bbox 849 2803 1198 2876; x_wconf 67' lang='lat' dir='ltr'><strong>absolutionis</strong></span> <span class='ocrx_word' id='word_1_168' title='bbox 1224 2803 1911 2876; x_wconf 46' lang='lat' dir='ltr'><strong>Hugoniéntissiodorensi</strong></span> <span class='ocrx_word' id='word_1_169' title='bbox 1931 2804 2193 2876; x_wconf 76' lang='lat' dir='ltr'><strong>episcopo,</strong></span> 
     </span>
    </p>
   </div>
   <div class='ocr_carea' id='block_1_28' title="bbox 1086 2874 1817 2932">
    <p class='ocr_par' dir='ltr' id='par_1_28' title="bbox 1086 2874 1817 2932">
     <span class='ocr_line' id='line_1_28' title="bbox 1086 2874 1817 2932; baseline -0.003 0"><span class='ocrx_word' id='word_1_170' title='bbox 1086 2892 1119 2932; x_wconf 84' lang='grc' dir='ltr'><em>α</em></span> <span class='ocrx_word' id='word_1_171' title='bbox 1140 2874 1346 2930; x_wconf 82' lang='lat' dir='ltr'><strong>Joanne</strong></span> <span class='ocrx_word' id='word_1_172' title='bbox 1365 2874 1506 2929; x_wconf 75' lang='lat' dir='ltr'><strong>XIX</strong></span> <span class='ocrx_word' id='word_1_173' title='bbox 1541 2889 1817 2930; x_wconf 75' lang='lat' dir='ltr'><strong>concessae.</strong></span> 
     </span>
    </p>
   </div>
   <div class='ocr_carea' id='block_1_29' title="bbox 918 2964 1609 3037">
    <p class='ocr_par' dir='ltr' id='par_1_29' title="bbox 918 2964 1609 3037">
     <span class='ocr_line' id='line_1_29' title="bbox 918 2964 1609 3037; baseline 0.001 -19"><span class='ocrx_word' id='word_1_174' title='bbox 918 2986 924 2993; x_wconf 62' lang='grc' dir='ltr'><em>τ</em></span> <span class='ocrx_word' id='word_1_175' title='bbox 1009 2980 1012 2989; x_wconf 80' lang='lat'>&#39;</span> <span class='ocrx_word' id='word_1_176' title='bbox 1206 2964 1388 3037; x_wconf 77' lang='lat' dir='ltr'><strong>(Anno</strong></span> <span class='ocrx_word' id='word_1_177' title='bbox 1424 2965 1609 3036; x_wconf 73' lang='grc'><strong>1052.)</strong></span> 
     </span>
    </p>
   </div>
   <div class='ocr_carea' id='block_1_30' title="bbox 876 3053 1818 3130">
    <p class='ocr_par' dir='ltr' id='par_1_30' title="bbox 876 3053 1818 3130">
     <span class='ocr_line' id='line_1_30' title="bbox 876 3053 1818 3130; baseline 0.007 -23"><span class='ocrx_word' id='word_1_178' title='bbox 876 3056 879 3057; x_wconf 62' lang='grc'><strong><em>⁷</em></strong></span> <span class='ocrx_word' id='word_1_179' title='bbox 979 3053 1207 3130; x_wconf 44' lang='lat' dir='ltr'><strong>[Musa</strong></span> <span class='ocrx_word' id='word_1_180' title='bbox 1245 3053 1449 3111; x_wconf 79' lang='lat' dir='ltr'><strong>Concil.</strong></span> <span class='ocrx_word' id='word_1_181' title='bbox 1475 3054 1620 3124; x_wconf 88' lang='lat' dir='ltr'><strong>XIX,</strong></span> <span class='ocrx_word' id='word_1_182' title='bbox 1651 3054 1818 3129; x_wconf 60' lang='grc' dir='ltr'><strong>Μελ]</strong></span> 
     </span>
    </p>
   </div>
   <div class='ocr_carea' id='block_1_31' title="bbox 676 3142 2193 3220">
    <p class='ocr_par' dir='ltr' id='par_1_31' title="bbox 676 3142 2193 3220">
     <span class='ocr_line' id='line_1_31' title="bbox 676 3142 2193 3220; baseline 0.003 -21"><span class='ocrx_word' id='word_1_183' title='bbox 676 3142 909 3202; x_wconf 65' lang='lat' dir='ltr'><strong>Joannes</strong></span> <span class='ocrx_word' id='word_1_184' title='bbox 943 3147 1115 3217; x_wconf 86' lang='lat' dir='ltr'><strong>gratia</strong></span> <span class='ocrx_word' id='word_1_185' title='bbox 1138 3146 1233 3202; x_wconf 88' lang='lat' dir='ltr'><strong>Dei</strong></span> <span class='ocrx_word' id='word_1_186' title='bbox 1274 3145 1533 3207; x_wconf 82' lang='lat' dir='ltr'><strong>Romana:</strong></span> <span class='ocrx_word' id='word_1_187' title='bbox 1557 3148 1702 3204; x_wconf 89' lang='lat' dir='ltr'><strong>sedis</strong></span> <span class='ocrx_word' id='word_1_188' title='bbox 1723 3148 2032 3220; x_wconf 88' lang='lat' dir='ltr'><strong>episcopus,</strong></span> <span class='ocrx_word' id='word_1_189' title='bbox 2066 3146 2193 3204; x_wconf 58' lang='lat' dir='ltr'><strong>uni»</strong></span> 
     </span>
    </p>
   </div>
   <div class='ocr_carea' id='block_1_32' title="bbox 607 3235 1779 3296">
    <p class='ocr_par' dir='ltr' id='par_1_32' title="bbox 607 3235 1779 3296">
     <span class='ocr_line' id='line_1_32' title="bbox 607 3235 1779 3296; baseline 0.006 -7"><span class='ocrx_word' id='word_1_190' title='bbox 607 3235 783 3291; x_wconf 87' lang='lat' dir='ltr'><strong>versis</strong></span> <span class='ocrx_word' id='word_1_191' title='bbox 810 3235 867 3289; x_wconf 90' lang='lat' dir='ltr'><strong>in</strong></span> <span class='ocrx_word' id='word_1_192' title='bbox 899 3237 1032 3291; x_wconf 85' lang='lat' dir='ltr'><strong>orbe</strong></span> <span class='ocrx_word' id='word_1_193' title='bbox 1057 3244 1327 3292; x_wconf 88' lang='lat' dir='ltr'><strong>terrarum</strong></span> <span class='ocrx_word' id='word_1_194' title='bbox 1350 3237 1610 3295; x_wconf 84' lang='lat' dir='ltr'><strong>Ecclesia:</strong></span> <span class='ocrx_word' id='word_1_195' title='bbox 1631 3239 1779 3296; x_wconf 80' lang='lat' dir='ltr'><strong>filiis.</strong></span> 
     </span>
    </p>
   </div>
   <div class='ocr_carea' id='block_1_33' title="bbox 677 3324 2195 3403">
    <p class='ocr_par' dir='ltr' id='par_1_33' title="bbox 677 3324 2195 3403">
     <span class='ocr_line' id='line_1_33' title="bbox 677 3324 2195 3403; baseline 0.005 -23"><span class='ocrx_word' id='word_1_196' title='bbox 677 3324 899 3384; x_wconf 88' lang='lat' dir='ltr'><strong>Nullum</strong></span> <span class='ocrx_word' id='word_1_197' title='bbox 947 3328 1005 3385; x_wconf 91' lang='lat' dir='ltr'><strong>in</strong></span> <span class='ocrx_word' id='word_1_198' title='bbox 1055 3327 1303 3387; x_wconf 83' lang='lat' dir='ltr'><strong>Ecclesia</strong></span> <span class='ocrx_word' id='word_1_199' title='bbox 1349 3331 1616 3389; x_wconf 81' lang='lat' dir='ltr'><strong>catholica</strong></span> <span class='ocrx_word' id='word_1_200' title='bbox 1659 3332 1838 3403; x_wconf 88' lang='lat' dir='ltr'><strong>majus</strong></span> <span class='ocrx_word' id='word_1_201' title='bbox 1868 3341 2047 3403; x_wconf 86' lang='lat' dir='ltr'><strong>potest</strong></span> <span class='ocrx_word' id='word_1_202' title='bbox 2073 3347 2195 3388; x_wconf 88' lang='lat' dir='ltr'><strong>esse</strong></span> 
     </span>
    </p>
   </div>
   <div class='ocr_carea' id='block_1_34' title="bbox 608 3413 2192 3493">
    <p class='ocr_par' dir='ltr' id='par_1_34' title="bbox 608 3413 2192 3493">
     <span class='ocr_line' id='line_1_34' title="bbox 608 3413 2192 3493; baseline 0.005 -24"><span class='ocrx_word' id='word_1_203' title='bbox 608 3413 763 3471; x_wconf 89' lang='lat' dir='ltr'><strong>nefas</strong></span> <span class='ocrx_word' id='word_1_204' title='bbox 806 3432 971 3487; x_wconf 82' lang='lat' dir='ltr'><strong>quam</strong></span> <span class='ocrx_word' id='word_1_205' title='bbox 1019 3419 1335 3476; x_wconf 74' lang='lat' dir='ltr'><strong>existimare</strong></span> <span class='ocrx_word' id='word_1_206' title='bbox 1363 3421 1596 3493; x_wconf 87' lang='lat' dir='ltr'><strong>alicujus</strong></span> <span class='ocrx_word' id='word_1_207' title='bbox 1647 3439 1864 3477; x_wconf 62' lang='lat' dir='ltr'><strong>navum</strong></span> <span class='ocrx_word' id='word_1_208' title='bbox 1919 3423 2192 3491; x_wconf 78' lang='lat' dir='ltr'><strong>criminis,</strong></span> 
     </span>
    </p>
   </div>
   <div class='ocr_carea' id='block_1_35' title="bbox 607 3507 2198 3587">
    <p class='ocr_par' dir='ltr' id='par_1_35' title="bbox 607 3507 2198 3587">
     <span class='ocr_line' id='line_1_35' title="bbox 607 3507 2198 3587; baseline 0.007 -27"><span class='ocrx_word' id='word_1_209' title='bbox 607 3507 1229 3581; x_wconf 69' lang='lat' dir='ltr'><strong>prmeipuepmnitentis,</strong></span> <span class='ocrx_word' id='word_1_210' title='bbox 1257 3513 1404 3582; x_wconf 91' lang='lat' dir='ltr'><strong>quod</strong></span> <span class='ocrx_word' id='word_1_211' title='bbox 1434 3528 1545 3568; x_wconf 90' lang='lat' dir='ltr'><strong>non</strong></span> <span class='ocrx_word' id='word_1_212' title='bbox 1566 3522 1732 3587; x_wconf 86' lang='lat' dir='ltr'><strong>queat</strong></span> <span class='ocrx_word' id='word_1_213' title='bbox 1751 3515 2049 3571; x_wconf 87' lang='lat' dir='ltr'><strong>dissolvere</strong></span> <span class='ocrx_word' id='word_1_214' title='bbox 2070 3532 2198 3573; x_wconf 86' lang='lat' dir='ltr'><strong>con-</strong></span> 
     </span>
    </p>
   </div>
   <div class='ocr_carea' id='block_1_36' title="bbox 604 3596 2211 3662">
    <p class='ocr_par' dir='ltr' id='par_1_36' title="bbox 604 3596 2211 3662">
     <span class='ocr_line' id='line_1_36' title="bbox 604 3596 2211 3662; baseline 0.006 -9"><span class='ocrx_word' id='word_1_215' title='bbox 604 3612 763 3653; x_wconf 88' lang='lat' dir='ltr'><strong>cessa</strong></span> <span class='ocrx_word' id='word_1_216' title='bbox 793 3596 954 3654; x_wconf 89' lang='lat' dir='ltr'><strong>Petro</strong></span> <span class='ocrx_word' id='word_1_217' title='bbox 988 3615 1019 3654; x_wconf 89' lang='lat' dir='ltr'><strong>a</strong></span> <span class='ocrx_word' id='word_1_218' title='bbox 1058 3598 1291 3656; x_wconf 79' lang='lat' dir='ltr'><strong>Domino</strong></span> <span class='ocrx_word' id='word_1_219' title='bbox 1320 3602 1509 3658; x_wconf 89' lang='lat' dir='ltr'><strong>clavis.</strong></span> <span class='ocrx_word' id='word_1_220' title='bbox 1571 3602 1842 3662; x_wconf 86' lang='lat' dir='ltr'><strong>Debemus</strong></span> <span class='ocrx_word' id='word_1_221' title='bbox 1873 3606 2019 3660; x_wconf 91' lang='lat' dir='ltr'><strong>enim</strong></span> <span class='ocrx_word' id='word_1_222' title='bbox 2068 3615 2211 3662; x_wconf 79' lang='lat' dir='ltr'><strong>ante</strong></span> 
     </span>
    </p>
   </div>
   <div class='ocr_carea' id='block_1_37' title="bbox 606 3691 2192 3770">
    <p class='ocr_par' dir='ltr' id='par_1_37' title="bbox 606 3691 2192 3770">
     <span class='ocr_line' id='line_1_37' title="bbox 606 3691 2192 3770; baseline 0.006 -25"><span class='ocrx_word' id='word_1_223' title='bbox 606 3691 799 3747; x_wconf 92' lang='lat' dir='ltr'><strong>oculos</strong></span> <span class='ocrx_word' id='word_1_224' title='bbox 826 3693 1023 3747; x_wconf 87' lang='lat' dir='ltr'><strong>mentis</strong></span> <span class='ocrx_word' id='word_1_225' title='bbox 1049 3708 1305 3750; x_wconf 86' lang='lat' dir='ltr'><strong>revocare</strong></span> <span class='ocrx_word' id='word_1_226' title='bbox 1337 3695 1549 3766; x_wconf 86' lang='lat' dir='ltr'><strong>lapsum</strong></span> <span class='ocrx_word' id='word_1_227' title='bbox 1573 3696 1746 3767; x_wconf 87' lang='lat' dir='ltr'><strong>ipsius</strong></span> <span class='ocrx_word' id='word_1_228' title='bbox 1769 3698 1929 3768; x_wconf 89' lang='lat' dir='ltr'><strong>primi</strong></span> <span class='ocrx_word' id='word_1_229' title='bbox 1954 3699 2192 3770; x_wconf 84' lang='lat' dir='ltr'><strong>pastoris</strong></span> 
     </span>
    </p>
   </div>
   <div class='ocr_carea' id='block_1_38' title="bbox 604 3783 2195 3862">
    <p class='ocr_par' dir='ltr' id='par_1_38' title="bbox 604 3783 2195 3862">
     <span class='ocr_line' id='line_1_38' title="bbox 604 3783 2195 3862; baseline 0.005 -25"><span class='ocrx_word' id='word_1_230' title='bbox 604 3783 723 3854; x_wconf 84' lang='lat' dir='ltr'><strong>qui,</strong></span> <span class='ocrx_word' id='word_1_231' title='bbox 783 3783 915 3839; x_wconf 93' lang='lat' dir='ltr'><strong>dum</strong></span> <span class='ocrx_word' id='word_1_232' title='bbox 973 3784 1291 3857; x_wconf 77' lang='lat' dir='ltr'><strong>Magistrum</strong></span> <span class='ocrx_word' id='word_1_233' title='bbox 1340 3789 1577 3860; x_wconf 79' lang='lat' dir='ltr'><strong>negavit,</strong></span> <span class='ocrx_word' id='word_1_234' title='bbox 1624 3792 1875 3859; x_wconf 89' lang='lat' dir='ltr'><strong>protinus</strong></span> <span class='ocrx_word' id='word_1_235' title='bbox 1922 3800 1985 3846; x_wconf 91' lang='lat' dir='ltr'><strong>ut</strong></span> <span class='ocrx_word' id='word_1_236' title='bbox 2022 3791 2195 3862; x_wconf 78' lang='lat' dir='ltr'><strong>pumi-</strong></span> 
     </span>
    </p>
   </div>
   <div class='ocr_carea' id='block_1_39' title="bbox 606 3875 2192 3955">
    <p class='ocr_par' dir='ltr' id='par_1_39' title="bbox 606 3875 2192 3955">
     <span class='ocr_line' id='line_1_39' title="bbox 606 3875 2192 3955; baseline 0.008 -26"><span class='ocrx_word' id='word_1_237' title='bbox 606 3875 714 3931; x_wconf 85' lang='lat' dir='ltr'><strong>tuit</strong></span> <span class='ocrx_word' id='word_1_238' title='bbox 744 3918 760 3945; x_wconf 93' lang='lat'><strong>,</strong></span> <span class='ocrx_word' id='word_1_239' title='bbox 790 3892 900 3932; x_wconf 91' lang='lat' dir='ltr'><strong>non</strong></span> <span class='ocrx_word' id='word_1_240' title='bbox 933 3878 1113 3934; x_wconf 87' lang='lat' dir='ltr'><strong>solum</strong></span> <span class='ocrx_word' id='word_1_241' title='bbox 1146 3880 1394 3951; x_wconf 88' lang='lat' dir='ltr'><strong>gradum,</strong></span> <span class='ocrx_word' id='word_1_242' title='bbox 1421 3881 1507 3937; x_wconf 91' lang='lat' dir='ltr'><strong>vel</strong></span> <span class='ocrx_word' id='word_1_243' title='bbox 1534 3881 1855 3954; x_wconf 87' lang='lat' dir='ltr'><strong>dignitatem</strong></span> <span class='ocrx_word' id='word_1_244' title='bbox 1902 3884 2192 3955; x_wconf 86' lang='lat' dir='ltr'><strong>apostolici</strong></span> 
     </span>
    </p>
   </div>
   <div class='ocr_carea' id='block_1_40' title="bbox 604 3968 2177 4045">
    <p class='ocr_par' dir='ltr' id='par_1_40' title="bbox 604 3968 2177 4045">
     <span class='ocr_line' id='line_1_40' title="bbox 604 3968 2177 4045; baseline 0.007 -23"><span class='ocrx_word' id='word_1_245' title='bbox 604 3968 863 4026; x_wconf 88' lang='lat' dir='ltr'><strong>culminis</strong></span> <span class='ocrx_word' id='word_1_246' title='bbox 907 3986 1017 4026; x_wconf 88' lang='lat' dir='ltr'><strong>non</strong></span> <span class='ocrx_word' id='word_1_247' title='bbox 1071 3973 1287 4041; x_wconf 89' lang='lat' dir='ltr'><strong>amisit,</strong></span> <span class='ocrx_word' id='word_1_248' title='bbox 1343 3974 1437 4030; x_wconf 87' lang='lat' dir='ltr'><strong>sed</strong></span> <span class='ocrx_word' id='word_1_249' title='bbox 1485 3975 1668 4045; x_wconf 88' lang='lat' dir='ltr'><strong>potius</strong></span> <span class='ocrx_word' id='word_1_250' title='bbox 1691 3977 1778 4031; x_wconf 92' lang='lat' dir='ltr'><strong>sui</strong></span> <span class='ocrx_word' id='word_1_251' title='bbox 1812 3977 1973 4035; x_wconf 90' lang='lat' dir='ltr'><strong>ovilis</strong></span> <span class='ocrx_word' id='word_1_252' title='bbox 2001 3986 2177 4034; x_wconf 87' lang='lat' dir='ltr'><strong>custo-</strong></span> 
     </span>
    </p>
   </div>
   <div class='ocr_carea' id='block_1_41' title="bbox 602 4059 2186 4141">
    <p class='ocr_par' dir='ltr' id='par_1_41' title="bbox 602 4059 2186 4141">
     <span class='ocr_line' id='line_1_41' title="bbox 602 4059 2186 4141; baseline 0.008 -27"><span class='ocrx_word' id='word_1_253' title='bbox 602 4059 754 4114; x_wconf 85' lang='lat' dir='ltr'><strong>diam</strong></span> <span class='ocrx_word' id='word_1_254' title='bbox 779 4060 1033 4118; x_wconf 88' lang='lat' dir='ltr'><strong>Christus</strong></span> <span class='ocrx_word' id='word_1_255' title='bbox 1062 4063 1141 4118; x_wconf 91' lang='lat' dir='ltr'><strong>illi</strong></span> <span class='ocrx_word' id='word_1_256' title='bbox 1165 4066 1514 4134; x_wconf 91' lang='lat' dir='ltr'><strong>postmodum</strong></span> <span class='ocrx_word' id='word_1_257' title='bbox 1538 4067 1840 4124; x_wconf 88' lang='lat' dir='ltr'><strong>evidentius</strong></span> <span class='ocrx_word' id='word_1_258' title='bbox 1870 4068 2186 4141; x_wconf 78' lang='lat' dir='ltr'><strong>assignavit.</strong></span> 
     </span>
    </p>
   </div>
   <div class='ocr_carea' id='block_1_42' title="bbox 604 4149 2193 4230">
    <p class='ocr_par' dir='ltr' id='par_1_42' title="bbox 604 4149 2193 4230">
     <span class='ocr_line' id='line_1_42' title="bbox 604 4149 2193 4230; baseline 0.009 -27"><span class='ocrx_word' id='word_1_259' title='bbox 604 4149 765 4216; x_wconf 69' lang='lat' dir='ltr'><strong>taod</strong></span> <span class='ocrx_word' id='word_1_260' title='bbox 791 4153 926 4208; x_wconf 80' lang='lat' dir='ltr'><strong>nihil</strong></span> <span class='ocrx_word' id='word_1_261' title='bbox 959 4154 1128 4220; x_wconf 92' lang='lat' dir='ltr'><strong>aliud,</strong></span> <span class='ocrx_word' id='word_1_262' title='bbox 1162 4165 1220 4210; x_wconf 90' lang='lat' dir='ltr'><strong>ut</strong></span> <span class='ocrx_word' id='word_1_263' title='bbox 1246 4157 1543 4225; x_wconf 89' lang='lat' dir='ltr'><strong>credimus,</strong></span> <span class='ocrx_word' id='word_1_264' title='bbox 1577 4175 1742 4229; x_wconf 91' lang='lat' dir='ltr'><strong>quam</strong></span> <span class='ocrx_word' id='word_1_265' title='bbox 1772 4160 2052 4230; x_wconf 89' lang='lat' dir='ltr'><strong>lapsorum</strong></span> <span class='ocrx_word' id='word_1_266' title='bbox 2076 4177 2193 4217; x_wconf 90' lang='lat' dir='ltr'><strong>me-</strong></span> 
     </span>
    </p>
   </div>
   <div class='ocr_carea' id='block_1_43' title="bbox 605 4240 2192 4321">
    <p class='ocr_par' dir='ltr' id='par_1_43' title="bbox 605 4240 2192 4321">
     <span class='ocr_line' id='line_1_43' title="bbox 605 4240 2192 4321; baseline 0.009 -26"><span class='ocrx_word' id='word_1_267' title='bbox 605 4240 782 4295; x_wconf 87' lang='lat' dir='ltr'><strong>dicina</strong></span> <span class='ocrx_word' id='word_1_268' title='bbox 805 4241 927 4296; x_wconf 88' lang='lat' dir='ltr'><strong>fuit.</strong></span> <span class='ocrx_word' id='word_1_269' title='bbox 947 4242 1180 4300; x_wconf 88' lang='lat' dir='ltr'><strong>Proinde</strong></span> <span class='ocrx_word' id='word_1_270' title='bbox 1208 4244 1366 4302; x_wconf 88' lang='lat' dir='ltr'><strong>fratri</strong></span> <span class='ocrx_word' id='word_1_271' title='bbox 1392 4256 1581 4304; x_wconf 88' lang='lat' dir='ltr'><strong>nostro</strong></span> <span class='ocrx_word' id='word_1_272' title='bbox 1600 4248 1817 4321; x_wconf 84' lang='lat' dir='ltr'><strong>Hugoni</strong></span> <span class='ocrx_word' id='word_1_273' title='bbox 1845 4252 2192 4309; x_wconf 83' lang='lat' dir='ltr'><strong>Antissiodo—</strong></span> 
     </span>
    </p>
   </div>
   <div class='ocr_carea' id='block_1_44' title="bbox 607 4332 2186 4412">
    <p class='ocr_par' dir='ltr' id='par_1_44' title="bbox 607 4332 2186 4412">
     <span class='ocr_line' id='line_1_44' title="bbox 607 4332 2186 4412; baseline 0.008 -27"><span class='ocrx_word' id='word_1_274' title='bbox 607 4332 756 4387; x_wconf 82' lang='lat' dir='ltr'><strong>rensi</strong></span> <span class='ocrx_word' id='word_1_275' title='bbox 778 4335 1017 4403; x_wconf 69' lang='lat' dir='ltr'><strong>praesuli,</strong></span> <span class='ocrx_word' id='word_1_276' title='bbox 1051 4334 1162 4390; x_wconf 90' lang='lat' dir='ltr'><strong>Deo</strong></span> <span class='ocrx_word' id='word_1_277' title='bbox 1197 4344 1252 4391; x_wconf 90' lang='lat' dir='ltr'><strong>et</strong></span> <span class='ocrx_word' id='word_1_278' title='bbox 1302 4338 1458 4395; x_wconf 79' lang='lat' dir='ltr'><strong>nobis</strong></span> <span class='ocrx_word' id='word_1_279' title='bbox 1496 4354 1598 4395; x_wconf 73' lang='lat' dir='ltr'><strong>sua</strong></span> <span class='ocrx_word' id='word_1_280' title='bbox 1630 4351 1855 4411; x_wconf 88' lang='lat' dir='ltr'><strong>peccata</strong></span> <span class='ocrx_word' id='word_1_281' title='bbox 1885 4344 2186 4412; x_wconf 80' lang='lat' dir='ltr'><strong>confitenti,</strong></span> 
     </span>
    </p>
   </div>
   <div class='ocr_carea' id='block_1_45' title="bbox 1898 295 2584 357">
    <p class='ocr_par' dir='ltr' id='par_1_45' title="bbox 1898 295 2584 357">
     <span class='ocr_line' id='line_1_45' title="bbox 1898 295 2584 357; baseline -0.004 -2"><span class='ocrx_word' id='word_1_282' title='bbox 1898 295 2182 357; x_wconf 77' lang='lat' dir='ltr'><strong>JOANNIS</strong></span> <span class='ocrx_word' id='word_1_283' title='bbox 2219 295 2341 352; x_wconf 81' lang='lat' dir='ltr'><strong>XIX</strong></span> <span class='ocrx_word' id='word_1_284' title='bbox 2379 295 2584 352; x_wconf 65' lang='lat' dir='ltr'><strong>PAPE</strong></span> 
     </span>
    </p>
   </div>
   <div class='ocr_carea' id='block_1_46' title="bbox 620 410 2286 485">
    <p class='ocr_par' dir='ltr' id='par_1_46' title="bbox 620 410 2286 485">
     <span class='ocr_line' id='line_1_46' title="bbox 620 410 2286 485; baseline 0.001 -16"><span class='ocrx_word' id='word_1_285' title='bbox 620 427 748 469; x_wconf 86' lang='lat' dir='ltr'><strong>mus</strong></span> <span class='ocrx_word' id='word_1_286' title='bbox 787 411 954 483; x_wconf 78' lang='lat' dir='ltr'><strong>igitur</strong></span> <span class='ocrx_word' id='word_1_287' title='bbox 984 410 1239 481; x_wconf 78' lang='lat' dir='ltr'><strong>iniuriam</strong></span> <span class='ocrx_word' id='word_1_288' title='bbox 1288 420 1492 468; x_wconf 79' lang='lat' dir='ltr'><strong>sancta:</strong></span> <span class='ocrx_word' id='word_1_289' title='bbox 1533 411 1792 468; x_wconf 77' lang='lat' dir='ltr'><strong>Ecclesiae</strong></span> <span class='ocrx_word' id='word_1_290' title='bbox 1823 410 2209 485; x_wconf 88' lang='lat' dir='ltr'><strong>Lugdunensis</strong></span> <span class='ocrx_word' id='word_1_291' title='bbox 2239 412 2286 471; x_wconf 76' lang='grc' dir='ltr'>Α</span> 
     </span>
    </p>
   </div>
   <div class='ocr_carea' id='block_1_47' title="bbox 3759 299 3903 355">
    <p class='ocr_par' dir='ltr' id='par_1_47' title="bbox 3759 299 3903 355">
     <span class='ocr_line' id='line_1_47' title="bbox 3759 299 3903 355; baseline 0.014 -2"><span class='ocrx_word' id='word_1_292' title='bbox 3759 299 3903 355; x_wconf 63' lang='lat' dir='ltr'><strong>“Si</strong></span> 
     </span>
    </p>
   </div>
   <div class='ocr_carea' id='block_1_48' title="bbox 3011 412 3198 467">
    <p class='ocr_par' dir='ltr' id='par_1_48' title="bbox 3011 412 3198 467">
     <span class='ocr_line' id='line_1_48' title="bbox 3011 412 3198 467; baseline -0.005 0"><span class='ocrx_word' id='word_1_293' title='bbox 3011 412 3198 467; x_wconf 84' lang='lat' dir='ltr'><strong>XVIII.</strong></span> 
     </span>
    </p>
   </div>
   <div class='ocr_carea' id='block_1_49' title="bbox 2309 523 3901 599">
    <p class='ocr_par' dir='ltr' id='par_1_49' title="bbox 2309 523 3901 599">
     <span class='ocr_line' id='line_1_49' title="bbox 2309 523 3901 599; baseline 0.005 -20"><span class='ocrx_word' id='word_1_294' title='bbox 2309 523 2537 580; x_wconf 77' lang='lat' dir='ltr'><strong>Joannis</strong></span> <span class='ocrx_word' id='word_1_295' title='bbox 2573 523 2715 579; x_wconf 76' lang='lat' dir='ltr'><strong>XIX</strong></span> <span class='ocrx_word' id='word_1_296' title='bbox 2759 541 2913 599; x_wconf 76' lang='lat' dir='ltr'><strong>papa:</strong></span> <span class='ocrx_word' id='word_1_297' title='bbox 2958 526 3029 599; x_wconf 71' lang='lat' dir='ltr'><strong>ad</strong></span> <span class='ocrx_word' id='word_1_298' title='bbox 3083 525 3384 599; x_wconf 73' lang='lat' dir='ltr'><strong>Burdonem</strong></span> <span class='ocrx_word' id='word_1_299' title='bbox 3440 525 3901 599; x_wconf 63' lang='lat' dir='ltr'><strong>archeﬂ’mplm</strong></span> 
     </span>
    </p>
   </div>
   <div class='ocr_carea' id='block_1_50' title="bbox 2787 594 3423 668">
    <p class='ocr_par' dir='ltr' id='par_1_50' title="bbox 2787 594 3423 668">
     <span class='ocr_line' id='line_1_50' title="bbox 2787 594 3423 668; baseline -0.003 -16"><span class='ocrx_word' id='word_1_300' title='bbox 2787 594 3159 668; x_wconf 78' lang='lat' dir='ltr'><strong>Moguntinum</strong></span> <span class='ocrx_word' id='word_1_301' title='bbox 3178 596 3423 666; x_wconf 74' lang='lat' dir='ltr'><strong>epistola.</strong></span> 
     </span>
    </p>
   </div>
   <div class='ocr_carea' id='block_1_51' title="bbox 2902 710 3302 783">
    <p class='ocr_par' dir='ltr' id='par_1_51' title="bbox 2902 710 3302 783">
     <span class='ocr_line' id='line_1_51' title="bbox 2902 710 3302 783; baseline 0.013 -19"><span class='ocrx_word' id='word_1_302' title='bbox 2902 711 3085 783; x_wconf 85' lang='lat' dir='ltr'><strong>(Anno</strong></span> <span class='ocrx_word' id='word_1_303' title='bbox 3116 710 3302 782; x_wconf 72' lang='grc'><strong>1052..)</strong></span> 
     </span>
    </p>
   </div>
   <div class='ocr_carea' id='block_1_52' title="bbox 2659 802 3513 877">
    <p class='ocr_par' dir='ltr' id='par_1_52' title="bbox 2659 802 3513 877">
     <span class='ocr_line' id='line_1_52' title="bbox 2659 802 3513 877; baseline 0 -18"><span class='ocrx_word' id='word_1_304' title='bbox 2659 802 2912 877; x_wconf 55' lang='grc' dir='ltr'><strong>[ουυεκμ</strong></span> <span class='ocrx_word' id='word_1_305' title='bbox 2945 802 3076 860; x_wconf 82' lang='lat' dir='ltr'><strong>Cod.</strong></span> <span class='ocrx_word' id='word_1_306' title='bbox 3110 803 3331 875; x_wconf 74' lang='lat' dir='ltr'><strong>diplom.</strong></span> <span class='ocrx_word' id='word_1_307' title='bbox 3358 802 3399 871; x_wconf 84' lang='lat'><strong>1,</strong></span> <span class='ocrx_word' id='word_1_308' title='bbox 3426 804 3513 859; x_wconf 80' lang='lat' dir='ltr'><strong>is.</strong></span> 
     </span>
    </p>
   </div>
   <div class='ocr_carea' id='block_1_53' title="bbox 2376 913 3911 985">
    <p class='ocr_par' dir='ltr' id='par_1_53' title="bbox 2376 913 3911 985">
     <span class='ocr_line' id='line_1_53' title="bbox 2376 913 3911 985; baseline 0.005 -16"><span class='ocrx_word' id='word_1_309' title='bbox 2376 913 2607 970; x_wconf 68' lang='lat' dir='ltr'><strong>Joannes</strong></span> <span class='ocrx_word' id='word_1_310' title='bbox 2628 917 2936 985; x_wconf 70' lang='lat' dir='ltr'><strong>episcopus,</strong></span> <span class='ocrx_word' id='word_1_311' title='bbox 2963 930 3154 972; x_wconf 89' lang='lat' dir='ltr'><strong>servus</strong></span> <span class='ocrx_word' id='word_1_312' title='bbox 3180 932 3464 972; x_wconf 88' lang='lat' dir='ltr'><strong>servorum</strong></span> <span class='ocrx_word' id='word_1_313' title='bbox 3483 916 3606 985; x_wconf 85' lang='lat' dir='ltr'><strong>Dei,</strong></span> <span class='ocrx_word' id='word_1_314' title='bbox 3634 920 3911 977; x_wconf 60' lang='lat' dir='ltr'><strong>contraire</strong></span> 
     </span>
    </p>
   </div>
   <div class='ocr_carea' id='block_1_54' title="bbox 2306 1007 3901 1080">
    <p class='ocr_par' dir='ltr' id='par_1_54' title="bbox 2306 1007 3901 1080">
     <span class='ocr_line' id='line_1_54' title="bbox 2306 1007 3901 1080; baseline 0.001 -17"><span class='ocrx_word' id='word_1_315' title='bbox 2306 1014 2361 1063; x_wconf 87' lang='lat' dir='ltr'><strong>et</strong></span> <span class='ocrx_word' id='word_1_316' title='bbox 2383 1007 2709 1077; x_wconf 88' lang='lat' dir='ltr'><strong>coepiscopo</strong></span> <span class='ocrx_word' id='word_1_317' title='bbox 2734 1007 2994 1075; x_wconf 69' lang='lat' dir='ltr'><strong>BADDONI,</strong></span> <span class='ocrx_word' id='word_1_318' title='bbox 3034 1017 3237 1065; x_wconf 82' lang='lat' dir='ltr'><strong>sancta:</strong></span> <span class='ocrx_word' id='word_1_319' title='bbox 3281 1007 3618 1080; x_wconf 83' lang='lat' dir='ltr'><strong>Moguntina:</strong></span> <span class='ocrx_word' id='word_1_320' title='bbox 3641 1008 3901 1065; x_wconf 62' lang='lat' dir='ltr'><strong>Ecclesia</strong></span> 
     </span>
    </p>
   </div>
   <div class='ocr_carea' id='block_1_55' title="bbox 2305 1098 3902 1174">
    <p class='ocr_par' dir='ltr' id='par_1_55' title="bbox 2305 1098 3902 1174">
     <span class='ocr_line' id='line_1_55' title="bbox 2305 1098 3902 1174; baseline -0.001 -20"><span class='ocrx_word' id='word_1_321' title='bbox 2305 1098 2603 1159; x_wconf 85' lang='lat' dir='ltr'><strong>venerabili</strong></span> <span class='ocrx_word' id='word_1_322' title='bbox 2646 1100 3076 1174; x_wconf 86' lang='lat' dir='ltr'><strong>archiepiscopo,</strong></span> <span class='ocrx_word' id='word_1_323' title='bbox 3101 1112 3417 1171; x_wconf 83' lang='lat' dir='ltr'><strong>perpetuam</strong></span> <span class='ocrx_word' id='word_1_324' title='bbox 3464 1102 3521 1162; x_wconf 80' lang='lat' dir='ltr'><strong>in</strong></span> <span class='ocrx_word' id='word_1_325' title='bbox 3548 1100 3792 1157; x_wconf 85' lang='lat' dir='ltr'><strong>Domino</strong></span> <span class='ocrx_word' id='word_1_326' title='bbox 3813 1118 3902 1157; x_wconf 80' lang='lat' dir='ltr'><strong>sa.-</strong></span> 
     </span>
    </p>
   </div>
   <div class='ocr_carea' id='block_1_56' title="bbox 2304 1188 2475 1245">
    <p class='ocr_par' dir='ltr' id='par_1_56' title="bbox 2304 1188 2475 1245">
     <span class='ocr_line' id='line_1_56' title="bbox 2304 1188 2475 1245; baseline 0.018 -3"><span class='ocrx_word' id='word_1_327' title='bbox 2304 1188 2475 1245; x_wconf 87' lang='lat' dir='ltr'><strong>lutem</strong></span> 
     </span>
    </p>
   </div>
   <div class='ocr_carea' id='block_1_57' title="bbox 2376 1280 3903 1340">
    <p class='ocr_par' dir='ltr' id='par_1_57' title="bbox 2376 1280 3903 1340">
     <span class='ocr_line' id='line_1_57' title="bbox 2376 1280 3903 1340; baseline 0.002 -5"><span class='ocrx_word' id='word_1_328' title='bbox 2376 1280 2527 1337; x_wconf 84' lang='lat' dir='ltr'><strong>Licet</strong></span> <span class='ocrx_word' id='word_1_329' title='bbox 2554 1282 2810 1338; x_wconf 88' lang='lat' dir='ltr'><strong>omnibus</strong></span> <span class='ocrx_word' id='word_1_330' title='bbox 2844 1281 3175 1340; x_wconf 84' lang='lat' dir='ltr'><strong>Christianis</strong></span> <span class='ocrx_word' id='word_1_331' title='bbox 3211 1285 3283 1340; x_wconf 92' lang='lat' dir='ltr'><strong>sit</strong></span> <span class='ocrx_word' id='word_1_332' title='bbox 3307 1284 3646 1340; x_wconf 87' lang='lat' dir='ltr'><strong>conveniens</strong></span> <span class='ocrx_word' id='word_1_333' title='bbox 3661 1284 3903 1339; x_wconf 81' lang='lat' dir='ltr'><strong>charita—</strong></span> 
     </span>
    </p>
   </div>
   <div class='ocr_carea' id='block_1_58' title="bbox 2304 1373 3904 1448">
    <p class='ocr_par' dir='ltr' id='par_1_58' title="bbox 2304 1373 3904 1448">
     <span class='ocr_line' id='line_1_58' title="bbox 2304 1373 3904 1448; baseline 0.001 -20"><span class='ocrx_word' id='word_1_334' title='bbox 2304 1382 2414 1428; x_wconf 87' lang='lat' dir='ltr'><strong>tem</strong></span> <span class='ocrx_word' id='word_1_335' title='bbox 2440 1373 2645 1429; x_wconf 87' lang='lat' dir='ltr'><strong>Christi</strong></span> <span class='ocrx_word' id='word_1_336' title='bbox 2674 1374 2850 1445; x_wconf 88' lang='lat' dir='ltr'><strong>sequi,</strong></span> <span class='ocrx_word' id='word_1_337' title='bbox 2883 1391 2914 1430; x_wconf 88' lang='lat' dir='ltr'><strong>a</strong></span> <span class='ocrx_word' id='word_1_338' title='bbox 2937 1391 3048 1446; x_wconf 91' lang='lat' dir='ltr'><strong>quo</strong></span> <span class='ocrx_word' id='word_1_339' title='bbox 3069 1390 3267 1431; x_wconf 89' lang='lat' dir='ltr'><strong>nomen</strong></span> <span class='ocrx_word' id='word_1_340' title='bbox 3302 1377 3533 1444; x_wconf 89' lang='lat' dir='ltr'><strong>ducunt,</strong></span> <span class='ocrx_word' id='word_1_341' title='bbox 3556 1377 3657 1448; x_wconf 90' lang='lat' dir='ltr'><strong>qui</strong></span> <span class='ocrx_word' id='word_1_342' title='bbox 3695 1377 3754 1430; x_wconf 89' lang='lat' dir='ltr'><strong>in</strong></span> <span class='ocrx_word' id='word_1_343' title='bbox 3783 1385 3904 1430; x_wconf 86' lang='lat' dir='ltr'><strong>tan-</strong></span> 
     </span>
    </p>
   </div>
   <div class='ocr_carea' id='block_1_59' title="bbox 2306 1466 3901 1540">
    <p class='ocr_par' dir='ltr' id='par_1_59' title="bbox 2306 1466 3901 1540">
     <span class='ocr_line' id='line_1_59' title="bbox 2306 1466 3901 1540; baseline 0.001 -19"><span class='ocrx_word' id='word_1_344' title='bbox 2306 1475 2420 1521; x_wconf 90' lang='lat' dir='ltr'><strong>tum</strong></span> <span class='ocrx_word' id='word_1_345' title='bbox 2452 1481 2553 1521; x_wconf 90' lang='lat' dir='ltr'><strong>nos</strong></span> <span class='ocrx_word' id='word_1_346' title='bbox 2574 1466 2762 1522; x_wconf 80' lang='lat' dir='ltr'><strong>dilexit</strong></span> <span class='ocrx_word' id='word_1_347' title='bbox 2786 1477 2847 1523; x_wconf 90' lang='lat' dir='ltr'><strong>ut</strong></span> <span class='ocrx_word' id='word_1_348' title='bbox 2868 1468 3092 1540; x_wconf 87' lang='lat' dir='ltr'><strong>proprio</strong></span> <span class='ocrx_word' id='word_1_349' title='bbox 3120 1469 3384 1539; x_wconf 79' lang='lat' dir='ltr'><strong>sanguine</strong></span> <span class='ocrx_word' id='word_1_350' title='bbox 3417 1486 3449 1529; x_wconf 85' lang='lat' dir='ltr'><strong>a</strong></span> <span class='ocrx_word' id='word_1_351' title='bbox 3480 1476 3762 1539; x_wconf 87' lang='lat' dir='ltr'><strong>potestate</strong></span> <span class='ocrx_word' id='word_1_352' title='bbox 3784 1467 3901 1522; x_wconf 87' lang='lat' dir='ltr'><strong>dia-</strong></span> 
     </span>
    </p>
   </div>
   <div class='ocr_carea' id='block_1_60' title="bbox 2304 1557 3901 1632">
    <p class='ocr_par' dir='ltr' id='par_1_60' title="bbox 2304 1557 3901 1632">
     <span class='ocr_line' id='line_1_60' title="bbox 2304 1557 3901 1632; baseline 0.001 -20"><span class='ocrx_word' id='word_1_353' title='bbox 2304 1557 2416 1612; x_wconf 90' lang='lat' dir='ltr'><strong>boli</strong></span> <span class='ocrx_word' id='word_1_354' title='bbox 2448 1558 2720 1627; x_wconf 86' lang='lat' dir='ltr'><strong>liberaret,</strong></span> <span class='ocrx_word' id='word_1_355' title='bbox 2752 1576 2855 1615; x_wconf 90' lang='lat' dir='ltr'><strong>nos</strong></span> <span class='ocrx_word' id='word_1_356' title='bbox 2901 1561 3193 1632; x_wconf 66' lang='lat' dir='ltr'><strong>praecipue,</strong></span> <span class='ocrx_word' id='word_1_357' title='bbox 3230 1561 3325 1631; x_wconf 92' lang='lat' dir='ltr'><strong>qui</strong></span> <span class='ocrx_word' id='word_1_358' title='bbox 3356 1561 3693 1619; x_wconf 85' lang='lat' dir='ltr'><strong>sacerdotali</strong></span> <span class='ocrx_word' id='word_1_359' title='bbox 3723 1560 3901 1631; x_wconf 62' lang='lat' dir='ltr'><strong>digni-</strong></span> 
     </span>
    </p>
   </div>
   <div class='ocr_carea' id='block_1_61' title="bbox 2304 1648 3906 1727">
    <p class='ocr_par' dir='ltr' id='par_1_61' title="bbox 2304 1648 3906 1727">
     <span class='ocr_line' id='line_1_61' title="bbox 2304 1648 3906 1727; baseline 0.001 -22"><span class='ocrx_word' id='word_1_360' title='bbox 2304 1659 2414 1706; x_wconf 89' lang='lat' dir='ltr'><strong>tate</strong></span> <span class='ocrx_word' id='word_1_361' title='bbox 2439 1648 2740 1723; x_wconf 86' lang='lat' dir='ltr'><strong>fungimur,</strong></span> <span class='ocrx_word' id='word_1_362' title='bbox 2767 1652 2841 1706; x_wconf 89' lang='lat' dir='ltr'><strong>ita</strong></span> <span class='ocrx_word' id='word_1_363' title='bbox 2865 1668 2963 1723; x_wconf 90' lang='lat' dir='ltr'><strong>per</strong></span> <span class='ocrx_word' id='word_1_364' title='bbox 2995 1653 3179 1708; x_wconf 91' lang='lat' dir='ltr'><strong>omnia</strong></span> <span class='ocrx_word' id='word_1_365' title='bbox 3210 1653 3366 1723; x_wconf 87' lang='lat' dir='ltr'><strong>sequi</strong></span> <span class='ocrx_word' id='word_1_366' title='bbox 3391 1652 3725 1709; x_wconf 85' lang='lat' dir='ltr'><strong>charitatem</strong></span> <span class='ocrx_word' id='word_1_367' title='bbox 3748 1652 3906 1727; x_wconf 82' lang='lat' dir='ltr'><strong>debe-</strong></span> 
     </span>
    </p>
   </div>
   <div class='ocr_carea' id='block_1_62' title="bbox 2236 1744 3903 1825">
    <p class='ocr_par' dir='ltr' id='par_1_62' title="bbox 2236 1744 3903 1825">
     <span class='ocr_line' id='line_1_62' title="bbox 2236 1744 3903 1825; baseline 0.002 -29"><span class='ocrx_word' id='word_1_368' title='bbox 2236 1765 2279 1818; x_wconf 70' lang='grc' dir='ltr'>Β</span> <span class='ocrx_word' id='word_1_369' title='bbox 2306 1759 2429 1799; x_wconf 90' lang='lat' dir='ltr'><strong>mus</strong></span> <span class='ocrx_word' id='word_1_370' title='bbox 2479 1751 2540 1799; x_wconf 89' lang='lat' dir='ltr'><strong>ut</strong></span> <span class='ocrx_word' id='word_1_371' title='bbox 2601 1744 2901 1800; x_wconf 89' lang='lat' dir='ltr'><strong>secundum</strong></span> <span class='ocrx_word' id='word_1_372' title='bbox 2941 1744 3185 1801; x_wconf 78' lang='lat' dir='ltr'><strong>divinum</strong></span> <span class='ocrx_word' id='word_1_373' title='bbox 3235 1745 3516 1816; x_wconf 89' lang='lat' dir='ltr'><strong>eloquium</strong></span> <span class='ocrx_word' id='word_1_374' title='bbox 3582 1745 3903 1825; x_wconf 74' lang='lat' dir='ltr'><strong>proximum</strong></span> 
     </span>
    </p>
   </div>
   <div class='ocr_carea' id='block_1_63' title="bbox 2305 1835 3477 1911">
    <p class='ocr_par' dir='ltr' id='par_1_63' title="bbox 2305 1835 3477 1911">
     <span class='ocr_line' id='line_1_63' title="bbox 2305 1835 3477 1911; baseline 0.002 -22"><span class='ocrx_word' id='word_1_375' title='bbox 2305 1835 2449 1890; x_wconf 91' lang='lat' dir='ltr'><strong>sicut</strong></span> <span class='ocrx_word' id='word_1_376' title='bbox 2471 1850 2574 1892; x_wconf 90' lang='lat' dir='ltr'><strong>nos</strong></span> <span class='ocrx_word' id='word_1_377' title='bbox 2598 1836 2747 1911; x_wconf 89' lang='lat' dir='ltr'><strong>ipsos</strong></span> <span class='ocrx_word' id='word_1_378' title='bbox 2768 1836 2992 1909; x_wconf 81' lang='lat' dir='ltr'><strong>diligere</strong></span> <span class='ocrx_word' id='word_1_379' title='bbox 3013 1837 3477 1897; x_wconf 86' lang='lat' dir='ltr'><strong>demonstremus.</strong></span> 
     </span>
    </p>
   </div>
   <div class='ocr_carea' id='block_1_64' title="bbox 2373 1928 3900 2000">
    <p class='ocr_par' dir='ltr' id='par_1_64' title="bbox 2373 1928 3900 2000">
     <span class='ocr_line' id='line_1_64' title="bbox 2373 1928 3900 2000; baseline -0.001 -16"><span class='ocrx_word' id='word_1_380' title='bbox 2373 1928 2531 1996; x_wconf 83' lang='lat' dir='ltr'><strong>Quod</strong></span> <span class='ocrx_word' id='word_1_381' title='bbox 2562 1940 2854 2000; x_wconf 87' lang='lat' dir='ltr'><strong>sequentes</strong></span> <span class='ocrx_word' id='word_1_382' title='bbox 2902 1930 3238 1986; x_wconf 88' lang='lat' dir='ltr'><strong>sanctissimi</strong></span> <span class='ocrx_word' id='word_1_383' title='bbox 3279 1940 3670 1985; x_wconf 86' lang='lat' dir='ltr'><strong>antecessores</strong></span> <span class='ocrx_word' id='word_1_384' title='bbox 3705 1930 3900 1995; x_wconf 85' lang='lat' dir='ltr'><strong>nostri,</strong></span> 
     </span>
    </p>
   </div>
   <div class='ocr_carea' id='block_1_65' title="bbox 2301 2019 3904 2092">
    <p class='ocr_par' dir='ltr' id='par_1_65' title="bbox 2301 2019 3904 2092">
     <span class='ocr_line' id='line_1_65' title="bbox 2301 2019 3904 2092; baseline 0 -15"><span class='ocrx_word' id='word_1_385' title='bbox 2301 2020 2469 2078; x_wconf 88' lang='lat' dir='ltr'><strong>decus</strong></span> <span class='ocrx_word' id='word_1_386' title='bbox 2491 2021 2945 2088; x_wconf 82' lang='lat' dir='ltr'><strong>sacratissimum,</strong></span> <span class='ocrx_word' id='word_1_387' title='bbox 2971 2021 3322 2092; x_wconf 85' lang='lat' dir='ltr'><strong>singulariter</strong></span> <span class='ocrx_word' id='word_1_388' title='bbox 3353 2022 3408 2076; x_wconf 91' lang='lat' dir='ltr'><strong>in</strong></span> <span class='ocrx_word' id='word_1_389' title='bbox 3444 2022 3578 2077; x_wconf 88' lang='lat' dir='ltr'><strong>sede</strong></span> <span class='ocrx_word' id='word_1_390' title='bbox 3621 2021 3789 2092; x_wconf 64' lang='lat' dir='ltr'><strong>beati</strong></span> <span class='ocrx_word' id='word_1_391' title='bbox 3816 2019 3904 2077; x_wconf 80' lang='lat' dir='ltr'><strong>Pe-</strong></span> 
     </span>
    </p>
   </div>
   <div class='ocr_carea' id='block_1_66' title="bbox 2303 2111 3905 2185">
    <p class='ocr_par' dir='ltr' id='par_1_66' title="bbox 2303 2111 3905 2185">
     <span class='ocr_line' id='line_1_66' title="bbox 2303 2111 3905 2185; baseline 0.001 -19"><span class='ocrx_word' id='word_1_392' title='bbox 2303 2111 2372 2166; x_wconf 77' lang='lat' dir='ltr'><strong>tri</strong></span> <span class='ocrx_word' id='word_1_393' title='bbox 2400 2113 2631 2184; x_wconf 89' lang='lat' dir='ltr'><strong>apostoli</strong></span> <span class='ocrx_word' id='word_1_394' title='bbox 2672 2113 3102 2185; x_wconf 66' lang='lat' dir='ltr'><strong>praesulantibus.</strong></span> <span class='ocrx_word' id='word_1_395' title='bbox 3122 2113 3308 2171; x_wconf 87' lang='lat' dir='ltr'><strong>divina</strong></span> <span class='ocrx_word' id='word_1_396' title='bbox 3356 2113 3714 2183; x_wconf 84' lang='lat' dir='ltr'><strong>providentia</strong></span> <span class='ocrx_word' id='word_1_397' title='bbox 3754 2114 3905 2168; x_wconf 83' lang='lat' dir='ltr'><strong>adin—</strong></span> 
     </span>
    </p>
   </div>
   <div class='ocr_carea' id='block_1_67' title="bbox 2299 2204 3909 2276">
    <p class='ocr_par' dir='ltr' id='par_1_67' title="bbox 2299 2204 3909 2276">
     <span class='ocr_line' id='line_1_67' title="bbox 2299 2204 3909 2276; baseline 0.002 -18"><span class='ocrx_word' id='word_1_398' title='bbox 2299 2213 2544 2271; x_wconf 83' lang='lat' dir='ltr'><strong>ventum,</strong></span> <span class='ocrx_word' id='word_1_399' title='bbox 2572 2204 2794 2275; x_wconf 90' lang='lat' dir='ltr'><strong>pallium</strong></span> <span class='ocrx_word' id='word_1_400' title='bbox 2826 2205 3051 2272; x_wconf 84' lang='lat' dir='ltr'><strong>scilicet,</strong></span> <span class='ocrx_word' id='word_1_401' title='bbox 3076 2205 3397 2276; x_wconf 86' lang='lat' dir='ltr'><strong>gestandum</strong></span> <span class='ocrx_word' id='word_1_402' title='bbox 3429 2205 3578 2260; x_wconf 89' lang='lat' dir='ltr'><strong>inter</strong></span> <span class='ocrx_word' id='word_1_403' title='bbox 3601 2206 3909 2261; x_wconf 82' lang='lat' dir='ltr'><strong>missarum</strong></span> 
     </span>
    </p>
   </div>
   <div class='ocr_carea' id='block_1_68' title="bbox 2301 2297 3901 2371">
    <p class='ocr_par' dir='ltr' id='par_1_68' title="bbox 2301 2297 3901 2371">
     <span class='ocr_line' id='line_1_68' title="bbox 2301 2297 3901 2371; baseline 0 -18"><span class='ocrx_word' id='word_1_404' title='bbox 2301 2298 2567 2354; x_wconf 89' lang='lat' dir='ltr'><strong>solemnia</strong></span> <span class='ocrx_word' id='word_1_405' title='bbox 2596 2298 2877 2370; x_wconf 87' lang='lat' dir='ltr'><strong>dignitatis</strong></span> <span class='ocrx_word' id='word_1_406' title='bbox 2903 2307 2959 2355; x_wconf 90' lang='lat' dir='ltr'><strong>et</strong></span> <span class='ocrx_word' id='word_1_407' title='bbox 3002 2298 3310 2359; x_wconf 84' lang='lat' dir='ltr'><strong>sanctitatis</strong></span> <span class='ocrx_word' id='word_1_408' title='bbox 3352 2297 3573 2371; x_wconf 87' lang='lat' dir='ltr'><strong>insigne</strong></span> <span class='ocrx_word' id='word_1_409' title='bbox 3594 2310 3653 2354; x_wconf 85' lang='lat' dir='ltr'><strong>et</strong></span> <span class='ocrx_word' id='word_1_410' title='bbox 3683 2300 3756 2354; x_wconf 89' lang='lat' dir='ltr'><strong>ad</strong></span> <span class='ocrx_word' id='word_1_411' title='bbox 3785 2298 3901 2353; x_wconf 88' lang='lat' dir='ltr'><strong>uni-</strong></span> 
     </span>
    </p>
   </div>
   <div class='ocr_carea' id='block_1_69' title="bbox 2299 2390 3905 2462">
    <p class='ocr_par' dir='ltr' id='par_1_69' title="bbox 2299 2390 3905 2462">
     <span class='ocr_line' id='line_1_69' title="bbox 2299 2390 3905 2462; baseline 0.002 -18"><span class='ocrx_word' id='word_1_412' title='bbox 2299 2406 2583 2447; x_wconf 85' lang='lat' dir='ltr'><strong>versorum</strong></span> <span class='ocrx_word' id='word_1_413' title='bbox 2611 2390 2967 2449; x_wconf 88' lang='lat' dir='ltr'><strong>honestorum</strong></span> <span class='ocrx_word' id='word_1_414' title='bbox 2998 2405 3215 2449; x_wconf 82' lang='lat' dir='ltr'><strong>morum</strong></span> <span class='ocrx_word' id='word_1_415' title='bbox 3239 2391 3443 2451; x_wconf 82' lang='lat' dir='ltr'><strong>cultum</strong></span> <span class='ocrx_word' id='word_1_416' title='bbox 3468 2390 3603 2447; x_wconf 87' lang='lat' dir='ltr'><strong>aliis</strong></span> <span class='ocrx_word' id='word_1_417' title='bbox 3627 2393 3905 2462; x_wconf 82' lang='lat' dir='ltr'><strong>coepisco-</strong></span> 
     </span>
    </p>
   </div>
   <div class='ocr_carea' id='block_1_70' title="bbox 2299 2481 3897 2554">
    <p class='ocr_par' dir='ltr' id='par_1_70' title="bbox 2299 2481 3897 2554">
     <span class='ocr_line' id='line_1_70' title="bbox 2299 2481 3897 2554; baseline 0.001 -18"><span class='ocrx_word' id='word_1_418' title='bbox 2299 2481 2404 2553; x_wconf 89' lang='lat' dir='ltr'><strong>pis,</strong></span> <span class='ocrx_word' id='word_1_419' title='bbox 2451 2497 2591 2553; x_wconf 90' lang='lat' dir='ltr'><strong>quos</strong></span> <span class='ocrx_word' id='word_1_420' title='bbox 2621 2482 2855 2553; x_wconf 89' lang='lat' dir='ltr'><strong>benigna</strong></span> <span class='ocrx_word' id='word_1_421' title='bbox 2898 2497 3063 2554; x_wconf 86' lang='lat' dir='ltr'><strong>opera</strong></span> <span class='ocrx_word' id='word_1_422' title='bbox 3108 2482 3318 2538; x_wconf 83' lang='lat' dir='ltr'><strong>caeteris</strong></span> <span class='ocrx_word' id='word_1_423' title='bbox 3346 2482 3617 2538; x_wconf 88' lang='lat' dir='ltr'><strong>clariores</strong></span> <span class='ocrx_word' id='word_1_424' title='bbox 3647 2483 3897 2538; x_wconf 79' lang='lat' dir='ltr'><strong>reddide-</strong></span> 
     </span>
    </p>
   </div>
   <div class='ocr_carea' id='block_1_71' title="bbox 2299 2570 3896 2641">
    <p class='ocr_par' dir='ltr' id='par_1_71' title="bbox 2299 2570 3896 2641">
     <span class='ocr_line' id='line_1_71' title="bbox 2299 2570 3896 2641; baseline 0.001 -16"><span class='ocrx_word' id='word_1_425' title='bbox 2299 2579 2450 2638; x_wconf 90' lang='lat' dir='ltr'><strong>runt,</strong></span> <span class='ocrx_word' id='word_1_426' title='bbox 2481 2570 2760 2641; x_wconf 82' lang='lat' dir='ltr'><strong>indulgere</strong></span> <span class='ocrx_word' id='word_1_427' title='bbox 2796 2571 3088 2627; x_wconf 88' lang='lat' dir='ltr'><strong>honestum</strong></span> <span class='ocrx_word' id='word_1_428' title='bbox 3115 2571 3295 2627; x_wconf 89' lang='lat' dir='ltr'><strong>visum</strong></span> <span class='ocrx_word' id='word_1_429' title='bbox 3325 2580 3409 2627; x_wconf 86' lang='lat' dir='ltr'><strong>est</strong></span> <span class='ocrx_word' id='word_1_430' title='bbox 3437 2573 3611 2628; x_wconf 79' lang='lat' dir='ltr'><strong>certis</strong></span> <span class='ocrx_word' id='word_1_431' title='bbox 3625 2571 3896 2628; x_wconf 79' lang='lat' dir='ltr'><strong>festivita-</strong></span> 
     </span>
    </p>
   </div>
   <div class='ocr_carea' id='block_1_72' title="bbox 2299 2660 3895 2733">
    <p class='ocr_par' dir='ltr' id='par_1_72' title="bbox 2299 2660 3895 2733">
     <span class='ocr_line' id='line_1_72' title="bbox 2299 2660 3895 2733; baseline 0.001 -15"><span class='ocrx_word' id='word_1_432' title='bbox 2299 2664 2468 2720; x_wconf 81' lang='lat' dir='ltr'><strong>tibus.</strong></span> <span class='ocrx_word' id='word_1_433' title='bbox 2508 2660 2625 2720; x_wconf 82' lang='lat' dir='ltr'><strong>IIoc</strong></span> <span class='ocrx_word' id='word_1_434' title='bbox 2644 2678 2776 2719; x_wconf 88' lang='lat' dir='ltr'><strong>vero</strong></span> <span class='ocrx_word' id='word_1_435' title='bbox 2804 2662 2938 2733; x_wconf 89' lang='lat' dir='ltr'><strong>quia</strong></span> <span class='ocrx_word' id='word_1_436' title='bbox 2965 2663 3121 2733; x_wconf 89' lang='lat' dir='ltr'><strong>petiit</strong></span> <span class='ocrx_word' id='word_1_437' title='bbox 3144 2662 3459 2721; x_wconf 75' lang='lat' dir='ltr'><strong>fraternitas</strong></span> <span class='ocrx_word' id='word_1_438' title='bbox 3478 2674 3697 2732; x_wconf 80' lang='lat' dir='ltr'><strong>vestra,</strong></span> <span class='ocrx_word' id='word_1_439' title='bbox 3724 2677 3781 2720; x_wconf 89' lang='lat' dir='ltr'><strong>et</strong></span> <span class='ocrx_word' id='word_1_440' title='bbox 3801 2682 3895 2720; x_wconf 83' lang='lat' dir='ltr'><strong>an-</strong></span> 
     </span>
    </p>
   </div>
   <div class='ocr_carea' id='block_1_73' title="bbox 2300 2754 3905 2826">
    <p class='ocr_par' dir='ltr' id='par_1_73' title="bbox 2300 2754 3905 2826">
     <span class='ocr_line' id='line_1_73' title="bbox 2300 2754 3905 2826; baseline 0.001 -16"><span class='ocrx_word' id='word_1_441' title='bbox 2300 2763 2634 2816; x_wconf 85' lang='lat' dir='ltr'><strong>tecessorum</strong></span> <span class='ocrx_word' id='word_1_442' title='bbox 2686 2761 2995 2809; x_wconf 90' lang='lat' dir='ltr'><strong>vestrorum</strong></span> <span class='ocrx_word' id='word_1_443' title='bbox 3043 2754 3194 2812; x_wconf 86' lang='lat' dir='ltr'><strong>ducit</strong></span> <span class='ocrx_word' id='word_1_444' title='bbox 3233 2754 3484 2824; x_wconf 79' lang='lat' dir='ltr'><strong>exemplo</strong></span> <span class='ocrx_word' id='word_1_445' title='bbox 3539 2756 3905 2826; x_wconf 63' lang='lat' dir='ltr'><strong>gestandum,</strong></span> 
     </span>
    </p>
   </div>
   <div class='ocr_carea' id='block_1_74' title="bbox 2296 2845 3899 2917">
    <p class='ocr_par' dir='ltr' id='par_1_74' title="bbox 2296 2845 3899 2917">
     <span class='ocr_line' id='line_1_74' title="bbox 2296 2845 3899 2917; baseline 0.002 -16"><span class='ocrx_word' id='word_1_446' title='bbox 2296 2847 2453 2903; x_wconf 81' lang='lat' dir='ltr'><strong>vobis</strong></span> <span class='ocrx_word' id='word_1_447' title='bbox 2483 2847 2646 2903; x_wconf 90' lang='lat' dir='ltr'><strong>certis</strong></span> <span class='ocrx_word' id='word_1_448' title='bbox 2694 2845 3107 2914; x_wconf 73' lang='lat' dir='ltr'><strong>festivitatibus,</strong></span> <span class='ocrx_word' id='word_1_449' title='bbox 3146 2856 3199 2902; x_wconf 91' lang='lat' dir='ltr'><strong>ct</strong></span> <span class='ocrx_word' id='word_1_450' title='bbox 3228 2848 3492 2917; x_wconf 85' lang='lat' dir='ltr'><strong>subjectis</strong></span> <span class='ocrx_word' id='word_1_451' title='bbox 3510 2849 3899 2916; x_wconf 77' lang='lat' dir='ltr'><strong>concedimus,</strong></span> 
     </span>
    </p>
   </div>
   <div class='ocr_carea' id='block_1_75' title="bbox 2295 2938 3897 3010">
    <p class='ocr_par' dir='ltr' id='par_1_75' title="bbox 2295 2938 3897 3010">
     <span class='ocr_line' id='line_1_75' title="bbox 2295 2938 3897 3010; baseline 0.001 -15"><span class='ocrx_word' id='word_1_452' title='bbox 2295 2939 2547 2996; x_wconf 88' lang='lat' dir='ltr'><strong>videlicet</strong></span> <span class='ocrx_word' id='word_1_453' title='bbox 2568 2940 2622 2994; x_wconf 93' lang='lat' dir='ltr'><strong>in</strong></span> <span class='ocrx_word' id='word_1_454' title='bbox 2645 2939 2735 2995; x_wconf 90' lang='lat' dir='ltr'><strong>die</strong></span> <span class='ocrx_word' id='word_1_455' title='bbox 2769 2938 2978 2999; x_wconf 83' lang='lat' dir='ltr'><strong>Natalis</strong></span> <span class='ocrx_word' id='word_1_456' title='bbox 3006 2938 3244 3006; x_wconf 91' lang='lat' dir='ltr'><strong>Domini,</strong></span> <span class='ocrx_word' id='word_1_457' title='bbox 3275 2939 3331 2993; x_wconf 93' lang='lat' dir='ltr'><strong>in</strong></span> <span class='ocrx_word' id='word_1_458' title='bbox 3358 2938 3698 3010; x_wconf 86' lang='lat' dir='ltr'><strong>Epiphania,</strong></span> <span class='ocrx_word' id='word_1_459' title='bbox 3733 2941 3790 2995; x_wconf 89' lang='lat' dir='ltr'><strong>in</strong></span> <span class='ocrx_word' id='word_1_460' title='bbox 3812 2940 3897 2996; x_wconf 88' lang='lat' dir='ltr'><strong>dic</strong></span> 
     </span>
    </p>
   </div>
   <div class='ocr_carea' id='block_1_76' title="bbox 2294 3030 3895 3100">
    <p class='ocr_par' dir='ltr' id='par_1_76' title="bbox 2294 3030 3895 3100">
     <span class='ocr_line' id='line_1_76' title="bbox 2294 3030 3895 3100; baseline 0.001 -13"><span class='ocrx_word' id='word_1_461' title='bbox 2294 3031 2484 3087; x_wconf 82' lang='lat' dir='ltr'><strong>Coena:</strong></span> <span class='ocrx_word' id='word_1_462' title='bbox 2526 3030 2766 3100; x_wconf 88' lang='lat' dir='ltr'><strong>Domini,</strong></span> <span class='ocrx_word' id='word_1_463' title='bbox 2790 3032 2847 3089; x_wconf 93' lang='lat' dir='ltr'><strong>in</strong></span> <span class='ocrx_word' id='word_1_464' title='bbox 2886 3031 2975 3087; x_wconf 89' lang='lat' dir='ltr'><strong>die</strong></span> <span class='ocrx_word' id='word_1_465' title='bbox 3018 3041 3208 3091; x_wconf 81' lang='lat' dir='ltr'><strong>sancto</strong></span> <span class='ocrx_word' id='word_1_466' title='bbox 3244 3030 3491 3098; x_wconf 73' lang='lat' dir='ltr'><strong>Paschze,</strong></span> <span class='ocrx_word' id='word_1_467' title='bbox 3524 3040 3584 3086; x_wconf 88' lang='lat' dir='ltr'><strong>et</strong></span> <span class='ocrx_word' id='word_1_468' title='bbox 3609 3032 3669 3086; x_wconf 90' lang='lat' dir='ltr'><strong>in</strong></span> <span class='ocrx_word' id='word_1_469' title='bbox 3691 3033 3895 3088; x_wconf 82' lang='lat' dir='ltr'><strong>Ascen-</strong></span> 
     </span>
    </p>
   </div>
   <div class='ocr_carea' id='block_1_77' title="bbox 2219 3107 3893 3193">
    <p class='ocr_par' dir='ltr' id='par_1_77' title="bbox 2219 3107 3893 3193">
     <span class='ocr_line' id='line_1_77' title="bbox 2219 3107 3893 3193; baseline -0.002 -12"><span class='ocrx_word' id='word_1_470' title='bbox 2219 3107 2264 3164; x_wconf 75' lang='lat' dir='ltr'><strong>C</strong></span> <span class='ocrx_word' id='word_1_471' title='bbox 2296 3124 2453 3183; x_wconf 87' lang='lat' dir='ltr'><strong>sione</strong></span> <span class='ocrx_word' id='word_1_472' title='bbox 2481 3123 2721 3193; x_wconf 82' lang='lat' dir='ltr'><strong>Domini,</strong></span> <span class='ocrx_word' id='word_1_473' title='bbox 2765 3125 2823 3181; x_wconf 92' lang='lat' dir='ltr'><strong>in</strong></span> <span class='ocrx_word' id='word_1_474' title='bbox 2863 3124 2952 3187; x_wconf 83' lang='lat' dir='ltr'><strong>die</strong></span> <span class='ocrx_word' id='word_1_475' title='bbox 2977 3132 3169 3180; x_wconf 84' lang='lat' dir='ltr'><strong>sancto</strong></span> <span class='ocrx_word' id='word_1_476' title='bbox 3203 3121 3666 3191; x_wconf 59' lang='lat' dir='ltr'><strong>Pentecostes,in</strong></span> <span class='ocrx_word' id='word_1_477' title='bbox 3689 3123 3893 3180; x_wconf 81' lang='lat' dir='ltr'><strong>festivi-</strong></span> 
     </span>
    </p>
   </div>
   <div class='ocr_carea' id='block_1_78' title="bbox 2294 3214 3890 3285">
    <p class='ocr_par' dir='ltr' id='par_1_78' title="bbox 2294 3214 3890 3285">
     <span class='ocr_line' id='line_1_78' title="bbox 2294 3214 3890 3285; baseline -0.001 -14"><span class='ocrx_word' id='word_1_478' title='bbox 2294 3216 2501 3277; x_wconf 80' lang='lat' dir='ltr'><strong>tatibus</strong></span> <span class='ocrx_word' id='word_1_479' title='bbox 2539 3225 2743 3273; x_wconf 79' lang='lat' dir='ltr'><strong>sancta:</strong></span> <span class='ocrx_word' id='word_1_480' title='bbox 2785 3216 2990 3283; x_wconf 66' lang='lat' dir='ltr'><strong>Mariae,</strong></span> <span class='ocrx_word' id='word_1_481' title='bbox 3019 3215 3075 3270; x_wconf 92' lang='lat' dir='ltr'><strong>in</strong></span> <span class='ocrx_word' id='word_1_482' title='bbox 3105 3214 3379 3273; x_wconf 85' lang='lat' dir='ltr'><strong>Natalitiis</strong></span> <span class='ocrx_word' id='word_1_483' title='bbox 3399 3216 3812 3285; x_wconf 87' lang='lat' dir='ltr'><strong>apostolorum,</strong></span> <span class='ocrx_word' id='word_1_484' title='bbox 3838 3215 3890 3270; x_wconf 91' lang='lat' dir='ltr'><strong>in</strong></span> 
     </span>
    </p>
   </div>
   <div class='ocr_carea' id='block_1_79' title="bbox 2296 3302 3895 3373">
    <p class='ocr_par' dir='ltr' id='par_1_79' title="bbox 2296 3302 3895 3373">
     <span class='ocr_line' id='line_1_79' title="bbox 2296 3302 3895 3373; baseline -0.002 -9"><span class='ocrx_word' id='word_1_485' title='bbox 2296 3308 2589 3365; x_wconf 85' lang='lat' dir='ltr'><strong>festivitate</strong></span> <span class='ocrx_word' id='word_1_486' title='bbox 2632 3309 2819 3366; x_wconf 78' lang='lat' dir='ltr'><strong>sancti</strong></span> <span class='ocrx_word' id='word_1_487' title='bbox 2856 3302 3075 3363; x_wconf 84' lang='lat' dir='ltr'><strong>Martini</strong></span> <span class='ocrx_word' id='word_1_488' title='bbox 3118 3316 3173 3363; x_wconf 88' lang='lat' dir='ltr'><strong>et</strong></span> <span class='ocrx_word' id='word_1_489' title='bbox 3229 3316 3547 3363; x_wconf 88' lang='lat' dir='ltr'><strong>sanctorum</strong></span> <span class='ocrx_word' id='word_1_490' title='bbox 3585 3307 3895 3373; x_wconf 76' lang='lat' dir='ltr'><strong>Lambeni,</strong></span> 
     </span>
    </p>
   </div>
   <div class='ocr_carea' id='block_1_80' title="bbox 2295 3397 3889 3473">
    <p class='ocr_par' dir='ltr' id='par_1_80' title="bbox 2295 3397 3889 3473">
     <span class='ocr_line' id='line_1_80' title="bbox 2295 3397 3889 3473; baseline -0.001 -17"><span class='ocrx_word' id='word_1_491' title='bbox 2295 3401 2512 3470; x_wconf 81' lang='lat' dir='ltr'><strong>Albani,</strong></span> <span class='ocrx_word' id='word_1_492' title='bbox 2549 3401 2746 3473; x_wconf 86' lang='lat' dir='ltr'><strong>Sergii,</strong></span> <span class='ocrx_word' id='word_1_493' title='bbox 2771 3400 2957 3468; x_wconf 86' lang='lat' dir='ltr'><strong>Bachi,</strong></span> <span class='ocrx_word' id='word_1_494' title='bbox 2979 3400 3147 3461; x_wconf 80' lang='lat' dir='ltr'><strong>Aurel</strong></span> <span class='ocrx_word' id='word_1_495' title='bbox 3191 3407 3245 3455; x_wconf 88' lang='lat' dir='ltr'><strong>et</strong></span> <span class='ocrx_word' id='word_1_496' title='bbox 3271 3397 3535 3466; x_wconf 69' lang='lat' dir='ltr'><strong>Iustinae,</strong></span> <span class='ocrx_word' id='word_1_497' title='bbox 3562 3400 3620 3454; x_wconf 90' lang='lat' dir='ltr'><strong>in</strong></span> <span class='ocrx_word' id='word_1_498' title='bbox 3654 3399 3889 3455; x_wconf 80' lang='lat' dir='ltr'><strong>Ordina-</strong></span> 
     </span>
    </p>
   </div>
   <div class='ocr_carea' id='block_1_81' title="bbox 2299 3490 3888 3565">
    <p class='ocr_par' dir='ltr' id='par_1_81' title="bbox 2299 3490 3888 3565">
     <span class='ocr_line' id='line_1_81' title="bbox 2299 3490 3888 3565; baseline -0.003 -16"><span class='ocrx_word' id='word_1_499' title='bbox 2299 3494 2446 3549; x_wconf 87' lang='lat' dir='ltr'><strong>tione</strong></span> <span class='ocrx_word' id='word_1_500' title='bbox 2470 3493 2940 3565; x_wconf 77' lang='lat' dir='ltr'><strong>sull&#39;raganeorum</strong></span> <span class='ocrx_word' id='word_1_501' title='bbox 2978 3500 3200 3547; x_wconf 90' lang='lat' dir='ltr'><strong>tuorum</strong></span> <span class='ocrx_word' id='word_1_502' title='bbox 3230 3492 3619 3563; x_wconf 89' lang='lat' dir='ltr'><strong>episcoporum</strong></span> <span class='ocrx_word' id='word_1_503' title='bbox 3644 3501 3704 3546; x_wconf 88' lang='lat' dir='ltr'><strong>et</strong></span> <span class='ocrx_word' id='word_1_504' title='bbox 3731 3490 3888 3547; x_wconf 73' lang='lat' dir='ltr'><strong>cleri-</strong></span> 
     </span>
    </p>
   </div>
   <div class='ocr_carea' id='block_1_82' title="bbox 2296 3584 3885 3653">
    <p class='ocr_par' dir='ltr' id='par_1_82' title="bbox 2296 3584 3885 3653">
     <span class='ocr_line' id='line_1_82' title="bbox 2296 3584 3885 3653; baseline -0.003 -10"><span class='ocrx_word' id='word_1_505' title='bbox 2296 3602 2510 3653; x_wconf 85' lang='lat' dir='ltr'><strong>corum,</strong></span> <span class='ocrx_word' id='word_1_506' title='bbox 2543 3587 2599 3641; x_wconf 90' lang='lat' dir='ltr'><strong>in</strong></span> <span class='ocrx_word' id='word_1_507' title='bbox 2623 3586 2711 3642; x_wconf 85' lang='lat' dir='ltr'><strong>die</strong></span> <span class='ocrx_word' id='word_1_508' title='bbox 2730 3584 2940 3645; x_wconf 84' lang='lat' dir='ltr'><strong>Natalis</strong></span> <span class='ocrx_word' id='word_1_509' title='bbox 2964 3585 3132 3645; x_wconf 87' lang='lat' dir='ltr'><strong>vestri</strong></span> <span class='ocrx_word' id='word_1_510' title='bbox 3163 3591 3219 3647; x_wconf 76' lang='lat' dir='ltr'><strong>et</strong></span> <span class='ocrx_word' id='word_1_511' title='bbox 3245 3584 3300 3641; x_wconf 92' lang='lat' dir='ltr'><strong>in</strong></span> <span class='ocrx_word' id='word_1_512' title='bbox 3335 3584 3694 3644; x_wconf 79' lang='lat' dir='ltr'><strong>Dedicatione</strong></span> <span class='ocrx_word' id='word_1_513' title='bbox 3714 3584 3885 3643; x_wconf 75' lang='lat' dir='ltr'><strong>eccle-</strong></span> 
     </span>
    </p>
   </div>
   <div class='ocr_carea' id='block_1_83' title="bbox 2294 3678 2631 3735">
    <p class='ocr_par' dir='ltr' id='par_1_83' title="bbox 2294 3678 2631 3735">
     <span class='ocr_line' id='line_1_83' title="bbox 2294 3678 2631 3735; baseline -0.003 0"><span class='ocrx_word' id='word_1_514' title='bbox 2294 3678 2391 3735; x_wconf 85' lang='lat' dir='ltr'><strong>sia:</strong></span> <span class='ocrx_word' id='word_1_515' title='bbox 2418 3684 2631 3734; x_wconf 69' lang='lat' dir='ltr'><strong>vestrae.</strong></span> 
     </span>
    </p>
   </div>
   <div class='ocr_carea' id='block_1_84' title="bbox 2363 3766 3895 3839">
    <p class='ocr_par' dir='ltr' id='par_1_84' title="bbox 2363 3766 3895 3839">
     <span class='ocr_line' id='line_1_84' title="bbox 2363 3766 3895 3839; baseline -0.001 -14"><span class='ocrx_word' id='word_1_516' title='bbox 2363 3767 2594 3829; x_wconf 86' lang='lat' dir='ltr'><strong>Crucem</strong></span> <span class='ocrx_word' id='word_1_517' title='bbox 2643 3776 2768 3829; x_wconf 83' lang='lat' dir='ltr'><strong>ante</strong></span> <span class='ocrx_word' id='word_1_518' title='bbox 2796 3784 2895 3825; x_wconf 90' lang='lat' dir='ltr'><strong>vos</strong></span> <span class='ocrx_word' id='word_1_519' title='bbox 2942 3768 3265 3839; x_wconf 71' lang='lat' dir='ltr'><strong>portandum</strong></span> <span class='ocrx_word' id='word_1_520' title='bbox 3306 3766 3638 3833; x_wconf 79' lang='lat' dir='ltr'><strong>fraternitati</strong></span> <span class='ocrx_word' id='word_1_521' title='bbox 3690 3774 3895 3823; x_wconf 62' lang='lat' dir='ltr'><strong>vestra</strong></span> 
     </span>
    </p>
   </div>
   <div class='ocr_carea' id='block_1_85' title="bbox 2294 3847 3883 3929">
    <p class='ocr_par' dir='ltr' id='par_1_85' title="bbox 2294 3847 3883 3929">
     <span class='ocr_line' id='line_1_85' title="bbox 2294 3847 3883 3929; baseline -0.002 -13"><span class='ocrx_word' id='word_1_522' title='bbox 2294 3860 2665 3927; x_wconf 78' lang='lat' dir='ltr'><strong>concedimus,</strong></span> <span class='ocrx_word' id='word_1_523' title='bbox 2711 3867 2765 3915; x_wconf 92' lang='lat' dir='ltr'><strong>et</strong></span> <span class='ocrx_word' id='word_1_524' title='bbox 2787 3860 2844 3914; x_wconf 96' lang='lat' dir='ltr'><strong>in</strong></span> <span class='ocrx_word' id='word_1_525' title='bbox 2881 3859 3210 3917; x_wconf 89' lang='lat' dir='ltr'><strong>stationibus</strong></span> <span class='ocrx_word' id='word_1_526' title='bbox 3246 3857 3456 3918; x_wconf 78' lang='lat' dir='ltr'><strong>festivis</strong></span> <span class='ocrx_word' id='word_1_527' title='bbox 3487 3874 3655 3929; x_wconf 87' lang='lat' dir='ltr'><strong>super</strong></span> <span class='ocrx_word' id='word_1_528' title='bbox 3677 3847 3883 3929; x_wconf 79' lang='lat' dir='ltr'><strong>equum</strong></span> 
     </span>
    </p>
   </div>
   <div class='ocr_carea' id='block_1_86' title="bbox 2291 3951 3883 4024">
    <p class='ocr_par' dir='ltr' id='par_1_86' title="bbox 2291 3951 3883 4024">
     <span class='ocr_line' id='line_1_86' title="bbox 2291 3951 3883 4024; baseline -0.001 -15"><span class='ocrx_word' id='word_1_529' title='bbox 2291 3953 2570 4024; x_wconf 90' lang='lat' dir='ltr'><strong>equitandi</strong></span> <span class='ocrx_word' id='word_1_530' title='bbox 2603 3952 2879 4010; x_wconf 86' lang='lat' dir='ltr'><strong>licentiam</strong></span> <span class='ocrx_word' id='word_1_531' title='bbox 2915 3952 3130 4009; x_wconf 88' lang='lat' dir='ltr'><strong>damus.</strong></span> <span class='ocrx_word' id='word_1_532' title='bbox 3163 3952 3232 4008; x_wconf 87' lang='lat' dir='ltr'><strong>Et</strong></span> <span class='ocrx_word' id='word_1_533' title='bbox 3274 3953 3321 4010; x_wconf 91' lang='lat' dir='ltr'><strong>si</strong></span> <span class='ocrx_word' id='word_1_534' title='bbox 3366 3952 3498 4024; x_wconf 87' lang='lat' dir='ltr'><strong>quid</strong></span> <span class='ocrx_word' id='word_1_535' title='bbox 3540 3952 3599 4008; x_wconf 92' lang='lat' dir='ltr'><strong>in</strong></span> <span class='ocrx_word' id='word_1_536' title='bbox 3640 3951 3883 4009; x_wconf 79' lang='lat' dir='ltr'><strong>Ecclesia</strong></span> 
     </span>
    </p>
   </div>
   <div class='ocr_carea' id='block_1_87' title="bbox 2292 4046 3877 4118">
    <p class='ocr_par' dir='ltr' id='par_1_87' title="bbox 2292 4046 3877 4118">
     <span class='ocr_line' id='line_1_87' title="bbox 2292 4046 3877 4118; baseline -0.003 -15"><span class='ocrx_word' id='word_1_537' title='bbox 2292 4054 2496 4116; x_wconf 88' lang='lat' dir='ltr'><strong>vestra,</strong></span> <span class='ocrx_word' id='word_1_538' title='bbox 2555 4048 2641 4103; x_wconf 91' lang='lat' dir='ltr'><strong>vel</strong></span> <span class='ocrx_word' id='word_1_539' title='bbox 2707 4046 3177 4118; x_wconf 79' lang='lat' dir='ltr'><strong>suifraganeorum</strong></span> <span class='ocrx_word' id='word_1_540' title='bbox 3234 4055 3544 4102; x_wconf 82' lang='lat' dir='ltr'><strong>vestrorum</strong></span> <span class='ocrx_word' id='word_1_541' title='bbox 3597 4046 3877 4111; x_wconf 86' lang='lat' dir='ltr'><strong>acciderit,</strong></span> 
     </span>
    </p>
   </div>
   <div class='ocr_carea' id='block_1_88' title="bbox 2292 4135 3881 4209">
    <p class='ocr_par' dir='ltr' id='par_1_88' title="bbox 2292 4135 3881 4209">
     <span class='ocr_line' id='line_1_88' title="bbox 2292 4135 3881 4209; baseline -0.002 -17"><span class='ocrx_word' id='word_1_542' title='bbox 2292 4137 2440 4209; x_wconf 91' lang='lat' dir='ltr'><strong>quod</strong></span> <span class='ocrx_word' id='word_1_543' title='bbox 2486 4137 2756 4208; x_wconf 87' lang='lat' dir='ltr'><strong>judicium</strong></span> <span class='ocrx_word' id='word_1_544' title='bbox 2814 4135 3176 4208; x_wconf 87' lang='lat' dir='ltr'><strong>apostolicum</strong></span> <span class='ocrx_word' id='word_1_545' title='bbox 3247 4136 3334 4191; x_wconf 84' lang='lat' dir='ltr'><strong>vel</strong></span> <span class='ocrx_word' id='word_1_546' title='bbox 3378 4135 3672 4207; x_wconf 88' lang='lat' dir='ltr'><strong>apostolici</strong></span> <span class='ocrx_word' id='word_1_547' title='bbox 3721 4135 3881 4206; x_wconf 85' lang='lat' dir='ltr'><strong>legati</strong></span> 
     </span>
    </p>
   </div>
   <div class='ocr_carea' id='block_1_89' title="bbox 2292 4228 3879 4299">
    <p class='ocr_par' dir='ltr' id='par_1_89' title="bbox 2292 4228 3879 4299">
     <span class='ocr_line' id='line_1_89' title="bbox 2292 4228 3879 4299; baseline -0.001 -16"><span class='ocrx_word' id='word_1_548' title='bbox 2292 4228 2641 4299; x_wconf 82' lang='lat' dir='ltr'><strong>pra:sentiam</strong></span> <span class='ocrx_word' id='word_1_549' title='bbox 2671 4235 3041 4299; x_wconf 85' lang='lat' dir='ltr'><strong>competenter</strong></span> <span class='ocrx_word' id='word_1_550' title='bbox 3066 4234 3305 4298; x_wconf 83' lang='lat' dir='ltr'><strong>expetat,</strong></span> <span class='ocrx_word' id='word_1_551' title='bbox 3327 4236 3381 4281; x_wconf 90' lang='lat' dir='ltr'><strong>et</strong></span> <span class='ocrx_word' id='word_1_552' title='bbox 3402 4235 3556 4281; x_wconf 90' lang='lat' dir='ltr'><strong>tanta</strong></span> <span class='ocrx_word' id='word_1_553' title='bbox 3580 4228 3879 4283; x_wconf 82' lang='lat' dir='ltr'><strong>necessitas</strong></span> 
     </span>
    </p>
   </div>
   <div class='ocr_carea' id='block_1_90' title="bbox 2290 4317 3878 4388">
    <p class='ocr_par' dir='ltr' id='par_1_90' title="bbox 2290 4317 3878 4388">
     <span class='ocr_line' id='line_1_90' title="bbox 2290 4317 3878 4388; baseline -0.001 -14"><span class='ocrx_word' id='word_1_554' title='bbox 2290 4333 2389 4374; x_wconf 91' lang='lat' dir='ltr'><strong>vos</strong></span> <span class='ocrx_word' id='word_1_555' title='bbox 2426 4325 2618 4388; x_wconf 85' lang='lat' dir='ltr'><strong>urgeat</strong></span> <span class='ocrx_word' id='word_1_556' title='bbox 2640 4325 2700 4372; x_wconf 92' lang='lat' dir='ltr'><strong>ut</strong></span> <span class='ocrx_word' id='word_1_557' title='bbox 2726 4326 3043 4388; x_wconf 80' lang='lat' dir='ltr'><strong>exspectare</strong></span> <span class='ocrx_word' id='word_1_558' title='bbox 3069 4317 3215 4371; x_wconf 86' lang='lat' dir='ltr'><strong>nulla</strong></span> <span class='ocrx_word' id='word_1_559' title='bbox 3243 4318 3455 4371; x_wconf 89' lang='lat' dir='ltr'><strong>ratione</strong></span> <span class='ocrx_word' id='word_1_560' title='bbox 3494 4318 3750 4384; x_wconf 80' lang='lat' dir='ltr'><strong>valeatis,</strong></span> <span class='ocrx_word' id='word_1_561' title='bbox 3782 4332 3878 4372; x_wconf 89' lang='lat' dir='ltr'><strong>no-</strong></span> 
     </span>
    </p>
   </div>
   <div class='ocr_carea' id='block_1_91' title="bbox 602 4408 3876 4508">
    <p class='ocr_par' dir='ltr' id='par_1_91' title="bbox 602 4408 3876 4508">
     <span class='ocr_line' id='line_1_91' title="bbox 602 4408 3876 4508; baseline 0.004 -30"><span class='ocrx_word' id='word_1_562' title='bbox 602 4439 835 4495; x_wconf 88' lang='lat' dir='ltr'><strong>seseque</strong></span> <span class='ocrx_word' id='word_1_563' title='bbox 864 4427 1189 4497; x_wconf 90' lang='lat' dir='ltr'><strong>culpabilem</strong></span> <span class='ocrx_word' id='word_1_564' title='bbox 1213 4429 1475 4499; x_wconf 89' lang='lat' dir='ltr'><strong>reddenti,</strong></span> <span class='ocrx_word' id='word_1_565' title='bbox 1505 4408 1808 4502; x_wconf 73' lang='lat' dir='ltr'><strong>plenariam</strong></span> <span class='ocrx_word' id='word_1_566' title='bbox 1830 4451 1863 4489; x_wconf 92' lang='lat' dir='ltr'><strong>a</strong></span> <span class='ocrx_word' id='word_1_567' title='bbox 1884 4433 1997 4490; x_wconf 86' lang='lat' dir='ltr'><strong>Deo</strong></span> <span class='ocrx_word' id='word_1_568' title='bbox 2025 4408 2185 4507; x_wconf 43' lang='lat' dir='ltr'><strong>polii;</strong></span> <span class='ocrx_word' id='word_1_569' title='bbox 2214 4453 2260 4508; x_wconf 78' lang='grc' dir='ltr'><strong>ι)</strong></span> <span class='ocrx_word' id='word_1_570' title='bbox 2292 4418 2405 4465; x_wconf 59' lang='grc' dir='ltr'><strong>⁸⁸η</strong></span> <span class='ocrx_word' id='word_1_571' title='bbox 2425 4409 2543 4464; x_wconf 57' lang='lat' dir='ltr'><strong>Vica</strong></span> <span class='ocrx_word' id='word_1_572' title='bbox 2568 4409 2879 4477; x_wconf 48' lang='lat' dir='ltr'><strong>terminaret</strong></span> <span class='ocrx_word' id='word_1_573' title='bbox 2922 4425 3019 4464; x_wconf 58' lang='lat' dir='ltr'><strong>vos</strong></span> <span class='ocrx_word' id='word_1_574' title='bbox 3037 4409 3345 4508; x_wconf 53' lang='lat' dir='ltr'><strong>_“p‘_’s:°nca</strong></span> <span class='ocrx_word' id='word_1_575' title='bbox 3385 4410 3715 4508; x_wconf 56' lang='grc' dir='ltr'><strong>ξ¹¹²⁰ι⁰ῗίί³ί⁰</strong></span> <span class='ocrx_word' id='word_1_576' title='bbox 3730 4408 3876 4508; x_wconf 46' lang='lat' dir='ltr'><strong>jf&#39;di’</strong></span> 
     </span>
    </p>
   </div>
   <div class='ocr_carea' id='block_1_92' title="bbox 601 4521 2178 4599">
    <p class='ocr_par' dir='ltr' id='par_1_92' title="bbox 601 4521 2178 4599">
     <span class='ocr_line' id='line_1_92' title="bbox 601 4521 2178 4599; baseline 0.006 -25"><span class='ocrx_word' id='word_1_577' title='bbox 601 4528 760 4574; x_wconf 88' lang='lat' dir='ltr'><strong>cente</strong></span> <span class='ocrx_word' id='word_1_578' title='bbox 807 4521 1177 4591; x_wconf 89' lang='lat' dir='ltr'><strong>promittimus</strong></span> <span class='ocrx_word' id='word_1_579' title='bbox 1222 4524 1487 4595; x_wconf 91' lang='lat' dir='ltr'><strong>consequi</strong></span> <span class='ocrx_word' id='word_1_580' title='bbox 1537 4525 1888 4599; x_wconf 80' lang='lat' dir='ltr'><strong>indulgentia:</strong></span> <span class='ocrx_word' id='word_1_581' title='bbox 1940 4528 2178 4596; x_wconf 88' lang='lat' dir='ltr'><strong>veniam,</strong></span> 
     </span>
    </p>
   </div>
   <div class='ocr_carea' id='block_1_93' title="bbox 2284 4500 3878 4572">
    <p class='ocr_par' dir='ltr' id='par_1_93' title="bbox 2284 4500 3878 4572">
     <span class='ocr_line' id='line_1_93' title="bbox 2284 4500 3878 4572; baseline -0.003 -13"><span class='ocrx_word' id='word_1_582' title='bbox 2284 4518 2496 4570; x_wconf 87' lang='lat' dir='ltr'><strong>camus,</strong></span> <span class='ocrx_word' id='word_1_583' title='bbox 2536 4510 2750 4558; x_wconf 89' lang='lat' dir='ltr'><strong>servata</strong></span> <span class='ocrx_word' id='word_1_584' title='bbox 2804 4510 2988 4557; x_wconf 86' lang='lat' dir='ltr'><strong>tamen</strong></span> <span class='ocrx_word' id='word_1_585' title='bbox 3035 4502 3090 4556; x_wconf 91' lang='lat' dir='ltr'><strong>in</strong></span> <span class='ocrx_word' id='word_1_586' title='bbox 3129 4502 3251 4569; x_wconf 90' lang='lat' dir='ltr'><strong>hoc,</strong></span> <span class='ocrx_word' id='word_1_587' title='bbox 3280 4507 3336 4556; x_wconf 88' lang='lat' dir='ltr'><strong>et</strong></span> <span class='ocrx_word' id='word_1_588' title='bbox 3382 4500 3439 4555; x_wconf 91' lang='lat' dir='ltr'><strong>in</strong></span> <span class='ocrx_word' id='word_1_589' title='bbox 3464 4517 3636 4571; x_wconf 82' lang='lat' dir='ltr'><strong>supra</strong></span> <span class='ocrx_word' id='word_1_590' title='bbox 3662 4502 3878 4572; x_wconf 88' lang='lat' dir='ltr'><strong>scriptis</strong></span> 
     </span>
    </p>
   </div>
   <div class='ocr_carea' id='block_1_94' title="bbox 603 4600 2201 4691">
    <p class='ocr_par' dir='ltr' id='par_1_94' title="bbox 603 4614 2183 4691">
     <span class='ocr_line' id='line_1_94' title="bbox 603 4614 2183 4691; baseline 0.006 -25"><span class='ocrx_word' id='word_1_591' title='bbox 603 4614 906 4668; x_wconf 88' lang='lat' dir='ltr'><strong>secundum</strong></span> <span class='ocrx_word' id='word_1_592' title='bbox 966 4614 1319 4684; x_wconf 89' lang='lat' dir='ltr'><strong>sponsionem</strong></span> <span class='ocrx_word' id='word_1_593' title='bbox 1360 4618 1647 4688; x_wconf 81' lang='lat' dir='ltr'><strong>ejusdem,</strong></span> <span class='ocrx_word' id='word_1_594' title='bbox 1699 4636 1808 4691; x_wconf 88' lang='lat' dir='ltr'><strong>qua</strong></span> <span class='ocrx_word' id='word_1_595' title='bbox 1847 4621 2022 4676; x_wconf 80' lang='lat' dir='ltr'><strong>dixit:</strong></span> <span class='ocrx_word' id='word_1_596' title='bbox 2060 4619 2183 4675; x_wconf 85' lang='lat' dir='ltr'><strong>Non</strong></span> 
     </span>
    </p>
   </div>
   <div class='ocr_carea' id='block_1_95' title="bbox 2300 4600 3876 4691">
    <p class='ocr_par' dir='ltr' id='par_1_95' title="bbox 2300 4600 3876 4665">
     <span class='ocr_line' id='line_1_95' title="bbox 2300 4600 3876 4665; baseline -0.003 -12"><span class='ocrx_word' id='word_1_597' title='bbox 2300 4611 2350 4653; x_wconf 76' lang='lat' dir='ltr'><strong>:a</strong></span> <span class='ocrx_word' id='word_1_598' title='bbox 2379 4610 2641 4655; x_wconf 81' lang='lat' dir='ltr'><strong>mensura</strong></span> <span class='ocrx_word' id='word_1_599' title='bbox 2670 4610 2778 4665; x_wconf 89' lang='lat' dir='ltr'><strong>qua</strong></span> <span class='ocrx_word' id='word_1_600' title='bbox 2823 4600 3439 4653; x_wconf 45' lang='lat' dir='ltr'><strong>antecessores‘vestres</strong></span> <span class='ocrx_word' id='word_1_601' title='bbox 3467 4608 3601 4648; x_wconf 72' lang='lat' dir='ltr'><strong>“SOS</strong></span> <span class='ocrx_word' id='word_1_602' title='bbox 3638 4609 3876 4664; x_wconf 76' lang='lat' dir='ltr'><strong>csseper</strong></span> 
     </span>
    </p>
   </div>
   <div class='ocr_carea' id='block_1_96' title="bbox 601 4703 2185 4781">
    <p class='ocr_par' dir='ltr' id='par_1_96' title="bbox 601 4703 2185 4781">
     <span class='ocr_line' id='line_1_96' title="bbox 601 4703 2185 4781; baseline 0.006 -27"><span class='ocrx_word' id='word_1_603' title='bbox 601 4703 718 4755; x_wconf 80' lang='lat' dir='ltr'><strong>veni</strong></span> <span class='ocrx_word' id='word_1_604' title='bbox 742 4719 940 4773; x_wconf 25' lang='lat' dir='ltr'><strong>[vorare</strong></span> <span class='ocrx_word' id='word_1_605' title='bbox 970 4704 1147 4773; x_wconf 81' lang='lat' dir='ltr'><strong>justas</strong></span> <span class='ocrx_word' id='word_1_606' title='bbox 1174 4748 1188 4773; x_wconf 94' lang='lat'><strong>,</strong></span> <span class='ocrx_word' id='word_1_607' title='bbox 1239 4707 1329 4760; x_wconf 85' lang='lat' dir='ltr'><strong>sed</strong></span> <span class='ocrx_word' id='word_1_608' title='bbox 1371 4718 1667 4779; x_wconf 78' lang='lat' dir='ltr'><strong>peccatores</strong></span> <span class='ocrx_word' id='word_1_609' title='bbox 1711 4710 1781 4762; x_wconf 88' lang='lat' dir='ltr'><strong>ad</strong></span> <span class='ocrx_word' id='word_1_610' title='bbox 1821 4712 2185 4781; x_wconf 78' lang='lat' dir='ltr'><strong>paznitentiam</strong></span> 
     </span>
    </p>
   </div>
   <div class='ocr_carea' id='block_1_97' title="bbox 600 4792 2183 4870">
    <p class='ocr_par' dir='ltr' id='par_1_97' title="bbox 600 4792 2183 4870">
     <span class='ocr_line' id='line_1_97' title="bbox 600 4792 2183 4870; baseline 0.008 -24"><span class='ocrx_word' id='word_1_611' title='bbox 600 4792 822 4863; x_wconf 69' lang='lat' dir='ltr'><strong>(Matth.</strong></span> <span class='ocrx_word' id='word_1_612' title='bbox 851 4796 949 4868; x_wconf 67' lang='grc' dir='ltr'><strong>ιι).</strong></span> <span class='ocrx_word' id='word_1_613' title='bbox 993 4795 1227 4869; x_wconf 91' lang='lat' dir='ltr'><strong>Ideoque</strong></span> <span class='ocrx_word' id='word_1_614' title='bbox 1261 4800 1417 4856; x_wconf 87' lang='lat' dir='ltr'><strong>nobis</strong></span> <span class='ocrx_word' id='word_1_615' title='bbox 1452 4801 1611 4857; x_wconf 83' lang='lat' dir='ltr'><strong>debet</strong></span> <span class='ocrx_word' id='word_1_616' title='bbox 1640 4801 1776 4857; x_wconf 87' lang='lat' dir='ltr'><strong>eflici</strong></span> <span class='ocrx_word' id='word_1_617' title='bbox 1802 4803 2183 4870; x_wconf 82' lang='lat' dir='ltr'><strong>charissimus,</strong></span> 
     </span>
    </p>
   </div>
   <div class='ocr_carea' id='block_1_98' title="bbox 600 4885 2189 4962">
    <p class='ocr_par' dir='ltr' id='par_1_98' title="bbox 600 4885 2189 4962">
     <span class='ocr_line' id='line_1_98' title="bbox 600 4885 2189 4962; baseline 0.008 -25"><span class='ocrx_word' id='word_1_618' title='bbox 600 4885 730 4955; x_wconf 75' lang='lat' dir='ltr'><strong>quia</strong></span> <span class='ocrx_word' id='word_1_619' title='bbox 762 4885 858 4941; x_wconf 89' lang='lat' dir='ltr'><strong>Dei</strong></span> <span class='ocrx_word' id='word_1_620' title='bbox 899 4887 1094 4943; x_wconf 91' lang='lat' dir='ltr'><strong>timore</strong></span> <span class='ocrx_word' id='word_1_621' title='bbox 1140 4899 1444 4959; x_wconf 79' lang='lat' dir='ltr'><strong>correptus,</strong></span> <span class='ocrx_word' id='word_1_622' title='bbox 1476 4900 1699 4962; x_wconf 89' lang='lat' dir='ltr'><strong>apparet</strong></span> <span class='ocrx_word' id='word_1_623' title='bbox 1726 4893 2089 4961; x_wconf 88' lang='lat' dir='ltr'><strong>humillimus,</strong></span> <span class='ocrx_word' id='word_1_624' title='bbox 2133 4902 2189 4949; x_wconf 90' lang='lat' dir='ltr'><strong>et</strong></span> 
     </span>
    </p>
   </div>
   <div class='ocr_carea' id='block_1_99' title="bbox 599 4977 1652 5055">
    <p class='ocr_par' dir='ltr' id='par_1_99' title="bbox 599 4977 1652 5055">
     <span class='ocr_line' id='line_1_99' title="bbox 599 4977 1652 5055; baseline 0.006 -24"><span class='ocrx_word' id='word_1_625' title='bbox 599 4977 731 5045; x_wconf 86' lang='lat' dir='ltr'><strong>quia</strong></span> <span class='ocrx_word' id='word_1_626' title='bbox 766 4977 821 5032; x_wconf 87' lang='lat' dir='ltr'><strong>in</strong></span> <span class='ocrx_word' id='word_1_627' title='bbox 845 4978 1046 5036; x_wconf 83' lang='lat' dir='ltr'><strong>talibus</strong></span> <span class='ocrx_word' id='word_1_628' title='bbox 1072 4978 1365 5051; x_wconf 76' lang='lat' dir='ltr'><strong>requiescit</strong></span> <span class='ocrx_word' id='word_1_629' title='bbox 1390 4981 1533 5038; x_wconf 90' lang='lat' dir='ltr'><strong>Deus</strong></span> <span class='ocrx_word' id='word_1_630' title='bbox 1556 4983 1652 5055; x_wconf 81' lang='grc'><strong>(5).</strong></span> 
     </span>
    </p>
   </div>
   <div class='ocr_carea' id='block_1_100' title="bbox 1814 5162 2174 5188">
    <p class='ocr_par' dir='ltr' id='par_1_100' title="bbox 1814 5162 2174 5188">
     <span class='ocr_line' id='line_1_100' title="bbox 1814 5162 2174 5188; baseline 0 0"><span class='ocrx_word' id='word_1_631' title='bbox 1814 5162 2095 5188; x_wconf 56' lang='grc' dir='ltr'><strong>Πλξιηημι...</strong></span> <span class='ocrx_word' id='word_1_632' title='bbox 2148 5178 2174 5188; x_wconf 60' lang='grc' dir='ltr'><strong>Α</strong></span> 
     </span>
    </p>
   </div>
   <div class='ocr_carea' id='block_1_101' title="bbox 673 5153 1742 5188">
    <p class='ocr_par' dir='ltr' id='par_1_101' title="bbox 673 5153 1742 5188">
     <span class='ocr_line' id='line_1_101' title="bbox 673 5153 1742 5188; baseline 0 0"><span class='ocrx_word' id='word_1_633' title='bbox 673 5153 751 5188; x_wconf 63' lang='grc' dir='ltr'><strong>[οἱ</strong></span> <span class='ocrx_word' id='word_1_634' title='bbox 787 5155 941 5188; x_wconf 58' lang='lat' dir='ltr'><strong>nunt!</strong></span> <span class='ocrx_word' id='word_1_635' title='bbox 995 5158 1068 5188; x_wconf 62' lang='grc' dir='ltr'><strong>λιι</strong></span> <span class='ocrx_word' id='word_1_636' title='bbox 1110 5157 1262 5188; x_wconf 65' lang='grc' dir='ltr'><strong><em>Πηηη</em></strong></span> <span class='ocrx_word' id='word_1_637' title='bbox 1313 5158 1742 5188; x_wconf 61' lang='grc' dir='ltr'><strong>πιηυξηξηηηη..ξη</strong></span> 
     </span>
    </p>
   </div>
   <div class='ocr_carea' id='block_1_102' title="bbox 2285 4686 3875 4758">
    <p class='ocr_par' dir='ltr' id='par_1_102' title="bbox 2285 4686 3875 4758">
     <span class='ocr_line' id='line_1_102' title="bbox 2285 4686 3875 4758; baseline -0.002 -16"><span class='ocrx_word' id='word_1_638' title='bbox 2285 4688 2567 4758; x_wconf 86' lang='lat' dir='ltr'><strong>privilegia</strong></span> <span class='ocrx_word' id='word_1_639' title='bbox 2610 4686 3082 4742; x_wconf 75' lang='lat' dir='ltr'><strong>sanctissimorum</strong></span> <span class='ocrx_word' id='word_1_640' title='bbox 3119 4693 3528 4741; x_wconf 85' lang='lat' dir='ltr'><strong>antecessorum</strong></span> <span class='ocrx_word' id='word_1_641' title='bbox 3558 4696 3875 4741; x_wconf 76' lang='lat' dir='ltr'><strong>uestrorum</strong></span> 
     </span>
    </p>
   </div>
   <div class='ocr_carea' id='block_1_103' title="bbox 2287 4776 3877 4849">
    <p class='ocr_par' dir='ltr' id='par_1_103' title="bbox 2287 4776 3877 4849">
     <span class='ocr_line' id='line_1_103' title="bbox 2287 4776 3877 4849; baseline -0.002 -14"><span class='ocrx_word' id='word_1_642' title='bbox 2287 4778 2672 4849; x_wconf 84' lang='lat' dir='ltr'><strong>cognoveritis.</strong></span> <span class='ocrx_word' id='word_1_643' title='bbox 2721 4777 2967 4845; x_wconf 85' lang='lat' dir='ltr'><strong>Quarum</strong></span> <span class='ocrx_word' id='word_1_644' title='bbox 3015 4777 3340 4849; x_wconf 87' lang='lat' dir='ltr'><strong>dignitatum</strong></span> <span class='ocrx_word' id='word_1_645' title='bbox 3372 4776 3554 4831; x_wconf 89' lang='lat' dir='ltr'><strong>honor</strong></span> <span class='ocrx_word' id='word_1_646' title='bbox 3599 4792 3732 4832; x_wconf 86' lang='lat' dir='ltr'><strong>cum</strong></span> <span class='ocrx_word' id='word_1_647' title='bbox 3763 4792 3877 4832; x_wconf 91' lang='lat' dir='ltr'><strong>mo-</strong></span> 
     </span>
    </p>
   </div>
   <div class='ocr_carea' id='block_1_104' title="bbox 2287 4866 3875 4927">
    <p class='ocr_par' dir='ltr' id='par_1_104' title="bbox 2287 4866 3875 4927">
     <span class='ocr_line' id='line_1_104' title="bbox 2287 4866 3875 4927; baseline -0.003 0"><span class='ocrx_word' id='word_1_648' title='bbox 2287 4871 2441 4927; x_wconf 86' lang='lat' dir='ltr'><strong>desta</strong></span> <span class='ocrx_word' id='word_1_649' title='bbox 2478 4878 2699 4926; x_wconf 88' lang='lat' dir='ltr'><strong>actuum</strong></span> <span class='ocrx_word' id='word_1_650' title='bbox 2735 4870 3024 4926; x_wconf 87' lang='lat' dir='ltr'><strong>vivacitate</strong></span> <span class='ocrx_word' id='word_1_651' title='bbox 3074 4869 3373 4926; x_wconf 87' lang='lat' dir='ltr'><strong>servandus</strong></span> <span class='ocrx_word' id='word_1_652' title='bbox 3415 4876 3520 4924; x_wconf 90' lang='lat' dir='ltr'><strong>est.</strong></span> <span class='ocrx_word' id='word_1_653' title='bbox 3576 4866 3875 4924; x_wconf 79' lang='lat' dir='ltr'><strong>Hortamur</strong></span> 
     </span>
    </p>
   </div>
   <div class='ocr_carea' id='block_1_105' title="bbox 2283 4962 3874 5022">
    <p class='ocr_par' dir='ltr' id='par_1_105' title="bbox 2283 4962 3874 5022">
     <span class='ocr_line' id='line_1_105' title="bbox 2283 4962 3874 5022; baseline -0.005 0"><span class='ocrx_word' id='word_1_654' title='bbox 2283 4971 2469 5022; x_wconf 71' lang='lat' dir='ltr'><strong>tamen</strong></span> <span class='ocrx_word' id='word_1_655' title='bbox 2498 4972 2558 5019; x_wconf 89' lang='lat' dir='ltr'><strong>ut</strong></span> <span class='ocrx_word' id='word_1_656' title='bbox 2595 4962 2647 5018; x_wconf 91' lang='lat' dir='ltr'><strong>ei</strong></span> <span class='ocrx_word' id='word_1_657' title='bbox 2689 4971 2885 5019; x_wconf 88' lang='lat' dir='ltr'><strong>cuncta</strong></span> <span class='ocrx_word' id='word_1_658' title='bbox 2933 4977 3148 5021; x_wconf 88' lang='lat' dir='ltr'><strong>morum</strong></span> <span class='ocrx_word' id='word_1_659' title='bbox 3198 4968 3509 5017; x_wconf 86' lang='lat' dir='ltr'><strong>vestrorum</strong></span> <span class='ocrx_word' id='word_1_660' title='bbox 3547 4969 3874 5019; x_wconf 80' lang='lat' dir='ltr'><strong>ornamenta</strong></span> 
     </span>
    </p>
   </div>
   <div class='ocr_carea' id='block_1_106' title="bbox 2286 5160 3838 5188">
    <p class='ocr_par' dir='ltr' id='par_1_106' title="bbox 2286 5160 3838 5188">
     <span class='ocr_line' id='line_1_106' title="bbox 2286 5160 3838 5188; baseline 0 0"><span class='ocrx_word' id='word_1_661' title='bbox 2286 5165 2548 5188; x_wconf 56' lang='grc' dir='ltr'><strong>ιιΑηΑ-ΑΜ</strong></span> <span class='ocrx_word' id='word_1_662' title='bbox 2580 5161 2830 5188; x_wconf 61' lang='grc' dir='ltr'><strong>..Α-ιοιεκηη</strong></span> <span class='ocrx_word' id='word_1_663' title='bbox 2849 5179 2862 5188; x_wconf 70' lang='grc' dir='ltr'>ι</span> <span class='ocrx_word' id='word_1_664' title='bbox 2889 5161 3109 5188; x_wconf 55' lang='grc' dir='ltr'><strong>Ἇηιὶειικο</strong></span> <span class='ocrx_word' id='word_1_665' title='bbox 3136 5168 3314 5188; x_wconf 58' lang='grc' dir='ltr'><strong>ιιι-,ΑΜ</strong></span> <span class='ocrx_word' id='word_1_666' title='bbox 3340 5168 3391 5188; x_wconf 70' lang='grc' dir='ltr'><strong>Α.</strong></span> <span class='ocrx_word' id='word_1_667' title='bbox 3414 5160 3678 5188; x_wconf 62' lang='grc' dir='ltr'><strong>Α““.“¹-“</strong></span> <span class='ocrx_word' id='word_1_668' title='bbox 3713 5177 3838 5188; x_wconf 57' lang='grc' dir='ltr'><strong>ΑΑΑ-</strong></span> 
     </span>
    </p>
   </div>
  </div>
