4018 6382
112 360 272 418 1155

1266 353 1626 412 EPISTOLE
1666 351 1753 409 ΕΤ
1794 350 2211 409 DIPLOMATA.

3254 352 3396 409 {liii

109 482 477 543 conveniant,
524 484 795 546 quatenus
831 482 1054 529 auctore
1092 470 1206 530 Deo
1254 480 1400 527 recto
1426 472 1716 542 utrobique
1742 476 1790 532 Α
1815 468 2075 525 Ecclesia:
2129 478 2236 524 tua:
2269 468 2500 525 consilio
2547 481 2929 539 episcoporum
2980 476 3035 524 et
3072 468 3400 527 clericorum

108 568 315 639 possis
346 582 468 624 esse
494 568 849 637 conspicuus.

202 658 392 730 Itaque
413 660 524 714 vita
554 666 648 714 tua
687 658 811 714 filiis
848 656 959 713 tuis
1006 665 1079 712 stt
1122 655 1341 727 regula;
1377 654 1435 709 in
1485 655 1623 724 ipsa,
1667 654 1717 709 si

110 766 241 821 qua
279 751 543 806 tortitudo
564 750 672 807 illis
694 749 895 821 injecta
921 757 1025 816 est,
1061 747 1318 819 dirigant,
1357 747 1414 800 in
1462 762 1528 801 ea
1584 746 1717 815 quid

111 843 416 897 imitentur
436 843 724 913 aspiciant,
750 843 804 896 in
835 842 952 912 ipsa
979 856 1038 897 se
1063 855 1276 910 semper
1319 838 1716 893 considerando

108 934 438 1004 proﬁciant,
463 943 524 990 ut
547 943 701 990 tuum
729 944 855 1004 post
873 932 1065 1001 Deum,
1088 931 1340 987 videatur
1368 946 1489 986 esse
1511 930 1716 984 bonum

109 1030 313 1100 quoad
333 1028 586 1083 vixerint.
612 1026 723 1082 Cor
755 1041 886 1098 ergo
908 1041 1086 1097 neque
1113 1039 1375 1095 prospera
1421 1038 1543 1092 quae
1577 1031 1717 1076 tem-

110 1119 390 1187 poraliter
414 1108 787 1184 blandiuntur,
816 1117 1100 1183 extollant,
1124 1130 1300 1186 neque
1328 1115 1556 1169 adversa
1577 1112 1716 1182 deji-

109 1209 299 1279 ciant,
353 1210 450 1266 sed
495 1209 758 1282 quidquid
794 1208 929 1266 illud
979 1207 1167 1276 fuerit,
1215 1207 1415 1265 virtute
1443 1205 1719 1277 patientia:

111 1302 402 1359 vincatur.

192 1391 343 1447 Iram
375 1383 584 1463 judicio
632 1383 868 1460 refrena,
892 1401 947 1449 et
985 1406 1242 1449 mensura
1289 1388 1590 1460 disciplina:
1638 1386 1718 1443 sic

110 1492 282 1539 utere
303 1492 364 1539 ut
385 1493 440 1540 et
468 1486 655 1556 culpas
677 1485 863 1552 ferias,
890 1494 944 1540 et
977 1501 1008 1540 a
1036 1484 1326 1540 dilectione
1359 1496 1716 1553 personarum

110 1593 270 1648 quas
302 1578 534 1649 corrigis
585 1586 694 1634 non
720 1579 964 1634 recedas.
992 1577 1401 1633 Misericordem
1433 1583 1506 1641 te,
1552 1580 1717 1644 prout

109 1669 303 1725 virtus
332 1670 554 1740 patitur,
581 1672 913 1741 pauperibus
939 1668 1446 1739 exhibe,oppressis
1470 1664 1716 1721 defensio

111 1770 219 1816 tua
284 1761 603 1829 subveniat,
662 1762 1096 1833 opprimentihus
1145 1761 1391 1815 modesta
1447 1757 1715 1813 correctio

1815 569 2155 626 nostrorum,
2196 560 2380 617 sedem
2426 560 2789 631 episcopalem
2823 560 2890 614 de
2932 558 3060 614 Ziza
3094 560 3150 614 in
3195 559 3397 617 Nuem-

1814 651 1955 722 burg
1976 650 2275 707 transferre
2306 650 2702 708 concessimus.
2755 650 2832 706 Ita
2872 667 3019 706 nunc
3053 667 3271 722 quoque
3299 650 3400 708 tibi

1814 743 2068 813 przesenti
2103 758 2228 798 cum
2254 744 2400 798 clero
2430 753 2524 798 tuo
2555 752 2609 799 et
2637 743 2975 815 dignioribus
2998 743 3065 798 de
3107 744 3305 813 populo
3347 754 3402 800 et

1816 834 2024 889 nuntiis
2049 835 2288 903 praedicti
2334 835 2701 905 imperatoris,
2726 844 2782 890 et
2828 833 3223 904 archiepiscopi
3264 851 3399 890 con-

1817 921 1940 977 silio
1966 924 2282 979 eorumdem
2307 924 2837 993 archiepiscoporum
2879 930 2934 977 et
2960 923 3285 978 clericorum
3310 939 3405 978 no-

1817 1024 2057 1071 strorum
2083 1014 2287 1071 factum
2318 1017 2633 1087 probamus,
2670 1024 2724 1070 et
2760 1023 2870 1069 tam
2902 1015 2998 1069 tibi
3030 1031 3193 1085 quam
3222 1015 3403 1069 omni-

1816 1107 1921 1164 bus
1949 1109 2360 1164 successoribus
2384 1108 2491 1162 tuis
2511 1117 2770 1178 perpetua
2794 1107 3087 1162 stabilitate
3110 1107 3403 1162 confirma-

1816 1213 1961 1253 mus.
1993 1197 2149 1265 Quod
2179 1199 2324 1253 enim
2353 1198 2653 1255 secundxm
2687 1213 2924 1253 canones
2950 1213 3049 1267 pro
3075 1198 3402 1253 necessitate

1816 1304 1959 1358 saepe
1980 1288 2185 1344 factum
2215 1287 2387 1343 fuisse
2434 1288 2687 1359 legimus,
2712 1288 2917 1343 nostris
2943 1304 3163 1360 quoque
3189 1297 3399 1359 tempo-

1815 1377 1972 1434 ribus
2001 1378 2121 1433 ﬁeri
2149 1394 2260 1434 non
2293 1379 2665 1449 prohibemus.
2711 1379 2981 1446 Quoniam
3035 1380 3201 1453 igitur
3229 1395 3400 1435 cano-

1816 1465 1957 1533 nice,
1994 1475 2048 1522 et
2073 1469 2350 1523 communi
2378 1483 2650 1525 consensu
2670 1470 2915 1524 omnium
2959 1471 3027 1525 ad
3049 1486 3189 1542 quos
3212 1471 3404 1525 attine—

1816 1557 1930 1623 bat,
1967 1557 2111 1614 sedis
2136 1566 2244 1613 tua:
2267 1559 2555 1614 translatio
2577 1559 2720 1616 facta
2741 1568 2844 1627 est,
2869 1560 3077 1630 absque
3098 1559 3247 1616 omni
3269 1574 3402 1616 con-

1816 1649 2139 1705 tradictione
2163 1650 2407 1706 universi
2427 1667 2770 1708 successores
2800 1652 2875 1706 tui
2906 1668 2936 1706 a
2967 1650 3398 1722 Nuemburgensi

1817 1738 1987 1805 clero,
2024 1747 2079 1793 et
2111 1740 2313 1810 populo
2342 1740 2633 1812 eligantur,
2676 1748 2839 1811 atque
2874 1742 2942 1796 ad
2983 1741 3235 1796 eumdem
3271 1739 3403 1794 titu-

109 1842 484 1907 coritradicat.
514 1828 752 1907 Nullius
772 1851 968 1907 faciem
1015 1859 1207 1907 contra
1254 1848 1524 1920 justitiam
1569 1846 1713 1901 acci-

1816 1828 1929 1883 lum
1962 1830 2287 1902 regulariter
2319 1841 2730 1899 consecrentur,
2762 1840 2816 1887 et
2844 1831 3399 1903 Magdeburgensibus

109 1944 265 2015 pies,
288 1942 501 1999 nullum
546 1932 879 2015 quaerentem
915 1943 1065 2015 justa
1100 1942 1391 2014 despicias.
1444 1940 1706 1996 Custodia

108 2037 171 2090 in
203 2046 262 2092 te
295 2036 568 2107 aequitatis
605 2035 853 2103 excellat,
879 2045 939 2091 ut
971 2052 1070 2091 nec
1100 2035 1320 2091 divitem
1348 2032 1592 2104 potentia
1609 2047 1708 2087 sua

107 2128 329 2199 aliquid
352 2130 496 2199 apud
518 2144 618 2185 vos
638 2138 793 2185 extra
824 2128 967 2183 viam
989 2129 1215 2203 suadeat
1237 2125 1466 2183 rationis
1487 2125 1705 2191 audire;

107 2238 221 2278 nec
258 2237 551 2294 pauperem
577 2221 643 2277 de
677 2237 737 2276 se
761 2237 860 2276 sua
884 2220 1049 2276 faciat
1089 2219 1371 2275 humilitas
1394 2219 1708 2289 desperare,

109 2323 393 2385 quatenus
425 2311 537 2368 Deo
566 2313 862 2369 miserante
894 2313 1019 2369 talis
1062 2311 1244 2384 possis
1285 2311 1533 2380 existere,
1573 2324 1711 2379 qua-

108 2406 228 2462 lem
261 2421 418 2462 sacra
467 2405 630 2460 lectio
681 2404 944 2476 przecipit,
988 2404 1222 2460 dicens:
1258 2402 1477 2474 Oportet
1505 2401 1711 2472 episco-

108 2514 247 2569 pum
280 2495 787 2568 irrcprchensibilem
811 2513 939 2551 esse.
972 2494 1077 2552 Sed
1111 2496 1166 2551 in
1201 2494 1287 2551 bis
1327 2492 1584 2551 omnibus
1631 2493 1711 2549 uti

110 2590 416 2647 salubriter
445 2589 681 2659 poteris,
707 2588 754 2644 si
783 2589 1100 2660 magistram
1137 2588 1461 2644 charitatem
1504 2586 1712 2642 habue—

111 2684 228 2750 ris;
262 2697 428 2753 quam
463 2681 558 2752 qui
583 2690 806 2737 secutus
836 2679 1022 2749 fuerit,
1047 2696 1078 2736 a
1108 2688 1259 2736 recto
1283 2680 1578 2751 aliquando
1599 2687 1713 2734 tra—

112 2774 255 2829 mite
277 2789 386 2828 non
412 2773 635 2828 recedit.

190 2865 353 2933 Ecce,
381 2864 550 2920 frater
584 2864 931 2933 cbarissimc,
956 2865 1096 2921 inter
1116 2865 1288 2921 multa
1318 2865 1425 2920 alia
1447 2864 1552 2921 ista
1583 2872 1715 2921 sunt

112 2958 551 3033 sacerdotii,ista
582 2967 712 3015 sunt
739 2958 976 3028 pallii,et
998 2958 1380 3030 praedictarum
1404 2958 1669 3014 virtutum
1695 2974 1713 3012 :

113 3067 248 3122 quae
285 3050 333 3107 si
376 3040 621 3107 studiose
668 3050 998 3117 servaveris,
1049 3051 1197 3131 quod
1248 3049 1386 3106 foris
1437 3050 1715 3121 accepisse

114 3142 450 3210 ostenderis,
475 3142 625 3197 intus
653 3143 899 3199 habebis.
935 3143 1135 3199 Sancta
1173 3142 1412 3199 Trinitas
1461 3141 1715 3198 fraterni-

117 3242 291 3290 tatem
323 3243 471 3291 tuam
505 3235 693 3307 gratiae
728 3251 843 3292 sure
870 3236 1207 3306 protectione
1252 3236 1583 3302 circumdet;
1629 3242 1714 3289 at—

117 3341 233 3397 que
261 3325 317 3380 in
342 3326 560 3383 timoris
578 3328 665 3383 sui
694 3328 840 3383 viam
884 3344 988 3385 nos
1035 3328 1255 3399 dirigat,
1310 3336 1370 3382 ut
1417 3336 1541 3397 post
1585 3328 1710 3382 vita:

118 3418 290 3488 hujus
318 3420 759 3489 amaritudinem,
794 3420 865 3476 ad
909 3428 1170 3478 teternam
1217 3420 1383 3476 simul
1425 3421 1712 3492 pervenire

116 3510 469 3567 dulcedinem
493 3527 826 3568 mereamur.

198 3601 472 3674 Scriptum
513 3621 609 3675 per
660 3621 858 3662 manus
889 3605 1064 3678 Sergii
1100 3605 1301 3661 notarii
1331 3604 1626 3677 regionarii
1661 3612 1716 3661 et

116 3695 401 3773 scriniarii
422 3696 893 3754 sanctteRomana:
911 3697 1190 3768 Ecclesize,
1214 3713 1403 3755 mense
1428 3697 1713 3767 Januario,

120 3787 424 3845 indictione
456 3790 901 3860 quintadecima.
994 3850 1001 3853 ,
1082 3816 1087 3819 ·

831 3883 975 3941 XIX.

122 3975 522 4050 IoannesXIX
558 3978 732 4032 sedem
761 3978 1121 4050 episcopalem
1159 3978 1295 4050 (Σίκα
1341 3976 1712 4050 Numburgum

201 4046 516 4102 translatam
541 4058 726 4119 rogatu
752 4046 1074 4102 Hildiw'ardi
1089 4047 1319 4121 episcopi
1339 4046 1637 4120 conﬁrmat.

738 4140 899 4196 Anno
926 4140 1086 4196 1052.

351 4231 564 4304 [Μλκεῃ
598 4231 825 4301 Concil.,
850 4243 985 4289 tom.
1019 4231 1163 4301 XIX,
1198 4233 1302 4289 col.
1340 4231 1490 4306 481.]

199 4321 430 4380 Joannes
457 4324 767 4396 episcopus,
819 4340 1011 4380 servus
1056 4341 1340 4381 servorum
1372 4324 1488 4391 Dei,
1514 4324 1711 4381 dilecto

127 4418 188 4473 in
216 4416 435 4472 Christo
469 4418 581 4473 lilio
620 4416 970 4472 "ILDIWARDO
1011 4426 1213 4473 sancta:
1247 4416 1710 4487 Nucmburgensis

127 4508 391 4566 Ecclesia:
418 4509 702 4581 episcopo,
740 4516 795 4564 et
831 4509 1087 4564 omnibus
1140 4508 1552 4565 successoribus
1601 4508 1709 4562 tuis

130 4612 449 4673 perpetuam
479 4602 533 4656 in
560 4601 792 4656 Domino
815 4601 1069 4657 salutem.

202 4692 469 4749 Convenit
496 4694 796 4765 apostolico
830 4692 1188 4748 moderamini
1217 4691 1304 4763 pia
1338 4690 1714 4761 religionepe-

133 4784 377 4841 tentibus
417 4786 677 4841 benevola
719 4785 1100 4855 cooperztione
1138 4797 1478 4848 succurrere,
1520 4796 1584 4836 ac
1611 4797 1713 4852 po-

134 4876 400 4933 scentium
423 4878 621 4934 animis
643 4878 807 4934 alacri
818 4878 1101 4932 devotione
1122 4876 1383 4946 impertiri
1405 4890 1716 4931 assensum.

135 4968 216 5024 Ex
247 4970 353 5025 hoc
373 4970 517 5025 enim
545 4971 684 5025 lucri
722 4969 1066 5041 potissimum
1111 4968 1395 5038 praemium
1435 4984 1468 5023 a
1515 4967 1707 5023 condi-

120 5044 255 5116 tore
276 5061 519 5116 omnium
558 5061 670 5115 Deo
699 5060 889 5131 procul
917 5060 1083 5115 dubio
1108 5076 1504 5130 promeremur,
1537 5059 1585 5115 si
1617 5075 1712 5115 ve-

138 5152 543 5209 nerabilialoea
576 5146 879 5223 opportune
925 5153 1175 5208 ordinata
1218 5144 1273 5208 et
1320 5153 1387 5208 ad
1429 5153 1709 5208 meliorem

136 5261 236 5315 per
261 5244 598 5301 vos-fuerint
632 5246 835 5299 statum
872 5245 1151 5315 perducta.
1209 5244 1361 5300 Sicut
1395 5260 1546 5315 ergo,
1577 5245 1711 5299 cha-

138 5337 358 5393 risslme
378 5337 476 5404 ﬁli,
510 5337 607 5393 tibi
630 5337 840 5393 absenti
870 5345 1066 5410 rogatu.
1108 5337 1204 5391 filii
1244 5338 1419 5392 nostri
1443 5337 1714 5393 Christia-

138 5429 354 5485 nissimi
415 5430 757 5503 imperatoris
795 5429 1053 5498 Conradi,
1099 5439 1155 5486 et
1204 5430 1497 5487 eonfratris
1543 5431 1716 5487 nostri

138 5518 405 5577 Hunfredi
432 5521 907 5596 Magdeburgensis
935 5523 1347 5595 archiepiscOpi,
1372 5540 1472 5578 nec
1498 5540 1606 5578 non
1650 5525 1717 5578 il-

139 5614 321 5669 lorum
367 5616 462 5687 qui
496 5615 862 5671 hmreditatem
892 5631 1051 5670 suam
1079 5617 1321 5672 ecclesia:
1347 5615 1714 5684 contulerunt,

140 5704 395 5762 videlicet
431 5704 727 5761 Hermanni
752 5707 1109 5775 marchionis,
1132 5716 1187 5763 et
1213 5707 1457 5779 germani
1478 5706 1563 5763 sui
1606 5706 1717 5762 Ek—

140 5798 387 5877 Iiihardi,
401 5807 456 5857 et
473 5798 706 5857 maxime
726 5814 826 5872 pro
858 5815 1056 5872 magna
1078 5798 1307 5855 utilitate
1339 5808 1393 5856 et
1429 5799 1721 5855 securitate

1741 4556 1795 4611 Β

1809 1922 2254 1993 archiepiscopis,
2288 1939 2523 1994 quorum
2544 1925 2824 1980 dimccsim
2860 1926 3144 1981 translatio
3173 1941 3280 1981 non
3305 1942 3401 1980 ex—

1809 2013 1971 2081 cedit,
2004 2023 2187 2085 utpote
2209 2015 2646 2086 metropolitanis
2676 2017 2791 2072 suis
2819 2018 2968 2072 onmi
2994 2017 3214 2087 pietatis
3235 2016 3401 2072 devo-

1812 2106 1958 2161 tione
1984 2106 2095 2161 sint
2119 2106 2373 2177 subjecti.
2394 2105 2509 2162 Hoc
2538 2122 2755 2177 quoque
2777 2106 3181 2162 communicato
3210 2106 3400 2181 conci,-

1809 2195 1885 2252 lio
1905 2198 2083 2270 placet
2108 2198 2324 2264 addere,
2366 2198 2513 2269 quod
2534 2196 2776 2253 Ecclesia
2806 2196 3095 2254 Citieensis
3121 2199 3176 2253 in
3220 2199 3399 2254 hono—

1811 2304 1927 2346 rem
1951 2292 2237 2347 beatorum
2263 2292 2637 2361 apostolorum
2658 2290 2803 2346 Petri
2831 2301 2883 2346 et
2905 2290 3055 2345 Pauli
3082 2300 3401 2348 consecrata

1811 2397 1923 2437 non
1952 2381 2284 2437 omnimodis
2321 2382 2647 2454 negligatur,
2681 2382 2777 2437 sed
2830 2382 2884 2436 in
2929 2382 3051 2437 loco
3073 2382 3400 2437 clericorum

1811 2472 1869 2526 in
1912 2471 2229 2544 Nuemburg
2263 2473 2669 2528 transeuntium
2714 2473 2967 2528 monachi
3011 2474 3094 2528 vel
3147 2473 3400 2529 canonici

1812 2554 2233 2630 substituuntur,
2266 2563 2362 2634 qui
2408 2562 2671 2634 integrius
2710 2563 2990 2633 stipendiis
3017 2563 3259 2635 ejusdem
3305 2579 3399 2620 cc-

1812 2654 1994 2710 clesite
2029 2654 2165 2710 inibi
2201 2653 2313 2709 Deo
2341 2654 2598 2721 serviant,
2622 2662 2677 2710 et
2718 2655 2859 2710 sicut
2892 2655 3044 2725 pacis
3093 2656 3189 2710 lilii
3236 2656 3404 2712 matri

1813 2758 1927 2801 sua;
1951 2742 2388 2816 Nuemburgensi
2417 2744 2677 2801 Ecclesim
2710 2746 2763 2801 in
2795 2745 3030 2801 Domino
3062 2762 3277 2818 semper
3303 2749 3399 2803 de-

1811 2845 1936 2892 vote
1958 2836 2233 2901 obediant.
2279 2835 2486 2907 Siquis
2528 2845 2730 2904 autem,
2759 2839 2906 2909 quod
2954 2839 3178 2907 minime
3222 2840 3401 2895 credi~

1813 2944 1958 2995 mus,
1986 2927 2275 2983 temeraria
2309 2929 2736 2999 przesmnptione
2770 2937 2961 2987 contra
2996 2930 3099 2985 hoc
3149 2938 3401 2985 nostrum

1815 3020 2174 3090 apostolicum
2198 3016 2542 3091 privilegium
2583 3020 2791 3089 venire,
2826 3029 2921 3075 aut
2953 3021 3008 3076 in
3051 3022 3235 3092 aliquo
3267 3037 3407 3077 con-

1814 3112 1981 3166 traire
2005 3112 2436 3182 praesumpserit,
2463 3127 2558 3166 seu
2581 3112 2818 3167 violator
2844 3114 3130 3179 exstiterit,
3160 3113 3297 3169 sciat
3321 3130 3406 3181 se,

1741 3180 1783 3238 (ἶ
1816 3180 2140 3257 auctoritate
2166 3180 2262 3256 Dei
2305 3203 2699 3273 omnipotentis
2737 3212 2789 3258 et
2826 3202 2970 3258 beati
3026 3180 3402 3273 apostolorum

1815 3293 2079 3364 principis
2099 3292 2267 3360 Petri,
2294 3309 2358 3348 ac
2382 3301 2591 3357 nostra,
2632 3293 2996 3349 anathematis
3032 3294 3253 3350 vinculo
3281 3311 3404 3351 esse

1816 3384 2167 3452 innodatum,
2184 3392 2239 3438 et
2273 3400 2304 3437 a
2327 3398 2497 3455 regno
2521 3382 2614 3438 Dei
2639 3383 2898 3450 alienum,
2924 3391 3086 3454 atque
3108 3400 3233 3440 cum
3262 3385 3402 3441 Iuda

1812 3475 2073 3531 traditore
2094 3474 2310 3530 Domini
2338 3474 2510 3530 neStri
2527 3472 2657 3529 Iesu
2691 3473 2895 3530 Christi
2921 3475 3131 3530 socium
3155 3474 3402 3531 futurum

1814 3566 2055 3635 inferno,
2084 3566 2746 3637 exeommunicationique
2769 3567 3071 3637 subjaeeat,
3103 3568 3279 3624 donec
3312 3586 3403 3625 re-

1815 3659 2081 3729 sipiscens
2098 3658 2166 3713 ad
2193 3657 2622 3714 satisfactionem
2669 3667 2724 3713 et
2751 3670 3049 3729 congruam
3074 3660 3408 3713 emendatio-

1813 3765 1938 3805 nem
1963 3757 2287 3804 revertatur.
2314 3746 2422 3815 Qui
2451 3762 2581 3803 vero
2604 3762 2706 3827 suo
2748 3749 2950 3804 intuitu
2975 3758 3197 3804 curator
3224 3759 3278 3805 et
3306 3751 3407 3805 ob-

1814 3847 2065 3895 servator
2088 3838 2253 3908 hujus
2278 3838 2451 3894 nostri
2478 3840 2767 3908 apostolici
2807 3838 3072 3912 privilegii
3112 3842 3405 3907 exstiterit,

1812 3930 2209 3986 benedictionis
2234 3930 2489 4001 gratiam,
2524 3931 2804 4003 vitamque
2833 3940 3115 3999 aeternam,
3138 3941 3192 3987 et
3216 3933 3408 3987 aeterni
3469 3937 3474 3941 '

1812 4020 1967 4092 regni
1997 4020 2190 4092 gaudia
2214 4036 2245 4074 a
2265 4019 2502 4076 Domino
2522 4022 2802 4093 percipere
2828 4031 3103 4079 mereatur
3122 4024 3178 4080 in
3206 4024 3405 4079 smcula

1813 4111 2413 4169 szeculorum.Amen.‘
2547 4182 2644 4238 xx
2722 4190 2723 4193 η

1814 4260 2062 4335 Epistola
2105 4223 2334 4318 Joannis
2370 4261 2514 4386 ΧΙέ
2549 4223 3018 4345 monasterio
3070 4263 3129 4320 S.
3177 4263 3409 4320 Joannis

2496 4350 2741 4386 naertaco

2496 4350 2741 4405 ngerraco

2314 4425 2496 4496 (Anno
2536 4425 2910 4498 rost—1055.)

2029 4514 2233 4589 [Gallia
2269 4514 2619 4583 Chritisana,
2653 4524 2787 4571 tom.
2825 4515 2913 4584 ll,
2944 4533 2997 4587 p.
3039 4514 3192 4589 466.]

1886 4586 2474 4676 Iomans’episcopus,
2513 4590 2711 4663 servus
2746 4623 3031 4662 servorum
3081 4607 3411 4674 Dei,ourbi9

1819 4694 2007 4750 Romae
2026 4695 2264 4749 vicarius
2286 4694 2571 4749 beatorum
2596 4694 2739 4750 Petri
2758 4704 2812 4750 et
2832 4694 2986 4750 Pauli
3006 4697 3407 4765 apostolorum,

1821 4787 2076 4842 omnibus
2107 4785 2537 4857 archiepiscopis
2568 4794 2622 4841 et
2652 4786 2921 4856 episcopis
2970 4784 3270 4842 Galliarum
3308 4788 3413 4842 de-v

1821 4879 2095 4950 gentibus,
2139 4894 2265 4935 cum
2307 4878 2608 4935 WILLELIIO
2649 4879 2903 4952 religioso
2939 4880 3077 4934 duce
3100 4880 3413 4951 Aquitano—

1815 4987 1958 5038 rum,
1976 4979 2029 5026 et
2046 4970 2333 5026 (ἔθηκευο
2349 4972 2547 5026 comite
2561 4971 2885 5042 Engolismze
2906 4972 3144 5027 civitatis
3159 4987 3412 5027 commo-

1813 5063 1988 5130 raati;
2034 5079 2137 5118 nec
2172 5078 2282 5118 non
2313 5062 2443 5119 ΕιιΑ
2480 5066 2678 5119 comite
2709 5063 3068 5135 Petragoricaa
3110 5064 3265 5119 urbis
3304 5064 3409 5119 de»

1817 5154 1983 5225 genti,
2019 5155 2290 5225 simulque
2326 5155 2451 5210 ﬁliis
2485 5154 2730 5226 ilugonis
2772 5166 2953 5210 castro
2980 5154 3267 5210 Leziniaco
3308 5156 3413 5208 ha-

1819 5244 2148 5310 bitantibus;
2197 5243 2439 5320 itemque
2487 5243 2788 5303 Wiurtno
2825 5244 2899 5302 de
2938 5242 3292 5310 Paterniaco,
3348 5250 3411 5307 ct

1819 5338 1927 5397 alio
1955 5336 2257 5392 WILLsLuo
2280 5337 2345 5391 de
2366 5335 2704 5403 Talamonte,
2730 5336 2931 5406 pariter
2949 5352 3075 5390 eum
3103 5322 3413 5391 WILLELuo

1817 5431 2135 5487 vicecomite
2159 5430 2271 5486 filio
2291 5428 2516 5485 Kalonis
2537 5430 2603 5485 de
2624 5426 3115 5495 Castello~0niaco,
3139 5428 3417 5483 Αιιιειιιω

1821 5526 1888 5581 de
1917 5523 2242 5595 Taleburgo,
2274 5521 2576 5577 WILLsLuo
2607 5522 2672 5576 de
2703 5520 2996 5594 Surgeriis,
3045 5529 3100 5577 et
3142 5520 3413 5586 Autumo,

1823 5616 2187 5686 omnibusque
2212 5615 2542 5682 senioribus,
2557 5614 2937 5693 'minoribusve
2959 5613 3261 5684 Aquitaniae
3280 5629 3418 5683 pare

1825 5709 1971 5765 tibus
2026 5708 2516 5773 commorantibus,
2570 5708 2800 5763 salutem
2850 5706 3224 5763 beatissimam
3279 5720 3411 5760 cum-

1824 5801 2204 5859 benedictione
2241 5800 2558 5873 apostolica.
