4018 6386
644 294 781 353 “53

1884 294 2165 351 JOANNIS
2202 292 2320 349 XIX
2362 290 2565 348 PAPIE

3746 291 3849 349 “56

708 410 987 482 Rogamus
1007 422 1108 464 vos
1129 419 1342 473 omnes,
1372 405 1730 479 suprascripti
1756 407 2022 475 seniores,
2045 416 2100 464 et
2120 406 2216 478 qui
2246 410 2292 465 A
2317 404 2463 460 beris
2485 404 2554 458 ab
2574 398 2778 473 angelis
2821 399 3050 468 sanctis,
3082 406 3338 455 :eternam
3378 397 3591 454 habeas
3616 401 3840 471 requiem.

639 502 729 557 hic
770 499 992 585 nomine
1039 506 1200 554 tenus
1241 514 1353 553 non
1393 506 1523 554 sunt
1553 499 1749 570 positi,
1796 513 1893 554 vos
1936 499 2214 569 vestrique

640 602 1007 656 successores,
1056 602 1230 658 usque
1268 588 1324 643 in
1370 596 1691 659 perpetuum
1732 588 2007 645 custodire
2050 588 2217 658 hujus

639 687 843 735 nostra:
876 676 1077 744 tentus,
1106 676 1355 731 videlicet
1375 683 1438 730 ut
1461 676 1854 732 monasterium
1886 676 2219 733 sanctissimi

642 785 707 827 ac
739 769 1039 826 beatissimi
1071 762 1424 841 prazcursoris
1456 776 1509 822 et
1534 767 1790 840 martyris
1816 768 2019 823 Christi
2049 756 2231 823 Joan-'

644 864 750 930 nis,
779 873 833 919 et
853 862 1184 933 confessoris
1211 861 1423 937 domini
1458 858 1786 931 Reverentii,
1818 862 2120 931 positorum
2164 860 2220 915 in

641 953 765 1010 loco
790 955 883 1029 qui
911 955 1111 1010 dicitur
1140 940 1461 1024 Angeriaeo,
1496 951 1564 1006 ab
1589 951 1691 1007 hac
1716 952 1969 1022 praesenti
1992 953 2079 1009 die
2098 942 2217 1005 Kal.

642 1034 930 1115 Maiarum,
960 1044 1266 1111 defendere,
1309 1059 1373 1099 ac
1413 1044 1647 1115 benigne
1671 1044 1913 1100 tractetis
1942 1058 2066 1099 cum
2096 1043 2224 1098 reli-

645 1139 798 1209 gioso
850 1137 1053 1192 domno
1100 1134 1387 1207 Ayanerico
1426 1135 1668 1205 ejusdem
1715 1135 1874 1190 Patre
1915 1136 2040 1203 loci,
2098 1150 2224 1190 cum

644 1236 842 1297 cuncta
870 1236 1084 1282 caterva
1117 1227 1511 1281 monachorum
1544 1242 1573 1280 a
1602 1226 1713 1282 Deo
1749 1227 1852 1282 sibi
1889 1228 2112 1292 credita,
2150 1227 2225 1282 ita

643 1318 915 1385 venerari,
956 1316 1097 1373 sicut
1128 1312 1285 1371 decet
1333 1317 1387 1370 in
1431 1316 1706 1385 omnibus,
1759 1316 1996 1387 maxime
2044 1326 2225 1371 tamen

644 1421 745 1479 pro
784 1423 850 1462 eo
880 1408 1026 1489 quod
1063 1404 1309 1489 regulam
1355 1408 1688 1485 sanctissimi
1729 1406 1908 1481 Patris
1949 1405 2222 1462 Benedicti

645 1498 1026 1554 inviolabiliter
1062 1497 1371 1578 audivimus
1415 1499 1698 1573 custodiri.
1744 1498 2087 1569 Quapropter
2124 1498 2224 1551 ob-

646 1592 775 1665 nixe
794 1576 1097 1663 precamur
1125 1600 1178 1647 et
1199 1576 1561 1663 praecipiendo
1589 1590 1934 1661 praecipimus
1958 1599 2018 1644 ut
2045 1580 2226 1646 nullus

648 1682 719 1737 sit
733 1684 802 1737 ab
820 1684 920 1737 hac
934 1683 1067 1738 hora
1083 1672 1299 1737 inantea
1317 1697 1488 1751 usque
1505 1682 1557 1735 in
1577 1682 1771 1737 saecula
1797 1681 2118 1741 szeculorUm
2138 1698 2226 1738 res

646 1765 890 1842 praedicti
916 1773 1233 1829 monasterii
1258 1779 1521 1828 temerare
1544 1768 1783 1843 [aususl.
1808 1780 1863 1828 et
1890 1773 2035 1842 quod
2058 1773 2226 1829 absit!
2248 1753 2305 1807 ’Β

652 1852 858 1935 aliquid
889 1852 1083 1919 exinde
1109 1862 1327 1917 auferre
1348 1869 1661 1933 przesumat,
1698 1863 1806 1918 nisi
1856 1863 2231 1918 tantummodo

648 1970 718 2010 ex
743 1970 1012 2011 consensu
1035 1954 1276 2024 ejusdem
1299 1952 1405 2008 ioci
1426 1950 1605 2007 Patris
1627 1961 1680 2006 et
1701 1953 1946 2007 omnium
1976 1952 2228 2009 fratrum.

654 2046 712 2101 Si
737 2046 861 2116 quis
884 2053 1063 2100 autem
1092 2044 1234 2099 hanc
1274 2051 1517 2099 nostram
1559 2044 1915 2099 assertionem
1959 2043 2233 2099 custodire

653 2124 907 2205 voluerit,
932 2136 1127 2194 habeat
1156 2137 1585 2193 benedictionem
1610 2152 1640 2190 a
1676 2134 1812 2190 Filio
1840 2138 1897 2191 s.
1920 2135 2102 2191 Mariae
2121 2146 2173 2191 ct
2202 2146 2232 2191 a

650 2244 989 2300 praecursore
1015 2224 1258 2298 ejusdem
1288 2226 1502 2281 Domini
1544 2227 1717 2282 nostri
1751 2225 1881 2282 Jesu
1913 2227 2139 2294 Christi,
2180 2237 2235 2282 et

652 2319 935 2375 absolutus
960 2321 1030 2374 sit
1050 2336 1080 2376 a
1101 2318 1161 2373 B.
1186 2318 1346 2373 Petro
1374 2319 1640 2391 apostolo,
1687 2327 1741 2373 et
1784 2333 1816 2374 a
1862 2333 1950 2374 me
1989 2319 2233 2395 ejusdem

652 2408 888 2481 pastOris
932 2397 1290 2491 vicario,lab
1324 2402 1596 2466 omnibus
1639 2420 1988 2481 peccatorum
2039 2412 2233 2491 vincu-

652 2503 749 2579 lis,
768 2513 872 2559 etc.
922 2488 1246 2560 vos‘autem
1282 2498 1455 2559 valete
1489 2493 1544 2558 et
1571 2494 1672 2576 pro
1706 2516 1793 2559 me
1829 2513 2000 2560 orate.
2062 2488 2067 2493 ’

948 2684 955 2691 ,
1373 2614 1517 2673 XXI.
1559 2610 1567 2620 ’
2171 2675 2174 2678 ,

657 2707 900 2780 Epistola
920 2706 1148 2767 Joannis
1164 2706 1306 2763 XIX
1333 2725 1484 2779 papa:
1510 2706 1579 2763 ad
1604 2704 1946 2762 Cuillelmum
1968 2708 2232 2763 comitem.

1176 2799 1357 2873 (Circa
1390 2815 1480 2854 an.
1517 2798 1705 2869 1050.)

658 2891 921 2965 [Histoire
966 2891 1208 2962 générale
1249 2892 1321 2947 du
1362 2888 1679 2961 Languedoc
1715 2898 1849 2945 tom.
1881 2888 1945 2958 II,
1982 2889 2233 2956 Preuvcs,

728 2999 850 3056 pag.
886 2982 1008 3048 185,
1033 2999 1100 3038 ex
1115 2980 1389 3037 Chronico
1418 2996 1523 3035 ms.
1546 2980 1880 3052 Amymerici
1928 2982 1996 3038 de
2016 2981 2232 3053 Peyrat.

729 3073 986 3145 Bibliotlt.
1002 3126 1003 3131 η
1018 3070 1285 3145 Colbert.]
1964 3125 1969 3129 .

731 3163 961 3233 Josxxss
999 3166 1311 3236 episcOpus,
1337 3178 1528 3219 servus
1561 3179 1844 3219 servorum
1865 3161 1985 3233 Dei,
2014 3163 2239 3221 domino

662 3255 973 3321 Ουιιιεωιο
1002 3256 1242 3328 glorioso
1268 3256 1474 3323 comiti,
1525 3255 1904 3311 charissimam
1934 3255 2164 3311 salutem
2186 3266 2242 3311 ct

661 3349 1017 3419 apostolicam
1046 3348 1499 3405 benedictionem.
1774 3402 1778 3409 λ

734 3439 999 3508 Mittimus
1027 3440 1093 3494 ad
1119 3448 1272 3495 tuam
1320 3439 1711 3510 benignitatem
1740 3436 1907 3494 veluti
1936 3439 2005 3495 ad
2028 3440 2240 3517 charis}

664 3532 861 3589 simum
884 3529 1082 3604 tilium,
1113 3539 1175 3588 ut
1207 3531 1400 3586 audias
1423 3539 1669 3586 nostram
1701 3532 2161 3599 exhortationem,
2190 3543 2244 3587 et

664 3622 976 3683 benefaeias
999 3622 1335 3689 monasterio,
1351 3622 1525 3678 sancti
1547 3621 1693 3677 Petri
1717 3623 1784 3685 de
1832 3622 2155 3693 Moyssiaco,
2187 3634 2244 3680 ut

664 3715 780 3784 ipse
796 3716 987 3769 beatus
1015 3714 1228 3780 Petrus,
1255 3713 1349 3783 qui
1413 3722 1496 3768 est
1548 3723 1735 3782 pastor
1772 3723 1826 3768 et
1861 3714 2097 3770 nutritor
2126 3730 2246 3768 om—

667 3807 819 3863 nium
861 3804 1124 3872 ﬁdelium,
1157 3803 1463 3860 benefaciat
1496 3803 1564 3858 de
1594 3811 1645 3858 te
1671 3819 1796 3859 cum
1825 3819 1857 3858 a
1886 3805 2139 3875 praesenti
2161 3804 2243 3859 vi-

667 3905 722 3950 ta
752 3896 1141 3956 ,subtraxeris.
1178 3894 1451 3950 Arnaldns
1482 3893 1634 3950 Oddo
1674 3896 1793 3952 vice
1824 3910 2007 3952 comes
2039 3896 2246 3952 Gasco-

670 3988 797 4055 uiae,
829 3988 985 4042 miles
1011 3995 1159 4054 tuus,
1191 3988 1433 4059 possidet
1455 3988 1657 4057 injuste
1681 3988 1819 4044 duas
1840 3988 2101 4044 ecclesias
2124 4004 2248 4059 qua:

626 4132 631 4137 .
670 4079 940 4148 pertinent
967 4080 1080 4150 jam
1127 4080 1274 4134 dicto
1321 4080 1656 4135 monasterio
1696 4078 1881 4135 Sancti
1903 4079 2083 4148 Petri;
2135 4096 2245 4136 una

668 4179 754 4224 est
774 4171 1037 4225 :editicata
1068 4171 1136 4225 ad
1164 4171 1427 4226 honorem
1457 4172 1630 4227 sancti
1658 4168 1897 4239 Martini,
1919 4172 1973 4225 in
2003 4173 2125 4227 loco
2151 4172 2245 4241 qui

666 4261 868 4317 dicitur
888 4260 1133 4328 Orriolo;
1166 4262 1271 4316 alia
1297 4263 1471 4319 sancti
1513 4262 1818 4330 Saturnini,
1864 4263 1920 4317 in
1951 4262 2245 4321 Flamalin-

670 4353 772 4424 gis.
802 4352 993 4418 Manda
1021 4351 1262 4407 Arualdo
1285 4362 1343 4407 ut
1364 4354 1555 4408 reddat
1584 4364 1775 4409 sancto
1803 4354 1964 4409 Petro
1991 4356 2128 4411 duas
2150 4371 2242 4411 ec-

2323 494 2481 561 Quod
2503 495 2548 555 si
2578 509 2686 550 non
2717 493 2990 567 peregeris
3024 492 3322 548 secundum
3350 490 3503 562 quod
3525 491 3621 545 tibi
3639 506 3727 561 per
3747 509 3852 563 pn-

2324 598 2531 641 sentem
2557 587 2840 656 epistolam
2864 584 3293 651 transmisimus,
3321 598 3386 637 ex
3433 584 3748 637 auctoritate
3776 582 3852 639 Pe-

2324 678 2393 732 tri
2424 676 2656 749 apostoli
2688 679 2830 734 scias
2856 687 2906 733 te
2927 692 3049 732 esse
3081 662 3638 753 encommunicatnm,
3663 674 3728 729 ita
3747 675 3854 731 utin

2325 769 2611 824 ecclesiam
2641 786 2750 825 non
2774 756 3116 846 ingrediaris,
3138 783 3316 839 neque
3336 768 3765 822 communionem
3785 784 3855 823 ac-

2327 854 2519 931 cipir's.
2552 860 2682 917 Vale

3026 928 3191 985 XXII.

2326 1021 2550 1077 Joannis
2587 1021 2725 1078 XIX
2752 1021 2973 1093 epistola
2993 1038 3098 1093 qua
3126 1036 3301 1076 omnes
3330 1040 3353 1093 ς
3380 1016 3854 1093 bonumjacientm

2397 1096 2595 1148 excitat
2642 1104 2699 1147 ut
2729 1091 2787 1147 in
2827 1091 3215 1147 restituendam
3245 1091 3529 1147 ecclesiam
3567 1091 3860 1161 legatum.

2399 1182 2608 1219 nensem
2629 1162 2957 1220 incumbant.

2820 1254 3004 1325 (Anno
3054 1249 3410 1325 1024—1053.)
3562 1298 3566 1305 .

2484 1398 2489 1409 ,
2554 1346 2776 1419 [MARS],
2810 1347 3017 1409 Concil.
3049 1356 3161 1401 tom
3198 1345 3343 1412 XIX,
3366 1346 3490 1409 col.
3522 1343 3672 1418 570.]

2399 1437 2639 1512 Joannes
2664 1439 2984 1509 episcopus,
3031 1454 3222 1494 servus
3266 1454 3560 1493 servorum
3589 1437 3700 1503 Dei,
3724 1438 3861 1493 omni-

2328 1532 2434 1587 bus
2461 1532 2666 1589 bonum
2695 1530 3019 1591 facientibus
3050 1521 3105 1584 in
3140 1528 3382 1585 Ecclesia
3415 1520 3787 1597 Magalenensi,
3810 1530 3859 1583 ad

2316 1623 2597 1678 honorem
2656 1621 3029 1692 apostolorum
3078 1618 3225 1679 Petri
3274 1630 3333 1675 et
3356 1606 3626 1685 "doctoris
3666 1621 3858 1690 gentium

2331 1708 2483 1769 Pauli
2513 1714 2781 1777 dedicata,
2805 1722 2860 1771 et
2885 1712 3205 1780 dedicanda,
3246 1712 3482 1766 salutem
3509 1712 3857 1777 charissimam,

2332 1821 2458 1860 cum
2480 1803 2852 1869 benedictione
2880 1804 3179 1876 apostolica
3208 1811 3265 1858 et
3289 1804 3654 1866 absolutione.

2406 1894 2785 1966 Snpradictam
2822 1895 3259 1967 Magalonensem
3302 1895 3628 1964 ecclesiam,
3670 1896 3857 1965 peccatis

2332 1986 2696 2058 exigentibus,
2728 1987 2795 2041 ad
2825 1987 3056 2043 nihilum
3088 1986 3365 2053 redactam
3406 1985 3728 2050 audivimus,
3754 1987 3860 2040 unde

2335 2076 2490 2132 valde
2509 2077 2791 2149 dolemus,
2804 2078 2932 2147 quia
2950 2075 3319 2132 Ecclesiarum
3357 2076 3624 2137 desolatio
3647 2075 3856 2131 Christia-

2307 2185 2531 2224 norum
2568 2162 2957 2225 detrimentum
2986 2184 3107 2227 esse
3130 2160 3500 2240 dignoscitur.
3534 2158 3614 2223 Ob
3650 2169 3742 2224 hoc
3768 2168 3858 2238 qui-

2335 2257 2458 2312 dem
2513 2267 2625 2313 tam
2669 2256 2927 2331 Ecclesim
2970 2260 3298 2329 supradictae
3342 2276 3513 2332 quam
3563 2269 3617 2318 et
3658 2260 3857 2314 omnibus

2336 2346 2691 2405 circumcirca
2713 2343 3030 2429 degentibus
3053 2366 3341 2423 suggerere
3376 2346 3856 2409 voiumusChristia-

2336 2441 2437 2500 nis
2462 2449 2523 2511 ut
2570 2442 2627 2496 in
2670 2443 3072 2501 restaurationc
3119 2442 3285 2511 hujus
3326 2442 3579 2519 ecclesia:
3617 2442 3855 2495 laborent:

2335 2542 2687 2603 peccatorum
2739 2549 2977 2606 namque
3027 2549 3255 2589 suorum
3300 2534 3522 2589 veniam
3554 2542 3609 2587 et
3632 2532 3858 2601 indulgea-

2337 2624 2466 2677 tiam
2490 2624 2792 2693 promereri
2816 2640 2847 2678 a
2872 2624 3022 2693 justo
3045 2623 3229 2694 judice
3265 2626 3570 2694 apostolica
3600 2623 3857 2678 auctoritate

2338 2715 2694 2787 spondemus,
2721 2715 3035 2785 quicunque
3061 2716 3126 2770 de
3150 2716 3368 2786 prOpria
3398 2716 3708 2771 btereditate
3724 2714 3791 2767 vel
3811 2713 3856 2767 de

2338 2805 2573 2876 propriis
2600 2805 2760 2860 bonis
2781 2805 3076 2871 offerendo,
3101 2816 3195 2865 aut
3220 2808 3287 2861 de
3308 2806 3594 2862 beneficiis
3620 2803 3855 2867 reddendo,

2338 2885 2621 2951 ecclesiam
2669 2897 3038 2967 supradictam
3078 2899 3320 2953 relev‘are
3364 2898 3526 2954 nisus
3552 2898 3722 2952 fuerit.
3756 2895 3856 2949 Nam

2339 2997 2505 3040 unam
2529 2996 2581 3041 et
2604 2989 2842 3051 ,similem
2878 2990 3186 3045 mercedem
3214 2990 3447 3060 accipiet
3476 2991 3569 3059 qui
3596 2989 3780 3059 propria
3797 2984 3857 3040 of-

2205 3153 2208 3156 .
2263 3090 2304 3146 (ι
2337 3076 2491 3145 feret,
2525 3087 2578 3133 et
2605 3080 2698 3150 qui
2728 3080 2985 3135 beneficia
3038 3082 3409 3157 ecclesiastica
3445 3082 3625 3137 reddet
3654 3081 3703 3133 in
3742 3093 3853 3133 com-

2342 3184 2525 3239 mune,
2565 3179 2621 3225 et
2669 3171 3046 3229 benedictione
3094 3173 3298 3243 pariter
3326 3183 3379 3227 et
3408 3172 3732 3229 absolutione
3761 3184 3854 3238 apo-

2341 3262 2532 3315 stolica
2556 3261 2785 3317 fruetur.
2808 3250 2979 3330 Quod
3010 3265 3054 3320 si
3091 3266 3289 3334 aliquis
3338 3266 3642 3335 episcopus,
3682 3263 3753 3317 vel
3785 3276 3850 3313 αι-

2336 3353 2537 3426 jusque
2564 3356 2845 3427 dignitatis
2872 3360 3098 3424 honore,
3116 3360 3262 3428 quod
3298 3360 3501 3414 ibidem
3549 3359 3758 3413 ablatum
3775 3355 3852 3409 fue-

2342 3446 2439 3513 rit,
2463 3463 2630 3517 pravo
2680 3449 2901 3521 ingenio
2944 3450 3200 3517 alienare,
3249 3432 3520 3522 usurpare
3562 3451 3639 3507 vel
3678 3448 3850 3503 vendere

2342 3538 2597 3604 voluerit,
2628 3541 3011 3597 maledictione
3052 3543 3415 3599 anathematis
3445 3542 3758 3613 percellatur,
3778 3538 3847 3591 ha-

2344 3629 2644 3699 beaturque
2667 3641 2961 3688 extraneus
3000 3649 3030 3687 a
3075 3633 3516 3689 Christianorum
3548 3630 3782 3690 consortio
3812 3638 3847 3681 rt

2348 3736 2513 3791 regno
2541 3720 2655 3776 Dei.
2687 3721 2802 3778 Hoc
2848 3740 2973 3779 vero
3003 3723 3282 3779 decretum
3313 3725 3526 3779 firmari
3554 3726 3618 3779 ab
3654 3720 3847 3778 omnibus

2346 3813 2598 3868 volumus
2618 3814 2907 3893 episcopis,
2934 3830 3073 3884 quos
3102 3814 3374 3873 Arnaldus
3396 3815 3716 3880 invitaverit,
3749 3812 3847 3866 sicut

2345 3919 2445 3958 uos
2460 3904 2653 3959 fecisse
2672 3904 2900 3961 inferius
2913 3917 3246 3977 cognoscent
3268 3914 3349 3972 ἧς.
3368 3907 3514 3963 Bene
3539 3908 3710 3963 valete.
3730 3902 3845 3956 Aldr-

2344 3995 2493 4050 ricus
2522 3995 2617 4051 Dei
2662 3999 2834 4067 gratia
2871 3996 3234 4055 Vercellcncis
3271 4000 3578 4070 cpiscopus.
3605 3993 3845 4068 Reynaldus

2346 4084 2442 4140 Dei
2467 4087 2641 4159 gratia
2661 4086 2944 4158 Papiensis
2972 4091 3281 4161 cpiscopus.
3306 4090 3523 4158 Petrus,
3553 4103 3695 4160 quem
3710 4086 3845 4140 dicunt

2347 4179 2662 4250 episcopum
2718 4189 2921 4236 sanctae
2972 4180 3219 4247 Rnﬂinte,
3259 4184 3605 4237 subscribens
3652 4172 3842 4232 ﬁrmavit.

2346 4267 2635 4325 Ismundus
2681 4271 3125 4342 archiepiscopus
3191 4272 3590 4328 Ebredunensis
3614 4264 3841 4339 gﬁrma‘il-

2346 4358 2627 4418 Oldcricus
2650 4364 2939 4434 cpiscopus
2962 4364 3372 4420 Aurelianensis
3399 4364 3725 4425 EcclesiaatB.
3740 4356 3843 4423 Ba)"

670 4446 866 4500 clesias
893 4460 1019 4499 cum
1046 4444 1300 4523 omnibus
1323 4444 1666 4515 pertinentiis
1708 4446 1946 4513 illarum,
1973 4455 2033 4501 ut
2054 4445 2250 4503 fratres
2280 4444 2324 4500 D
2352 4455 2589 4510 mundus
2636 4455 2926 4525 cpisc:~.pus
2969 4457 3036 4511 de
3081 4453 3284 4513 Rende.
3325 4456 3592 4513 Dcodatus
3619 4454 3841 4524 episcopi!s

671 4545 1070 4592 commorantes
1118 4536 1176 4590 in
1213 4529 1471 4607 praedicto
1516 4539 1848 4593 monasterio
1905 4539 2140 4609 habeant
2177 4540 2245 4594 de

669 4626 1144 4684 eisdemeccicSiis
1170 4630 1316 4699 quod
1362 4639 1569 4685 rectum
1616 4640 1717 4696 est,
1761 4640 1814 4684 et
1830 4640 2049 4701 propter
2097 4640 2244 4686 tuam

672 4719 909 4775 animam
931 4722 1171 4791 quotidie
1196 4722 1499 4799 supplicent
1524 4720 1737 4776 Domini
1762 4724 2125 4789 clementiam,
2153 4731 2232 4791 ut,

670 4827 797 4865 cum
827 4827 924 4881 per
960 4812 1196 4867 divinam
1228 4814 1569 4869 vocationem
1594 4815 1659 4869 de
1706 4815 1807 4868 hac
1838 4816 1959 4869 luce
1986 4814 2241 4883 deporta-

2350 4543 2621 4602 Lunensis
2655 4548 2910 4603 ﬁrmavit.
2941 4548 3167 4605 Alcuius
3200 4548 3451 4605 Astensis
3486 4546 3711 4605 ﬁrmavit.
3738 4538 3840 4591 Vat:-

2350 4634 2511 4689 dinus
2555 4634 2909 4693 Taurinensis
2948 4637 3201 4692 firmavit.
3244 4637 3549 4693 Bernardus
3580 4625 3839 4705 Aggencnsis

2350 4725 2602 4781 ﬁrmavit.
2633 4726 2906 4783 Dcodatus
2946 4729 3234 4798 episcopus
3269 4726 3621 4783 Tholonensis
3646 4716 3837 4778 firmavit.

2348 4810 2541 4869 Petrus
2576 4804 2867 4888 episcopus
2890 4817 3244 4873 Massiliensis
3278 4818 3528 4873 ﬁrmavit.

698 4938 3819 4975 ._________________._______________________..-

1307 5070 1835 5150 EPISTOLZE
1890 5069 2553 5153 DIVEBSOBUM
2615 5077 2743 5155 AD
2798 5076 3307 5159 JOANNEM.

1428 5220 1449 5274 I

690 5296 916 5369 Epistula
938 5294 996 5351 S.
1023 5293 1310 5369 Guillglqti,
1337 5292 1542 5369 abbatis
1568 5288 1624 5345 8.
1644 5290 1860 5361 Benigm
1887 5289 2238 5369 Digioqensis,

745 5369 813 5422 ad
862 5367 1119 5419 Joannem
1161 5362 1319 5416 XIX.
1358 5392 1427 5400 ——
1469 5361 1641 5415 Monet
1684 5359 1799 5413 eum
1844 5376 1906 5414 ne
1949 5359 2240 5415 Ecclesium

746 5434 1385 5504 Constantinopolitanam
1411 5431 1730 5486 Universalis
1753 5427 1942 5483 nomen
1962 5432 2064 5485 sibi
2085 5432 2243 5485 attri-

746 5506 896 5560 buere
915 5508 1173 5575 patiatur.

890 5595 1168 5665 (Μωιιιη
1201 5593 1333 5648 Acta
1356 5591 1455 5648 SS.
1488 5593 1680 5648 Bcncd.
1709 5592 1852 5659 VIII,
1886 5593 2036 5661 555.)

748 5681 934 5741 Gratia
969 5683 1063 5738 Dei
1095 5692 1147 5738 ct
1178 5683 1473 5738 reverentia
1512 5682 1654 5738 beati
1693 5683 1841 5739 Petri
1870 5683 1984 5738 sedi
2030 5682 2085 5736 in
2114 5682 2247 5739 orbe

2340 5234 2612 5280 terrarum
2639 5227 3107 5283 excellentissima:
3128 5228 3347 5297 indepto
3366 5241 3514 5295 papae
3532 5221 3709 5279 Jonsi,
3723 5212 3829 5266 Ψη-

2343 5334 2576 5385 ιειιίυε,
2630 5319 2811 5373 crucis
2851 5318 3057 5375 Christi
3087 5334 3305 5383 servus,
3348 5319 3527 5373 sedem
3552 5309 3711 5382 judieii
3740 5313 3829 5357 cum

2345 5410 2609 5478 apostolis
2642 5418 2695 5463 et
2722 5425 2981 5464 coronam
3015 5410 3188 5481 regni.

2422 5499 2663 5571 Magistri
2694 5502 2934 5572 gentium
2973 5501 3132 5557 dictis
3157 5501 3480 5556 instruimur
3504 5496 3727 5554 seniorem
3750 5495 3824 5537 ηοῖι

2352 5590 2765 5667 increpandum.
2822 5590 2969 5646 Idem
3030 5601 3211 5646 tamen
3248 5590 3384 5651 alias
3433 5588 3553 5644 dicit
3591 5602 3602 5636 :
3639 5601 3654 5631 ι
3684 5575 3822 5629 Facilis

2355 5696 2476 5737 sum
2508 5681 2790 5752 insipiens,
2839 5696 2938 5738 vos
2965 5696 3050 5737 me
3079 5681 3353 5752 coegistis.
3391 5699 3408 5730 ι
3442 5669 3763 5739 ιιιοίωοίείωτ
3777 5674 3819 5724 οἳ*
