4018 6382
145 253 299 313 (Ιῦἳ

1331 265 1692 324 EPISTOLA'J
1730 267 1818 323 ET
1857 269 2275 330 DIPLOMATA.

3302 294 3439 350 H58

137 373 398 431 liationis
441 374 722 448 diligentia
777 379 1064 435 hortamur
1117 396 1464 440 communem
1503 395 1743 440 vestram
1775 406 1820 463 Α
1848 389 2122 458 surripere
2185 392 2530 451 auctoritatis
2563 406 2777 466 vestraz,
2829 401 3203 463 celsitudinem
3256 420 3440 482 petere

139 467 538 535 paternitatem
568 479 629 524 ut
649 471 703 524 in
730 486 841 526 uno
862 473 1150 529 imitemini
1181 476 1545 546 cogitationes
1572 481 1745 534 homi-

141 571 288 613 num
318 561 688 630 pervidentem
721 563 1014 620 Dominum
1059 566 1398 624 Salvatorem
1420 613 1434 638 ,
1466 581 1526 626 ut
1546 573 1742 627 dicatis

138 650 220 704 ad
253 650 491 722 aliquem
518 655 675 710 vobis
695 657 1595 730 unanimem,quemadmodumet
1623 665 1743 734 ipse

137 739 314 797 Petro
346 761 359 796 :
391 760 410 794 ‹
443 743 583 811 Quid
604 746 796 801 dicunt
819 748 1068 805 homines
1099 751 1166 805 de
1193 752 1317 806 me?
1345 771 1363 804 ι
1403 752 1461 806 Si
1491 770 1619 810 vero
1653 771 1740 811 re-

135 846 414 902 sponsum
446 837 566 906 ejus
605 853 670 893 ex
705 840 811 894 lide
853 839 1042 909 fuerit,
1074 845 1487 902 animadvertite
1507 849 1740 918 qualiter

133 927 427 994 sonuerit;
461 930 509 984 si
539 930 703 996 clare,
735 934 1006 988 custodite
1041 951 1112 990 ne
1148 936 1496 1006 obfuscetur;
1538 941 1584 994 si
1607 956 1736 996 vero

132 1014 404 1084 obscure,
426 1018 520 1073 lux
535 1021 726 1076 mundi
749 1024 954 1078 oranda
968 1032 1071 1091 est,
1094 1026 1328 1095 qualiter
1351 1028 1426 1081 ita
1455 1027 1732 1100 fulgeatis,
1773 1065 1775 1068 -

130 1116 205 1161 ut
228 1110 500 1165 universis
526 1112 581 1166 in
607 1114 815 1183 gremio
850 1115 1108 1172 Ecclesia:
1144 1119 1456 1174 constitutis
1483 1122 1549 1176 ad
1586 1123 1733 1178 viam

129 1207 531 1263 mandatorum
568 1209 661 1263 Dei
694 1211 1043 1281 gradicndam
1077 1216 1260 1269 lumen
1289 1216 1597 1285 prmbeatis.
1627 1216 1732 1273 Sed

126 1309 223 1352 est
271 1299 421 1355 fama
464 1301 564 1369 rei,
593 1319 717 1373 qua:
765 1321 941 1375 nuper
981 1308 1124 1376 apud
1163 1325 1262 1363 vos
1282 1310 1499 1376 accidit,
1533 1311 1600 1365 de
1622 1328 1730 1382 qua

127 1392 266 1460 quis
301 1393 549 1461 audiens,
581 1396 626 1450 si
663 1412 771 1451 non
802 1399 1222 1467 scandalizatur,
1250 1404 1462 1457 noverit
1489 1419 1547 1458 se
1571 1405 1730 1476 longe

127 1484 206 1536 ab
239 1501 428 1542 amore
451 1503 689 1558 superno
712 1491 1001 1562 disparari.
1028 1493 1300 1559 Quoniam
1325 1495 1452 1551 licet
1480 1506 1728 1566 potestas
1807 1557 1814 1566 ί

128 1576 376 1634 Romani
406 1581 640 1652 imperii,
665 1599 788 1654 quae
816 1585 944 1640 Olim
969 1587 1021 1640 in
1049 1589 1182 1642 orbe
1206 1597 1473 1644 terrarum
1503 1605 1726 1646 monar-

126 1664 272 1726 chcs
321 1673 513 1742 viguit,
561 1691 708 1731 nunc
735 1693 832 1746 per
856 1679 1068 1735 diversa
1095 1691 1367 1738 terrarum
1411 1684 1526 1739 lcea
1557 1685 1724 1741 inuti-

1845 478 2016 545 velle;
2049 489 2322 549 quatenus
2362 494 2584 555 accepta
2626 502 2658 541 a
2701 490 2857 546 vobis
2897 493 3114 552 licentia
3172 478 3433 558 conlaete-

1842 567 1986 621 rium
2018 580 2270 626 nostrum
2301 573 2370 627 ad
2412 590 2470 631 se
2505 576 2843 635 transferant
2876 583 2930 638 in
2963 588 3266 645 castellum.
3310 591 3435 647 Sci-

1843 658 1914 713 tis
1943 671 2124 718 autcm
2166 665 2313 733 quod
2345 665 2390 719 si
2429 667 2527 736 qui
2573 671 2852 742 antiquam
2881 674 3121 735 Patrum
3161 685 3430 740 constitu-

1841 750 2046 806 tionem
2098 768 2312 812 mutare
2351 760 2563 828 volunt,
2613 778 2722 818 non
2743 780 2867 835 quae
2901 767 3020 835 Dei,
3052 771 3148 828 sed
3172 789 3296 844 qua:
3329 793 3428 836 sua

1841 853 1990 910 sunt,
2039 858 2319 916 qumrunt;
2370 867 2628 923 rogamus
2674 872 2804 927 ergo
2857 871 3078 930 propter
3134 863 3307 921 Deum
3357 886 3427 925 ne

1838 935 2182 1004 concedatis,
2235 948 2290 994 et
2326 956 2428 997 nos
2480 955 2788 1014 opportune
2842 953 3168 1010 memoriam
3220 959 3427 1015 servitii

1837 1024 2182 1085 habebimus.

2578 1171 2666 1228 iV.

1833 1247 2080 1321 Epistola
2128 1255 2613 1335 Iordanifpiscopi
2639 1265 3021 1326 Lemovicensis
3064 1267 3134 1328 ad
3187 1271 3419 1335 Benedi-

1903 1333 2043 1378 ctum
2071 1343 2265 1398 papam
2317 1331 2477 1409 III,
2510 1331 2576 1409 de
2603 1354 2706 1391 non
2726 1343 2964 1409 ponendo
3008 1331 3418 1406 S.'tllartia‘tiin

1902 1410 2117 1451 numero
2144 1403 2500 1469 apostolorum
2530 1408 2629 1476 (4).

2043 1488 2221 1561 [Cum
2243 1491 2444 1550 Christ.
2475 1473 2852 1570 11,.iappend.,
2899 1522 3024 1578 pag.
3053 1510 3204 1584 16L]
3229 1473 3231 1478 Ι
3407 1573 3414 1582 .

1899 1576 2113 1636 Domno
2133 1598 2198 1638 ac
2225 1588 2547 1656 venerabili,
2601 1590 2712 1647 Deo
2761 1603 2814 1648 et
2841 1580 3414 1675 hominibusdilecto,
3475 1677 3478 1680 ν

1825 1686 1980 1740 papae
2005 1683 2196 1729 nostro
2245 1675 2576 1749 BBNEDICTO,
2630 1683 2924 1744 Ronanos
2974 1691 3069 1747 Dei
3098 1697 3272 1764 gratia
3319 1717 3416 1755 rex

122 1763 306 1817 meris
337 1773 565 1836 regatur
598 1769 848 1838 sceptris,
883 1771 1084 1842 ligandi
1118 1774 1470 1846 solvendiquc
1502 1777 1555 1831 in
1583 1780 1710 1833 etalt

1825 1761 2187 1833 Francorum,
2219 1767 2564 1830 GUILLELIIUS
2619 1776 3176 1853 duquuitanorum,
3229 1792 3414 1848 archi-

121 1864 182 1905 et
208 1854 266 1907 in
290 1865 431 1910 terra
457 1865 697 1927 potestas
731 1861 994 1916 incumbit
1013 1866 1332 1936 magisterio
1354 1868 1518 1924 Petri.
1545 1870 1723 1942 Atque

123 1944 342 2001 idcirCo
375 1948 480 2004 ista
521 1951 781 2019 diximus,
824 1964 884 2009 ut
933 1957 1380 2016 animadvertatis
1410 1977 1520 2017 non
1566 1965 1722 2019 aliter

122 2036 355 2093 Grzccos
376 2057 541 2111 quam
580 2046 901 2113 cenodoxia,
927 2049 1030 2104 hoc
1057 2052 1206 2119 quod
1229 2055 1540 2111 audivimus
1574 2059 1719 2128 apud

120 2144 228 2183 vos
267 2133 576 2203 requirere,
607 2137 1003 2207 impetravisse.
1035 2141 1110 2196 De
1153 2154 1351 2201 caetero
1373 2163 1592 2219 quoque
1617 2167 1719 2221 op-

118 2229 336 2290 tamus,
369 2227 447 2280 uti
477 2229 842 2287 universalem
875 2233 1028 2289 decet
1063 2237 1384 2306 antistitem,
1408 2257 1508 2297 vos
1535 2244 1718 2301 acrius

120 2314 178 2368 in
228 2319 575 2389 correptione
620 2331 674 2378 et
715 2325 1001 2396 disciplina
1057 2339 1260 2386 sanctae
1307 2342 1362 2387 et
1403 2336 1718 2405 apostoliczc

117 2406 389 2466 Ecclesia:
430 2413 631 2485 vigere,
669 2425 978 2491 aeterneque
1026 2428 1080 2476 ct
1124 2420 1353 2480 feliciter
1398 2427 1454 2481 in
1496 2426 1716 2484 Christo

115 2501 325 2556 valere.
1577 2522 1588 2532 °

167 2679 430 2755 Ejusdem
456 2690 526 2744 ad
546 2693 889 2748 enmdem.—-—
914 2697 1188 2754 Iure/titur
1217 2703 1271 2756 in
1303 2702 1654 2762 Simoniacos.

535 2781 809 2854 [Mantum
840 2787 969 2843 ibid.
997 2806 1118 2862 pag.
1145 2793 1297 2866 550.]

188 2864 427 2938 Parcite,
452 2889 657 2943 quaso,
694 2880 919 2947 parcite,
953 2882 1046 2951 qui
1069 2864 1314 2938 dicimini
1345 2887 1426 2940 sal
1469 2896 1628 2944 terra:
1655 2895 1720 2945 et'

110 2957 218 3012 lux‘
248 2964 456 3019 mundi.
484 2963 726 3022 Sufficiat
754 2969 1066 3028 hominibus
1082 2964 1196 3044 jam
1227 2977 1394 3032 semel
1424 2979 1705 3037 Christum

113 3047 292 3105 fuisse
328 3055 603 3110 venditum
640 3074 739 3128 pro
768 3065 1045 3117 communi
1079 3066 1254 3120 salute
1294 3070 1697 3128 universorum.

1825 1859 2116 1931 episcOpus
2150 1862 2539 1935 Bituricensis,
2565 1873 3014 1947 al'cliiepiscOpus
3041 1859 3414 1954 -Burdega_len-_

1825 1951 1923 2018 sis,
1975 1955 2421 2028 archiepiscopus
2473 1961 2833 2034 Turonensis,
2883 1985 3408 2043 omnesqueeorum

1823 2044 2170 2116 suffraganei,
2193 2065 2292 2104 nec
2321 2066 2430 2106 non
2455 2052 2789 2114 Iswnsnws
2809 2059 3166 2144 Dictavensis,
3189 2067 3405 2122 Auxit-
3456 2140 3459 2144 _

1821 2149 1922 2188 nos
1944 2133 2487 2210 Petroguoricensis;
2537 2144 2756 2216 Jesoro,
2815 2135 2952 2218 Deo,
2985 2157 3276 2226 ceterique
3307 2175 3405 2215 eo-
3446 2140 3459 2206 ί
3489 2201 3493 2206 ς

1819 2244 1942 2284 rum
1962 2231 2290 2302 confratres,
2327 2235 2602 2296 Jonnaaus
2643 2242 2936 2313 episcopus
2960 2247 3414 2321 ‘Leniovicensis,

1818 2323 1914 2390 qui
1952 2323 2092 2380 hanc
2119 2327 2366 2384 chartam
2406 2332 2645 2387 scribere
2684 2335 3409 2404 jussit,~hiomnesldomno

1818 2416 2119 2483 apostolico
2145 2420 2378 2475 salutem
2405 2424 2865 2484 etdilcctionem.-
2961 2452 2964 2483 ς
3168 2459 3174 2478 .-
3381 2461 3396 2487 .-
3443 2501 3446 2503 _

1847 2551 1850 2554 .
1886 2505 2181 2565 Dominum
2236 2523 2487 2570 nostrum
2526 2516 2714 2573 Jesum
2764 2520 3046 2578 Christum
3081 2528 3310 2586 iacimus
3347 2542 3402 2587 et
3469 2547 3473 2552 ‘

1815 2600 2090 2658 credimus
2113 2604 2400 2661 duodecim
2432 2609 2534 2663 sibi
2582 2611 2811 2682 elegisse
2851 2619 3154 2686 apostolos,
3199 2622 3402 2692 quibus

1812 2691 2312 2764 dedit‘potestatem
2338 2701 2540 2770 ligandi
2569 2713 2734 2773 atque
2767 2707 3050 2777 solvendi;
3081 2729 3148 2766 ex
3196 2716 3400 2785 quibus
3475 2735 3480 2738 ·

1812 2785 2005 2842 cecidit
2036 2804 2180 2844 unus
2224 2793 2446 2846 nomine
2464 2791 2654 2860 Judas,
2709 2797 2762 2850 in
2794 2800 2953 2869 cujus
2977 2803 3163 2859 locum
3218 2809 3410 2871 caeteri

1785 2882 2534 2954 ‘apostoli'clegcruntalium
2578 2891 2799 2945 nomine
2828 2891 3109 2964 Mathiam,
3155 2909 3215 2953 ut
3260 2901 3400 2954 duo~

1808 2972 2009 3027 denum
2041 2986 2415 3033 restaurarent
2445 2996 2731 3036 numerum
2752 2984 2860 3050 ;Win
2895 2985 3409 3056 quorutn‘consor-_

1808 3063 1943 3119 tium
1969 3066 2234 3124 Dominus
2260 3081 2447 3127 uoster
2468 3061 2970 3147 alios'septuaginta
2991 3081 3130 3137 duos
3160 3085 3261 3138 sibi
3281 3085 3393 3139 ele-

110 3139 242 3222 Jant
270 3145 416 3210 enim
445 3147 644 3219 refugio
666 3153 778 3206 veri
822 3153 1066 3222 luminis,
1101 3159 1219 3213 solo
1260 3162 1480 3228 nurnine
1517 3174 1700 3232 pasto-

1810 3156 1900 3225 git,
1942 3174 2082 3228 quos
2110 3169 2160 3213 et
2209 3163 2508 3232 discipulos
2553 3168 2787 3234 vocavit,
2827 3185 2894 3222 ex
2941 3173 3141 3242 quibus
3202 3176 3392 3231 beatus

111 3249 230 3300 res,
262 3237 400 3291 ovile
452 3235 682 3308 Christi,»
733 3243 843 3299 imo
886 3248 1129 3303 membra
1178 3251 1346 3317 illius,
1381 3255 1554 3308 videte
1579 3265 1701 3325 post

112 3342 218 3380 vos
244 3343 353 3397 quo
371 3340 519 3385 eunt.
557 3332 614 3386 Si
637 3335 793 3403 juxta
818 3336 1019 3393 fontem
1043 3349 1187 3410 tepet
1205 3343 1377 3408 rivus,
1401 3346 1457 3398 in
1479 3347 1697 3417 longim

109 3435 286 3488 quum
315 3420 481 3478 fetere
513 3425 645 3479 nulli
687 3428 910 3484 dubium
941 3441 1040 3485 est.
1081 3431 1289 3489 Idcirco
1323 3452 1454 3490 cura
1478 3440 1700 3508 quibus-

108 3511 241 3564 dam
271 3514 522 3569 venditur
549 3519 613 3573 ad
643 3535 803 3575 suum
833 3521 1131 3580 interitum.
1169 3525 1297 3581 Volo
1325 3544 1422 3582 vos
1449 3540 1697 3598 pastores

107 3617 179 3656 ac
215 3605 496 3670 pontifices
527 3623 719 3665 omnes
767 3606 822 3667 in
872 3627 1182 3694 commune
1210 3619 1414 3688 judicis
1457 3623 1692 3679 securim

106 3697 396 3765 gestantis,
427 3709 551 3755 ante
573 3702 798 3772 januam
825 3708 1136 3765 assistentis
1165 3725 1456 3770 memores.

858 3820 947 3877 Ill.

106 3899 166 3953 11
170 3901 404 3958 alinardi
425 3905 631 3964 abbatis
653 3912 823 3964 sancti
845 3912 1068 3987 Benigni
1095 3917 1317 3987 epistola
1338 3919 1408 3972 ad
1429 3917 1692 3976 Joannem

709 3999 903 4052 papam
925 3985 1085 4040 XIX.

247 4065 522 4139 [ManttL.,
552 4047 746 4128 Annal.
777 4047 972 4131 rem.
1000 4078 1029 4132 ι
1049 4078 1104 4145 v,
1130 4079 1374 4150 Append.
1406 4080 1557 4155 728.]

182 4157 391 4215 Domno
409 4172 599 4217 sancto
625 4166 792 4222 totius
807 4168 957 4224 orbis
981 4172 1264 4241 magistro,
1281 4172 1469 4228 JOANM
1494 4175 1688 4230 videli-

103 4258 213 4318 cet,
261 4253 552 4308 universali
614 4273 784 4327 papae,
841 4269 896 4315 et
949 4262 1169 4319 humilis
1205 4266 1374 4320 abbas
1405 4268 1688 4336 potestatis

105 4340 293 4397 Sancti
316 4342 558 4416 Benigni,
591 4363 716 4401 cum
759 4357 873 4404 tota
917 4355 1334 4425 congregatione
1369 4366 1686 4412 sanctorum
1737 4420 1739 4422 _

101 4433 283 4487 fidelia
323 4438 630 4492 orationum
669 4442 907 4496 servitia.

179 4526 374 4582 Totum
403 4545 510 4584 non
545 4532 677 4587 latet
713 4536 978 4590 mundum
1008 4535 1269 4594 Romanae
1297 4538 1554 4596 Ecclesia:
1587 4557 1684 4612 pa-

102 4626 312 4673 storem
342 4623 638 4690 apostolica
668 4625 786 4680 vice
839 4626 912 4680 ita
961 4625 1134 4699 fungi,
1171 4637 1229 4683 ut
1267 4632 1414 4699 quod
1467 4633 1583 4702 ipse
1627 4633 1681 4687 in

99 4710 474 4766 ecclesiastico
502 4714 692 4770 ordine
738 4717 1100 4785 constituerit,
1149 4728 1350 4787 ratum,
1400 4723 1592 4777 stabile
1633 4733 1684 4778 et

100 4803 415 4858 inviolabile
440 4818 782 4874 permaneret
805 4810 857 4863 in
883 4827 1076 4865 mvum.
1104 4812 1338 4883 Dignum
1362 4831 1489 4884 ergo
1518 4823 1602 4870 est
1628 4825 1686 4870 ut

100 4896 395 4950 resolutori
425 4899 625 4954 civium
653 4902 1011 4974 pbilosogiam
1038 4905 1544 4973 virtutum,scilicct
1567 4909 1682 4964 dis-

98 4987 399 5043 cretionem
436 5007 649 5061 semper
678 4994 873 5049 habeat
931 5013 1137 5063 secum,
1178 5014 1246 5053 ne
1281 5000 1528 5055 videlicet
1573 5001 1680 5067 ille,

98 5080 187 5135 cui
220 5091 458 5151 potestas
488 5085 843 5140 ecclesiarum
882 5087 1028 5155 data,
1069 5089 1174 5145 hoc
1202 5091 1516 5162 ignoranter
1551 5109 1682 5162 pro-

97 5183 220 5244 pter
264 5192 590 5233 susurrones
617 5179 933 5246 constituat,
966 5181 1112 5250 quod
1143 5198 1267 5236 cum
1312 5199 1496 5237 veram
1532 5186 1678 5239 anti-

97 5269 363 5337 quitatem
398 5271 608 5324 noverit
631 5271 912 5326 destruere
937 5289 1044 5328 non
1075 5275 1302 5329 dubitet.
1345 5275 1458 5331 Hoc
1495 5287 1678 5332 autem

97 5369 267 5430 patet,
295 5361 415 5414 ideo
462 5370 698 5417 vestram
730 5367 1164 5434 praeoccupando
1198 5366 1390 5421 faciem
1421 5369 1676 5437 dicimus,

97 5452 227 5522 quia
269 5455 516 5509 notitioni
564 5466 766 5512 nostra:
810 5458 1156 5513 enucleatum
1185 5468 1288 5523 est,
1319 5460 1530 5518 vicinos
1573 5477 1676 5516 no-

98 5553 243 5599 stros
299 5545 594 5601 canonicos
657 5549 1021 5604 monasticam
1079 5550 1342 5606 honorem
1405 5551 1677 5607 inhiantes

1801 3245 1994 3301 Petrus
2024 3250 2276 3322 princeps
2319 3255 2699 3324 apostolorum
2758 3275 2927 3313 unum
2959 3263 3062 3316 sibi
3091 3247 3248 3334 elegit
3292 3281 3391 3320 n0-

1800 3340 1946 3392 minc
1969 3339 2288 3420 Martialem,
2322 3347 2414 3415 qui
2441 3364 2548 3401 una
2577 3366 2703 3404 cum
2755 3351 2846 3405 illo
2879 3354 3064 3408 aderat
3106 3366 3229 3410 ante
3250 3374 3388 3427 pra:-

1799 3432 2027 3486 sentiam
2053 3432 2270 3490 Domini
2322 3440 2496 3494 nostri
2529 3439 2659 3495 Jcsu
2711 3442 2943 3511 Christi;
2996 3457 3044 3500 et
3072 3449 3138 3502 ad
3169 3465 3383 3506 cmnam

1799 3531 1852 3577 et
1886 3525 2199 3596 ubicunque
2228 3527 2495 3586 Dominus
2516 3543 2700 3590 noster
2723 3537 2944 3606 aliquod
2969 3539 3083 3595 suis
3123 3544 3387 3610 apostolis

1798 3616 2117 3673 ostendebat
2162 3621 2516 3691 miraculum,
2558 3615 2771 3684 'beatus
2817 3629 3080 3688 Martialis
3145 3650 3268 3689 cum
3322 3637 3379 3691 S.

1797 3705 1960 3762 Petro
1988 3707 2248 3766 interfuit.
2287 3713 2392 3768 Sed
2423 3714 2548 3785 post
2570 3728 2816 3773 sanctam
2841 3715 2843 3717 ’
2871 3721 3084 3777 Domini
3137 3741 3386 3782 resurre-

1795 3804 2027 3876 ctionem
2072 3820 2136 3860 ac
2188 3808 2566 3863 ascensionem
2607 3811 2798 3868 beatus
2835 3813 3118 3883 Martialis,
3145 3817 3236 3886 qui
3283 3819 3386 3875 fuit

1795 3905 1859 3943 cx
1889 3893 2230 3963 septuaginta
2260 3895 2475 3951 duobus
2491 3898 2771 3968 discipulis
2804 3918 2966 3969 unus,
3019 3905 3180 3960 beato
3221 3906 3383 3963 Petro

1794 3979 2131 4048 adhaerebat;
2155 3999 2317 4053 quem
2339 3985 2640 4042 Martialem
2665 3989 2858 4047 beatus
2881 3991 3074 4050 Petrus
3096 4013 3219 4052 cum
3244 3999 3383 4052 duo-

1793 4071 1896 4127 bus
1923 4076 2255 4148 presbyteris
2283 4077 2572 4154 Alpiniano
2629 4091 2696 4144 et,
2729 4085 3168 4144 Austricliniano
3205 4092 3345 4147 Galli
3367 4123 3379 4133 -

1793 4181 1913 4220 eam
1945 4177 2159 4237 gentem
2184 4171 2478 4247 praedicare
2501 4177 2831 4231 transmisit.
2858 4177 2940 4232 Illi
2966 4195 3096 4235 vero
3131 4182 3235 4236 iter
3257 4200 3378 4238 car-

1792 4268 2000 4325 pentes,
2027 4272 2294 4317 venerunt
2320 4262 2532 4332 Elsam;
2565 4265 2637 4319 ibi
2673 4277 2925 4326 mortuus
2952 4280 3037 4326 est
3087 4275 3377 4330 Austricli-

1792 4349 1990 4404 nianus
2013 4367 2162 4427 unus
2187 4370 2268 4408 ex.
2284 4357 2636 4427 presbyteris.
2658 4357 2787 4414 Inde
2817 4364 3003 4418 statim
3027 4365 3220 4421 beatus
3237 4367 3380 4422 Mar-

1791 4440 1936 4494 tialis
1960 4426 2175 4498 rediens
2217 4443 2468 4511 Romam,
2492 4457 2684 4502 sancto
2725 4454 2971 4521 apostolo
2994 4472 3163 4509 unum
3189 4473 3253 4510 ex
3284 4474 3375 4514 co-

1789 4530 2013 4584 mitibus
2037 4532 2152 4587 suis
2193 4543 2471 4590 mortuum
2508 4540 2808 4607 nuntiavit;
2842 4544 2930 4595 cui
2959 4547 3239 4612 apostolus
3268 4549 3372 4602 ait:

1794 4641 1812 4675 t
1855 4621 2020 4678 Sume
2051 4625 2148 4678 tibi
2207 4625 2461 4680 baculum
2495 4629 2680 4694 istum,
2725 4640 2778 4683 et
2809 4648 2934 4685 cum
2991 4635 3277 4702 pervenias
3308 4637 3376 4692 ad

1789 4731 2010 4785 corpus,
2043 4729 2204 4788 tange
2234 4719 2376 4773 istud
2405 4722 2508 4775 isto
2539 4739 2662 4777 meo
2692 4724 2908 4791 baculo,
2933 4734 2986 4780 et
3027 4727 3115 4781 dic
3150 4745 3163 4780 :
3190 4727 3257 4780 In
3287 4745 3371 4781 no-

1791 4808 1928 4861 mine
1958 4807 2172 4862 Domini
2196 4813 2363 4864 nostri
2389 4811 2516 4866 Iesu
2544 4811 2745 4868 Christi
2786 4833 2958 4886 surge,
2989 4817 3374 4873 Austriclinia-

1791 4915 1874 4965 ne,
1911 4899 2177 4956 Deuscrit
2205 4918 2390 4958 comes
2423 4905 2632 4960 itineris
2658 4908 2756 4961 tui.
2803 4926 2822 4959 ›
2874 4908 3073 4964 Beatus
3104 4909 3372 4967 Martialis

1785 4992 1940 5061 jussa
1979 4992 2034 5047 S.
2062 4997 2292 5063 apostoli
2315 4996 2576 5066 implevit,
2617 5000 2792 5070 tetigit
2839 5016 3038 5071 corpus
3079 5001 3369 5058 Austricli-

1790 5085 1960 5152 niani,
1993 5096 2048 5141 et
2077 5089 2267 5142 statim
2285 5105 2452 5144 sanus
2477 5090 2701 5147 elfectus
2722 5101 2832 5160 est;
2873 5093 2996 5148 inde
3019 5095 3369 5163 proficiscen-

1788 5183 1887 5243 tes,
1921 5189 2183 5233 vencrunt
2210 5179 2552 5235 Lemovicum
2581 5183 2872 5237 civitatem.
2922 5182 3000 5237 lbi
3046 5185 3367 5240 invenerunt

1788 5267 2120 5339 Stephanum
2152 5272 2346 5328 ducem
2381 5288 2505 5328 cum
2529 5282 2640 5328 tota
2679 5273 2884 5329 familia
2911 5291 3008 5332 sua
3055 5275 3199 5330 idola
3259 5277 3358 5331 ad-

1784 5375 2050 5431 orantem,
2079 5381 2239 5435 quem
2270 5367 2453 5420 statim
2477 5368 2802 5438 evangelicis
2824 5369 3134 5438 przedicavit
3160 5370 3362 5437 verbis,

1785 5458 1851 5512 ad
1874 5457 2338 5512 Christianitatcm
2363 5461 2646 5525 convertit,
2669 5469 2722 5514 et
2745 5477 2865 5514 cum
2890 5469 3002 5516 tota
3029 5460 3230 5515 familia
3262 5477 3362 5515 sua

1783 5550 2096 5620 baptizavit.
2139 5549 2199 5604 lu
2241 5566 2308 5606 eo
2343 5562 2526 5605 autem
2572 5554 2774 5622 templo
2807 5553 2896 5608 ubi
2940 5554 3060 5624 ipse
3086 5554 3196 5610 dux
3235 5561 3361 5610 ante

170 5701 249 5771 (4)
315 5700 520 5758 Interea
573 5659 866 5760 Benedicto
917 5721 1055 5775 papa
1103 5706 1381 5774 defuncto,
1439 5707 1680 5777 epistolae
1751 5709 1970 5766 Jordani
2003 5709 2284 5778 respondit
2311 5707 2549 5763 Joannes
2577 5708 2717 5765 XIX.
