4018 6444
385 4460 524 4582 <3)

601 281 621 346 l
642 280 737 347 139

1515 281 1912 344 GODEHARDI
1944 279 2255 344 EPlSCOPI
2294 283 2914 344 HILDESHEIMENSIS

3735 294 3861 350 “60

597 406 861 467 arlorabat
886 398 1031 460 idola
1076 418 1216 459 vana
1243 412 1296 460 ct
1325 406 1512 474 surda,
1551 407 1742 461 beatus
1771 403 2030 460 Martialis
2061 420 2186 460 cum
2216 407 2263 465 Α
2289 403 2440 474 sc0pi
2465 403 2828 471 Francorum,
2863 401 3250 473 Alvernorum,
3273 397 3610 474 Vasconum,
3640 406 3864 479 Aquita-

597 501 814 557 duobus
835 499 953 554 suis
978 497 1314 570 presbyteris
1345 498 1636 567 Alpiniano
1659 506 1712 551 et
1737 497 2184 564 Anstricliniano,

597 590 889 659 adiuvante
908 589 1045 643 duce
1074 587 1369 658 Stephano,
1396 589 1678 643 basilicam
1705 588 2030 652 construxit,
2055 596 2108 642 et
2131 588 2187 642 in

596 681 807 735 honore
828 679 889 733 B.
919 677 1178 748 Stephani
1207 677 1367 748 primi
1394 665 1665 748 martyris
1685 677 1983 745 dedicavit;
2010 677 2081 731 ibi
2111 677 2190 731 di~

594 779 721 834 vina
743 778 1034 834 celebravit
1051 777 1326 848 mysteria,
1342 777 1843 843 adimonuitgdocuit
1863 792 2034 847 usque
2055 777 2185 831 dum

597 881 768 927 totam
790 871 1173 941 Aqu’itanica’m
1193 877 1406 941 gentem
1424 885 1454 924 a
1475 869 1563 924 via
1580 871 1786 925 erroris
1810 871 1876 924 ad
1895 886 2076 925 veram
2101 869 2186 923 vi—

597 969 731 1028 tam,
755 973 877 1031 quae
903 960 1158 1016 Christus
1189 961 1583 1029 est,perduxit;
1602 960 2186 1016 tandiuibimissarnm

599 1051 862 1107 solemnia
908 1051 1201 1105 celebravit
1241 1066 1414 1119 usque
1451 1050 1580 1104 dum
1613 1058 1739 1103 ante
1791 1049 1971 1119 ipsum
2015 1051 2187 1104 altare

598 1143 1013 1213 protomartyris
1037 1142 1298 1211 Stephani
1322 1142 1514 1207 finivit,
1537 1149 1590 1196 et
1605 1157 1729 1194 eum
1749 1154 1942 1211 magna
1961 1143 2184 1211 angelo-

596 1251 718 1292 rum
741 1239 1040 1292 reverentia
1061 1238 1298 1292 animam
1330 1237 1441 1292 Deo
1462 1237 1713 1293 reddidit.
1757 1238 1878 1292 Dux
1907 1255 2033 1294 vero
2065 1237 2186 1294 Stc-

596 1332 813 1401 p‘hanus
836 1346 960 1385 cum
993 1346 1190 1401 magno
1212 1332 1422 1386 honore
1456 1347 1658 1400 corpus
1688 1322 1836 1387 illius
1862 1319 2009 1387 feras
2046 1332 2183 1387 ciVi-

598 1425 761 1479 tatem
784 1423 1048 1494 sepelivit,
1070 1425 1126 1478 in
1153 1439 1218 1478 eo
1241 1425 1361 1479 loco
1383 1424 1474 1478 ubi
1499 1424 1615 1494 ipsc
1645 1434 1868 1479 sanctus
1921 1411 2186 1480 Martialis

596 1516 884 1571 ecclesiam
956 1516 1013 1571 in
1100 1517 1310 1571 honore
1390 1509 1446 1570 Ξ.
1527 1515 1674 1570 Petri
1759 1515 1843 1571 sui
1935 1516 2206 1588 magistri

595 1601 900 1664 aedificavit.
973 1598 1030 1662 S.
1092 1602 1423 1664 Aurelianus
1456 1624 1745 1664 successor
1801 1607 1969 1676 illius,
2018 1601 2182 1680 quem

596 1697 712 1768 ipse
742 1691 798 1754 S.
833 1699 1095 1755 Martialis
1136 1701 1203 1754 de
1228 1699 1444 1754 inferno
1476 1701 1664 1766 traxit,
1691 1699 1918 1767 Ebulus,
1961 1701 2179 1768 Alicus,

2287 513 2506 565 norum,
2533 514 2661 554 cum
2702 498 2902 568 quibus
2926 514 3026 569 ego
3053 497 3130 553 fui
3164 499 3401 568 locutus,
3435 503 3798 572 comprobant
3815 513 3866 559 et

2287 589 2615 644 conﬁrmant
2667 590 3076 646 sanctissimum
3121 589 3495 646 confessorem
3560 591 3864 650 Martialem

2286 694 2395 733 non
2427 679 2624 735 debere
2666 681 2854 736 tollere
2899 681 2967 735 de
2989 681 3080 736 illo
3116 682 3237 736 loco
3266 683 3360 736 ubi
3394 684 3575 738 sancti
3603 683 3797 741 Patres
3816 695 3868 741 et

2286 771 2458 826 DOSll‘l
2483 779 2857 827 antecessores
2877 788 3001 826 eum
3023 781 3346 842 posuerunt,
3370 783 3423 829 et
3444 790 3558 829 non
3587 791 3714 830 CSSL‘
3745 792 3867 846 apo-‘

2286 861 2544 919 stolatum
2567 865 2673 920 nisi
2717 850 3040 920 auctoritate
3081 867 3517 937 comprobatum.
3562 867 3758 924 Talem
3787 871 3864 924 di:

2286 964 2417 1010 eunt
2446 957 2709 1011 rationem
2751 975 2763 1010 :
2803 977 2820 1008 ε
2867 956 2924 1011 Si
2962 973 3064 1029 ego
3116 957 3171 1011 S.
3198 959 3524 1025 Martialem,
3552 961 3650 1030 qui
3677 959 3867 1025 fuit.“

2287 1048 2626 1118 septuaginta
2641 1049 2875 1116 duobus,
2901 1049 2956 1103 in
2984 1066 3214 1105 numero
3243 1067 3442 1121 ponam
3464 1055 3866 1123 apostolonun,

2287 1137 2364 1191 illi
2395 1153 2586 1194 omnes
2614 1141 2958 1211 septuaginta
2988 1141 3126 1196 duos
3155 1141 3210 1196 in
3243 1159 3473 1198 numero
3494 1155 3721 1214 ponunt
3741 1161 3869 1215 apo—

2286 1230 2572 1298 stolorum,
2597 1241 2650 1285 et
2678 1232 2770 1286 ubi
2806 1247 2999 1286 eorum
3030 1248 3260 1302 corpora
3291 1236 3653 1303 condiuntur,
3695 1237 3870 1307 ipsum

2285 1325 2465 1382 locum
2493 1342 2590 1396 pro
2616 1327 2922 1396 apostolatu
2964 1328 3168 1383 tenere.
3213 1347 3232 1380 ι
3275 1327 3396 1384 Tibi
3418 1345 3573 1398 vero,
3599 1347 3709 1402 ego
3748 1329 3868 1385 Jor-

2284 1417 2479 1483 danus,
2510 1418 2610 1473 has
2637 1418 2844 1472 litteras
2866 1418 3023 1472 mitto
3048 1419 3114 1474 de
3134 1427 3287 1488 parte
3322 1419 3558 1475 istorum
3583 1421 3872 1491 praedicto-

2283 1523 2428 1577 rum,
2455 1509 2602 1580 regis
2636 1509 2844 1566 scilicet
2871 1510 3114 1577 Roberti,
3154 1509 3430 1566 Guillelmi
3460 1513 3624 1568 ducis
3647 1511 3873 1583 Aquila.

2284 1614 2502 1664 norum,
2548 1600 3082 1670 archiepiscoporum
3110 1601 3376 1668 omnium,
3412 1602 3674 1658 videlicet
3697 1605 3877 1658 catho-

2283 1689 2535 1758 licorum,
2568 1691 2663 1762 qui
2686 1692 2821 1746 mihi
2848 1693 3232 1748 contradicimt
3266 1708 3336 1748 ne
3365 1701 3625 1749 sanctum
3656 1694 3876 1750 Martia-

597 1787 1028 1861 Ermogevianus
1071 1791 1276 1860 aliique
1320 1789 1439 1861 ejus
1482 1806 1836 1846 successores
1879 1808 2058 1863 usque
2089 1792 2184 1846 tri-
2215 1766 2256 1822 Β
2282 1783 2390 1838 Ῑθῐῐι
2421 1784 2476 1839 in
2511 1800 2741 1840 numero
2791 1800 2992 1855 ponam
3023 1787 3416 1856 3p05t0101‘l1m-
3471 1786 3557 1842 Τιι
3616 1798 3805 1842 autem
3831 1793 3876 1846 Si

596 1880 746 1952 ginta
790 1897 906 1937 sex.
945 1882 1058 1953 Ego
1087 1897 1218 1938 vero
1249 1884 1515 1953 septimus
1544 1884 1639 1953 qui
1681 1899 1848 1939 vocor
1886 1883 2182 1953 Jordanus,

595 1975 845 2028 omnium
874 1969 1116 2030 intimus.
1163 1975 1228 2028 Hi
1256 1991 1447 2030 omnes
1473 1991 1573 2046 pro
1597 1977 1944 2032 sanctissimo
1969 1976 2184 2033 confesc

596 2078 724 2120 sore
774 2079 901 2119 eum
939 2065 1268 2120 habuerunt.
1325 2057 1587 2119 Similiter
1644 2080 1837 2120 omnes
1870 2066 2095 2121 abbates
2125 2066 2181 2121 in

594 2154 717 2224 eius
760 2157 1096 2212 monasterio
1146 2157 1458 2213 habitantes
1520 2174 1696 2228 usque
1760 2158 1813 2213 in
1855 2159 2182 2214 hodiernum

596 2243 762 2298 diem.
798 2243 904 2300 Iste
934 2245 1124 2314 abbas,
1170 2247 1265 2316 qui
1301 2263 1448 2302 nunc
1468 2256 1576 2315 est,
1624 2247 1864 2303 novitate
1898 2249 2180 2319 deceptus,

597 2333 852 2403 superbia
882 2335 1078 2403 elatus,
1114 2335 1262 2391 Venit
1302 2336 1372 2391 ad
1413 2353 1521 2403 me,
1574 2338 1670 2408 qui
1705 2355 1827 2393 sum
1853 2339 2014 2394 vilior
2045 2339 2182 2394 meis

599 2427 1061 2494 antecessoribus,
1087 2427 1386 2497 deprecans
1423 2437 1483 2483 ut
1521 2429 1576 2483 in
1603 2429 1838 2485 consilio
1868 2446 2010 2497 meo,
2042 2439 2098 2485 et
2125 2431 2184 2486 in

596 2515 808 2585 synodo
843 2517 1250 2572 sanctissimum
1278 2517 1650 2575 confessorem
1678 2521 1733 2575 in
1755 2537 1984 2577 numero
2009 2538 2182 2592 pone-

597 2620 714 2660 rem
741 2609 1136 2680 apostolorum,
1161 2611 1308 2680 quod
1326 2609 1503 2667 facere
1518 2613 1688 2676 nolui.
1715 2612 1806 2668 Ille
1828 2629 2184 2683 perseverans

597 2697 784 2764 dictis,
838 2701 998 2756 fidem
1041 2719 1207 2773 quam
1243 2705 1452 2767 habuit.
1496 2722 1620 2761 cum
1665 2706 1952 2762 duodecim
1986 2721 2182 2763 mona-

597 2789 720 2845 chis
743 2791 889 2847 illius
926 2795 1268 2860 monasterii,
1300 2797 1435 2850 mihi
1468 2797 1722 2867 promisit
1760 2806 1821 2853 ut
1843 2815 1965 2854 cum
1989 2809 2182 2855 auctoa

515 2900 522 2907 υ
599 2879 760 2935 ritate
795 2883 850 2936 iu
897 2885 1048 2939 omni
1093 2885 1326 2941 consilio
1352 2903 1439 2942 me
1483 2887 1814 2944 defenderet.
1847 2889 1962 2946 Hoc
2004 2890 2184 2948 facere

600 2987 710 3026 non
735 2975 913 3041 potuit
937 2975 993 3029 in
1018 2977 1253 3032 consilio
1273 2977 1546 3034 Guillelmi
1581 2980 1981 3051 Aquitanorum
2003 2984 2180 3050 ducis,

598 3061 855 3142 audiente
890 3066 1304 3138 archiepiscopo
1342 3068 1692 3138 Bituricensi,
1745 3071 2040 3128 Isemberto
2099 3072 2185 3128 Pi-

595 3151 882 3221 ctaviensi,
907 3157 1226 3228 cretei-isque
1243 3168 1435 3214 eorum
1463 3160 1837 3232 suflraganeis.
1851 3160 2051 3220 Omnes
2072 3164 2188 3235 cpia-

2284 1891 2452 1932 ausus
2483 1892 2542 1931 es
2570 1875 2752 1933 facere
2795 1878 2942 1948 quod
2973 1893 3082 1932 non
3105 1877 3352 1934 fecerunt
3392 1881 3568 1934 saneti
3611 1881 3697 1935 tui
3725 1891 3878 1936 ante-

2284 1981 2531 2024 cessores
2548 1968 2865 2042 Gregorius,
2881 1966 3154 2037 Clemens,
3169 1970 3509 2037 Bonifacius,
3522 1981 3577 2028 et
3589 1973 3752 2027 multi
3765 1975 3876 2038 alii,-

2284 2069 2345 2115 ut
2377 2064 2648 2132 ponerent
2699 2062 3047 2119 confessorcs
3077 2063 3219 2117 inter
3256 2064 3558 2134 apostolos,
3591 2065 3642 2120 si
3685 2081 3878 2136 pecca-

2283 2157 2400 2208 tum
2429 2161 2532 2220 est.
2563 2162 2716 2210 tuum
2740 2156 2840 2222 sit;
2872 2171 2973 2226 ego
2994 2170 3090 2210 ero
3124 2155 3260 2210 liber
3281 2171 3314 2210 a
3347 2156 3534 2226 culpa;
3566 2173 3750 2227 neque
3774 2159 3877 2211 ini;

2284 2238 2488 2316 quitas,
2513 2250 2688 2317 neque
2713 2254 2996 2316 peccatum
3019 2262 3235 2314 meum;
3259 2248 3600 2310 voluntatem
3625 2248 3876 2303 omnium

2283 2335 2686 2406 Aquitanorum
2717 2337 2814 2392 tibi
2855 2339 3198 2404 monstrabo,
3234 2339 3364 2408 quia
3386 2339 3474 2394 ille
3511 2339 3684 2394 abbas
3712 2341 3879 2395 sedu-

2285 2436 2404 2483 ctor
2431 2430 2579 2484 nulla
2623 2430 2729 2485 alia
2761 2436 2929 2508 causa
2975 2430 3081 2486 hoc
3108 2430 3259 2498 facit,
3298 2431 3407 2486 nisi
3453 2432 3586 2502 quia
3629 2433 3752 2486 vult
3785 2433 3879 2487 de-

2285 2527 2499 2576 Struere
2536 2521 2718 2576 sedem
2747 2508 3110 2593 episcopalem
3147 2522 3312 2592 primi
3338 2525 3619 2595 martyris,
3657 2534 3714 2579 et
3745 2540 3880 2595 apo—

2285 2612 2540 2668 stolatum
2575 2612 2632 2668 S.
2656 2613 2802 2670 Petri
2830 2613 3090 2670 advilare.
3118 2614 3224 2670 Per
3243 2616 3407 2672 istius
3442 2617 3651 2671 charta:
3694 2616 3878 2685 portis

2285 2711 2460 2761 torem
2490 2707 2699 2762 litteras
2720 2707 2856 2762 mihi
2880 2707 3054 2775 mitte,
3079 2716 3132 2763 et
3168 2723 3266 2778 per
3291 2708 3477 2762 omnia
3499 2716 3650 2763 tuam
3671 2708 3877 2762 volun-

2285 2805 2451 2854 tatem
2480 2799 2613 2853 mihi
2637 2799 2854 2854 manda.
2884 2797 2998 2870 Ego
3019 2799 3086 2854 ad
3107 2815 3348 2869 prasens
3371 2808 3548 2855 tecum
3579 2799 3740 2868 loqui
3767 2815 3878 2854 non

2282 2898 2495 2961 potero,
2541 2891 2638 2946 sed
2682 2900 2890 2962 quanto
2925 2891 3091 2946 citius
3118 2891 3255 2946 mihi
3295 2892 3403 2947 erit
3443 2906 3630 2962 posse,
3677 2890 3878 2946 limina

2283 2983 2461 3038 sancti
2483 2971 2628 3037 Petri
2650 2983 2832 3038 adibo.

2357 3071 2490 3130 Vale
2531 3073 2790 3144 viriliter,
2843 3085 2943 3147 age
2975 3073 3130 3147 jussa
3168 3075 3424 3144 Patrum,
3457 3075 3570 3132 noli
3606 3083 3880 3148 praevav:s

2291 3178 2438 3220 care.

1821 3481 1992 3526 ANNO
2036 3480 2264 3526 DOMINI
2316 3482 2652 3528 “XXXVIII.

1103 3651 1950 3814 SANCTUS
2064 3657 3355 3820 GODEHARDUS

1701 3920 2084 3979 EPISCOPUS
2118 3921 2745 3980 HILDESIIEIMENSIS

2066 4082 2449 4098 ὴ

1330 4223 1690 4418 vim
2316 4230 3151 4416 ςςξρρΕΗΑΒυι

1579 4406 1680 4458 ωλι
1707 4449 1720 4458 .
1763 4367 1846 4444 ΗΞ
1873 4381 1885 4450 θ
1915 4377 1960 4434 ﬂ
1987 4367 2140 4458 (3.⁵

967 4439 1242 4508 Auctore
1272 4435 2057 4540 Ἒοως-ειιόξῖίιιέὼᾳααιί
2085 4454 2142 4513 ct
2178 4448 2520 4531 discipulo,
2541 4435 2832 4532 ejusdem
2861 4452 3128 4516 ecclesia:
3157 4456 3487 4521 canonica.

1303 4615 1550 4690 (ΜΑιιιιι.
1579 4616 1698 4672 Act.
1722 4618 1942 4680 Bened..
1975 4616 2112 4686 Vlll,
2138 4618 2245 4686 595
2303 4632 2370 4674 ex
2401 4617 2524 4676 cod.
2561 4633 2666 4675 ms.
2703 4619 3171 4690 Compendicnsi.)

1546 4915 2391 4998 OBSERVATIONES
2451 4919 2894 5000 PR/EVUE.

681 5093 730 5151 ἦ.
767 5094 977 5171 ﬁrmiter
1006 5102 1257 5171 sanctum
1286 5091 1700 5171 Bernvvardum,
1737 5095 1898 5171 cujus
1925 5089 2305 5171 Yitamsupra
2336 5112 2542 5171 annum
2579 5099 2718 5153 1025
2756 5101 3028 5164 dedimus,
3058 5100 3327 5158 habemus
3356 5101 3462 5160 hoc
3509 5106 3726 5164 saeculo
3759 5109 3881 5164 alte-

600 5179 727 5223 rum
774 5165 1029 5222 Ecclesia:
1076 5165 1419 5238 Germanicae
1459 5166 1842 5238 lumen,quod
1877 5168 2038 5238 nobis
2069 5165 2378 5238 suppeditat
2413 5168 2900 5227 Hildesheimcnsis
2950 5171 3216 5227 Ecclesia.
3266 5172 3317 5227 Is
3359 5183 3446 5228 est
3494 5177 3880 5236 Godehanlns.

600 5240 763 5315 _cuj_us
788 5248 907 5315 acta
931 5238 999 5290 ab
1022 5245 1244 5315 auctore
1275 5236 1424 5306 gravi
1446 5246 1499 5290 et
1539 5237 1734 5315 aquali
1763 5238 1985 5306 scripta,
2013 5235 2604 5315 $uriif$,__lirouverus,_
2623 5255 2687 5294 ac
2720 5245 2937 5315 tandem
2985 5243 3326 5298 Bollandiani
3357 5245 3503 5315 typis
3533 5249 3782 5304 edidere.
3812 5235 3882 5301 De

603 5307 771 5378 hujus
799 5307 935 5362 Viue
963 5308 1297 5378 auctoritate;
1333 5323 1494 5360 nemo
1537 5307 1782 5376 ambigit,
1814 5309 2064 5376 quamvis
2110 5311 2177 5363 de
2213 5310 2360 5362 illius
2400 5312 2640 5364 auctoris
2670 5313 2892 5367 nomine
2933 5327 3043 5368 non
3090 5315 3162 5368 sit
3184 5331 3289 5368 una
3315 5307 3568 5371 omnium
3591 5320 3878 5374 sententia.

604 5376 929 5458 Brouverus.
945 5379 1153 5458 quippe
1181 5386 1236 5430 et
1275 5376 1479 5458 surius
1500 5378 1900 5458 eamnArnoldo
1943 5379 2158 5458 cuidam
2194 5380 2519 5458 attribuunt,
2565 5382 2764 5458 ρξ’-(ἰῷ
2797 5385 3298 5458 codicumaliquot
3325 5402 3460 5440 mss.
3492 5404 3564 5442 ex
3591 5391 3799 5458 quibus
3826 5404 3882 5441 se

600 5463 727 5504 eam
758 5447 1112 5526 descripsisse
1139 5447 1520 5526 testant_ur._At
1548 5447 1906 5526 Bollandiahni,
1931 5450 2221 5526 cgeterique
2240 5452 2571 5526 recentiores
2593 5450 2895 5507 Wolferum
2921 5455 3045 5526 ejus
3066 5447 3203 5526 Yita:
3229 5456 3396 5511 fuisse
3420 5447 3669 5526 primum
3703 5469 3882 5514 aucto-

607 5533 721 5596 rem
752 5521 1106 5596 contendunt,
1134 5535 1199 5596 ex
1235 5518 1539 5596 antiquiore
1573 5519 1758 5572 codice
1806 5517 2145 5596 Graeciensis
2173 5521 2424 5596 abbatiie.
2470 5520 2919 5596 Przetcrea_tomo
2948 5517 3048 5577 ’νη
3095 5524 3222 5579 Maii
3253 5528 3308 5580 in
3355 5517 3680 5596 Appendice
3721 5533 3880 5583 alium

605 5585 738 5670 item
765 5589 1004 5670 codicem
1037 5589 1278 5670 laudant.
1305 5585 1755 5670 [iambergensem
1787 5590 2010 5670 scilicet,
2046 5590 2139 5670 ubi
2173 5591 2482 5670 ideninV'itze
2523 5601 2714 5646 auctor
2735 5593 3031 5670 _l_lr_’o_l[erius
3069 5596 3274 5670 diserte
3302 5585 3522 5651 dicitur.
3557 5597 3666 5654 Cui
3710 5612 3880 5670 poste-

605 5657 740 5712 riori
769 5659 1049 5713 sententize
1080 5658 1235 5713 facile
1272 5657 1624 5724 assentimur,
1663 5659 1709 5714 si
1737 5661 2066 5714 concedatur
2112 5661 2253 5715 hanc
2291 5660 2490 5727 Vitam,
2515 5679 2637 5732 qua:
2681 5679 2709 5717 a
2735 5657 2979 5720 Woli‘ero
3029 5667 3268 5721 irimitus
3303 5670 3619 5738 conscripta
3675 5657 3876 5729 fderat.

605 5737 795 5790 postea
819 5729 890 5785 ab
911 5727 1154 5785 Arnoldo
1178 5730 1434 5786 relectam
1475 5728 1667 5790 fuisse.
1696 5746 1728 5787 a
1759 5746 1869 5790 quo
1910 5730 2173 5786 nonnulla
2215 5731 2500 5790 miracula.
2549 5749 2671 5790 quae
2701 5735 2756 5788 in
2788 5737 2956 5790 priori
2992 5683 3112 5790 dita
3156 5739 3638 5790 desiderabantur-
3675 5741 3876 5790 adiecta

603 5737 795 5800 postea
819 5729 890 5785 ab
911 5727 1154 5785 Arnoldo
1178 5730 1434 5786 relectam
1475 5728 1667 5801 fuisse,
1696 5746 1728 5787 a
1759 5746 1869 5801 quo
1910 5730 2173 5786 nonnulla
2215 5731 2500 5801 miracula,
2533 5727 2671 5803 ‘qua:
2701 5735 2756 5788 in
2787 5737 2956 5807 priori

3039 5738 3112 5792 ita
3156 5739 3638 5809 desiderabantur,
3675 5741 3878 5820 adjecta
