4018 6382
262 318 403 377 ηδε

1905 323 1987 383 ΓΑ.
3380 336 3403 392 ι
3418 335 3517 392 166

258 430 439 522 dolori
472 430 844 488 insultationis
865 432 1122 489 irrisione
1143 433 1419 505 obiicitur,
1441 436 1606 492 verbo
1626 433 1720 493 Dei
1742 436 1833 493 diu
1865 449 1910 502 Α
1935 442 2234 500 domestica
2258 444 2469 503 desidia
2500 445 2822 516 obdurante,
2858 446 3069 504 silentio
3093 447 3444 522 negligimus.

256 520 628 580 indomabiles
642 525 917 594 ,periculo
932 543 1043 583 non
1071 544 1346 597 caremus,
1377 532 1426 587 si
1445 533 1565 603 ejus
1582 533 1832 603 gloriam,

255 662 3506 708 Μ

1367 825 1912 941 INCIPIT
1983 771 2400 950 .VITA.

318 1019 371 1080 ι.
414 1018 585 1096 Igitur
638 1020 1122 1096 septingentesimo
1172 1025 1593 1097 quadragesimo
1649 1026 1828 1096 primo
1856 1028 1902 1085 Α
1929 1026 2251 1082 nobiliorem
2280 1026 2543 1099 jactitans
2586 1030 2807 1097 restitit,
2841 1038 2895 1087 et
2936 1031 2990 1087 in
3021 1033 3210 1091 eadem
3235 1051 3379 1096 vana
3411 1055 3513 1097 vo-

241 1108 647 1172 incarnationis
667 1116 884 1173 Domini
922 1132 1085 1183 anno,
1122 1132 1232 1187 quo
1257 1116 1487 1173 Carolus
1513 1117 1723 1188 primus
1750 1118 1827 1189 (5)
1932 1116 2139 1173 luntate
2181 1133 2397 1189 semper
2439 1129 2629 1176 contra
2663 1120 2886 1177 fratrem
2931 1139 3110 1195 regem
3152 1129 3408 1197 privatim
3456 1141 3514 1187 et

238 1208 392 1265 illius
420 1209 636 1280 Pippini
664 1208 846 1279 primi,
874 1207 968 1263 lilii
990 1207 1239 1276 Anchisi,
1262 1207 1358 1264 lilii
1378 1208 1607 1276 Arnulli,
1632 1226 1700 1265 ex
1723 1209 1830 1266 hac
1931 1208 2179 1277 subdole,
2218 1220 2407 1266 contra
2431 1210 2602 1267 lilium
2630 1214 2774 1285 regis
2793 1214 3129 1273 Ludovicum
3154 1218 3279 1291 [alii
3310 1221 3514 1278 Ludolo

237 1301 351 1356 vita
396 1300 882 1372 demigrans,liliis
921 1301 1038 1356 suis
1070 1300 1474 1357 Carolomanno
1512 1309 1567 1357 et
1597 1300 1828 1372 Pippino
1930 1298 2106 1372 lum],
2165 1308 2225 1356 ut
2269 1300 2518 1372 Bajoaria
2566 1304 2747 1360 adhuc
2801 1313 3063 1377 testa‘ur,
3116 1312 3333 1381 publice
3384 1329 3511 1386 pero

236 1408 472 1463 regnum
499 1394 741 1463 reliquit,
779 1408 891 1463 quo
922 1394 1087 1447 etiam
1117 1393 1368 1463 sequenti
1398 1409 1543 1448 anno
1569 1392 1672 1449 iste
1696 1392 1826 1464 Pip—
1929 1392 2090 1447 stitit.

235 1484 404 1555 pinus
418 1483 674 1539 Carolum
693 1483 946 1555 Magnum
962 1484 1167 1555 genuit,
1181 1484 1395 1539 initium
1419 1483 1731 1540 Altahensis
1746 1484 1823 1556 (6)

236 1576 561 1631 monasterii
583 1592 613 1630 a
641 1576 846 1631 Christi
875 1576 1176 1632 cultoribus
1199 1573 1473 1646 sapienter
1503 1576 1819 1647 incoeptum,

230 1676 291 1721 ct
317 1667 371 1720 in
408 1668 668 1739 religione
700 1668 1036 1724 monachica
1076 1666 1431 1725 institutionis
1469 1667 1695 1725 feliciter
1740 1677 1823 1726 est

229 1758 530 1828 perfectum
585 1759 685 1830 (ἴ),
733 1768 860 1815 ante
908 1759 1349 1815 distributionem
1397 1760 1818 1832 episcopiorum,

227 1865 356 1920 qua
383 1850 597 1905 decimo
620 1859 742 1921 post
766 1866 911 1906 anno
943 1852 996 1905 in
1026 1851 1273 1922 Bajoaria
1300 1870 1330 1907 a
1367 1864 1557 1908 sancto
1595 1850 1818 1910 Bonifa-

228 1942 318 1999 cio
366 1944 780 2014 archiepiscopo
828 1953 912 2000 est
960 1944 1123 2011 facta,
1169 1961 1235 2000 ex
1277 1945 1492 2000 decreto
1544 1944 1819 2004 Zachariae

223 2044 456 2105 papaet
482 2052 758 2092 consensu
788 2035 1001 2106 Pippini
1039 2037 1205 2106 regis,
1240 2037 1328 2091 cui
1372 2046 1496 2092 ante
1523 2046 1654 2093 tunc
1679 2047 1829 2093 tem-‘

218 2143 316 2198 per
330 2127 377 2184 is
401 2127 700 2183 triennium
725 2126 892 2182 frater
904 2127 1341 2183 Carolmnannus
1357 2127 1541 2183 Roma
1564 2137 1815 2186 tonsora-

1996 1484 2050 1539 5.
2114 1483 2397 1542 Praeclara
2455 1486 2620 1559 igitur
2684 1488 2882 1547 indolis
2935 1506 3099 1563 puer,
3151 1491 3511 1557 Godehardus

1926 1579 2167 1646 nomine,
2192 1580 2346 1650 juxta
2373 1566 2667 1637 Altahcnse
2702 1587 3100 1642 monasterium
3137 1602 3205 1643 ex
3261 1591 3509 1661 ejusdem

1923 1665 2179 1727 Ecclesia
2212 1668 2442 1739 familia,
2474 1673 2528 1726 in
2550 1673 2676 1729 villa
2696 1673 3035 1732 Rithenbach
3071 1678 3329 1737 diacesis
3358 1682 3511 1739 Pata-

1920 1760 2166 1828 viensis,
2214 1776 2244 1816 a
2295 1777 2423 1817 vere
2474 1762 2807 1820 Christianis
2854 1767 2963 1835 piis
3007 1777 3062 1822 et
3112 1770 3358 1828 honestis
3414 1789 3511 1843 [κιο

1920 1850 2169 1907 rentibus
2186 1851 2417 1908 feliciter
2444 1863 2607 1909 natus
2626 1862 2709 1910 est
2732 1864 2786 1910 et
2806 1858 3111 1927 enutritus;
3136 1862 3336 1918 studiis
3364 1862 3509 1919 litto-

1919 1958 2107 1997 rarum
2151 1943 2331 2000 adhuc
2368 1943 2670 2002 infantulus
2718 1958 2906 2002 contra
2969 1950 3325 2009 intentiorem
3371 1972 3508 2025 quo-

1917 2034 2214 2092 dammodo
2261 2047 2547 2107 parentum
2612 2055 2838 2096 suorum
2896 2054 2957 2097 se
3013 2043 3255 2101 tradidit.
3306 2046 3509 2120 [Erant

1917 2127 2118 2182 schola
2144 2143 2283 2197 quas
2311 2128 2572 2195 visitavit,
2619 2145 2788 2201 prope
2843 2135 3237 2191 monasterium
3286 2136 3504 2207 Altach,

221 2229 317 2275 tus
362 2227 416 2274 et
460 2219 875 2274 monachizatus
906 2218 1304 2274 hareditariam
1340 2229 1548 2289 partem
1573 2221 1725 2291 regni
1761 2230 1814 2277 et
1914 2226 2069 2273 trans
2090 2218 2290 2274 ﬂumen
2322 2218 2631 2275 Danubium
2659 2222 2756 2294 (9).
2798 2222 2938 2279 Cum
2970 2234 3153 2281 autem
3183 2244 3343 2284 mane
3379 2246 3506 2286 sur-

219 2309 572 2380 proprietatis
589 2309 817 2375 dimisit,
836 2308 1810 2379 quandoWillchaldoEistad,Joanni
1845 2366 1883 2381 ἢ
1914 2322 2048 2377 gens
2080 2319 2305 2364 sanctus
2332 2324 2467 2379 puer
2499 2312 2673 2381 gratia
2719 2312 2975 2369 visitandi
3032 2316 3249 2373 scholas
3294 2320 3506 2377 veniret

220 2366 545 2467 .Salieburk,
594 2366 913 2457 Eremberto
962 2400 1266 2473 Frisingge,
1313 2366 1602 2456 Gaihaido'
1622 2400 1809 2473 [Cari-
1844 2366 1884 2423 Β
1911 2366 2082 2469 prope
2112 2366 2443 2469 Danubium,
2475 2366 2618 2474 quod
2643 2420 2779 2474 pons
2807 2366 3284 2476 ibinon

218 2492 407 2563 baldo]
440 2493 757 2549 Iladisbona
781 2494 1215 2559 commendatur,
1259 2503 1314 2549 et
1342 2492 1655 2549 Christiana
1683 2493 1810 2547 reli-
1909 2488 2136 2545 lluvium
2161 2495 2517 2562 pet-transire,
2545 2493 2656 2550 Deo
2688 2496 2853 2551 dante
2871 2539 2886 2563 ,
2911 2498 3116 2563 vadens
3160 2501 3228 2555 ad
3280 2503 3501 2561 scholas

218 2584 312 2657 gio
337 2586 536 2642 ibidem
557 2587 720 2658 digne
740 2584 852 2641 Deo
874 2586 1279 2641 corroboratur.
1305 2584 1365 2639 ln
1388 2584 1645 2655 pracdicto
1665 2594 1809 2642 certe

216 2678 473 2733 canohio
499 2678 770 2733 servimen
795 2676 1006 2733 Christi
1041 2676 1110 2732 ab
1145 2677 1305 2733 initio
1333 2675 1563 2732 feliciter
1586 2693 1808 2734 succre-

217 2769 318 2835 vit,
347 2778 404 2825 et
427 2785 523 2839 per
548 2778 808 2826 centenos
834 2769 948 2825 fere
973 2785 1149 2825 annos
1182 2770 1236 2824 in
1264 2768 1587 2825 monachico
1607 2785 1807 2839 propo-

214 2859 327 2915 sito
347 2860 691 2915 laudabiliter
709 2859 938 2930 profecit
960 2875 1136 2930 usque
1165 2860 1219 2914 in
1250 2858 1622 2915 detestabilem
1654 2859 1803 2915 illam

214 2952 619 3008 dissensionem
655 2967 780 3023 qua
808 2952 975 3022 capit
1013 2951 1155 3006 inter
1187 2950 1525 3008 Ludovicum
1564 2950 1803 3021 impera-

216 3054 391 3101 torem
414 3043 584 3099 lilium
617 3043 796 3099 Caroli
824 3042 1003 3115 Magni
1031 3053 1085 3099 et
1114 3044 1255 3099 lilios
1279 3042 1400 3113 ejus
1433 3041 1800 3112 Ludovicum,

213 3135 535 3192 Lotharium
562 3144 617 3191 et
634 3134 894 3192 Carolum
915 3153 929 3203 ;
954 3152 1022 3191 ac
1043 3135 1240 3191 deinde
1264 3135 1592 3206 imperatore
1608 3135 1802 3193 defun-

210 3237 304 3284 cto
335 3229 477 3284 inter
511 3228 660 3299 ipsos
697 3226 917 3295 fratres,
949 3243 1046 3298 per
1089 3229 1291 3284 multos
1316 3245 1511 3296 annos,
1542 3238 1603 3285 ut
1634 3231 1799 3286 chro-

210 3322 339 3377 nica
354 3329 645 3387 testantur,
657 3321 977 3390 permansit.
994 3319 1051 3375 in
1066 3336 1129 3377 ea
1145 3336 1274 3392 ergo
1285 3329 1603 3391 tempestate
1620 3321 1800 3377 eccle-

209 3414 312 3470 sia
331 3413 514 3483 plures
538 3413 981 3482 despoliabantur
1004 3452 1020 3481 ,
1043 3412 1292 3469 ccenobia
1313 3412 1794 3468 disturbabantur:

213 3507 357 3563 inter
378 3521 502 3576 qua
524 3513 581 3561 et
605 3504 850 3576 ejusdem
877 3504 1189 3559 Altahensis
1213 3503 1471 3559 Ecclesia
1493 3503 1797 3574 proprietas

210 3598 413 3654 ibidem
436 3615 467 3653 a
490 3598 741 3655 ﬁdelibus
771 3598 990 3664 collata,
1012 3605 1067 3651 et
1094 3605 1323 3652 eotenus
1346 3596 1691 3662 iuconvulsa,
1706 3596 1794 3651 di-

1908 2591 2003 2637 aut
2030 2584 2156 2665 inde
2186 2584 2424 2653 rediens,
2450 2588 2740 2659 quemdam
2769 2589 2969 2660 reperit
2996 2591 3089 2662 qui
3127 2591 3231 2647 sibi
3263 2610 3360 2664 per
3398 2595 3501 2651 llu-

1910 2690 2035 2730 men
2070 2678 2394 2734 continuum
2432 2688 2485 2734 et
2513 2695 2706 2736 sanum
2752 2682 2985 2752 prabuit
3017 2683 3393 2760 conductum].
3438 2687 3497 2743 In

1905 2760 2097 2816 eodem
2124 2766 2461 2822 monasterio
2481 2780 2615 2836 puer
2648 2766 2943 2837 pradictus
2967 2768 3197 2825 ﬁdeliter
3235 2786 3267 2826 a
3302 2786 3500 2842 paren-

1903 2851 2052 2908 tibus
2081 2854 2316 2916 oblatus.
2349 2871 2380 2911 a
2426 2854 2688 2914 fratribus
2730 2858 2923 2917 devote
2953 2870 3261 2931 susceptus,
3290 2864 3500 2920 littera—

1903 2943 1973 2998 lis
2008 2944 2252 3001 scientia
2281 2947 2538 3005 haustum
2573 2949 2807 3007 Domino
2832 2953 3105 3009 tribuente
3149 2953 3499 3012 laudabiliter

1904 3034 2139 3103 imbibit,
2163 3046 2217 3093 et
2248 3039 2447 3095 divina
2477 3041 2614 3112 legis
2641 3044 2889 3098 notitiam
2917 3059 3017 3114 pro
3064 3046 3291 3114 parvulo
3319 3047 3500 3103 adhuc

1902 3129 2079 3184 aetatis
2111 3131 2387 3202 ingeniolo
2414 3133 2648 3189 libenter
2695 3136 2923 3205 accepit,
2963 3136 3119 3205 juxta
3162 3135 3310 3207 quod
3357 3139 3499 3193 dici-

1901 3226 2033 3273 tur:
2072 3219 2349 3278 Facillime
2410 3223 2661 3291 diseitur,
2722 3225 2815 3279 ubi
2875 3224 3114 3295 Spiritus
3159 3226 3256 3282 Dei
3307 3228 3498 3284 doctor

1900 3311 2073 3367 adest.
2100 3311 2303 3385 [Cmpit
2335 3331 2572 3385 namque
2597 3325 2821 3372 sanctus
2845 3332 2981 3388 puer
3005 3318 3059 3372 in
3083 3320 3346 3390 primavo
3365 3332 3496 3378 ata-

1898 3403 1991 3470 tis,
2022 3421 2118 3460 seu
2145 3406 2449 3476 juventutis
2491 3425 2606 3463 sua
2633 3407 2785 3475 llore,
2812 3410 3081 3466 vanitates
3111 3411 3494 3472 declinare'at-

1897 3512 2004 3567 que
2029 3498 2279 3554 levitates
2298 3500 2524 3562 evitare,
2549 3501 2723 3571 magis
2745 3501 2953 3573 eligens
2970 3502 3163 3573 jugum
3189 3503 3283 3560 Dei
3304 3507 3495 3563 subire

1895 3598 1950 3643 et
1968 3588 2235 3645 virtutum
2265 3591 2513 3647 tramites
2537 3591 2690 3648 adire
2742 3608 2907 3662 quam
2946 3595 3285 3654 vanitatibus
3323 3598 3492 3670 hujus

207 3691 533 3761 ripiebatur,
554 3700 608 3746 et
630 3691 759 3747 huic
780 3690 972 3746 sceleri
1003 3689 1388 3755 militantibus,
1410 3688 1568 3757 juxta
1593 3689 1794 3745 debac-
1822 3700 1863 3757 c
1895 3681 2110 3748 mundi.
2136 3690 2198 3737 ιιι
2240 3684 2330 3739 illa
2378 3700 2597 3754 semper
2639 3685 2842 3741 assolet
2889 3694 3058 3754 tetas;
3104 3690 3377 3762 capitque
3423 3691 3493 3747 de

206 3782 493 3839 cbantinm
534 3782 891 3848 voluntatem,
923 3779 1171 3835 benelicii
1203 3778 1315 3834 imo
1344 3779 1599 3835 maleﬁcii
1624 3795 1791 3834 causa

203 3875 569 3930 dividebatur.
598 3874 710 3930 llae
731 3876 876 3930 enim
898 3874 1225 3930 necessitate
1246 3873 1570 3928 monachica
1594 3873 1792 3928 ibidem

207 3982 403 4023 norma
433 3965 632 4022 defecit
655 3986 668 4021 :
696 3966 800 4021 sub
822 3966 1008 4037 regula
1030 3974 1210 4032 tamen
1232 3965 1625 4020 canonicorum
1647 3964 1791 4020 idem

209 4058 366 4112 locus
413 4072 591 4126 usque
621 4056 677 4110 in
717 4065 964 4125 tempora
1007 4055 1111 4125 pia
1144 4054 1421 4109 memoriae
1461 4051 1680 4109 Henrici
1714 4054 1790 4127 (8)

202 4148 389 4214 ducis,
414 4157 578 4218 quem
612 4156 801 4218 postea
835 4147 1220 4218 imperatorem
1246 4147 1508 4213 vidimus,
1540 4149 1670 4202 item
1697 4164 1793 4218 per

209 4250 427 4296 centum
456 4256 630 4295 annos
665 4239 922 4309 perstitit.
938 4238 1095 4306 Quod
1122 4248 1175 4294 ct
1204 4236 1330 4294 Otto
1357 4238 1481 4309 pius
1502 4254 1619 4305 rex,
1644 4239 1791 4295 lilius

200 4332 354 4404 regis
386 4329 605 4386 Henrici
641 4328 888 4396 Samnii,
918 4329 1119 4399 sapius
1155 4329 1396 4384 decrevit
1424 4330 1479 4385 in
1512 4328 1790 4399 aliquibus

205 4422 347 4478 locis
370 4422 755 4492 redintegrare,
794 4420 889 4475 sed
934 4419 1129 4490 plurali
1178 4417 1476 4474 infortunio
1514 4419 1786 4484 obstante,

204 4516 446 4571 maxime
489 4523 671 4569 tamen
709 4512 898 4567 fratris
931 4511 1019 4567 sui
1062 4508 1283 4564 Henrici
1322 4508 1481 4564 ducis
1518 4508 1786 4578 Bajoariei

207 4606 613 4662 machinatione
634 4603 1014 4675 praepediente,
1042 4615 1153 4655 non
1184 4600 1358 4670 potuit
1380 4599 1654 4669 perlicere.
1681 4597 1785 4665 Qui

204 4707 352 4755 certe
392 4697 496 4753 sibi
522 4697 575 4750 in
610 4697 785 4765 prima
815 4693 982 4764 regali
1011 4691 1356 4747 ordinatione
1392 4691 1447 4748 in
1496 4691 1786 4761 prasentia

202 4788 378 4843 oatris
406 4803 470 4843 ac
501 4787 808 4859 principum
844 4785 1005 4856 quasi
1034 4783 1302 4855 jocularia
1330 4782 1701 4853 indignatione
1725 4798 1785 4838 se

176 5015 183 5021 ο
277 4989 356 5057 (5)
396 4985 492 5042 llic
514 4996 705 5042 auctor
727 4985 985 5057 Carolum
1019 4983 1320 5057 Martellum
1353 4982 1588 5057 appellat
1606 4981 1780 5040 Caro-

204 5053 321 5131 lum
340 5053 391 5121 'l,
422 5058 548 5131 licet
567 5057 714 5111 enim
736 5056 881 5131 regis
905 5056 1127 5112 nomine
1150 5070 1289 5109 usus
1316 5053 1437 5109 non
1453 5053 1636 5119 fuerit,
1657 5071 1779 5131 om-
1811 5071 1859 5131 ο

1897 3771 2042 3828 bono
2070 3775 2125 3829 in
2159 3775 2378 3841 melius,
2406 3776 2474 3831 de
2501 3777 2712 3832 meliori
2744 3779 2797 3832 in
2819 3780 3087 3849 optimum
3112 3798 3221 3837 non
3250 3785 3490 3856 segniter

1898 3879 1958 3920 se
1984 3866 2302 3923 transferre.
2330 3865 2413 3923 0b
2438 3869 2542 3924 hoc
2564 3884 2777 3941 semper
2793 3879 2863 3925 te:
2879 3871 3004 3926 ebat
3024 3873 3271 3929 ecclesia
3296 3876 3488 3934 limina

1897 3964 1959 4011 ut
1992 3956 2193 4013 ibidem
2234 3959 2480 4015 hauriret
2507 3976 2678 4016 sacra
2706 3961 2841 4033 legis
2876 3961 3131 4032 flumina,
3178 3974 3238 4022 ut
3288 3970 3488 4027 exinde

1896 4060 2133 4106 mentem
2169 4068 2325 4107 suam
2355 4052 2650 4109 inebriaret
2682 4054 3039 4111 sitibundam.
3071 4056 3275 4115 Aderat
3303 4061 3353 4116 ei
3385 4061 3484 4118 Dei

1895 4141 2079 4208 timor,
2110 4141 2289 4212 ipsum
2313 4144 2384 4198 ab
2407 4144 2556 4198 omni
2585 4146 2871 4202 retrahens
2898 4146 3124 4204 lascivia
3156 4151 3372 4220 puerili.
3391 4150 3485 4210 Sic

1895 4232 2063 4304 igitur
2096 4250 2157 4289 se
2190 4235 2449 4292 omnibus
2501 4237 2773 4305 exhibuit,
2798 4247 2858 4294 ut
2897 4254 3163 4312 organum
3205 4244 3481 4313 quoddam

1896 4321 2135 4394 Spiritus
2169 4327 2343 4381 sancti
2385 4342 2509 4384 esse
2545 4330 2832 4385 verissime
2881 4343 3183 4403 appareret.
3218 4334 3384 4394 'Unde
3425 4348 3481 4394 et

1892 4415 2095 4472 factum
2117 4428 2200 4473 est
2230 4429 2289 4474 ut
2317 4420 2372 4474 in
2398 4421 2589 4476 habitu
2619 4422 2888 4491 saculari,
2921 4440 3033 4498 quo
3086 4428 3228 4482 inter
3260 4429 3478 4499 religio-

1892 4520 1984 4561 sos
2010 4508 2282 4573 manebat,
2306 4509 2508 4566 multos
2536 4510 2605 4567 de
2636 4513 2910 4585 religiosis
2933 4515 2988 4569 in
3019 4516 3141 4573 vita
3187 4520 3476 4576 sanctitate

1889 4595 2164 4665 pelliceret
2198 4598 2496 4656 evidenter.

1877 4695 1883 4701 ‘
1957 4688 2010 4743 6.
2044 4688 2181 4743 Cum
2209 4698 2391 4746 autem
2411 4691 2610 4747 bonam
2639 4665 2991 4764 moribusque
3006 4697 3250 4755 honestis
3276 4701 3471 4771 hujus-

1889 4781 2035 4837 modi
2058 4781 2223 4840 vitam
2253 4783 2581 4844 laudabilem
2626 4786 2682 4843 in
2720 4786 2866 4843 dicto
2905 4794 3238 4849 monasterio
3278 4795 3467 4852 Altach

1884 4981 2030 5106 {acta
2063 4991 2158 5039 est.
2186 4980 2285 5037 Ms.
2311 4990 2492 5036 autem
2524 4981 2833 5038 Graciense
2856 4983 2909 5038 in
2944 4985 3087 5039 notis
3110 4985 3354 5041 Bollandi
3387 4989 3467 5043 sic

1905 5054 2047 5106 Iabet
2078 5071 2089 5106 :
2125 5052 2165 5105 Α
2205 5050 2262 5106 8.
2302 5052 2565 5106 Pirminio
2593 5062 2642 5106 et
2666 5053 2878 5106 domino
2907 5052 3132 5106 Odi/one
3162 5056 3293 5106 duce
3319 5056 3466 5106 Bau-

1905 5054 2047 5110 tabet
2078 5071 2089 5106 :
2125 5052 2165 5105 Α
2205 5050 2262 5107 8.
2302 5052 2565 5107 Pirmim’o
2593 5062 2642 5106 et
2666 5053 2878 5108 domino
2907 5052 3132 5108 0dilone
3162 5056 3293 5110 duce
3318 5056 3435 5112 Bau
3455 5090 3466 5098 -

204 5130 298 5184 nia
321 5120 501 5182 tamen
534 5128 607 5181 ita
650 5120 825 5197 penes
851 5126 1031 5195 ipsum
1074 5134 1266 5197 erant,
1298 5133 1359 5178 ut
1400 5124 1781 5197 regnumliliis
1811 5120 1854 5131 “’
1884 5120 2320 5197 varico,olii3que
2343 5122 2542 5197 Christi
2566 5122 3462 5197 cultoribussapienterincmptum,

202 5198 323 5253 suis
352 5196 629 5266 reliquerit
651 5192 852 5266 eodem,
873 5192 1039 5250 modo
1067 5192 1580 5266 administrandum,
1607 5194 1783 5251 donec
1880 5203 1929 5266 et
1956 5194 2008 5247 in
2036 5192 2607 5266 religioéqptotzqatica
2632 5192 2962 5266 institutione
2991 5194 3219 5263 feliciter
3240 5192 3318 5251 est
3343 5192 3459 5266 peré

203 5269 421 5346 tandem
444 5263 1147 5346 e:xauetora_to_Childerieo,
1174 5263 1439 5346 Pippinus
1462 5279 1662 5319 nomen
1689 5280 1778 5322 re-

202 5338 489 5410 gis,g_qu_od
510 5352 568 5391 re
586 5336 699 5410 jam
732 5336 985 5410 habebat,
1016 5336 1333 5410 assumpsit.

176 5400 234 5459 ,⁷
274 5400 775 5477 (ὃγωουαβῐθισὶιιω
808 5400 1314 5477 Altahainferioris
1362 5402 1418 5477 in
1452 5400 1678 5457 Bavaria
1723 5404 1779 5477 in

1854 5343 1995 5403 post
2029 5350 2168 5403 anno
2203 5333 2557 5403 ittBauvaria
2590 5352 2623 5387 a
2653 5342 2835 5387 sancto

1880 5265 2094 5331 fectum,
2125 5261 2245 5336 ante
2267 5261 2689 5336 distributionem
2709 5261 3113 5336 episcoporum,
3127 5282 3243 5336 qua:
3259 5261 3462 5323 decimo

1951 5343 1995 5387 st
2029 5350 2168 5388 anno
2203 5335 2258 5388 iu
2286 5334 2557 5389 Batwart’a
2590 5352 2623 5387 a
2653 5342 2835 5387 sancto
2870 5334 3171 5416 Bonifacio,
3200 5345 3305 5393 etc.

1951 5403 2028 5473 (8)
2052 5402 2103 5458 is
2125 5412 2207 5458 est
2230 5401 2496 5460 Henricus
2516 5419 2547 5460 e
2574 5403 2815 5459 Bavaria
2839 5403 2978 5459 duce
3001 5414 3316 5474 imperator,
3328 5423 3460 5463 san-

200 5471 1041 5547 episcopatuiPataviensi,iquod
1085 5481 1290 5544 perstat
1316 5471 1637 5529 etiamnunc
1675 5473 1780 5528 sub
1875 5471 2340 5547 ctitate_celebri_s.-

199 5544 567 5628 eules-Ir.
600 5544 664 5628 N.-
697 5544 992 5628 Media?-
1128 5555 1205 5628 .'
1267 5613 1288 5628 .
1348 5622 1359 5628 .
1553 5613 1565 5625 .
1625 5611 1639 5628 ι
1707 5614 1719 5627 -

176 5654 181 5659 .
213 5688 231 5695 _
266 5611 351 5685 (7.)
387 5616 526 5695 Εᾴίιί
552 5617 781 5695 habent,
815 5614 1038 5695 [elic-iter
1062 5622 1139 5670 est
1166 5613 1451 5695 perfectum
1474 5611 1773 5695 quindecim

1951 5544 2029 5614 (9)
2069 5542 2186 5618 Hoc
2220 5543 2546 5618 miraculum
2589 5543 2742 5618 deest
2775 5545 2830 5618 in
2870 5556 3065 5618 nostro
3104 5545 3453 5618 msrcmlice,

1878 5612 2021 5688 sicut
2042 5622 2095 5669 et
2118 5614 2223 5669 alia
2247 5612 2575 5688 ntulta,qu;c
2618 5617 2735 5674 suis
2778 5617 2913 5677 locis
2959 5616 3310 5675 includuntur
3356 5612 3450 5674 ann;

202 5683 310 5756 rm
332 5683 654 5764 omtis,_au_te
674 5684 1646 5764 distribu'éonemmscopiOIanatona
1655 5693 1771 5751 post
1875 5683 2032 5743 aulis.

199 5752 396 5811 canum
421 5758 476 5811 in
511 5755 765 5827 Bajoaria
795 5772 826 5811 a
855 5764 1038 5811 sancto
1074 5752 1352 5826 Bonifatio
1382 5752 1770 5826 archiepiscopo
