4018 6434
519 350 658 405 “67

1392 350 1447 404 S.
1490 349 1886 405 GODElIARDl
1926 345 2233 403 El‘ISCOPl
2266 346 2889 407 HlLDESHElMENSlS

3657 355 3792 409 ΗΕΒ

516 481 612 534 per
659 464 865 535 aliquot
894 478 1065 519 annos
1087 438 1405 535 peregisset,
1433 472 1487 517 et
1513 463 1891 517 adolescentia:
1926 478 2099 517 annos
2129 470 2175 524 Α
2203 478 2352 517 mum
2379 462 2645 521 Calabria:
2668 466 2869 522 bellum
2896 465 3077 520 adhuc
3106 480 3201 535 per
3231 464 3415 521 orbem
3441 473 3603 520 terra:
3641 466 3795 521 clade

498 557 809 628 attigisset,
833 565 887 611 et
911 556 1036 611 vita:
1068 565 1270 610 sanctae
1293 556 1437 609 fama
1469 569 1565 624 per
1592 562 1764 609 totam
1798 552 2096 608 ,Bavariam

498 662 577 701 :se
607 646 1011 717 dilatasset],co
1035 655 1277 716 tempore
1303 645 1495 700 beatus
1511 644 1594 698 vir
1612 642 1960 701 Christianus
1983 644 2095 716 (-10)

504 733 750 794 Patavio:
767 738 1059 809 episcOpus
1082 737 1222 792 idem
1245 736 1635 792 monasterium
1659 735 1908 792 beneﬁcii
1929 751 2096 793 causa

512 828 839 899 gubernavit
860 835 1100 898 tempore
1120 824 1342 881 llenrici
1367 824 1524 879 ducis
1546 824 1762 894 prioris.
1786 823 1856 879 Et
1900 824 2096 881 fratres

514 919 590 973 ibi
618 919 675 973 in
711 918 898 973 divino
928 914 1221 972 servimine
1259 914 1550 970 coadunati
1573 955 1586 980 ,
1615 923 1904 985 postquam
1949 916 2097 986 ejus-

509 1009 637 1064 dem
662 1008 818 1079 pueri
847 1006 1176 1064 laudabilem
1203 1005 1259 1059 in
1282 1005 1478 1085 timore
1503 1003 1598 1060 Dei
1625 1004 1863 1061 indolem
1895 1020 2097 1077 cogno-

497 1108 728 1166 verunt,
749 1112 875 1154 eum
924 1095 1255 1168 [Pataviensi
1302 1095 1581 1165 episcopo,
1623 1095 1718 1166 qui
1763 1104 1894 1151 tunc
1951 1094 2094 1149 idem

511 1188 908 1246 monasterium
934 1186 1182 1241 beneficii
1222 1201 1391 1240 causa
1415 1185 1756 1256 gubernavit,
1784 1201 1911 1240 eum
1947 1200 2096 1239 com-

510 1277 821 1334 mendando
845 1263 1264 1332 notiﬁcaverunt
1288 1276 1420 1346 (ll).
1452 1275 1471 1347 ]
1530 1274 1649 1342 Quo
1684 1275 1772 1329 ille
1797 1276 2012 1341 audito,
2036 1284 2095 1331 ut

504 1377 658 1431 certe
682 1374 800 1423 erat
822 1365 1306 1439 prudentissimus,
1331 1364 1443 1420 Deo
1468 1367 1673 1436 gratias
1700 1366 1904 1434 retulit,
1919 1364 2096 1421 illum-

508 1478 619 1532 que
638 1461 765 1518 inde
789 1460 1047 1518 eductum
1068 1461 1124 1516 in
1146 1476 1303 1516 suam
1326 1459 1751 1515 familiaritatem
1772 1458 2089 1537 assumpsit.

466 1578 472 1583 -
511 1553 686 1619 Quem
708 1552 803 1607 ubi
823 1551 890 1607 de
910 1552 1110 1607 virtute
1132 1552 1190 1607 in
1218 1552 1496 1617 virtutem,
1522 1550 1696 1622 gratia
1727 1548 1935 1606 Christi
1965 1565 2094 1621 pro—

510 1645 757 1711 vehente,
788 1643 1047 1701 scandere
1073 1643 1345 1714 cognovit,
1372 1643 1608 1719 amplius
1628 1657 1754 1698 eum
1772 1656 1872 1713 pro
1897 1641 2093 1698 collata

505 1736 773 1792 divinitus
792 1732 1064 1790 industria
1089 1736 1371 1805 gratulans
1398 1735 1621 1802 amavit,
1639 1732 1729 1806 [ac
1752 1734 2092 1790 cancellariae

504 1829 557 1884 ei
590 1828 828 1885 oflicium
858 1827 1155 1895 commisit,
1179 1827 1234 1881 in
1266 1843 1377 1897 quo
1419 1827 1596 1883 ollicio
1630 1828 1794 1883 talem
1842 1842 1902 1884 se
1933 1828 2093 1883 exhi-

503 1918 627 1973 buit
656 1926 715 1981 ut
741 1917 940 1972 divinae
967 1932 1231 1987 organum
1263 1916 1542 1987 sapientiae
1567 1933 1625 1973 se
1644 1917 1899 1980 omnibus
1929 1918 2088 1974 exhi-

479 2007 704 2082 ~beret,]
729 2024 794 2064 ac
815 2025 911 2080 per
938 2009 1235 2064 triennium
1260 2024 1446 2065 secum
1478 2024 1574 2081 per
1607 2009 1825 2066 diversa
1868 2009 2092 2080 expedi-

502 2100 717 2155 tionum
743 2139 759 2165 ,
820 2107 1251 2169 ceterorumque
1316 2108 1721 2155 commeatuum
1786 2098 2089 2156 difﬁciliora

500 2192 722 2258 Itinera,
767 2191 927 2262 quasi
986 2190 1340 2261 praetentandi
1391 2193 1565 2263 gratia
1629 2192 2004 2259 circumvexit,
2036 2200 2090 2248 et

476 2298 677 2339 sacra:
710 2283 833 2348 fidei
857 2299 922 2340 ac
940 2283 1221 2354 religionis
1248 2282 1582 2340 catechismo
1608 2284 1856 2340 devotius
1883 2284 2089 2339 instru-

503 2376 603 2430 xit.
636 2374 867 2447 [Timuit
890 2383 1071 2430 autem
1113 2382 1339 2431 sanctus
1361 2375 1580 2446 juvenis
1608 2375 1966 2432 Godehardus
2019 2391 2088 2432 ne

499 2465 635 2536 quid
673 2465 728 2520 in
752 2466 940 2532 tantis,
969 2464 1169 2535 quibus
1189 2464 1519 2536 praepeditus
1551 2476 1668 2522 erat
1712 2466 1967 2539 negotiis,
1992 2482 2088 2521 va-

494 2569 635 2610 num
685 2554 997 2609 illaberetur
1048 2554 1231 2608 animo
1278 2573 1291 2609 :
1335 2553 1459 2610 ideo
1507 2571 1539 2610 a
1582 2554 1729 2611 dicto
1778 2555 2086 2611 Pataviensi

500 2646 787 2702 recedendi
826 2647 993 2716 petita
1021 2647 1257 2712 licentia,
1289 2657 1342 2701 et
1390 2648 1481 2702 vix
1531 2649 1769 2715 obtenta,
1823 2647 1895 2721 is]
1959 2665 2085 2704 cum

494 2734 745 2805 ejusdem
769 2734 1005 2790 cmuobii
1036 2733 1298 2789 fratribus
1325 2735 1378 2789 in
1410 2737 1846 2808 supplementum
1887 2738 2086 2796 divinte

475 2825 779 2881 acervitutis
824 2826 1023 2881 obnixe
1080 2829 1481 2896 repetentibus,
1526 2828 1869 2886 subdiaconii
1914 2832 2085 2905 gradu

494 2917 815 2972 decoratum
841 2915 1071 2972 remisit.
1099 2918 1203 2983 Qui
1239 2918 1439 2973 ibidem
1477 2919 1532 2973 in
1557 2929 1758 2976 sanctae
1797 2936 2086 2977 conversa-

495 3008 664 3065 tionis
685 3007 867 3066 studio
900 3008 969 3063 de
998 3008 1085 3064 die
1116 2998 1173 3064 in
1200 3009 1344 3065 diem
1386 3026 1482 3081 per
1522 3011 1900 3068 adolescentia:
1949 3023 2084 3069 tem-

495 3114 601 3169 pus
644 3100 896 3171 sagacius
944 3100 1256 3172 invigilans,
1306 3103 1582 3158 communi
1629 3105 1793 3162 etiam
1850 3104 1885 3158 fi
1900 3113 2081 3162 atrum
2109 3143 2155 3206 Ο

494 3189 784 3245 commodo
815 3197 871 3243 et
917 3189 1136 3245 utilitati
1184 3189 1433 3248 devotius
1488 3191 1795 3259 intendens,
1846 3193 2081 3264 majores

497 3278 707 3334 scilicet
766 3280 924 3349 juxta
993 3280 1313 3351 Apostolum
1341 3324 1355 3349 ,
1418 3282 1626 3339 honore
1702 3285 2080 3354 przeveniendo

468 3368 672 3439 gutum.
700 3386 795 3438 xu,
830 3371 939 3441 10),
965 3388 1176 3428 coaevus
1200 3372 1367 3443 justis
1408 3374 1670 3444 exemplis
1716 3376 2077 3446 adhortando,

480 3461 774 3533 subjectos
799 3462 973 3519 sacris
1000 3464 1201 3535 saepius
1229 3465 1454 3521 monitis
1482 3466 1551 3520 ad
1600 3467 1824 3525 meliora
1876 3468 2080 3526 sollici-

490 3554 698 3623 tando;
743 3564 797 3611 ct
821 3555 894 3612 ita
920 3555 1106 3612 divina
1138 3557 1424 3613 clementia
1467 3558 1779 3624 comitante,
1826 3560 1882 3615 in
1928 3560 2078 3616 brevi

496 3661 638 3703 vera:
659 3645 935 3717 religionis
962 3645 1308 3718 disciplinam
1338 3648 1407 3703 ad
1432 3649 1702 3720 integrum
1729 3660 2078 3719 consecutus,

482 3736 734 3793 Adiaconii
763 3751 983 3808 quoque
1012 3738 1219 3795 honore
1268 3739 1619 3806 sublimatus,
1669 3741 1847 3797 eidem
1896 3758 2081 3798 mona-

482 3827 684 3895 sterio,
708 3835 770 3882 ut
810 3841 936 3882 vere
961 3838 1083 3898 post
1112 3828 1307 3899 patuit,
1338 3828 1447 3885 Deo
1473 3832 1911 3901 praedestinante,
1928 3849 2077 3907 pra:-

483 3915 710 3989 -positus
736 3924 821 3972 est
841 3916 1191 3972 constitutus.

570 4006 619 4059 7.
649 4006 810 4061 Anno
834 4006 1026 4062 deinde
1054 4018 1176 4077 post
1227 4018 1441 4078 partum
1487 4007 1727 4081 Virginis
1782 4021 2079 4083 nongente-

485 4096 636 4150 simu
670 4097 1001 4166 octogesimo
1021 4107 1213 4153 octavo
1249 4097 1382 4169 (-12),
1407 4097 1600 4154 Ottone
1628 4101 1950 4171 imperatore
1987 4118 2077 4158 se-

484 4184 697 4258 gundo,
719 4195 841 4259 post
873 4188 1399 4260 periculosissimum
1448 4197 1502 4249 ct
1556 4190 1723 4251 etiam
1760 4191 2075 4253 infelicissi-

562 4379 1015 4458 (lplDollandus
1067 4383 1250 4458 habet,
1281 4384 1603 4458 _Fridericus
1656 4386 1990 4458 Juvavensis,
2019 4392 2075 4449 id

490 4443 591 4530 est:
601 4443 1034 4530 Salisburgensis
1059 4443 2073 4530 archiepiscopus,etquidemrectins:

698 4522 933 4611 videtur,
949 4526 1115 4611 _quod
1137 4522 1552 4611 timidius—tom:
1566 4522 1655 4611 Ἠ-
1668 4541 1897 4611 metrop.
1921 4522 2077 4611 _Sali;
2106 4555 2152 4611 ι)

494 4595 832 4671 sliut'gensis_
870 4596 962 4671 _ubi
989 4595 1080 4671 "dc
1131 4597 1462 4671 monasterio
1517 4598 1725 4671 Altahze
1774 4595 2072 4671 inferioris,

492 4662 693 4742 referat
720 4664 1104 4742 Godehardum
1134 4681 1165 4720 a
1205 4665 1483 4742 riderico
1526 4669 1930 4742 Salisburgensi
1979 4662 2072 4728 ar;

490 4734 860 4812 chiepiscopo,
901 4736 994 4812 qui
1050 4736 1415 4812 tunc_A__ltach
1448 4739 1500 4793 in
1530 4734 1806 4812 beneﬁcio
1819 4742 2071 4812 habebat,

486 4805 802 4881 acolythum
822 4820 885 4860 ac
909 4806 1107 4881 deinde
1125 4806 1521 4863 subdiaconum
1547 4810 1859 4881 ordinatum
1882 4805 2073 4881 fuisse,

482 4882 658 4949 {lique
695 4876 859 4949 etiam
883 4945 894 4949 Α
916 4877 1303 4949 canonicorum
1333 4880 1703 4949 praepositum.
1731 4881 1863 4948 Quae
1893 4876 2075 4939 omnia

481 4944 583 4999 .hie
602 4944 671 5021 de
693 4945 1008 5021 Christiano
1023 4945 1182 5021 dicta
1204 4962 1311 5002 non
1320 4944 1468 5021 satis
1486 4944 2074 5021 cohaerere'existimat,

492 5030 621 5092 cum
650 5014 767 5085 ipse
800 5030 946 5070 anno
982 5015 1081 5092 99}
1147 5016 1487 5092 Pataviensis
1535 5021 1825 5092 episcopus
1869 5014 2075 5080 electus

493 5084 584 5157 sit,
613 5084 723 5157 quo
760 5095 1005 5155 tempore
1036 5086 1162 5157 jam
1209 5084 1633 5146 Erchambertus
1685 5084 2076 5149 monasterium

491 5154 787 5235 Altahe‘nsho
843 5154 1282 5235 administrabat,
1327 5160 1421 5235 qui
1470 5160 1634 5235 hujus
1667 5161 1786 5235 _l_oci
1810 5165 2078 5235 _reglmen

491 5225 770 5348 fanuudmoo
794 5227 984 5283 nuisse
1009 5227 1209 5284 dicitur
1230 5225 1371 5300 apud
1393 5225 1647 5287 eumdem
1667 5225 1943 5292 llundiufn
1958 5234 2078 5289 loco

513 5304 730 5350 31103ἱο-

566 5364 676 5444 (ll)
718 5365 810 5420 Sic
833 5368 953 5444 cod.
984 5366 1272 5444 Bodec._in
1311 5369 1633 5444 _Appendice
1682 5370 1929 5428 Bolland.
1976 5389 2082 5429 cae—

486 5438 760 5508 }erihcum
784 5438 988 5490 notitiae
1011 5440 1276 5508 pontificis
1302 5438 1700 5498 intiinaveruut.

559 5503 1019 5626 L(igilyﬁendum'
1042 5517 1126 5564 cst
1144 5503 1459 5580 octogesimo
1485 5513 1639 5565 tertio
1661 5527 1769 5582 quo
1785 5509 2076 5569 defunctus

491 5582 579 5627 εει
615 5582 740 5627 Utto
769 5582 828 5628 ll.

568 5642 680 5722 (μὸ)
720 5641 870 5699 Hanc
886 5647 1145 5722 ecclesia:
1180 5645 1627 5722 Mersburgensis
1643 5650 2074 5722 destructionem

493 5710 675 5790 fusius
703 5716 924 5790 exponit
954 5716 1269 5790 Dithmarus
1296 5710 1543 5776 librovtn.
1589 5720 1760 5790 Cujus
1813 5723 1955 5776 bona
1999 5720 2071 5781 ad

492 5783 738 5843 diversos
769 5786 1029 5845 distracta
1056 5798 1200 5854 sunt,
1229 5788 1452 5861 ipsaque
1487 5783 1694 5860 privata
1719 5790 1846 5846 sedc
1870 5791 2073 5860 episcte

2198 563 2253 612 et
2276 554 2503 613 infamia
2529 557 2905 624 notissimum,
2920 572 2989 612 ex
3011 557 3114 611 hac
3133 557 3244 612 vita
3266 556 3504 624 sublato,
3524 566 3583 612 et
3606 555 3794 613 Romae

2199 659 2324 699 cum
2369 662 2586 703 summo
2639 648 2808 703 totius
2863 647 3277 703 Christianismi
3334 661 3604 713 moerere,
3657 648 3793 702 satis

2196 743 2380 791 tamen
2402 737 2698 794 honoriﬁce
2725 739 2972 809 sepulto;
2997 747 3121 810 post
3140 739 3605 795 inconsideratam
3628 738 3797 795 ners-

2199 826 2489 897 burgensis
2528 829 2641 898 (l3)
2673 830 3023 901 episcopatus
3072 830 3527 896 destructionem,
3576 839 3630 885 et
3673 841 3797 899 post

2199 918 2571 985 innocentem,
2603 919 2760 988 juxta
2810 936 2997 975 vocem
3047 920 3256 990 populi,
3287 919 3520 976 Geronis
3574 920 3794 976 comitis

2199 1022 2408 1073 necem,
2425 1009 2718 1078 praedictus
2738 1007 3008 1066 Henricus
3036 1009 3146 1065 dux
3172 1010 3452 1081 Bajoariae,
3470 1018 3631 1080 pater
3648 1009 3794 1077 lien-

2198 1093 2296 1148 rici
2320 1094 2686 1165 imperatoris,
2716 1098 2786 1153 ab
2818 1098 3146 1169 imperatore
3170 1099 3416 1169 patruele
3464 1108 3616 1155 certe
3662 1115 3791 1168 suo,

2197 1197 2323 1241 ante
2382 1190 2731 1260 septennium
2784 1191 2854 1245 ob
2905 1190 3282 1246 inﬁdelitatem
3323 1200 3377 1247 et
3441 1192 3795 1263 tyrannidem

2196 1292 2362 1346 quam
2390 1288 2581 1336 contra
2616 1297 2740 1336 eum
2769 1290 2995 1352 paterno
3018 1298 3170 1338 more
3186 1282 3454 1349 exercuit,
3479 1284 3552 1339 ab
3578 1283 3795 1338 h'onore

2193 1368 2502 1425 submotus.
2523 1369 2679 1427 Tunc
2699 1372 2990 1427 occasione
3009 1371 3324 1427 vindicandi
3351 1371 3520 1444 [Βοιι.
3536 1372 3794 1444 justitial

2194 1454 2251 1509 in
2278 1471 2430 1528 spem
2458 1457 2741 1530 regnandi,
2763 1459 3088 1531 arrogantiae
3122 1458 3304 1516 furore
3338 1452 3625 1517 incassum
3672 1463 3789 1517 ela-

2180 1557 2303 1615 tus,
2335 1548 2563 1604 herilem
2591 1548 2764 1603 ﬁlium
2819 1550 3045 1622 dignum
3098 1549 3197 1606 Dei
3240 1550 3586 1607 ordinatione
3634 1555 3793 1623 regni

2194 1638 2463 1695 hmredem
2481 1640 2805 1710 opprimere,
2831 1648 3111 1712 semetque
3134 1641 3189 1695 in
3207 1641 3585 1696 monarchiam
3609 1643 3791 1713 regni,

2195 1731 2456 1787 suadente
2483 1731 2792 1798 seductore,
2825 1728 3060 1787 conatur
3086 1732 3312 1803 erigere.
3368 1731 3547 1802 Cujus
3600 1742 3791 1788 tamen

2122 1799 2408 1890 Bnugalis
2438 1819 2773 1874 machinatio
2797 1836 2830 1874 a
2862 1819 3199 1890 primoribus
3243 1820 3396 1892 regni
3433 1819 3608 1876 Deum
3655 1836 3795 1876 sane

2190 1910 2528 1975 timentibus,
2567 1918 2621 1965 et
2666 1909 2904 1965 maxime
2957 1926 2989 1965 a
3038 1909 3322 1981 Willegiso
3365 1911 3795 1982 metropolitano

2182 1998 2533 2071 Maguntiaco
2556 2013 2609 2056 et
2639 1999 2916 2056 Bernardo
2941 1999 3081 2058 duce
3121 2000 3392 2058 Saxonico
3427 2004 3659 2073 paciﬁce
3697 2020 3790 2061 se-

2188 2092 2370 2159 datur,
2392 2092 2552 2162 eique
2576 2101 2703 2163 post
2745 2093 2914 2147 multa
2964 2103 3087 2163 apta
3133 2103 3186 2148 et
3228 2095 3410 2164 inepta
3449 2110 3576 2165 quae
3622 2097 3793 2152 modo

2190 2182 2387 2237 melius
2406 2183 2648 2238 silentur
2700 2182 2827 2254 quia
2849 2182 2905 2237 in
2927 2181 3216 2239 Chronicis
3241 2184 3456 2254 plenius
3496 2187 3792 2243 continen—

2189 2281 2297 2341 tur,
2324 2274 2544 2344 priscus
2568 2273 2802 2332 ducatus
2833 2273 3148 2330 redonatur.
3180 2273 3242 2330 In
3290 2276 3547 2346 proximo
3597 2286 3789 2334 autem

2186 2361 2395 2419 Natalis
2419 2363 2636 2420 Domini
2660 2363 2766 2432 die,
2793 2362 2918 2420 Otto
2947 2380 3082 2435 puer
3110 2380 3368 2421 coronam
3397 2367 3552 2439 regni
3581 2384 3614 2423 a
3641 2385 3789 2440 pra:-

2189 2455 2472 2511 nominato
2515 2454 2936 2524 metropolitano
2980 2453 3277 2509 honoriﬁce
3316 2456 3591 2528 percepit,
3629 2465 3686 2511 et
3726 2457 3786 2512 il

2187 2548 2336 2603 omni
2378 2546 2751 2603 eetlcsiastica
2788 2543 3121 2616 perfectione
3161 2543 3391 2601 feliciter
3430 2561 3589 2602 more
3628 2547 3791 2604 avito

2187 2657 2430 2697 crescere
2464 2639 2645 2711 cmpit.
2685 2638 2856 2709 Cujus
2884 2637 3105 2708 quilem
3139 2637 3432 2694 laudabilis
3490 2638 3788 2696 industria

2197 2730 2403 2785 initiale
2454 2728 2555 2784 fuit
2600 2728 2886 2797 indicium,
2931 2727 3078 2799 quod
3121 2728 3355 2797 septimo
3411 2743 3525 2783 suae
3557 2729 3787 2784 ordina-

2186 2820 2352 2875 tionis
2398 2835 2566 2885 anno,
2602 2834 2743 2889 saepe
2787 2818 2995 2873 dictum
3029 2817 3332 2888 .Altahense
3380 2821 3785 2875 monasterium

2184 2910 2569 2980 episcoporum
2605 2908 2856 2973 consilio,
2882 2907 3180 2962 auxiliante
3207 2907 3430 2962 demum
3469 2908 3613 2964 duce
3635 2925 3785 2980 pra-

2184 3001 2318 3067 fato,
2341 3000 2395 3054 in
2431 2999 2726 3070 pristinum
2773 2997 3109 3054 monachica:
3150 2997 3434 3070 religionis
3482 2998 3782 3057 reformari

2185 3092 2314 3148 fecit
2356 3101 2580 3147 statum.

2257 3186 2308 3239 8.
2344 3183 2575 3251 Quidam
2628 3185 2794 3255 igitur
2839 3186 3167 3241 venerabilis
3204 3185 3307 3254 vir,
3346 3184 3787 3245 Erchembertus

2188 3278 2443 3343 nomine,
2482 3276 2592 3331 illic
2633 3278 2802 3332 abbas
2836 3278 3190 3348 prreponitur,
3221 3293 3318 3348 per
3365 3294 3563 3350 quem,
3609 3284 3787 3336 auxi-

2186 3368 2355 3424 liante
2375 3367 2629 3436 Domino,
2652 3369 2898 3423 divinum
2925 3369 2997 3423 ibi
3039 3370 3406 3425 ministerium
3427 3371 3586 3441 juxta
3608 3388 3787 3444 regu-

2185 3461 2294 3519 lam
2325 3459 2509 3516 Sancti
2541 3459 2817 3515 Benedicti
2851 3459 3105 3531 religiose
3137 3460 3464 3531 disponitur.
3492 3461 3574 3517 Ad
3607 3465 3785 3533 cujus

2187 3552 2371 3607 statim
2404 3551 2820 3607 saluberrimam
2866 3551 3295 3607 admonitionem
3329 3564 3593 3625 prompta:
3634 3556 3785 3611 ohe-

2179 3643 2398 3699 dientize
2417 3643 2639 3714 juvenis
2655 3642 3031 3709 Godchardus,
3055 3645 3218 3698 corde
3237 3652 3291 3699 et
3310 3645 3495 3700 animo
3516 3661 3548 3700 a
3578 3647 3784 3703 senili

2179 3734 2419 3791 vanitate
2471 3748 2799 3802 conversus,
2847 3750 2974 3790 cum
3021 3735 3317 3806 aliquantis
3357 3736 3602 3807 ejusdem
3657 3739 3785 3796 loci

2180 3824 2444 3882 fratribus
2472 3826 2778 3881 monachus
2802 3833 2885 3882 est
2913 3826 3111 3894 factus,
3141 3842 3309 3895 anno,
3342 3836 3402 3883 nt
3424 3829 3539 3899 ipse
3562 3831 3782 3899 saepius

2174 3918 2340 3975 nobis
2364 3916 2657 3982 intimavit,
2682 3918 2859 3972 aetatis
2881 3934 2995 3973 sua:
3011 3918 3290 3974 tricesimo
3302 3919 3498 3990 primo,
3511 3920 3780 3991 pluribus

2185 4019 2368 4064 tamen
2397 4024 2463 4063 ex
2486 4008 2676 4063 eodem
2700 4009 2970 4076 cwnobio,
3008 4018 3071 4066 ut
3097 4025 3208 4065 non
3240 4011 3484 4081 ignotum
3517 4020 3779 4082 postmo-

2183 4102 2314 4154 dum
2346 4100 2648 4164 memorizc,
2681 4098 2945 4155 fratribus
2970 4100 3420 4172 digredientibus,
3453 4103 3594 4158 inter
3619 4120 3779 4174 quos

2182 4201 2299 4249 crat
2332 4192 2553 4265 quidam
2585 4192 2646 4247 T.
2684 4191 2818 4265 (ll),
2851 4210 3011 4267 quem
3045 4204 3233 4266 postca
3262 4195 3556 4253 Mindcnsis
3578 4197 3781 4256 3.th

2159 4394 2290 4476 .pali
2318 4391 2761 4476 llalbcrs_t_adensi
2796 4393 3041 4476 ecclesiae
3085 4394 3330 4476 subjecta
3373 4394 3777 4476 fuit,_ab_bat‘a

2183 4465 2238 4518 in
2261 4465 2441 4536 locum
2458 4465 2797 4536 “cathedralis
2825 4466 3068 4536 ecclesia:
3107 4474 3319 4533 erecta;
3378 4466 3524 4536 quod
3549 4467 3617 4520 ad
3667 4486 3778 4524 an-

2180 4550 2311 4588 num
2347 4534 2486 4589 1005
2511 4535 2896 4603 perseveravit.
2930 4534 3085 4591 Tunc
3109 4536 3277 4602 enim,
3308 4544 3370 4590 ut
3398 4534 3555 4592 idem
3597 4537 3778 4594 habet

2180 4605 2497 4659 Dithmarus
2514 4602 2666 4659 libro
2692 4621 2768 4671 vi,
2798 4602 3066 4668 Henricus
3090 4622 3186 4661 rex
3204 4617 3606 4663 antecessorum
3630 4624 3776 4663 suo-

2179 4691 2304 4731 rum
2337 4691 2550 4730 navum
2580 4675 2808 4746 cupiens
2842 4676 3151 4746 emendare,
3196 4677 3568 4746 episcopatum
3617 4676 3775 4733 Iler-

2182 4747 2539 4818 sbairgeusem
2597 4745 2924 4818 instauravit
2957 4756 3013 4801 et
3040 4745 3324 4818 Wigbe’rto
3347 4763 3450 4818 suo
3480 4748 3775 4818 capellano

2181 4815 2538 4888 dedit_,_quem
2573 4817 2919 4888 postmodum
2951 4815 3163 4888 multis;
3184 4817 3344 4872 bonis
3393 4815 3770 4888 locupletavit.

2256 4883 2511 4967 (“istc
2561 4883 2757 4967 έρειθι.
2783 4885 3098 4967 Cenred;
3134 4886 3445 4967 Βηρυνρςυξ
3484 4883 3693 4967 timeo-
3717 4902 3775 4945 ει

2183 4953 2561 5010 Henschcnius
2598 4955 2687 5010 die
2730 4955 2764 5008 4
2818 4953 2942 5009 Maii
2986 4957 3326 5012 Bollandiani
3352 4958 3553 5013 habent
3588 4957 3771 5014 Πύα-

2186 5040 2385 5077 murus.
2418 5022 2798 5099 llenschenius
2838 5027 3044 5099 aliquid
3090 5028 3144 5081 in
3175 5035 3325 5099 textu
3358 5027 3551 5099 deesse
3581 5031 3773 5099 suspi-

2184 5102 2340 5149 catus
2387 5102 2587 5163 puncta
2614 5095 2975 5165 interposuit,
3011 5112 3137 5152 cum
3172 5097 3259 5151 his
3289 5098 3608 5153 voculissed
3638 5095 3767 5165 non,

2184 5179 2316 5234 qua:
2353 5178 2453 5234 nec
2488 5164 2629 5234 apud
2674 5164 3031 5231 Brouverum,
3085 5182 3185 5221 nec
3228 5168 3283 5221 in
3331 5176 3525 5223 nostro
3572 5164 3769 5223 eum;

2184 5233 2325 5357 Flari
2370 5233 2638 5315 habentur
2669 5235 2969 5317 recterite...
3000 5236 3088 5290 sed
3112 5252 3215 5317 non
3251 5237 3571 5306 episcopum.
3615 5236 3764 5318 Idem

2210 5303 2373 5357 audat
2416 5302 2659 5357 codicem
2706 5303 3067 5357 Graeciensem
3119 5321 3215 5357 aur
3261 5307 3411 5357 hunc
3450 5307 3636 5357 locum
3685 5324 3764 5357 sic

2210 5303 2373 5375 audat
2416 5302 2659 5375 codicem
2690 5303 3067 5375 _Grazciensem
3119 5306 3215 5375 qui
3261 5302 3636 5361 hunc'locum
3685 5308 3765 5362 sic

2189 5374 2370 5427 exibet
2398 5374 2652 5445 #:Aqfu'dam
2675 5373 2939 5445 Dietricus
2959 5373 3270 5445 quem,‘etc;
3294 5377 3389 5430 sed
3414 5377 3559 5430 hanc
3582 5377 3767 5431 lectio-

2182 5458 2305 5497 nem
2336 5443 2531 5511 rejicit,
2555 5444 2714 5515 quod
2742 5460 2906 5500 nemo
2932 5443 3206 5515 occurrat,
3231 5453 3291 5515 ut
3315 5444 3420 5515 ipsi
3450 5446 3635 5500 visum
3655 5455 3760 5511 est,

2178 5522 2310 5566 tunc
2338 5513 2598 5586 temporis
2620 5513 2909 5586 episcopus
2941 5513 3372 5586 Mindensisgho'e
3417 5516 3763 5586 nomineno-

2178 5591 2358 5635 natus.
2393 5580 2544 5636 lianc
2576 5580 2756 5636 tameh
2803 5580 3073 5639 sinceram
3098 5599 3221 5638 esse
3251 5584 3538 5639 lectionem
3563 5580 3761 5640 verisi-

2176 5652 2360 5705 milius
2406 5651 2662 5724 existimo
2682 5693 2696 5716 ,
2728 5667 2856 5706 nam
2903 5654 2957 5706 in
3004 5654 3279 5708 Chronico
3306 5652 3583 5724 Saxonico
3611 5652 3758 5724 quod

2173 5735 2218 5807 θ’
2226 5735 2350 5807 μεθ’
2370 5736 2476 5807 nos
2535 5722 2802 5807 habemus
2848 5738 2953 5777 ms.
3006 5724 3073 5807 ad
3118 5723 3496 5807 an'nutnnlﬁﬁ
3530 5722 3761 5807 habetur

2177 5788 2523 5844 Thcodericus
2542 5790 2829 5845 Mindensis
2852 5793 3051 5861 pra'sul
3070 5810 3123 5848 ιι
3148 5791 3275 5848 Kal.
3305 5793 3496 5850 Martii
3514 5795 3755 5860 decessit,

3433 6423 3462 6428 η
3538 6424 3572 6430 j
3634 6424 3762 6432 ἡὴ
3812 6424 3850 6430 ἡ
3899 6423 4000 6434 ἠέ
