  <div class='ocr_page' id='page_1' title='image "/cluster/home/n/w/nwhite01/storage/ocr_20150623/141/hvd.32044015471790/590.png"; bbox 0 0 4056 5360; ppageno 0'>
   <div class='ocr_carea' id='block_1_1' title="bbox 314 255 459 314">
    <p class='ocr_par' dir='ltr' id='par_1_1' title="bbox 314 255 459 314">
     <span class='ocr_line' id='line_1_1' title="bbox 314 255 459 314; baseline 0.014 -2"><span class='ocrx_word' id='word_1_1' title='bbox 314 255 459 314; x_wconf 74' lang='lat'><strong>“69</strong></span> 
     </span>
    </p>
   </div>
   <div class='ocr_carea' id='block_1_2' title="bbox 1867 245 2049 300">
    <p class='ocr_par' dir='ltr' id='par_1_2' title="bbox 1867 245 2049 300">
     <span class='ocr_line' id='line_1_2' title="bbox 1867 245 2049 300; baseline -0.005 0"><span class='ocrx_word' id='word_1_2' title='bbox 1867 245 2049 300; x_wconf 77' lang='lat' dir='ltr'><strong>ViTA.</strong></span> 
     </span>
    </p>
   </div>
   <div class='ocr_carea' id='block_1_3' title="bbox 3444 243 3600 296">
    <p class='ocr_par' dir='ltr' id='par_1_3' title="bbox 3444 243 3600 296">
     <span class='ocr_line' id='line_1_3' title="bbox 3444 243 3600 296; baseline 0 -1"><span class='ocrx_word' id='word_1_3' title='bbox 3444 243 3600 296; x_wconf 69' lang='lat'><strong>“70’</strong></span> 
     </span>
    </p>
   </div>
   <div class='ocr_carea' id='block_1_4' title="bbox 308 355 3584 440">
    <p class='ocr_par' dir='ltr' id='par_1_4' title="bbox 308 355 3584 440">
     <span class='ocr_line' id='line_1_4' title="bbox 308 355 3584 440; baseline -0.005 -14"><span class='ocrx_word' id='word_1_4' title='bbox 308 367 1007 440; x_wconf 67' lang='lat' dir='ltr'><strong>siaeepiscopumvidimus.</strong></span> <span class='ocrx_word' id='word_1_5' title='bbox 1028 364 1132 420; x_wconf 75' lang='lat' dir='ltr'><strong>Sed</strong></span> <span class='ocrx_word' id='word_1_6' title='bbox 1160 364 1406 419; x_wconf 79' lang='lat' dir='ltr'><strong>novellus</strong></span> <span class='ocrx_word' id='word_1_7' title='bbox 1433 377 1585 417; x_wconf 74' lang='lat' dir='ltr'><strong>nova:</strong></span> <span class='ocrx_word' id='word_1_8' title='bbox 1614 361 1893 433; x_wconf 75' lang='lat' dir='ltr'><strong>religionis</strong></span> <span class='ocrx_word' id='word_1_9' title='bbox 1925 366 1968 424; x_wconf 74' lang='grc' dir='ltr'><strong>Α</strong></span> <span class='ocrx_word' id='word_1_10' title='bbox 1998 358 2251 414; x_wconf 82' lang='lat' dir='ltr'><strong>utilitatis</strong></span> <span class='ocrx_word' id='word_1_11' title='bbox 2283 359 2414 413; x_wconf 83' lang='lat' dir='ltr'><strong>inibi</strong></span> <span class='ocrx_word' id='word_1_12' title='bbox 2449 357 2559 413; x_wconf 86' lang='lat' dir='ltr'><strong>Deo</strong></span> <span class='ocrx_word' id='word_1_13' title='bbox 2593 357 2946 415; x_wconf 77' lang='lat' dir='ltr'><strong>servientium</strong></span> <span class='ocrx_word' id='word_1_14' title='bbox 2970 355 3307 412; x_wconf 88' lang='lat' dir='ltr'><strong>reformavit.</strong></span> <span class='ocrx_word' id='word_1_15' title='bbox 3341 355 3584 421; x_wconf 77' lang='lat' dir='ltr'><strong>Interim,</strong></span> 
     </span>
    </p>
   </div>
   <div class='ocr_carea' id='block_1_5' title="bbox 304 451 1895 532">
    <p class='ocr_par' dir='ltr' id='par_1_5' title="bbox 304 451 1895 532">
     <span class='ocr_line' id='line_1_5' title="bbox 304 451 1895 532; baseline -0.008 -14"><span class='ocrx_word' id='word_1_16' title='bbox 304 461 419 518; x_wconf 86' lang='lat' dir='ltr'><strong>tiro</strong></span> <span class='ocrx_word' id='word_1_17' title='bbox 466 461 755 532; x_wconf 77' lang='lat' dir='ltr'><strong>adoptatus</strong></span> <span class='ocrx_word' id='word_1_18' title='bbox 783 457 1031 515; x_wconf 84' lang='lat' dir='ltr'><strong>melioris</strong></span> <span class='ocrx_word' id='word_1_19' title='bbox 1078 456 1201 511; x_wconf 70' lang='lat' dir='ltr'><strong>vitae</strong></span> <span class='ocrx_word' id='word_1_20' title='bbox 1235 454 1510 521; x_wconf 89' lang='lat' dir='ltr'><strong>tirocinio,</strong></span> <span class='ocrx_word' id='word_1_21' title='bbox 1551 462 1610 507; x_wconf 91' lang='lat' dir='ltr'><strong>ut</strong></span> <span class='ocrx_word' id='word_1_22' title='bbox 1643 453 1697 506; x_wconf 91' lang='lat' dir='ltr'><strong>in</strong></span> <span class='ocrx_word' id='word_1_23' title='bbox 1729 451 1895 522; x_wconf 76' lang='lat' dir='ltr'><strong>priori</strong></span> 
     </span>
    </p>
   </div>
   <div class='ocr_carea' id='block_1_6' title="bbox 306 542 1897 624">
    <p class='ocr_par' dir='ltr' id='par_1_6' title="bbox 306 542 1897 624">
     <span class='ocr_line' id='line_1_6' title="bbox 306 542 1897 624; baseline -0.007 -16"><span class='ocrx_word' id='word_1_24' title='bbox 306 552 595 624; x_wconf 86' lang='lat' dir='ltr'><strong>proposito</strong></span> <span class='ocrx_word' id='word_1_25' title='bbox 623 550 865 617; x_wconf 79' lang='lat' dir='ltr'><strong>solebat,</strong></span> <span class='ocrx_word' id='word_1_26' title='bbox 914 558 1029 604; x_wconf 87' lang='lat' dir='ltr'><strong>toto</strong></span> <span class='ocrx_word' id='word_1_27' title='bbox 1058 547 1237 603; x_wconf 85' lang='lat' dir='ltr'><strong>cordis</strong></span> <span class='ocrx_word' id='word_1_28' title='bbox 1270 562 1333 601; x_wconf 90' lang='lat' dir='ltr'><strong>ac</strong></span> <span class='ocrx_word' id='word_1_29' title='bbox 1374 544 1571 599; x_wconf 90' lang='lat' dir='ltr'><strong>mentis</strong></span> <span class='ocrx_word' id='word_1_30' title='bbox 1604 542 1799 598; x_wconf 79' lang='lat' dir='ltr'><strong>auecta</strong></span> <span class='ocrx_word' id='word_1_31' title='bbox 1830 542 1897 597; x_wconf 86' lang='lat' dir='ltr'><strong>ad</strong></span> 
     </span>
    </p>
   </div>
   <div class='ocr_carea' id='block_1_7' title="bbox 306 637 1899 705">
    <p class='ocr_par' dir='ltr' id='par_1_7' title="bbox 306 637 1899 705">
     <span class='ocr_line' id='line_1_7' title="bbox 306 637 1899 705; baseline -0.007 -7"><span class='ocrx_word' id='word_1_32' title='bbox 306 642 591 700; x_wconf 77' lang='lat' dir='ltr'><strong>ctelestem</strong></span> <span class='ocrx_word' id='word_1_33' title='bbox 612 641 796 696; x_wconf 80' lang='lat' dir='ltr'><strong>aulam</strong></span> <span class='ocrx_word' id='word_1_34' title='bbox 822 639 1133 705; x_wconf 82' lang='lat' dir='ltr'><strong>anhelabat,</strong></span> <span class='ocrx_word' id='word_1_35' title='bbox 1150 637 1286 693; x_wconf 85' lang='lat' dir='ltr'><strong>adeo</strong></span> <span class='ocrx_word' id='word_1_36' title='bbox 1316 646 1375 690; x_wconf 91' lang='lat' dir='ltr'><strong>ut</strong></span> <span class='ocrx_word' id='word_1_37' title='bbox 1402 650 1578 690; x_wconf 89' lang='lat' dir='ltr'><strong>novus</strong></span> <span class='ocrx_word' id='word_1_38' title='bbox 1601 642 1899 705; x_wconf 73' lang='lat' dir='ltr'><strong>pneceptor</strong></span> 
     </span>
    </p>
   </div>
   <div class='ocr_carea' id='block_1_8' title="bbox 307 727 1895 805">
    <p class='ocr_par' dir='ltr' id='par_1_8' title="bbox 307 727 1895 805">
     <span class='ocr_line' id='line_1_8' title="bbox 307 727 1895 805; baseline -0.008 -13"><span class='ocrx_word' id='word_1_39' title='bbox 307 752 456 792; x_wconf 85' lang='lat' dir='ltr'><strong>novo</strong></span> <span class='ocrx_word' id='word_1_40' title='bbox 486 735 745 802; x_wconf 85' lang='lat' dir='ltr'><strong>auditori,</strong></span> <span class='ocrx_word' id='word_1_41' title='bbox 773 734 919 805; x_wconf 90' lang='lat' dir='ltr'><strong>quod</strong></span> <span class='ocrx_word' id='word_1_42' title='bbox 947 741 1094 789; x_wconf 88' lang='lat' dir='ltr'><strong>certe</strong></span> <span class='ocrx_word' id='word_1_43' title='bbox 1134 730 1188 785; x_wconf 91' lang='lat' dir='ltr'><strong>in</strong></span> <span class='ocrx_word' id='word_1_44' title='bbox 1234 729 1436 784; x_wconf 78' lang='lat' dir='ltr'><strong>talibus</strong></span> <span class='ocrx_word' id='word_1_45' title='bbox 1485 727 1764 782; x_wconf 87' lang='lat' dir='ltr'><strong>insolitum</strong></span> <span class='ocrx_word' id='word_1_46' title='bbox 1792 734 1895 791; x_wconf 93' lang='lat' dir='ltr'><strong>est,</strong></span> 
     </span>
    </p>
   </div>
   <div class='ocr_carea' id='block_1_9' title="bbox 302 815 1897 896">
    <p class='ocr_par' dir='ltr' id='par_1_9' title="bbox 302 815 1897 896">
     <span class='ocr_line' id='line_1_9' title="bbox 302 815 1897 896; baseline -0.011 -11"><span class='ocrx_word' id='word_1_47' title='bbox 302 827 652 886; x_wconf 87' lang='lat' dir='ltr'><strong>considerata</strong></span> <span class='ocrx_word' id='word_1_48' title='bbox 665 825 785 896; x_wconf 89' lang='lat' dir='ltr'><strong>ejus</strong></span> <span class='ocrx_word' id='word_1_49' title='bbox 795 822 1174 895; x_wconf 80' lang='lat' dir='ltr'><strong>probabilitate</strong></span> <span class='ocrx_word' id='word_1_50' title='bbox 1188 819 1332 894; x_wconf 84' lang='lat' dir='ltr'><strong>[Bol.</strong></span> <span class='ocrx_word' id='word_1_51' title='bbox 1343 861 1358 885; x_wconf 92' lang='lat'><strong>,</strong></span> <span class='ocrx_word' id='word_1_52' title='bbox 1371 815 1663 890; x_wconf 79' lang='lat' dir='ltr'><strong>probitate]</strong></span> <span class='ocrx_word' id='word_1_53' title='bbox 1679 830 1897 871; x_wconf 91' lang='lat' dir='ltr'><strong>omnem</strong></span> 
     </span>
    </p>
   </div>
   <div class='ocr_carea' id='block_1_10' title="bbox 301 907 1894 984">
    <p class='ocr_par' dir='ltr' id='par_1_10' title="bbox 301 907 1894 984">
     <span class='ocr_line' id='line_1_10' title="bbox 301 907 1894 984; baseline -0.011 -8"><span class='ocrx_word' id='word_1_54' title='bbox 301 920 483 976; x_wconf 78' lang='lat' dir='ltr'><strong>divini</strong></span> <span class='ocrx_word' id='word_1_55' title='bbox 530 919 692 975; x_wconf 89' lang='lat' dir='ltr'><strong>ovilis</strong></span> <span class='ocrx_word' id='word_1_56' title='bbox 732 932 924 972; x_wconf 84' lang='lat' dir='ltr'><strong>curam</strong></span> <span class='ocrx_word' id='word_1_57' title='bbox 967 924 1091 984; x_wconf 82' lang='lat' dir='ltr'><strong>post</strong></span> <span class='ocrx_word' id='word_1_58' title='bbox 1124 928 1183 968; x_wconf 90' lang='lat' dir='ltr'><strong>se</strong></span> <span class='ocrx_word' id='word_1_59' title='bbox 1210 911 1429 983; x_wconf 86' lang='lat' dir='ltr'><strong>penitus</strong></span> <span class='ocrx_word' id='word_1_60' title='bbox 1467 907 1894 972; x_wconf 84' lang='lat' dir='ltr'><strong>commendaret,</strong></span> 
     </span>
    </p>
   </div>
   <div class='ocr_carea' id='block_1_11' title="bbox 300 998 1899 1080">
    <p class='ocr_par' dir='ltr' id='par_1_11' title="bbox 300 998 1899 1080">
     <span class='ocr_line' id='line_1_11' title="bbox 300 998 1899 1080; baseline -0.011 -13"><span class='ocrx_word' id='word_1_61' title='bbox 300 1025 547 1080; x_wconf 81' lang='lat' dir='ltr'><strong>cumque</strong></span> <span class='ocrx_word' id='word_1_62' title='bbox 571 1008 676 1065; x_wconf 84' lang='lat' dir='ltr'><strong>sibi</strong></span> <span class='ocrx_word' id='word_1_63' title='bbox 701 1007 755 1062; x_wconf 91' lang='lat' dir='ltr'><strong>in</strong></span> <span class='ocrx_word' id='word_1_64' title='bbox 784 1005 1050 1078; x_wconf 89' lang='lat' dir='ltr'><strong>spiritalis</strong></span> <span class='ocrx_word' id='word_1_65' title='bbox 1079 1002 1328 1060; x_wconf 89' lang='lat' dir='ltr'><strong>exercitii</strong></span> <span class='ocrx_word' id='word_1_66' title='bbox 1355 1000 1671 1057; x_wconf 86' lang='lat' dir='ltr'><strong>ﬁliatiouem</strong></span> <span class='ocrx_word' id='word_1_67' title='bbox 1710 998 1899 1069; x_wconf 86' lang='lat' dir='ltr'><strong>singu-</strong></span> 
     </span>
    </p>
   </div>
   <div class='ocr_carea' id='block_1_12' title="bbox 304 1084 1897 1171">
    <p class='ocr_par' dir='ltr' id='par_1_12' title="bbox 304 1084 1897 1171">
     <span class='ocr_line' id='line_1_12' title="bbox 304 1084 1897 1171; baseline -0.008 -18"><span class='ocrx_word' id='word_1_68' title='bbox 304 1084 503 1156; x_wconf 75' lang='lat' dir='ltr'><strong>lariter</strong></span> <span class='ocrx_word' id='word_1_69' title='bbox 530 1107 876 1171; x_wconf 61' lang='lat' dir='ltr'><strong>praeoptaret.</strong></span> <span class='ocrx_word' id='word_1_70' title='bbox 910 1094 1068 1168; x_wconf 87' lang='lat' dir='ltr'><strong>[Erat</strong></span> <span class='ocrx_word' id='word_1_71' title='bbox 1090 1095 1236 1150; x_wconf 90' lang='lat' dir='ltr'><strong>enim</strong></span> <span class='ocrx_word' id='word_1_72' title='bbox 1262 1091 1529 1148; x_wconf 91' lang='lat' dir='ltr'><strong>cbaritate</strong></span> <span class='ocrx_word' id='word_1_73' title='bbox 1551 1089 1814 1153; x_wconf 78' lang='lat' dir='ltr'><strong>fervidus,</strong></span> <span class='ocrx_word' id='word_1_74' title='bbox 1843 1088 1897 1141; x_wconf 93' lang='lat' dir='ltr'><strong>in</strong></span> 
     </span>
    </p>
   </div>
   <div class='ocr_carea' id='block_1_13' title="bbox 302 1180 1899 1253">
    <p class='ocr_par' dir='ltr' id='par_1_13' title="bbox 302 1180 1899 1253">
     <span class='ocr_line' id='line_1_13' title="bbox 302 1180 1899 1253; baseline -0.008 -8"><span class='ocrx_word' id='word_1_75' title='bbox 302 1190 497 1245; x_wconf 83' lang='lat' dir='ltr'><strong>labore</strong></span> <span class='ocrx_word' id='word_1_76' title='bbox 528 1197 817 1253; x_wconf 89' lang='lat' dir='ltr'><strong>strenuus,</strong></span> <span class='ocrx_word' id='word_1_77' title='bbox 870 1187 926 1242; x_wconf 91' lang='lat' dir='ltr'><strong>iu</strong></span> <span class='ocrx_word' id='word_1_78' title='bbox 978 1185 1228 1242; x_wconf 89' lang='lat' dir='ltr'><strong>oratione</strong></span> <span class='ocrx_word' id='word_1_79' title='bbox 1254 1184 1516 1249; x_wconf 87' lang='lat' dir='ltr'><strong>devotus,</strong></span> <span class='ocrx_word' id='word_1_80' title='bbox 1544 1180 1899 1236; x_wconf 84' lang='lat' dir='ltr'><strong>meditatione</strong></span> 
     </span>
    </p>
   </div>
   <div class='ocr_carea' id='block_1_14' title="bbox 301 1271 1897 1351">
    <p class='ocr_par' dir='ltr' id='par_1_14' title="bbox 301 1271 1897 1351">
     <span class='ocr_line' id='line_1_14' title="bbox 301 1271 1897 1351; baseline -0.007 -16"><span class='ocrx_word' id='word_1_81' title='bbox 301 1279 633 1351; x_wconf 85' lang='lat' dir='ltr'><strong>profundus,</strong></span> <span class='ocrx_word' id='word_1_82' title='bbox 681 1278 1138 1348; x_wconf 83' lang='lat' dir='ltr'><strong>contemplatione</strong></span> <span class='ocrx_word' id='word_1_83' title='bbox 1182 1290 1506 1345; x_wconf 88' lang='lat' dir='ltr'><strong>suspensus,</strong></span> <span class='ocrx_word' id='word_1_84' title='bbox 1535 1285 1765 1342; x_wconf 84' lang='lat' dir='ltr'><strong>corpore</strong></span> <span class='ocrx_word' id='word_1_85' title='bbox 1794 1271 1897 1325; x_wconf 81' lang='lat' dir='ltr'><strong>ho-</strong></span> 
     </span>
    </p>
   </div>
   <div class='ocr_carea' id='block_1_15' title="bbox 304 1359 1918 1438">
    <p class='ocr_par' dir='ltr' id='par_1_15' title="bbox 304 1359 1918 1438">
     <span class='ocr_line' id='line_1_15' title="bbox 304 1359 1918 1438; baseline -0.008 -11"><span class='ocrx_word' id='word_1_86' title='bbox 304 1380 523 1438; x_wconf 89' lang='lat' dir='ltr'><strong>nestus,</strong></span> <span class='ocrx_word' id='word_1_87' title='bbox 553 1371 716 1428; x_wconf 91' lang='lat' dir='ltr'><strong>corde</strong></span> <span class='ocrx_word' id='word_1_88' title='bbox 742 1368 1001 1435; x_wconf 88' lang='lat' dir='ltr'><strong>mundus,</strong></span> <span class='ocrx_word' id='word_1_89' title='bbox 1035 1367 1140 1423; x_wconf 85' lang='lat' dir='ltr'><strong>sibi</strong></span> <span class='ocrx_word' id='word_1_90' title='bbox 1162 1366 1395 1438; x_wconf 87' lang='lat' dir='ltr'><strong>rigidus,</strong></span> <span class='ocrx_word' id='word_1_91' title='bbox 1425 1363 1730 1419; x_wconf 77' lang='lat' dir='ltr'><strong>defectibus</strong></span> <span class='ocrx_word' id='word_1_92' title='bbox 1759 1359 1918 1415; x_wconf 72' lang='lat' dir='ltr'><strong>alio-‘</strong></span> 
     </span>
    </p>
   </div>
   <div class='ocr_carea' id='block_1_16' title="bbox 302 1454 1898 1533">
    <p class='ocr_par' dir='ltr' id='par_1_16' title="bbox 302 1454 1898 1533">
     <span class='ocr_line' id='line_1_16' title="bbox 302 1454 1898 1533; baseline -0.009 -13"><span class='ocrx_word' id='word_1_93' title='bbox 302 1480 431 1520; x_wconf 84' lang='lat' dir='ltr'><strong>rum</strong></span> <span class='ocrx_word' id='word_1_94' title='bbox 463 1461 825 1533; x_wconf 87' lang='lat' dir='ltr'><strong>compatiens,</strong></span> <span class='ocrx_word' id='word_1_95' title='bbox 850 1459 1160 1515; x_wconf 90' lang='lat' dir='ltr'><strong>humilitate</strong></span> <span class='ocrx_word' id='word_1_96' title='bbox 1208 1457 1539 1528; x_wconf 63' lang='lat' dir='ltr'><strong>prmcipuus,</strong></span> <span class='ocrx_word' id='word_1_97' title='bbox 1575 1454 1630 1507; x_wconf 91' lang='lat' dir='ltr'><strong>in</strong></span> <span class='ocrx_word' id='word_1_98' title='bbox 1661 1467 1898 1523; x_wconf 88' lang='lat' dir='ltr'><strong>pauper-</strong></span> 
     </span>
    </p>
   </div>
   <div class='ocr_carea' id='block_1_17' title="bbox 300 1542 1896 1618">
    <p class='ocr_par' dir='ltr' id='par_1_17' title="bbox 300 1542 1896 1618">
     <span class='ocr_line' id='line_1_17' title="bbox 300 1542 1896 1618; baseline -0.008 -10"><span class='ocrx_word' id='word_1_99' title='bbox 300 1562 417 1608; x_wconf 74' lang='lat' dir='ltr'><strong>tate</strong></span> <span class='ocrx_word' id='word_1_100' title='bbox 439 1553 617 1618; x_wconf 64' lang='lat' dir='ltr'><strong>laetus,</strong></span> <span class='ocrx_word' id='word_1_101' title='bbox 651 1551 786 1605; x_wconf 88' lang='lat' dir='ltr'><strong>etin</strong></span> <span class='ocrx_word' id='word_1_102' title='bbox 810 1566 942 1605; x_wconf 92' lang='lat' dir='ltr'><strong>vera</strong></span> <span class='ocrx_word' id='word_1_103' title='bbox 990 1549 1197 1604; x_wconf 89' lang='lat' dir='ltr'><strong>nitidus</strong></span> <span class='ocrx_word' id='word_1_104' title='bbox 1228 1542 1526 1616; x_wconf 86' lang='lat' dir='ltr'><strong>castitatc.]</strong></span> <span class='ocrx_word' id='word_1_105' title='bbox 1564 1543 1669 1611; x_wconf 86' lang='lat' dir='ltr'><strong>Qui</strong></span> <span class='ocrx_word' id='word_1_106' title='bbox 1715 1551 1896 1597; x_wconf 90' lang='lat' dir='ltr'><strong>tamen</strong></span> 
     </span>
    </p>
   </div>
   <div class='ocr_carea' id='block_1_18' title="bbox 299 1635 1894 1714">
    <p class='ocr_par' dir='ltr' id='par_1_18' title="bbox 299 1635 1894 1714">
     <span class='ocr_line' id='line_1_18' title="bbox 299 1635 1894 1714; baseline -0.006 -15"><span class='ocrx_word' id='word_1_107' title='bbox 299 1643 598 1714; x_wconf 62' lang='lat' dir='ltr'><strong>praedictus</strong></span> <span class='ocrx_word' id='word_1_108' title='bbox 627 1641 798 1698; x_wconf 87' lang='lat' dir='ltr'><strong>abbas</strong></span> <span class='ocrx_word' id='word_1_109' title='bbox 846 1650 969 1713; x_wconf 90' lang='lat' dir='ltr'><strong>post</strong></span> <span class='ocrx_word' id='word_1_110' title='bbox 1011 1638 1308 1695; x_wconf 83' lang='lat' dir='ltr'><strong>triennium</strong></span> <span class='ocrx_word' id='word_1_111' title='bbox 1342 1638 1426 1691; x_wconf 88' lang='lat' dir='ltr'><strong>vel</strong></span> <span class='ocrx_word' id='word_1_112' title='bbox 1447 1651 1615 1691; x_wconf 90' lang='lat' dir='ltr'><strong>causa</strong></span> <span class='ocrx_word' id='word_1_113' title='bbox 1661 1635 1894 1691; x_wconf 86' lang='lat' dir='ltr'><strong>inﬁrmi-</strong></span> 
     </span>
    </p>
   </div>
   <div class='ocr_carea' id='block_1_19' title="bbox 301 1710 1970 1803">
    <p class='ocr_par' dir='ltr' id='par_1_19' title="bbox 301 1710 1970 1803">
     <span class='ocr_line' id='line_1_19' title="bbox 301 1710 1970 1803; baseline -0.007 -13"><span class='ocrx_word' id='word_1_114' title='bbox 301 1710 457 1803; x_wconf 74' lang='lat' dir='ltr'><strong>tatis,</strong></span> <span class='ocrx_word' id='word_1_115' title='bbox 490 1735 577 1790; x_wconf 87' lang='lat' dir='ltr'><strong>vel</strong></span> <span class='ocrx_word' id='word_1_116' title='bbox 615 1734 777 1790; x_wconf 75' lang='lat' dir='ltr'><strong>taedio</strong></span> <span class='ocrx_word' id='word_1_117' title='bbox 812 1710 958 1788; x_wconf 75' lang='lat' dir='ltr'><strong>curae</strong></span> <span class='ocrx_word' id='word_1_118' title='bbox 986 1729 1287 1797; x_wconf 74' lang='lat' dir='ltr'><strong>smcularis,</strong></span> <span class='ocrx_word' id='word_1_119' title='bbox 1318 1729 1458 1784; x_wconf 86' lang='lat' dir='ltr'><strong>idem</strong></span> <span class='ocrx_word' id='word_1_120' title='bbox 1491 1727 1732 1798; x_wconf 85' lang='lat' dir='ltr'><strong>regimen</strong></span> <span class='ocrx_word' id='word_1_121' title='bbox 1768 1725 1896 1781; x_wconf 53' lang='lat' dir='ltr'><strong>reli-</strong></span> <span class='ocrx_word' id='word_1_122' title='bbox 1929 1710 1970 1763; x_wconf 75' lang='grc' dir='ltr'><strong>Β</strong></span> 
     </span>
    </p>
   </div>
   <div class='ocr_carea' id='block_1_20' title="bbox 298 1820 1895 1897">
    <p class='ocr_par' dir='ltr' id='par_1_20' title="bbox 298 1820 1895 1897">
     <span class='ocr_line' id='line_1_20' title="bbox 298 1820 1895 1897; baseline -0.006 -15"><span class='ocrx_word' id='word_1_123' title='bbox 298 1828 448 1897; x_wconf 85' lang='lat' dir='ltr'><strong>quit,</strong></span> <span class='ocrx_word' id='word_1_124' title='bbox 475 1837 528 1883; x_wconf 87' lang='lat' dir='ltr'><strong>et</strong></span> <span class='ocrx_word' id='word_1_125' title='bbox 552 1827 617 1883; x_wconf 91' lang='lat' dir='ltr'><strong>ad</strong></span> <span class='ocrx_word' id='word_1_126' title='bbox 642 1825 952 1882; x_wconf 86' lang='lat' dir='ltr'><strong>secretioris</strong></span> <span class='ocrx_word' id='word_1_127' title='bbox 980 1824 1105 1879; x_wconf 81' lang='lat' dir='ltr'><strong>vitae</strong></span> <span class='ocrx_word' id='word_1_128' title='bbox 1137 1822 1484 1878; x_wconf 83' lang='lat' dir='ltr'><strong>solitudinem</strong></span> <span class='ocrx_word' id='word_1_129' title='bbox 1512 1820 1569 1874; x_wconf 91' lang='lat' dir='ltr'><strong>in</strong></span> <span class='ocrx_word' id='word_1_130' title='bbox 1599 1827 1895 1889; x_wconf 75' lang='lat' dir='ltr'><strong>conspectu</strong></span> 
     </span>
    </p>
   </div>
   <div class='ocr_carea' id='block_1_21' title="bbox 301 1914 1257 1975">
    <p class='ocr_par' dir='ltr' id='par_1_21' title="bbox 301 1914 1257 1975">
     <span class='ocr_line' id='line_1_21' title="bbox 301 1914 1257 1975; baseline -0.007 -1"><span class='ocrx_word' id='word_1_131' title='bbox 301 1919 508 1975; x_wconf 88' lang='lat' dir='ltr'><strong>interni</strong></span> <span class='ocrx_word' id='word_1_132' title='bbox 529 1917 736 1973; x_wconf 81' lang='lat' dir='ltr'><strong>Arbitri</strong></span> <span class='ocrx_word' id='word_1_133' title='bbox 772 1931 970 1972; x_wconf 84' lang='lat' dir='ltr'><strong>vacare</strong></span> <span class='ocrx_word' id='word_1_134' title='bbox 999 1914 1257 1972; x_wconf 86' lang='lat' dir='ltr'><strong>decrevit.</strong></span> 
     </span>
    </p>
   </div>
   <div class='ocr_carea' id='block_1_22' title="bbox 288 2000 1894 2077">
    <p class='ocr_par' dir='ltr' id='par_1_22' title="bbox 288 2000 1894 2077">
     <span class='ocr_line' id='line_1_22' title="bbox 288 2000 1894 2077; baseline -0.004 -16"><span class='ocrx_word' id='word_1_135' title='bbox 288 2022 295 2061; x_wconf 66' lang='grc' dir='ltr'>τ</span> <span class='ocrx_word' id='word_1_136' title='bbox 358 2010 415 2066; x_wconf 82' lang='lat'><strong>9.</strong></span> <span class='ocrx_word' id='word_1_137' title='bbox 455 2008 555 2065; x_wconf 80' lang='lat' dir='ltr'><strong>llis</strong></span> <span class='ocrx_word' id='word_1_138' title='bbox 585 2009 752 2065; x_wconf 89' lang='lat' dir='ltr'><strong>etiam</strong></span> <span class='ocrx_word' id='word_1_139' title='bbox 782 2007 979 2064; x_wconf 90' lang='lat' dir='ltr'><strong>diebus</strong></span> <span class='ocrx_word' id='word_1_140' title='bbox 1013 2000 1764 2077; x_wconf 24' lang='lat' dir='ltr'><strong>prmmcmoratus‘Bajoariae</strong></span> <span class='ocrx_word' id='word_1_141' title='bbox 1783 2000 1894 2055; x_wconf 80' lang='lat' dir='ltr'><strong>dux</strong></span> 
     </span>
    </p>
   </div>
   <div class='ocr_carea' id='block_1_23' title="bbox 256 2091 1895 2169">
    <p class='ocr_par' dir='ltr' id='par_1_23' title="bbox 256 2091 1895 2169">
     <span class='ocr_line' id='line_1_23' title="bbox 256 2091 1895 2169; baseline -0.007 -14"><span class='ocrx_word' id='word_1_142' title='bbox 256 2120 259 2121; x_wconf 57' lang='lat'><strong><em>&#39;</em></strong></span> <span class='ocrx_word' id='word_1_143' title='bbox 297 2098 462 2167; x_wconf 79' lang='lat' dir='ltr'><strong>obiit,</strong></span> <span class='ocrx_word' id='word_1_144' title='bbox 487 2098 647 2169; x_wconf 83' lang='lat' dir='ltr'><strong>cujus</strong></span> <span class='ocrx_word' id='word_1_145' title='bbox 680 2098 803 2153; x_wconf 90' lang='lat' dir='ltr'><strong>loco</strong></span> <span class='ocrx_word' id='word_1_146' title='bbox 832 2097 957 2168; x_wconf 89' lang='lat' dir='ltr'><strong>pius</strong></span> <span class='ocrx_word' id='word_1_147' title='bbox 983 2094 1251 2151; x_wconf 79' lang='lat' dir='ltr'><strong>Henricus</strong></span> <span class='ocrx_word' id='word_1_148' title='bbox 1289 2094 1435 2149; x_wconf 93' lang='lat' dir='ltr'><strong>ﬁlius</strong></span> <span class='ocrx_word' id='word_1_149' title='bbox 1475 2092 1597 2163; x_wconf 89' lang='lat' dir='ltr'><strong>ejus</strong></span> <span class='ocrx_word' id='word_1_150' title='bbox 1632 2091 1895 2158; x_wconf 80' lang='lat' dir='ltr'><strong>surrexit,</strong></span> 
     </span>
    </p>
   </div>
   <div class='ocr_carea' id='block_1_24' title="bbox 301 2183 1896 2262">
    <p class='ocr_par' dir='ltr' id='par_1_24' title="bbox 301 2183 1896 2262">
     <span class='ocr_line' id='line_1_24' title="bbox 301 2183 1896 2262; baseline -0.006 -15"><span class='ocrx_word' id='word_1_151' title='bbox 301 2207 415 2247; x_wconf 87' lang='lat' dir='ltr'><strong>non</strong></span> <span class='ocrx_word' id='word_1_152' title='bbox 446 2190 617 2262; x_wconf 86' lang='lat' dir='ltr'><strong>patris</strong></span> <span class='ocrx_word' id='word_1_153' title='bbox 652 2188 1000 2246; x_wconf 86' lang='lat' dir='ltr'><strong>insolentiam</strong></span> <span class='ocrx_word' id='word_1_154' title='bbox 1031 2187 1125 2243; x_wconf 91' lang='lat' dir='ltr'><strong>sed</strong></span> <span class='ocrx_word' id='word_1_155' title='bbox 1167 2186 1385 2242; x_wconf 90' lang='lat' dir='ltr'><strong>initium</strong></span> <span class='ocrx_word' id='word_1_156' title='bbox 1429 2184 1712 2255; x_wconf 79' lang='lat' dir='ltr'><strong>sapientiae</strong></span> <span class='ocrx_word' id='word_1_157' title='bbox 1733 2183 1896 2238; x_wconf 86' lang='lat' dir='ltr'><strong>timo-</strong></span> 
     </span>
    </p>
   </div>
   <div class='ocr_carea' id='block_1_25' title="bbox 301 2275 1894 2353">
    <p class='ocr_par' dir='ltr' id='par_1_25' title="bbox 301 2275 1894 2353">
     <span class='ocr_line' id='line_1_25' title="bbox 301 2275 1894 2353; baseline -0.007 -15"><span class='ocrx_word' id='word_1_158' title='bbox 301 2298 425 2338; x_wconf 80' lang='lat' dir='ltr'><strong>rem</strong></span> <span class='ocrx_word' id='word_1_159' title='bbox 454 2281 671 2337; x_wconf 88' lang='lat' dir='ltr'><strong>Domini</strong></span> <span class='ocrx_word' id='word_1_160' title='bbox 693 2281 924 2353; x_wconf 89' lang='lat' dir='ltr'><strong>plcuiter</strong></span> <span class='ocrx_word' id='word_1_161' title='bbox 946 2289 1190 2344; x_wconf 89' lang='lat' dir='ltr'><strong>secutus,</strong></span> <span class='ocrx_word' id='word_1_162' title='bbox 1218 2278 1347 2349; x_wconf 86' lang='lat' dir='ltr'><strong>quia</strong></span> <span class='ocrx_word' id='word_1_163' title='bbox 1370 2285 1488 2332; x_wconf 87' lang='lat' dir='ltr'><strong>erat</strong></span> <span class='ocrx_word' id='word_1_164' title='bbox 1512 2276 1663 2332; x_wconf 91' lang='lat' dir='ltr'><strong>omni</strong></span> <span class='ocrx_word' id='word_1_165' title='bbox 1685 2275 1894 2329; x_wconf 87' lang='lat' dir='ltr'><strong>littera-</strong></span> 
     </span>
    </p>
   </div>
   <div class='ocr_carea' id='block_1_26' title="bbox 300 2364 1895 2442">
    <p class='ocr_par' dir='ltr' id='par_1_26' title="bbox 300 2364 1895 2442">
     <span class='ocr_line' id='line_1_26' title="bbox 300 2364 1895 2442; baseline -0.005 -16"><span class='ocrx_word' id='word_1_166' title='bbox 300 2387 430 2426; x_wconf 82' lang='lat' dir='ltr'><strong>rum</strong></span> <span class='ocrx_word' id='word_1_167' title='bbox 454 2370 636 2426; x_wconf 85' lang='lat' dir='ltr'><strong>studio</strong></span> <span class='ocrx_word' id='word_1_168' title='bbox 675 2370 1050 2442; x_wconf 89' lang='lat' dir='ltr'><strong>principaliter</strong></span> <span class='ocrx_word' id='word_1_169' title='bbox 1073 2369 1337 2434; x_wconf 88' lang='lat' dir='ltr'><strong>imbutus,</strong></span> <span class='ocrx_word' id='word_1_170' title='bbox 1366 2374 1421 2423; x_wconf 88' lang='lat' dir='ltr'><strong>et</strong></span> <span class='ocrx_word' id='word_1_171' title='bbox 1441 2374 1590 2423; x_wconf 89' lang='lat' dir='ltr'><strong>totus</strong></span> <span class='ocrx_word' id='word_1_172' title='bbox 1626 2379 1759 2419; x_wconf 90' lang='lat' dir='ltr'><strong>sane</strong></span> <span class='ocrx_word' id='word_1_173' title='bbox 1792 2364 1895 2419; x_wconf 90' lang='lat' dir='ltr'><strong>ﬁde</strong></span> 
     </span>
    </p>
   </div>
   <div class='ocr_carea' id='block_1_27' title="bbox 296 2454 1894 2528">
    <p class='ocr_par' dir='ltr' id='par_1_27' title="bbox 296 2454 1894 2528">
     <span class='ocr_line' id='line_1_27' title="bbox 296 2454 1894 2528; baseline -0.007 -10"><span class='ocrx_word' id='word_1_174' title='bbox 296 2469 360 2518; x_wconf 81' lang='lat' dir='ltr'><strong>et</strong></span> <span class='ocrx_word' id='word_1_175' title='bbox 387 2468 516 2518; x_wconf 82' lang='lat' dir='ltr'><strong>actu</strong></span> <span class='ocrx_word' id='word_1_176' title='bbox 548 2460 870 2517; x_wconf 87' lang='lat' dir='ltr'><strong>catholicus.</strong></span> <span class='ocrx_word' id='word_1_177' title='bbox 895 2459 1000 2528; x_wconf 88' lang='lat' dir='ltr'><strong>Qui</strong></span> <span class='ocrx_word' id='word_1_178' title='bbox 1025 2460 1210 2517; x_wconf 86' lang='lat' dir='ltr'><strong>statim</strong></span> <span class='ocrx_word' id='word_1_179' title='bbox 1246 2459 1301 2513; x_wconf 91' lang='lat' dir='ltr'><strong>in</strong></span> <span class='ocrx_word' id='word_1_180' title='bbox 1328 2457 1498 2513; x_wconf 81' lang='lat' dir='ltr'><strong>divini</strong></span> <span class='ocrx_word' id='word_1_181' title='bbox 1522 2454 1894 2511; x_wconf 87' lang='lat' dir='ltr'><strong>famulaminis</strong></span> 
     </span>
    </p>
   </div>
   <div class='ocr_carea' id='block_1_28' title="bbox 300 2547 1892 2624">
    <p class='ocr_par' dir='ltr' id='par_1_28' title="bbox 300 2547 1892 2624">
     <span class='ocr_line' id='line_1_28' title="bbox 300 2547 1892 2624; baseline -0.005 -16"><span class='ocrx_word' id='word_1_182' title='bbox 300 2553 457 2608; x_wconf 90' lang='lat' dir='ltr'><strong>cultu</strong></span> <span class='ocrx_word' id='word_1_183' title='bbox 485 2567 805 2619; x_wconf 89' lang='lat' dir='ltr'><strong>succensus,</strong></span> <span class='ocrx_word' id='word_1_184' title='bbox 846 2551 1305 2624; x_wconf 79' lang='lat' dir='ltr'><strong>pramominatum</strong></span> <span class='ocrx_word' id='word_1_185' title='bbox 1350 2548 1664 2605; x_wconf 79' lang='lat' dir='ltr'><strong>cceuobium</strong></span> <span class='ocrx_word' id='word_1_186' title='bbox 1695 2547 1892 2602; x_wconf 85' lang='lat' dir='ltr'><strong>iterum</strong></span> 
     </span>
    </p>
   </div>
   <div class='ocr_carea' id='block_1_29' title="bbox 302 2636 1892 2716">
    <p class='ocr_par' dir='ltr' id='par_1_29' title="bbox 302 2636 1892 2716">
     <span class='ocr_line' id='line_1_29' title="bbox 302 2636 1892 2716; baseline -0.006 -16"><span class='ocrx_word' id='word_1_187' title='bbox 302 2645 579 2716; x_wconf 84' lang='lat' dir='ltr'><strong>spirituali</strong></span> <span class='ocrx_word' id='word_1_188' title='bbox 610 2644 811 2716; x_wconf 91' lang='lat' dir='ltr'><strong>privari</strong></span> <span class='ocrx_word' id='word_1_189' title='bbox 857 2652 1080 2715; x_wconf 86' lang='lat' dir='ltr'><strong>pastore</strong></span> <span class='ocrx_word' id='word_1_190' title='bbox 1116 2640 1378 2707; x_wconf 83' lang='lat' dir='ltr'><strong>indoluit,</strong></span> <span class='ocrx_word' id='word_1_191' title='bbox 1410 2646 1465 2695; x_wconf 88' lang='lat' dir='ltr'><strong>et</strong></span> <span class='ocrx_word' id='word_1_192' title='bbox 1497 2638 1751 2694; x_wconf 90' lang='lat' dir='ltr'><strong>eumdem</strong></span> <span class='ocrx_word' id='word_1_193' title='bbox 1780 2636 1892 2692; x_wconf 85' lang='lat' dir='ltr'><strong>Go-</strong></span> 
     </span>
    </p>
   </div>
   <div class='ocr_carea' id='block_1_30' title="bbox 295 2731 1895 2812">
    <p class='ocr_par' dir='ltr' id='par_1_30' title="bbox 295 2731 1895 2812">
     <span class='ocr_line' id='line_1_30' title="bbox 295 2731 1895 2812; baseline -0.008 -18"><span class='ocrx_word' id='word_1_194' title='bbox 295 2738 607 2811; x_wconf 84' lang='lat' dir='ltr'><strong>dehardum</strong></span> <span class='ocrx_word' id='word_1_195' title='bbox 636 2748 767 2793; x_wconf 89' lang='lat' dir='ltr'><strong>tunc</strong></span> <span class='ocrx_word' id='word_1_196' title='bbox 787 2736 1166 2808; x_wconf 79' lang='lat' dir='ltr'><strong>presbyterum</strong></span> <span class='ocrx_word' id='word_1_197' title='bbox 1191 2733 1442 2789; x_wconf 89' lang='lat' dir='ltr'><strong>abbatem</strong></span> <span class='ocrx_word' id='word_1_198' title='bbox 1472 2731 1548 2786; x_wconf 92' lang='lat' dir='ltr'><strong>ibi</strong></span> <span class='ocrx_word' id='word_1_199' title='bbox 1577 2743 1895 2812; x_wconf 65' lang='lat' dir='ltr'><strong>praeponere</strong></span> 
     </span>
    </p>
   </div>
   <div class='ocr_carea' id='block_1_31' title="bbox 302 2820 1895 2898">
    <p class='ocr_par' dir='ltr' id='par_1_31' title="bbox 302 2820 1895 2898">
     <span class='ocr_line' id='line_1_31' title="bbox 302 2820 1895 2898; baseline -0.007 -14"><span class='ocrx_word' id='word_1_200' title='bbox 302 2829 479 2885; x_wconf 83' lang='lat' dir='ltr'><strong>voluit</strong></span> <span class='ocrx_word' id='word_1_201' title='bbox 502 2848 516 2883; x_wconf 83' lang='lat'><strong>:</strong></span> <span class='ocrx_word' id='word_1_202' title='bbox 538 2829 627 2884; x_wconf 88' lang='lat' dir='ltr'><strong>cui</strong></span> <span class='ocrx_word' id='word_1_203' title='bbox 651 2828 739 2882; x_wconf 73' lang='lat' dir='ltr'><strong>ille</strong></span> <span class='ocrx_word' id='word_1_204' title='bbox 763 2844 859 2898; x_wconf 87' lang='lat' dir='ltr'><strong>per</strong></span> <span class='ocrx_word' id='word_1_205' title='bbox 880 2827 1160 2882; x_wconf 87' lang='lat' dir='ltr'><strong>biennium</strong></span> <span class='ocrx_word' id='word_1_206' title='bbox 1180 2826 1332 2896; x_wconf 90' lang='lat' dir='ltr'><strong>justa</strong></span> <span class='ocrx_word' id='word_1_207' title='bbox 1366 2823 1504 2879; x_wconf 88' lang='lat' dir='ltr'><strong>satis</strong></span> <span class='ocrx_word' id='word_1_208' title='bbox 1538 2820 1895 2877; x_wconf 84' lang='lat' dir='ltr'><strong>excusatione</strong></span> 
     </span>
    </p>
   </div>
   <div class='ocr_carea' id='block_1_32' title="bbox 301 2912 1899 2990">
    <p class='ocr_par' dir='ltr' id='par_1_32' title="bbox 301 2912 1899 2990">
     <span class='ocr_line' id='line_1_32' title="bbox 301 2912 1899 2990; baseline -0.007 -15"><span class='ocrx_word' id='word_1_209' title='bbox 301 2920 524 2987; x_wconf 87' lang='lat' dir='ltr'><strong>restitit,</strong></span> <span class='ocrx_word' id='word_1_210' title='bbox 553 2919 683 2990; x_wconf 89' lang='lat' dir='ltr'><strong>quia</strong></span> <span class='ocrx_word' id='word_1_211' title='bbox 708 2919 893 2975; x_wconf 89' lang='lat' dir='ltr'><strong>sedem</strong></span> <span class='ocrx_word' id='word_1_212' title='bbox 915 2927 969 2973; x_wconf 88' lang='lat' dir='ltr'><strong>et</strong></span> <span class='ocrx_word' id='word_1_213' title='bbox 990 2916 1171 2972; x_wconf 91' lang='lat' dir='ltr'><strong>locum</strong></span> <span class='ocrx_word' id='word_1_214' title='bbox 1187 2914 1425 2986; x_wconf 78' lang='lat' dir='ltr'><strong>pastoris</strong></span> <span class='ocrx_word' id='word_1_215' title='bbox 1452 2912 1544 2969; x_wconf 87' lang='lat' dir='ltr'><strong>sui</strong></span> <span class='ocrx_word' id='word_1_216' title='bbox 1570 2912 1688 2981; x_wconf 91' lang='lat' dir='ltr'><strong>ipso</strong></span> <span class='ocrx_word' id='word_1_217' title='bbox 1711 2925 1899 2981; x_wconf 87' lang='lat' dir='ltr'><strong>super-</strong></span> 
     </span>
    </p>
   </div>
   <div class='ocr_carea' id='block_1_33' title="bbox 301 3003 1963 3105">
    <p class='ocr_par' dir='ltr' id='par_1_33' title="bbox 301 3003 1963 3105">
     <span class='ocr_line' id='line_1_33' title="bbox 301 3003 1963 3105; baseline -0.007 -38"><span class='ocrx_word' id='word_1_218' title='bbox 301 3012 432 3067; x_wconf 86' lang='lat' dir='ltr'><strong>stite</strong></span> <span class='ocrx_word' id='word_1_219' title='bbox 481 3025 749 3082; x_wconf 88' lang='lat' dir='ltr'><strong>usurpare</strong></span> <span class='ocrx_word' id='word_1_220' title='bbox 775 3024 886 3064; x_wconf 91' lang='lat' dir='ltr'><strong>non</strong></span> <span class='ocrx_word' id='word_1_221' title='bbox 934 3008 1139 3063; x_wconf 90' lang='lat' dir='ltr'><strong>debuit.</strong></span> <span class='ocrx_word' id='word_1_222' title='bbox 1329 3013 1621 3077; x_wconf 87' lang='lat' dir='ltr'><strong>postquam</strong></span> <span class='ocrx_word' id='word_1_223' title='bbox 1651 3003 1828 3105; x_wconf 43' lang='lat' dir='ltr'><strong>abbas.</strong></span> <span class='ocrx_word' id='word_1_224' title='bbox 1862 3017 1892 3056; x_wconf 87' lang='lat' dir='ltr'><strong>a</strong></span> <span class='ocrx_word' id='word_1_225' title='bbox 1921 3049 1963 3105; x_wconf 76' lang='lat' dir='ltr'><strong><em>C</em></strong></span> 
     </span>
    </p>
   </div>
   <div class='ocr_carea' id='block_1_34' title="bbox 299 3094 1894 3170">
    <p class='ocr_par' dir='ltr' id='par_1_34' title="bbox 299 3094 1894 3170">
     <span class='ocr_line' id='line_1_34' title="bbox 299 3094 1894 3170; baseline -0.006 -13"><span class='ocrx_word' id='word_1_226' title='bbox 299 3100 568 3158; x_wconf 75' lang='lat' dir='ltr'><strong>fratribus</strong></span> <span class='ocrx_word' id='word_1_227' title='bbox 617 3109 673 3157; x_wconf 90' lang='lat' dir='ltr'><strong>et</strong></span> <span class='ocrx_word' id='word_1_228' title='bbox 720 3099 886 3156; x_wconf 90' lang='lat' dir='ltr'><strong>etiam</strong></span> <span class='ocrx_word' id='word_1_229' title='bbox 933 3101 1001 3155; x_wconf 89' lang='lat' dir='ltr'><strong>ab</strong></span> <span class='ocrx_word' id='word_1_230' title='bbox 1050 3098 1323 3170; x_wconf 90' lang='lat' dir='ltr'><strong>episcopis</strong></span> <span class='ocrx_word' id='word_1_231' title='bbox 1368 3104 1597 3152; x_wconf 91' lang='lat' dir='ltr'><strong>vocatus</strong></span> <span class='ocrx_word' id='word_1_232' title='bbox 1648 3094 1894 3153; x_wconf 85' lang='lat' dir='ltr'><strong>revenire</strong></span> 
     </span>
    </p>
   </div>
   <div class='ocr_carea' id='block_1_35' title="bbox 305 3185 1895 3263">
    <p class='ocr_par' dir='ltr' id='par_1_35' title="bbox 305 3185 1895 3263">
     <span class='ocr_line' id='line_1_35' title="bbox 305 3185 1895 3263; baseline -0.005 -17"><span class='ocrx_word' id='word_1_233' title='bbox 305 3191 602 3259; x_wconf 87' lang='lat' dir='ltr'><strong>recusavit,</strong></span> <span class='ocrx_word' id='word_1_234' title='bbox 633 3189 823 3261; x_wconf 87' lang='lat' dir='ltr'><strong>eisque</strong></span> <span class='ocrx_word' id='word_1_235' title='bbox 846 3189 1123 3245; x_wconf 90' lang='lat' dir='ltr'><strong>licentiam</strong></span> <span class='ocrx_word' id='word_1_236' title='bbox 1159 3201 1322 3263; x_wconf 82' lang='lat' dir='ltr'><strong>quem</strong></span> <span class='ocrx_word' id='word_1_237' title='bbox 1352 3186 1409 3241; x_wconf 85' lang='lat' dir='ltr'><strong>iu</strong></span> <span class='ocrx_word' id='word_1_238' title='bbox 1433 3185 1616 3241; x_wconf 90' lang='lat' dir='ltr'><strong>locum</strong></span> <span class='ocrx_word' id='word_1_239' title='bbox 1639 3185 1759 3255; x_wconf 87' lang='lat' dir='ltr'><strong>ejus</strong></span> <span class='ocrx_word' id='word_1_240' title='bbox 1781 3186 1895 3239; x_wconf 80' lang='lat' dir='ltr'><strong>vel-</strong></span> 
     </span>
    </p>
   </div>
   <div class='ocr_carea' id='block_1_36' title="bbox 303 3273 1893 3346">
    <p class='ocr_par' dir='ltr' id='par_1_36' title="bbox 303 3273 1893 3346">
     <span class='ocr_line' id='line_1_36' title="bbox 303 3273 1893 3346; baseline -0.004 -10"><span class='ocrx_word' id='word_1_241' title='bbox 303 3282 419 3336; x_wconf 88' lang='lat' dir='ltr'><strong>lent</strong></span> <span class='ocrx_word' id='word_1_242' title='bbox 445 3280 775 3336; x_wconf 89' lang='lat' dir='ltr'><strong>substituere</strong></span> <span class='ocrx_word' id='word_1_243' title='bbox 797 3279 1106 3345; x_wconf 89' lang='lat' dir='ltr'><strong>mandavit;</strong></span> <span class='ocrx_word' id='word_1_244' title='bbox 1134 3277 1356 3333; x_wconf 87' lang='lat' dir='ltr'><strong>tandem</strong></span> <span class='ocrx_word' id='word_1_245' title='bbox 1379 3273 1677 3346; x_wconf 88' lang='lat' dir='ltr'><strong>episcopali</strong></span> <span class='ocrx_word' id='word_1_246' title='bbox 1704 3282 1893 3330; x_wconf 88' lang='lat' dir='ltr'><strong>aucto-</strong></span> 
     </span>
    </p>
   </div>
   <div class='ocr_carea' id='block_1_37' title="bbox 305 3367 1893 3438">
    <p class='ocr_par' dir='ltr' id='par_1_37' title="bbox 305 3367 1893 3438">
     <span class='ocr_line' id='line_1_37' title="bbox 305 3367 1893 3438; baseline -0.004 -11"><span class='ocrx_word' id='word_1_247' title='bbox 305 3373 472 3428; x_wconf 89' lang='lat' dir='ltr'><strong>ritate</strong></span> <span class='ocrx_word' id='word_1_248' title='bbox 507 3380 562 3428; x_wconf 91' lang='lat' dir='ltr'><strong>et</strong></span> <span class='ocrx_word' id='word_1_249' title='bbox 589 3370 824 3428; x_wconf 83' lang='lat' dir='ltr'><strong>fratrum</strong></span> <span class='ocrx_word' id='word_1_250' title='bbox 862 3371 1223 3427; x_wconf 83' lang='lat' dir='ltr'><strong>unanimitate</strong></span> <span class='ocrx_word' id='word_1_251' title='bbox 1264 3369 1443 3425; x_wconf 87' lang='lat' dir='ltr'><strong>victus</strong></span> <span class='ocrx_word' id='word_1_252' title='bbox 1478 3368 1621 3424; x_wconf 90' lang='lat' dir='ltr'><strong>idem</strong></span> <span class='ocrx_word' id='word_1_253' title='bbox 1649 3367 1893 3438; x_wconf 86' lang='lat' dir='ltr'><strong>regimen</strong></span> 
     </span>
    </p>
   </div>
   <div class='ocr_carea' id='block_1_38' title="bbox 296 3459 1893 3535">
    <p class='ocr_par' dir='ltr' id='par_1_38' title="bbox 296 3459 1893 3535">
     <span class='ocr_line' id='line_1_38' title="bbox 296 3459 1893 3535; baseline -0.004 -17"><span class='ocrx_word' id='word_1_254' title='bbox 296 3464 460 3535; x_wconf 81' lang='lat' dir='ltr'><strong>juxta</strong></span> <span class='ocrx_word' id='word_1_255' title='bbox 491 3464 648 3520; x_wconf 89' lang='lat' dir='ltr'><strong>ducis</strong></span> <span class='ocrx_word' id='word_1_256' title='bbox 681 3464 963 3520; x_wconf 91' lang='lat' dir='ltr'><strong>decretum</strong></span> <span class='ocrx_word' id='word_1_257' title='bbox 986 3462 1245 3534; x_wconf 90' lang='lat' dir='ltr'><strong>suscepit.</strong></span> <span class='ocrx_word' id='word_1_258' title='bbox 1271 3460 1379 3529; x_wconf 87' lang='lat' dir='ltr'><strong>Qui</strong></span> <span class='ocrx_word' id='word_1_259' title='bbox 1411 3460 1597 3517; x_wconf 89' lang='lat' dir='ltr'><strong>statim</strong></span> <span class='ocrx_word' id='word_1_260' title='bbox 1638 3459 1697 3513; x_wconf 92' lang='lat' dir='ltr'><strong>in</strong></span> <span class='ocrx_word' id='word_1_261' title='bbox 1731 3472 1893 3513; x_wconf 78' lang='lat' dir='ltr'><strong>exor-</strong></span> 
     </span>
    </p>
   </div>
   <div class='ocr_carea' id='block_1_39' title="bbox 304 3548 1894 3629">
    <p class='ocr_par' dir='ltr' id='par_1_39' title="bbox 304 3548 1894 3629">
     <span class='ocr_line' id='line_1_39' title="bbox 304 3548 1894 3629; baseline -0.004 -18"><span class='ocrx_word' id='word_1_262' title='bbox 304 3556 401 3612; x_wconf 86' lang='lat' dir='ltr'><strong>dio</strong></span> <span class='ocrx_word' id='word_1_263' title='bbox 438 3573 551 3613; x_wconf 74' lang='lat' dir='ltr'><strong>sua:</strong></span> <span class='ocrx_word' id='word_1_264' title='bbox 606 3557 971 3629; x_wconf 88' lang='lat' dir='ltr'><strong>promotiouis</strong></span> <span class='ocrx_word' id='word_1_265' title='bbox 1004 3548 1195 3612; x_wconf 89' lang='lat' dir='ltr'><strong>totum</strong></span> <span class='ocrx_word' id='word_1_266' title='bbox 1246 3570 1305 3611; x_wconf 91' lang='lat' dir='ltr'><strong>se</strong></span> <span class='ocrx_word' id='word_1_267' title='bbox 1334 3553 1555 3610; x_wconf 88' lang='lat' dir='ltr'><strong>Christo</strong></span> <span class='ocrx_word' id='word_1_268' title='bbox 1605 3551 1894 3625; x_wconf 78' lang='lat' dir='ltr'><strong>vigilanter</strong></span> 
     </span>
    </p>
   </div>
   <div class='ocr_carea' id='block_1_40' title="bbox 303 3644 1892 3723">
    <p class='ocr_par' dir='ltr' id='par_1_40' title="bbox 303 3644 1892 3723">
     <span class='ocr_line' id='line_1_40' title="bbox 303 3644 1892 3723; baseline -0.001 -21"><span class='ocrx_word' id='word_1_269' title='bbox 303 3649 656 3720; x_wconf 86' lang='lat' dir='ltr'><strong>mancipavit,</strong></span> <span class='ocrx_word' id='word_1_270' title='bbox 673 3659 729 3705; x_wconf 90' lang='lat' dir='ltr'><strong>et</strong></span> <span class='ocrx_word' id='word_1_271' title='bbox 743 3650 1133 3723; x_wconf 81' lang='lat' dir='ltr'><strong>districtiorem</strong></span> <span class='ocrx_word' id='word_1_272' title='bbox 1166 3648 1436 3720; x_wconf 79' lang='lat' dir='ltr'><strong>regularis</strong></span> <span class='ocrx_word' id='word_1_273' title='bbox 1471 3646 1600 3702; x_wconf 67' lang='lat' dir='ltr'><strong>vitm</strong></span> <span class='ocrx_word' id='word_1_274' title='bbox 1617 3644 1892 3703; x_wconf 89' lang='lat' dir='ltr'><strong>tramitem</strong></span> 
     </span>
    </p>
   </div>
   <div class='ocr_carea' id='block_1_41' title="bbox 301 3731 1889 3811">
    <p class='ocr_par' dir='ltr' id='par_1_41' title="bbox 301 3731 1889 3811">
     <span class='ocr_line' id='line_1_41' title="bbox 301 3731 1889 3811; baseline -0.004 -16"><span class='ocrx_word' id='word_1_275' title='bbox 301 3755 431 3795; x_wconf 88' lang='lat' dir='ltr'><strong>cum</strong></span> <span class='ocrx_word' id='word_1_276' title='bbox 461 3741 790 3797; x_wconf 89' lang='lat' dir='ltr'><strong>consociatis</strong></span> <span class='ocrx_word' id='word_1_277' title='bbox 816 3741 920 3797; x_wconf 89' lang='lat' dir='ltr'><strong>sibi</strong></span> <span class='ocrx_word' id='word_1_278' title='bbox 945 3740 1209 3795; x_wconf 89' lang='lat' dir='ltr'><strong>fratribus</strong></span> <span class='ocrx_word' id='word_1_279' title='bbox 1232 3737 1441 3811; x_wconf 85' lang='lat' dir='ltr'><strong>ingredi</strong></span> <span class='ocrx_word' id='word_1_280' title='bbox 1472 3731 1634 3793; x_wconf 82' lang='lat' dir='ltr'><strong>anxie</strong></span> <span class='ocrx_word' id='word_1_281' title='bbox 1655 3736 1889 3801; x_wconf 89' lang='lat' dir='ltr'><strong>curavit,</strong></span> 
     </span>
    </p>
   </div>
   <div class='ocr_carea' id='block_1_42' title="bbox 302 3828 1890 3902">
    <p class='ocr_par' dir='ltr' id='par_1_42' title="bbox 302 3828 1890 3902">
     <span class='ocr_line' id='line_1_42' title="bbox 302 3828 1890 3902; baseline -0.004 -15"><span class='ocrx_word' id='word_1_282' title='bbox 302 3843 359 3902; x_wconf 85' lang='lat' dir='ltr'><strong>et</strong></span> <span class='ocrx_word' id='word_1_283' title='bbox 391 3833 446 3888; x_wconf 89' lang='lat' dir='ltr'><strong>in</strong></span> <span class='ocrx_word' id='word_1_284' title='bbox 470 3834 563 3888; x_wconf 90' lang='lat' dir='ltr'><strong>tali</strong></span> <span class='ocrx_word' id='word_1_285' title='bbox 588 3834 769 3890; x_wconf 90' lang='lat' dir='ltr'><strong>studio</strong></span> <span class='ocrx_word' id='word_1_286' title='bbox 793 3849 852 3890; x_wconf 92' lang='lat' dir='ltr'><strong>se</strong></span> <span class='ocrx_word' id='word_1_287' title='bbox 878 3833 1078 3888; x_wconf 88' lang='lat' dir='ltr'><strong>ibidem</strong></span> <span class='ocrx_word' id='word_1_288' title='bbox 1108 3848 1205 3902; x_wconf 90' lang='lat' dir='ltr'><strong>per</strong></span> <span class='ocrx_word' id='word_1_289' title='bbox 1224 3840 1348 3887; x_wconf 89' lang='lat' dir='ltr'><strong>octo</strong></span> <span class='ocrx_word' id='word_1_290' title='bbox 1372 3844 1550 3885; x_wconf 89' lang='lat' dir='ltr'><strong>annos</strong></span> <span class='ocrx_word' id='word_1_291' title='bbox 1571 3828 1890 3883; x_wconf 88' lang='lat' dir='ltr'><strong>indesinen-</strong></span> 
     </span>
    </p>
   </div>
   <div class='ocr_carea' id='block_1_43' title="bbox 304 3916 1894 3993">
    <p class='ocr_par' dir='ltr' id='par_1_43' title="bbox 304 3916 1894 3993">
     <span class='ocr_line' id='line_1_43' title="bbox 304 3916 1894 3993; baseline -0.004 -15"><span class='ocrx_word' id='word_1_292' title='bbox 304 3930 389 3978; x_wconf 86' lang='lat' dir='ltr'><strong>ter</strong></span> <span class='ocrx_word' id='word_1_293' title='bbox 414 3924 681 3991; x_wconf 80' lang='lat' dir='ltr'><strong>cxercuit,</strong></span> <span class='ocrx_word' id='word_1_294' title='bbox 725 3930 779 3978; x_wconf 92' lang='lat' dir='ltr'><strong>ct</strong></span> <span class='ocrx_word' id='word_1_295' title='bbox 819 3931 1017 3993; x_wconf 69' lang='lat' dir='ltr'><strong>prwter</strong></span> <span class='ocrx_word' id='word_1_296' title='bbox 1051 3922 1156 3976; x_wconf 87' lang='lat' dir='ltr'><strong>hoc</strong></span> <span class='ocrx_word' id='word_1_297' title='bbox 1190 3928 1373 3974; x_wconf 88' lang='lat' dir='ltr'><strong>tamen</strong></span> <span class='ocrx_word' id='word_1_298' title='bbox 1419 3917 1661 3972; x_wconf 89' lang='lat' dir='ltr'><strong>manuali</strong></span> <span class='ocrx_word' id='word_1_299' title='bbox 1705 3916 1894 3972; x_wconf 88' lang='lat' dir='ltr'><strong>labore</strong></span> 
     </span>
    </p>
   </div>
   <div class='ocr_carea' id='block_1_44' title="bbox 307 4009 1891 4087">
    <p class='ocr_par' dir='ltr' id='par_1_44' title="bbox 307 4009 1891 4087">
     <span class='ocr_line' id='line_1_44' title="bbox 307 4009 1891 4087; baseline -0.003 -18"><span class='ocrx_word' id='word_1_300' title='bbox 307 4015 661 4087; x_wconf 86' lang='lat' dir='ltr'><strong>multiplicem</strong></span> <span class='ocrx_word' id='word_1_301' title='bbox 708 4013 944 4070; x_wconf 89' lang='lat' dir='ltr'><strong>fructum</strong></span> <span class='ocrx_word' id='word_1_302' title='bbox 976 4029 1041 4076; x_wconf 89' lang='lat' dir='ltr'><strong>ac</strong></span> <span class='ocrx_word' id='word_1_303' title='bbox 1073 4012 1438 4068; x_wconf 89' lang='lat' dir='ltr'><strong>necessariam</strong></span> <span class='ocrx_word' id='word_1_304' title='bbox 1466 4009 1756 4064; x_wconf 89' lang='lat' dir='ltr'><strong>utilitatem</strong></span> <span class='ocrx_word' id='word_1_305' title='bbox 1795 4024 1891 4064; x_wconf 90' lang='lat' dir='ltr'><strong>ac-</strong></span> 
     </span>
    </p>
   </div>
   <div class='ocr_carea' id='block_1_45' title="bbox 301 4099 1891 4177">
    <p class='ocr_par' dir='ltr' id='par_1_45' title="bbox 301 4099 1891 4177">
     <span class='ocr_line' id='line_1_45' title="bbox 301 4099 1891 4177; baseline -0.004 -15"><span class='ocrx_word' id='word_1_306' title='bbox 301 4106 551 4177; x_wconf 82' lang='lat' dir='ltr'><strong>quisivit.</strong></span> <span class='ocrx_word' id='word_1_307' title='bbox 594 4105 699 4174; x_wconf 87' lang='lat' dir='ltr'><strong>Qui</strong></span> <span class='ocrx_word' id='word_1_308' title='bbox 749 4114 803 4162; x_wconf 92' lang='lat' dir='ltr'><strong>et</strong></span> <span class='ocrx_word' id='word_1_309' title='bbox 838 4106 911 4161; x_wconf 89' lang='lat' dir='ltr'><strong>ibi</strong></span> <span class='ocrx_word' id='word_1_310' title='bbox 936 4105 991 4159; x_wconf 90' lang='lat' dir='ltr'><strong>in</strong></span> <span class='ocrx_word' id='word_1_311' title='bbox 1044 4112 1229 4159; x_wconf 89' lang='lat' dir='ltr'><strong>monte</strong></span> <span class='ocrx_word' id='word_1_312' title='bbox 1266 4102 1526 4174; x_wconf 79' lang='lat' dir='ltr'><strong>quodam,</strong></span> <span class='ocrx_word' id='word_1_313' title='bbox 1572 4100 1668 4172; x_wconf 88' lang='lat' dir='ltr'><strong>qui</strong></span> <span class='ocrx_word' id='word_1_314' title='bbox 1707 4099 1891 4156; x_wconf 78' lang='lat' dir='ltr'><strong>Heliu-</strong></span> 
     </span>
    </p>
   </div>
   <div class='ocr_carea' id='block_1_46' title="bbox 301 4192 1890 4273">
    <p class='ocr_par' dir='ltr' id='par_1_46' title="bbox 301 4192 1890 4273">
     <span class='ocr_line' id='line_1_46' title="bbox 301 4192 1890 4273; baseline -0.004 -17"><span class='ocrx_word' id='word_1_315' title='bbox 301 4200 654 4273; x_wconf 82' lang='lat' dir='ltr'><strong>bigeresberg</strong></span> <span class='ocrx_word' id='word_1_316' title='bbox 684 4199 796 4271; x_wconf 77' lang='grc'>(15)</span> <span class='ocrx_word' id='word_1_317' title='bbox 822 4198 1045 4263; x_wconf 90' lang='lat' dir='ltr'><strong>dicitur,</strong></span> <span class='ocrx_word' id='word_1_318' title='bbox 1077 4196 1363 4252; x_wconf 86' lang='lat' dir='ltr'><strong>castellum</strong></span> <span class='ocrx_word' id='word_1_319' title='bbox 1399 4194 1618 4250; x_wconf 84' lang='lat' dir='ltr'><strong>firmum</strong></span> <span class='ocrx_word' id='word_1_320' title='bbox 1645 4202 1700 4249; x_wconf 89' lang='lat' dir='ltr'><strong>et</strong></span> <span class='ocrx_word' id='word_1_321' title='bbox 1734 4192 1788 4248; x_wconf 91' lang='lat' dir='ltr'><strong>in</strong></span> <span class='ocrx_word' id='word_1_322' title='bbox 1824 4208 1890 4249; x_wconf 92' lang='lat' dir='ltr'><strong>co</strong></span> 
     </span>
    </p>
   </div>
   <div class='ocr_carea' id='block_1_47' title="bbox 301 4285 1890 4362">
    <p class='ocr_par' dir='ltr' id='par_1_47' title="bbox 301 4285 1890 4362">
     <span class='ocr_line' id='line_1_47' title="bbox 301 4285 1890 4362; baseline -0.004 -14"><span class='ocrx_word' id='word_1_323' title='bbox 301 4291 591 4348; x_wconf 84' lang='lat' dir='ltr'><strong>ecclesiam</strong></span> <span class='ocrx_word' id='word_1_324' title='bbox 617 4291 1039 4362; x_wconf 84' lang='lat' dir='ltr'><strong>pulcherrimam</strong></span> <span class='ocrx_word' id='word_1_325' title='bbox 1075 4290 1129 4343; x_wconf 91' lang='lat' dir='ltr'><strong>in</strong></span> <span class='ocrx_word' id='word_1_326' title='bbox 1157 4289 1424 4343; x_wconf 88' lang='lat' dir='ltr'><strong>honorem</strong></span> <span class='ocrx_word' id='word_1_327' title='bbox 1462 4294 1666 4342; x_wconf 64' lang='lat' dir='ltr'><strong>sanctae</strong></span> <span class='ocrx_word' id='word_1_328' title='bbox 1696 4285 1890 4341; x_wconf 82' lang='lat' dir='ltr'><strong>matris</strong></span> 
     </span>
    </p>
   </div>
   <div class='ocr_carea' id='block_1_48' title="bbox 2005 448 3588 518">
    <p class='ocr_par' dir='ltr' id='par_1_48' title="bbox 2005 448 3588 518">
     <span class='ocr_line' id='line_1_48' title="bbox 2005 448 3588 518; baseline -0.003 -13"><span class='ocrx_word' id='word_1_329' title='bbox 2005 450 2143 505; x_wconf 75' lang='grc'><strong>1002</strong></span> <span class='ocrx_word' id='word_1_330' title='bbox 2176 450 2574 506; x_wconf 86' lang='lat' dir='ltr'><strong>lncarnationis</strong></span> <span class='ocrx_word' id='word_1_331' title='bbox 2606 449 2820 504; x_wconf 89' lang='lat' dir='ltr'><strong>Domini</strong></span> <span class='ocrx_word' id='word_1_332' title='bbox 2851 464 3017 514; x_wconf 84' lang='lat' dir='ltr'><strong>anno,</strong></span> <span class='ocrx_word' id='word_1_333' title='bbox 3067 448 3264 504; x_wconf 84' lang='lat' dir='ltr'><strong>nobilis</strong></span> <span class='ocrx_word' id='word_1_334' title='bbox 3291 448 3588 518; x_wconf 83' lang='lat' dir='ltr'><strong>imperator</strong></span> 
     </span>
    </p>
   </div>
   <div class='ocr_carea' id='block_1_49' title="bbox 2001 539 3583 605">
    <p class='ocr_par' dir='ltr' id='par_1_49' title="bbox 2001 539 3583 605">
     <span class='ocr_line' id='line_1_49' title="bbox 2001 539 3583 605; baseline -0.003 -7"><span class='ocrx_word' id='word_1_335' title='bbox 2001 540 2128 598; x_wconf 91' lang='lat' dir='ltr'><strong>Otto</strong></span> <span class='ocrx_word' id='word_1_336' title='bbox 2158 543 2350 598; x_wconf 90' lang='lat' dir='ltr'><strong>tertius</strong></span> <span class='ocrx_word' id='word_1_337' title='bbox 2394 559 2460 597; x_wconf 81' lang='lat' dir='ltr'><strong>ex</strong></span> <span class='ocrx_word' id='word_1_338' title='bbox 2481 543 2590 597; x_wconf 81' lang='lat' dir='ltr'><strong>vita</strong></span> <span class='ocrx_word' id='word_1_339' title='bbox 2629 544 2731 598; x_wconf 86' lang='lat' dir='ltr'><strong>hac</strong></span> <span class='ocrx_word' id='word_1_340' title='bbox 2764 542 3060 596; x_wconf 86' lang='lat' dir='ltr'><strong>immatura</strong></span> <span class='ocrx_word' id='word_1_341' title='bbox 3089 550 3265 595; x_wconf 91' lang='lat' dir='ltr'><strong>morte</strong></span> <span class='ocrx_word' id='word_1_342' title='bbox 3310 539 3583 605; x_wconf 89' lang='lat' dir='ltr'><strong>discessit,</strong></span> 
     </span>
    </p>
   </div>
   <div class='ocr_carea' id='block_1_50' title="bbox 2002 630 3587 706">
    <p class='ocr_par' dir='ltr' id='par_1_50' title="bbox 2002 630 3587 706">
     <span class='ocr_line' id='line_1_50' title="bbox 2002 630 3587 706; baseline -0.002 -18"><span class='ocrx_word' id='word_1_343' title='bbox 2002 635 2056 688; x_wconf 89' lang='lat' dir='ltr'><strong>in</strong></span> <span class='ocrx_word' id='word_1_344' title='bbox 2084 635 2243 705; x_wconf 89' lang='lat' dir='ltr'><strong>cujus</strong></span> <span class='ocrx_word' id='word_1_345' title='bbox 2268 650 2499 706; x_wconf 85' lang='lat' dir='ltr'><strong>regnum</strong></span> <span class='ocrx_word' id='word_1_346' title='bbox 2528 635 2817 705; x_wconf 75' lang='lat' dir='ltr'><strong>praedictus</strong></span> <span class='ocrx_word' id='word_1_347' title='bbox 2844 631 3116 687; x_wconf 84' lang='lat' dir='ltr'><strong>Henricus</strong></span> <span class='ocrx_word' id='word_1_348' title='bbox 3145 630 3257 686; x_wconf 88' lang='lat' dir='ltr'><strong>dux</strong></span> <span class='ocrx_word' id='word_1_349' title='bbox 3289 631 3441 686; x_wconf 89' lang='lat' dir='ltr'><strong>omni</strong></span> <span class='ocrx_word' id='word_1_350' title='bbox 3468 632 3587 701; x_wconf 85' lang='lat' dir='ltr'><strong>pie-</strong></span> 
     </span>
    </p>
   </div>
   <div class='ocr_carea' id='block_1_51' title="bbox 2003 723 2805 795">
    <p class='ocr_par' dir='ltr' id='par_1_51' title="bbox 2003 723 2805 795">
     <span class='ocr_line' id='line_1_51' title="bbox 2003 723 2805 795; baseline -0.006 -18"><span class='ocrx_word' id='word_1_351' title='bbox 2003 732 2110 778; x_wconf 91' lang='lat' dir='ltr'><strong>tate</strong></span> <span class='ocrx_word' id='word_1_352' title='bbox 2135 724 2460 795; x_wconf 85' lang='lat' dir='ltr'><strong>perspicuus</strong></span> <span class='ocrx_word' id='word_1_353' title='bbox 2497 723 2805 779; x_wconf 79' lang='lat' dir='ltr'><strong>successit..</strong></span> 
     </span>
    </p>
   </div>
   <div class='ocr_carea' id='block_1_52' title="bbox 2074 810 3588 885">
    <p class='ocr_par' dir='ltr' id='par_1_52' title="bbox 2074 810 3588 885">
     <span class='ocr_line' id='line_1_52' title="bbox 2074 810 3588 885; baseline -0.002 -16"><span class='ocrx_word' id='word_1_354' title='bbox 2074 815 2161 869; x_wconf 79' lang='grc'><strong>10.</strong></span> <span class='ocrx_word' id='word_1_355' title='bbox 2191 814 2333 874; x_wconf 81' lang='lat' dir='ltr'><strong>Erat</strong></span> <span class='ocrx_word' id='word_1_356' title='bbox 2359 816 2414 870; x_wconf 89' lang='lat' dir='ltr'><strong>in</strong></span> <span class='ocrx_word' id='word_1_357' title='bbox 2456 814 2551 870; x_wconf 87' lang='lat' dir='ltr'><strong>illo</strong></span> <span class='ocrx_word' id='word_1_358' title='bbox 2580 824 2824 885; x_wconf 86' lang='lat' dir='ltr'><strong>tempore</strong></span> <span class='ocrx_word' id='word_1_359' title='bbox 2862 815 2916 869; x_wconf 93' lang='lat' dir='ltr'><strong>in</strong></span> <span class='ocrx_word' id='word_1_360' title='bbox 2948 812 3300 870; x_wconf 86' lang='lat' dir='ltr'><strong>Herveldensi</strong></span> <span class='ocrx_word' id='word_1_361' title='bbox 3330 810 3443 882; x_wconf 82' lang='lat' dir='ltr'><strong>(t6)</strong></span> <span class='ocrx_word' id='word_1_362' title='bbox 3468 826 3588 866; x_wconf 81' lang='lat' dir='ltr'><strong>mo-</strong></span> 
     </span>
    </p>
   </div>
   <div class='ocr_carea' id='block_1_53' title="bbox 2001 903 3598 976">
    <p class='ocr_par' dir='ltr' id='par_1_53' title="bbox 2001 903 3598 976">
     <span class='ocr_line' id='line_1_53' title="bbox 2001 903 3598 976; baseline -0.002 -14"><span class='ocrx_word' id='word_1_363' title='bbox 2001 908 2244 962; x_wconf 83' lang='lat' dir='ltr'><strong>nasterio</strong></span> <span class='ocrx_word' id='word_1_364' title='bbox 2282 907 2457 963; x_wconf 86' lang='lat' dir='ltr'><strong>sancti</strong></span> <span class='ocrx_word' id='word_1_365' title='bbox 2481 906 2779 961; x_wconf 88' lang='lat' dir='ltr'><strong>Wichberti</strong></span> <span class='ocrx_word' id='word_1_366' title='bbox 2812 905 2873 960; x_wconf 82' lang='grc' dir='ltr'><strong>Β.</strong></span> <span class='ocrx_word' id='word_1_367' title='bbox 2910 906 3081 961; x_wconf 87' lang='lat' dir='ltr'><strong>abbas</strong></span> <span class='ocrx_word' id='word_1_368' title='bbox 3119 904 3233 976; x_wconf 80' lang='grc' dir='ltr'><strong>(Π)</strong></span> <span class='ocrx_word' id='word_1_369' title='bbox 3260 903 3598 960; x_wconf 78' lang='lat' dir='ltr'><strong>venerabilis</strong></span> 
     </span>
    </p>
   </div>
   <div class='ocr_carea' id='block_1_54' title="bbox 2000 997 3591 1069">
    <p class='ocr_par' dir='ltr' id='par_1_54' title="bbox 2000 997 3591 1069">
     <span class='ocr_line' id='line_1_54' title="bbox 2000 997 3591 1069; baseline -0.001 -16"><span class='ocrx_word' id='word_1_370' title='bbox 2000 1014 2199 1069; x_wconf 79' lang='lat' dir='ltr'><strong>genere</strong></span> <span class='ocrx_word' id='word_1_371' title='bbox 2244 1008 2297 1054; x_wconf 89' lang='lat' dir='ltr'><strong>ct</strong></span> <span class='ocrx_word' id='word_1_372' title='bbox 2332 999 2597 1069; x_wconf 83' lang='lat' dir='ltr'><strong>dignitate</strong></span> <span class='ocrx_word' id='word_1_373' title='bbox 2648 999 3041 1054; x_wconf 89' lang='lat' dir='ltr'><strong>memorabilis.</strong></span> <span class='ocrx_word' id='word_1_374' title='bbox 3097 997 3203 1065; x_wconf 88' lang='lat' dir='ltr'><strong>Qui</strong></span> <span class='ocrx_word' id='word_1_375' title='bbox 3258 1006 3475 1063; x_wconf 91' lang='lat' dir='ltr'><strong>tamen,</strong></span> <span class='ocrx_word' id='word_1_376' title='bbox 3528 999 3591 1051; x_wconf 76' lang='lat' dir='ltr'><strong>ut</strong></span> 
     </span>
    </p>
   </div>
   <div class='ocr_carea' id='block_1_55' title="bbox 2001 1089 3589 1161">
    <p class='ocr_par' dir='ltr' id='par_1_55' title="bbox 2001 1089 3589 1161">
     <span class='ocr_line' id='line_1_55' title="bbox 2001 1089 3589 1161; baseline 0.001 -17"><span class='ocrx_word' id='word_1_377' title='bbox 2001 1089 2149 1144; x_wconf 84' lang='lat' dir='ltr'><strong>salva</strong></span> <span class='ocrx_word' id='word_1_378' title='bbox 2180 1089 2305 1161; x_wconf 75' lang='lat' dir='ltr'><strong>[al.,</strong></span> <span class='ocrx_word' id='word_1_379' title='bbox 2337 1089 2417 1161; x_wconf 90' lang='lat' dir='ltr'><strong>in]</strong></span> <span class='ocrx_word' id='word_1_380' title='bbox 2465 1104 2598 1159; x_wconf 88' lang='lat' dir='ltr'><strong>pace</strong></span> <span class='ocrx_word' id='word_1_381' title='bbox 2634 1090 2868 1155; x_wconf 88' lang='lat' dir='ltr'><strong>dicatur,</strong></span> <span class='ocrx_word' id='word_1_382' title='bbox 2903 1090 3042 1143; x_wconf 89' lang='lat' dir='ltr'><strong>ultra</strong></span> <span class='ocrx_word' id='word_1_383' title='bbox 3079 1090 3165 1145; x_wconf 88' lang='lat' dir='ltr'><strong>sui</strong></span> <span class='ocrx_word' id='word_1_384' title='bbox 3201 1089 3467 1160; x_wconf 86' lang='lat' dir='ltr'><strong>propositi</strong></span> <span class='ocrx_word' id='word_1_385' title='bbox 3495 1106 3589 1145; x_wconf 79' lang='lat' dir='ltr'><strong>or-</strong></span> 
     </span>
    </p>
   </div>
   <div class='ocr_carea' id='block_1_56' title="bbox 2000 1179 3584 1250">
    <p class='ocr_par' dir='ltr' id='par_1_56' title="bbox 2000 1179 3584 1250">
     <span class='ocr_line' id='line_1_56' title="bbox 2000 1179 3584 1250; baseline 0.001 -16"><span class='ocrx_word' id='word_1_386' title='bbox 2000 1180 2182 1234; x_wconf 87' lang='lat' dir='ltr'><strong>dinem</strong></span> <span class='ocrx_word' id='word_1_387' title='bbox 2212 1181 2452 1247; x_wconf 73' lang='lat' dir='ltr'><strong>humano</strong></span> <span class='ocrx_word' id='word_1_388' title='bbox 2475 1195 2627 1235; x_wconf 85' lang='lat' dir='ltr'><strong>more</strong></span> <span class='ocrx_word' id='word_1_389' title='bbox 2654 1180 2934 1250; x_wconf 89' lang='lat' dir='ltr'><strong>popularis</strong></span> <span class='ocrx_word' id='word_1_390' title='bbox 2962 1179 3121 1235; x_wconf 70' lang='lat' dir='ltr'><strong>fama:</strong></span> <span class='ocrx_word' id='word_1_391' title='bbox 3149 1180 3296 1235; x_wconf 84' lang='lat' dir='ltr'><strong>laudi</strong></span> <span class='ocrx_word' id='word_1_392' title='bbox 3321 1182 3584 1246; x_wconf 85' lang='lat' dir='ltr'><strong>intentus,</strong></span> 
     </span>
    </p>
   </div>
   <div class='ocr_carea' id='block_1_57' title="bbox 2001 1266 3590 1342">
    <p class='ocr_par' dir='ltr' id='par_1_57' title="bbox 2001 1266 3590 1342">
     <span class='ocr_line' id='line_1_57' title="bbox 2001 1266 3590 1342; baseline 0.003 -19"><span class='ocrx_word' id='word_1_393' title='bbox 2001 1266 2243 1341; x_wconf 81' lang='lat' dir='ltr'><strong>ejusdem</strong></span> <span class='ocrx_word' id='word_1_394' title='bbox 2276 1272 2512 1327; x_wconf 75' lang='lat' dir='ltr'><strong>caenobii</strong></span> <span class='ocrx_word' id='word_1_395' title='bbox 2548 1271 2748 1327; x_wconf 86' lang='lat' dir='ltr'><strong>fratres</strong></span> <span class='ocrx_word' id='word_1_396' title='bbox 2775 1271 2914 1327; x_wconf 88' lang='lat' dir='ltr'><strong>forte</strong></span> <span class='ocrx_word' id='word_1_397' title='bbox 2935 1271 3229 1342; x_wconf 87' lang='lat' dir='ltr'><strong>aliquando</strong></span> <span class='ocrx_word' id='word_1_398' title='bbox 3250 1269 3432 1327; x_wconf 81' lang='lat' dir='ltr'><strong>debita</strong></span> <span class='ocrx_word' id='word_1_399' title='bbox 3453 1286 3590 1327; x_wconf 62' lang='lat' dir='ltr'><strong>corr-</strong></span> 
     </span>
    </p>
   </div>
   <div class='ocr_carea' id='block_1_58' title="bbox 2000 1362 3590 1434">
    <p class='ocr_par' dir='ltr' id='par_1_58' title="bbox 2000 1362 3590 1434">
     <span class='ocr_line' id='line_1_58' title="bbox 2000 1362 3590 1434; baseline 0 -18"><span class='ocrx_word' id='word_1_400' title='bbox 2000 1362 2309 1419; x_wconf 88' lang='lat' dir='ltr'><strong>versatione</strong></span> <span class='ocrx_word' id='word_1_401' title='bbox 2346 1362 2481 1417; x_wconf 87' lang='lat' dir='ltr'><strong>fovit</strong></span> <span class='ocrx_word' id='word_1_402' title='bbox 2507 1363 2898 1434; x_wconf 84' lang='lat' dir='ltr'><strong>indulgentius,</strong></span> <span class='ocrx_word' id='word_1_403' title='bbox 2946 1363 3020 1417; x_wconf 89' lang='lat' dir='ltr'><strong>ita</strong></span> <span class='ocrx_word' id='word_1_404' title='bbox 3068 1371 3129 1416; x_wconf 91' lang='lat' dir='ltr'><strong>ut</strong></span> <span class='ocrx_word' id='word_1_405' title='bbox 3177 1376 3330 1417; x_wconf 90' lang='lat' dir='ltr'><strong>more</strong></span> <span class='ocrx_word' id='word_1_406' title='bbox 3364 1364 3590 1418; x_wconf 65' lang='lat' dir='ltr'><strong>canonio</strong></span> 
     </span>
    </p>
   </div>
   <div class='ocr_carea' id='block_1_59' title="bbox 2000 1453 3588 1525">
    <p class='ocr_par' dir='ltr' id='par_1_59' title="bbox 2000 1453 3588 1525">
     <span class='ocr_line' id='line_1_59' title="bbox 2000 1453 3588 1525; baseline 0 -16"><span class='ocrx_word' id='word_1_407' title='bbox 2000 1469 2193 1509; x_wconf 88' lang='lat' dir='ltr'><strong>corum</strong></span> <span class='ocrx_word' id='word_1_408' title='bbox 2241 1455 2600 1525; x_wconf 87' lang='lat' dir='ltr'><strong>proprietates</strong></span> <span class='ocrx_word' id='word_1_409' title='bbox 2650 1455 2754 1510; x_wconf 86' lang='lat' dir='ltr'><strong>sibi</strong></span> <span class='ocrx_word' id='word_1_410' title='bbox 2803 1463 2915 1509; x_wconf 90' lang='lat' dir='ltr'><strong>tam</strong></span> <span class='ocrx_word' id='word_1_411' title='bbox 2960 1454 3016 1508; x_wconf 91' lang='lat' dir='ltr'><strong>in</strong></span> <span class='ocrx_word' id='word_1_412' title='bbox 3057 1453 3284 1524; x_wconf 89' lang='lat' dir='ltr'><strong>privatis</strong></span> <span class='ocrx_word' id='word_1_413' title='bbox 3343 1453 3588 1509; x_wconf 73' lang='lat' dir='ltr'><strong>aediﬁciis</strong></span> 
     </span>
    </p>
   </div>
   <div class='ocr_carea' id='block_1_60' title="bbox 1999 1545 3588 1617">
    <p class='ocr_par' dir='ltr' id='par_1_60' title="bbox 1999 1545 3588 1617">
     <span class='ocr_line' id='line_1_60' title="bbox 1999 1545 3588 1617; baseline 0.001 -18"><span class='ocrx_word' id='word_1_414' title='bbox 1999 1560 2165 1614; x_wconf 89' lang='lat' dir='ltr'><strong>quam</strong></span> <span class='ocrx_word' id='word_1_415' title='bbox 2201 1554 2256 1602; x_wconf 89' lang='lat' dir='ltr'><strong>et</strong></span> <span class='ocrx_word' id='word_1_416' title='bbox 2294 1546 2348 1601; x_wconf 91' lang='lat' dir='ltr'><strong>in</strong></span> <span class='ocrx_word' id='word_1_417' title='bbox 2393 1547 2572 1617; x_wconf 88' lang='lat' dir='ltr'><strong>equis,</strong></span> <span class='ocrx_word' id='word_1_418' title='bbox 2612 1554 2667 1602; x_wconf 90' lang='lat' dir='ltr'><strong>et</strong></span> <span class='ocrx_word' id='word_1_419' title='bbox 2700 1546 3024 1601; x_wconf 89' lang='lat' dir='ltr'><strong>cultioribus</strong></span> <span class='ocrx_word' id='word_1_420' title='bbox 3073 1560 3292 1617; x_wconf 89' lang='lat' dir='ltr'><strong>quoque</strong></span> <span class='ocrx_word' id='word_1_421' title='bbox 3335 1545 3588 1615; x_wconf 89' lang='lat' dir='ltr'><strong>plurimis</strong></span> 
     </span>
    </p>
   </div>
   <div class='ocr_carea' id='block_1_61' title="bbox 1999 1637 3591 1709">
    <p class='ocr_par' dir='ltr' id='par_1_61' title="bbox 1999 1637 3591 1709">
     <span class='ocr_line' id='line_1_61' title="bbox 1999 1637 3591 1709; baseline 0.002 -19"><span class='ocrx_word' id='word_1_422' title='bbox 1999 1638 2366 1706; x_wconf 85' lang='lat' dir='ltr'><strong>vestimentis,</strong></span> <span class='ocrx_word' id='word_1_423' title='bbox 2418 1654 2482 1693; x_wconf 86' lang='lat' dir='ltr'><strong>ac</strong></span> <span class='ocrx_word' id='word_1_424' title='bbox 2532 1638 2744 1693; x_wconf 87' lang='lat' dir='ltr'><strong>caeteris</strong></span> <span class='ocrx_word' id='word_1_425' title='bbox 2795 1637 3086 1692; x_wconf 69' lang='lat' dir='ltr'><strong>mundanae</strong></span> <span class='ocrx_word' id='word_1_426' title='bbox 3142 1637 3327 1709; x_wconf 65' lang='lat' dir='ltr'><strong>gloriae</strong></span> <span class='ocrx_word' id='word_1_427' title='bbox 3370 1637 3591 1707; x_wconf 86' lang='lat' dir='ltr'><strong>pompis</strong></span> 
     </span>
    </p>
   </div>
   <div class='ocr_carea' id='block_1_62' title="bbox 1996 1728 3589 1799">
    <p class='ocr_par' dir='ltr' id='par_1_62' title="bbox 1996 1728 3589 1799">
     <span class='ocr_line' id='line_1_62' title="bbox 1996 1728 3589 1799; baseline -0.001 -16"><span class='ocrx_word' id='word_1_428' title='bbox 1996 1728 2370 1797; x_wconf 88' lang='lat' dir='ltr'><strong>vindicarent,</strong></span> <span class='ocrx_word' id='word_1_429' title='bbox 2400 1738 2454 1784; x_wconf 88' lang='lat' dir='ltr'><strong>et</strong></span> <span class='ocrx_word' id='word_1_430' title='bbox 2474 1729 2749 1784; x_wconf 87' lang='lat' dir='ltr'><strong>licentiam</strong></span> <span class='ocrx_word' id='word_1_431' title='bbox 2784 1744 3001 1799; x_wconf 87' lang='lat' dir='ltr'><strong>quoque</strong></span> <span class='ocrx_word' id='word_1_432' title='bbox 3026 1729 3189 1784; x_wconf 89' lang='lat' dir='ltr'><strong>dandi</strong></span> <span class='ocrx_word' id='word_1_433' title='bbox 3215 1736 3269 1784; x_wconf 90' lang='lat' dir='ltr'><strong>et</strong></span> <span class='ocrx_word' id='word_1_434' title='bbox 3284 1729 3589 1799; x_wconf 87' lang='lat' dir='ltr'><strong>accipiendi</strong></span> 
     </span>
    </p>
   </div>
   <div class='ocr_carea' id='block_1_63' title="bbox 1995 1820 3585 1892">
    <p class='ocr_par' dir='ltr' id='par_1_63' title="bbox 1995 1820 3585 1892">
     <span class='ocr_line' id='line_1_63' title="bbox 1995 1820 3585 1892; baseline 0.002 -18"><span class='ocrx_word' id='word_1_435' title='bbox 1995 1837 2119 1875; x_wconf 89' lang='lat' dir='ltr'><strong>cum</strong></span> <span class='ocrx_word' id='word_1_436' title='bbox 2148 1820 2349 1877; x_wconf 88' lang='lat' dir='ltr'><strong>illicitis</strong></span> <span class='ocrx_word' id='word_1_437' title='bbox 2364 1838 2427 1877; x_wconf 91' lang='lat' dir='ltr'><strong>ac</strong></span> <span class='ocrx_word' id='word_1_438' title='bbox 2450 1820 2742 1892; x_wconf 80' lang='lat' dir='ltr'><strong>superfluis</strong></span> <span class='ocrx_word' id='word_1_439' title='bbox 2764 1820 3029 1877; x_wconf 88' lang='lat' dir='ltr'><strong>conviviis</strong></span> <span class='ocrx_word' id='word_1_440' title='bbox 3040 1820 3362 1892; x_wconf 65' lang='lat' dir='ltr'><strong>ueterisque</strong></span> <span class='ocrx_word' id='word_1_441' title='bbox 3383 1820 3585 1877; x_wconf 87' lang='lat' dir='ltr'><strong>talibus</strong></span> 
     </span>
    </p>
   </div>
   <div class='ocr_carea' id='block_1_64' title="bbox 1997 1912 3603 1983">
    <p class='ocr_par' dir='ltr' id='par_1_64' title="bbox 1997 1912 3603 1983">
     <span class='ocr_line' id='line_1_64' title="bbox 1997 1912 3603 1983; baseline 0 -16"><span class='ocrx_word' id='word_1_442' title='bbox 1997 1917 2343 1983; x_wconf 87' lang='lat' dir='ltr'><strong>usurparent.</strong></span> <span class='ocrx_word' id='word_1_443' title='bbox 2374 1912 2494 1980; x_wconf 90' lang='lat' dir='ltr'><strong>Quo</strong></span> <span class='ocrx_word' id='word_1_444' title='bbox 2517 1913 2725 1968; x_wconf 90' lang='lat' dir='ltr'><strong>scilicet</strong></span> <span class='ocrx_word' id='word_1_445' title='bbox 2766 1913 2960 1967; x_wconf 86' lang='lat' dir='ltr'><strong>abbate</strong></span> <span class='ocrx_word' id='word_1_446' title='bbox 3004 1912 3227 1967; x_wconf 91' lang='lat' dir='ltr'><strong>biennio</strong></span> <span class='ocrx_word' id='word_1_447' title='bbox 3254 1921 3380 1967; x_wconf 88' lang='lat' dir='ltr'><strong>ante</strong></span> <span class='ocrx_word' id='word_1_448' title='bbox 3419 1915 3603 1967; x_wconf 48' lang='lat' dir='ltr'><strong>ﬁnem&#39;</strong></span> 
     </span>
    </p>
   </div>
   <div class='ocr_carea' id='block_1_65' title="bbox 1996 2003 3609 2074">
    <p class='ocr_par' dir='ltr' id='par_1_65' title="bbox 1996 2003 3609 2074">
     <span class='ocr_line' id='line_1_65' title="bbox 1996 2003 3609 2074; baseline 0.001 -15"><span class='ocrx_word' id='word_1_449' title='bbox 1996 2003 2082 2059; x_wconf 90' lang='lat' dir='ltr'><strong>sui</strong></span> <span class='ocrx_word' id='word_1_450' title='bbox 2127 2012 2444 2074; x_wconf 72' lang='lat' dir='ltr'><strong>:egrotante,</strong></span> <span class='ocrx_word' id='word_1_451' title='bbox 2476 2015 2531 2060; x_wconf 92' lang='lat' dir='ltr'><strong>et</strong></span> <span class='ocrx_word' id='word_1_452' title='bbox 2585 2005 2726 2059; x_wconf 90' lang='lat' dir='ltr'><strong>ultra</strong></span> <span class='ocrx_word' id='word_1_453' title='bbox 2771 2003 2997 2059; x_wconf 84' lang='lat' dir='ltr'><strong>Fuldam</strong></span> <span class='ocrx_word' id='word_1_454' title='bbox 3056 2003 3255 2059; x_wconf 85' lang='lat' dir='ltr'><strong>flumen</strong></span> <span class='ocrx_word' id='word_1_455' title='bbox 3296 2004 3351 2059; x_wconf 90' lang='lat' dir='ltr'><strong>in</strong></span> <span class='ocrx_word' id='word_1_456' title='bbox 3401 2012 3609 2060; x_wconf 59' lang='lat' dir='ltr'><strong>montes</strong></span> 
     </span>
    </p>
   </div>
   <div class='ocr_carea' id='block_1_66' title="bbox 1995 2094 3605 2166">
    <p class='ocr_par' dir='ltr' id='par_1_66' title="bbox 1995 2094 3605 2166">
     <span class='ocr_line' id='line_1_66' title="bbox 1995 2094 3605 2166; baseline 0 -17"><span class='ocrx_word' id='word_1_457' title='bbox 1995 2110 2107 2165; x_wconf 89' lang='lat' dir='ltr'><strong>quo</strong></span> <span class='ocrx_word' id='word_1_458' title='bbox 2155 2095 2273 2166; x_wconf 86' lang='lat' dir='ltr'><strong>ipse</strong></span> <span class='ocrx_word' id='word_1_459' title='bbox 2333 2096 2730 2152; x_wconf 89' lang='lat' dir='ltr'><strong>monasterium</strong></span> <span class='ocrx_word' id='word_1_460' title='bbox 2793 2095 2847 2150; x_wconf 92' lang='lat' dir='ltr'><strong>in</strong></span> <span class='ocrx_word' id='word_1_461' title='bbox 2898 2097 3161 2151; x_wconf 88' lang='lat' dir='ltr'><strong>honorem</strong></span> <span class='ocrx_word' id='word_1_462' title='bbox 3215 2096 3389 2151; x_wconf 83' lang='lat' dir='ltr'><strong>sancti</strong></span> <span class='ocrx_word' id='word_1_463' title='bbox 3438 2094 3605 2150; x_wconf 29' lang='lat' dir='ltr'><strong>Petri.</strong></span> 
     </span>
    </p>
   </div>
   <div class='ocr_carea' id='block_1_67' title="bbox 1994 2185 3585 2255">
    <p class='ocr_par' dir='ltr' id='par_1_67' title="bbox 1994 2185 3585 2255">
     <span class='ocr_line' id='line_1_67' title="bbox 1994 2185 3585 2255; baseline 0.001 -16"><span class='ocrx_word' id='word_1_464' title='bbox 1994 2185 2229 2255; x_wconf 87' lang='lat' dir='ltr'><strong>apostoli</strong></span> <span class='ocrx_word' id='word_1_465' title='bbox 2284 2188 2610 2253; x_wconf 82' lang='lat' dir='ltr'><strong>construxit,</strong></span> <span class='ocrx_word' id='word_1_466' title='bbox 2654 2203 2780 2243; x_wconf 90' lang='lat' dir='ltr'><strong>cum</strong></span> <span class='ocrx_word' id='word_1_467' title='bbox 2816 2185 3081 2243; x_wconf 89' lang='lat' dir='ltr'><strong>militibus</strong></span> <span class='ocrx_word' id='word_1_468' title='bbox 3115 2202 3178 2241; x_wconf 90' lang='lat' dir='ltr'><strong>ac</strong></span> <span class='ocrx_word' id='word_1_469' title='bbox 3229 2187 3441 2242; x_wconf 64' lang='lat' dir='ltr'><strong>caeteris</strong></span> <span class='ocrx_word' id='word_1_470' title='bbox 3479 2188 3585 2241; x_wconf 87' lang='lat' dir='ltr'><strong>sibi</strong></span> 
     </span>
    </p>
   </div>
   <div class='ocr_carea' id='block_1_68' title="bbox 1996 2275 3591 2351">
    <p class='ocr_par' dir='ltr' id='par_1_68' title="bbox 1996 2275 3591 2351">
     <span class='ocr_line' id='line_1_68' title="bbox 1996 2275 3591 2351; baseline 0.001 -21"><span class='ocrx_word' id='word_1_471' title='bbox 1996 2275 2359 2333; x_wconf 85' lang='lat' dir='ltr'><strong>familiaribus</strong></span> <span class='ocrx_word' id='word_1_472' title='bbox 2389 2278 2657 2351; x_wconf 88' lang='lat' dir='ltr'><strong>refrigerii</strong></span> <span class='ocrx_word' id='word_1_473' title='bbox 2695 2278 2914 2333; x_wconf 88' lang='lat' dir='ltr'><strong>lenitate</strong></span> <span class='ocrx_word' id='word_1_474' title='bbox 2949 2287 3342 2343; x_wconf 89' lang='lat' dir='ltr'><strong>commorante,</strong></span> <span class='ocrx_word' id='word_1_475' title='bbox 3388 2276 3591 2331; x_wconf 86' lang='lat' dir='ltr'><strong>fratres</strong></span> 
     </span>
    </p>
   </div>
   <div class='ocr_carea' id='block_1_69' title="bbox 1996 2368 3584 2440">
    <p class='ocr_par' dir='ltr' id='par_1_69' title="bbox 1996 2368 3584 2440">
     <span class='ocr_line' id='line_1_69' title="bbox 1996 2368 3584 2440; baseline 0.001 -19"><span class='ocrx_word' id='word_1_476' title='bbox 1996 2368 2368 2439; x_wconf 83' lang='lat' dir='ltr'><strong>indignatione</strong></span> <span class='ocrx_word' id='word_1_477' title='bbox 2393 2369 2624 2440; x_wconf 88' lang='lat' dir='ltr'><strong>permoti</strong></span> <span class='ocrx_word' id='word_1_478' title='bbox 2644 2378 2698 2425; x_wconf 92' lang='lat' dir='ltr'><strong>et</strong></span> <span class='ocrx_word' id='word_1_479' title='bbox 2719 2370 2877 2440; x_wconf 88' lang='lat' dir='ltr'><strong>quasi</strong></span> <span class='ocrx_word' id='word_1_480' title='bbox 2908 2385 2938 2424; x_wconf 91' lang='lat' dir='ltr'><strong>a</strong></span> <span class='ocrx_word' id='word_1_481' title='bbox 2966 2368 3121 2440; x_wconf 79' lang='lat' dir='ltr'><strong>patre</strong></span> <span class='ocrx_word' id='word_1_482' title='bbox 3160 2368 3478 2437; x_wconf 90' lang='lat' dir='ltr'><strong>contempti,</strong></span> <span class='ocrx_word' id='word_1_483' title='bbox 3516 2370 3584 2423; x_wconf 87' lang='lat' dir='ltr'><strong>ad</strong></span> 
     </span>
    </p>
   </div>
   <div class='ocr_carea' id='block_1_70' title="bbox 1995 2452 3601 2533">
    <p class='ocr_par' dir='ltr' id='par_1_70' title="bbox 1995 2452 3601 2533">
     <span class='ocr_line' id='line_1_70' title="bbox 1995 2452 3601 2533; baseline 0 -20"><span class='ocrx_word' id='word_1_484' title='bbox 1995 2475 2178 2530; x_wconf 87' lang='lat' dir='ltr'><strong>regem</strong></span> <span class='ocrx_word' id='word_1_485' title='bbox 2200 2468 2313 2515; x_wconf 90' lang='lat' dir='ltr'><strong>tam</strong></span> <span class='ocrx_word' id='word_1_486' title='bbox 2346 2477 2444 2531; x_wconf 90' lang='lat' dir='ltr'><strong>per</strong></span> <span class='ocrx_word' id='word_1_487' title='bbox 2470 2461 2797 2532; x_wconf 89' lang='lat' dir='ltr'><strong>semetipsos</strong></span> <span class='ocrx_word' id='word_1_488' title='bbox 2821 2477 2988 2533; x_wconf 79' lang='lat' dir='ltr'><strong>quam</strong></span> <span class='ocrx_word' id='word_1_489' title='bbox 3025 2452 3124 2531; x_wconf 90' lang='lat' dir='ltr'><strong>per</strong></span> <span class='ocrx_word' id='word_1_490' title='bbox 3157 2460 3371 2515; x_wconf 87' lang='lat' dir='ltr'><strong>litteras</strong></span> <span class='ocrx_word' id='word_1_491' title='bbox 3408 2476 3473 2515; x_wconf 90' lang='lat' dir='ltr'><strong>ac</strong></span> <span class='ocrx_word' id='word_1_492' title='bbox 3508 2460 3601 2513; x_wconf 54' lang='grc' dir='ltr'><strong>ιρι</strong></span> 
     </span>
    </p>
   </div>
   <div class='ocr_carea' id='block_1_71' title="bbox 1996 2551 3591 2624">
    <p class='ocr_par' dir='ltr' id='par_1_71' title="bbox 1996 2551 3591 2624">
     <span class='ocr_line' id='line_1_71' title="bbox 1996 2551 3591 2624; baseline -0.001 -19"><span class='ocrx_word' id='word_1_493' title='bbox 1996 2559 2151 2622; x_wconf 86' lang='lat' dir='ltr'><strong>gatos</strong></span> <span class='ocrx_word' id='word_1_494' title='bbox 2203 2552 2402 2622; x_wconf 64' lang='lat' dir='ltr'><strong>saepius</strong></span> <span class='ocrx_word' id='word_1_495' title='bbox 2447 2552 2693 2609; x_wconf 88' lang='lat' dir='ltr'><strong>diversas</strong></span> <span class='ocrx_word' id='word_1_496' title='bbox 2735 2552 3109 2624; x_wconf 89' lang='lat' dir='ltr'><strong>querimonias</strong></span> <span class='ocrx_word' id='word_1_497' title='bbox 3152 2551 3422 2620; x_wconf 85' lang='lat' dir='ltr'><strong>dirigunt,</strong></span> <span class='ocrx_word' id='word_1_498' title='bbox 3480 2551 3591 2605; x_wconf 83' lang='lat' dir='ltr'><strong>sibi</strong></span> 
     </span>
    </p>
   </div>
   <div class='ocr_carea' id='block_1_72' title="bbox 1995 2642 3585 2717">
    <p class='ocr_par' dir='ltr' id='par_1_72' title="bbox 1995 2642 3585 2717">
     <span class='ocr_line' id='line_1_72' title="bbox 1995 2642 3585 2717; baseline 0.003 -22"><span class='ocrx_word' id='word_1_499' title='bbox 1995 2642 2174 2699; x_wconf 86' lang='lat' dir='ltr'><strong>victus</strong></span> <span class='ocrx_word' id='word_1_500' title='bbox 2214 2652 2269 2697; x_wconf 88' lang='lat' dir='ltr'><strong>et</strong></span> <span class='ocrx_word' id='word_1_501' title='bbox 2307 2644 2540 2699; x_wconf 89' lang='lat' dir='ltr'><strong>vestitus</strong></span> <span class='ocrx_word' id='word_1_502' title='bbox 2572 2644 2832 2717; x_wconf 88' lang='lat' dir='ltr'><strong>denegari</strong></span> <span class='ocrx_word' id='word_1_503' title='bbox 2874 2644 3205 2711; x_wconf 87' lang='lat' dir='ltr'><strong>necessaria,</strong></span> <span class='ocrx_word' id='word_1_504' title='bbox 3242 2653 3295 2699; x_wconf 92' lang='lat' dir='ltr'><strong>et</strong></span> <span class='ocrx_word' id='word_1_505' title='bbox 3322 2643 3426 2699; x_wconf 88' lang='lat' dir='ltr'><strong>illis</strong></span> <span class='ocrx_word' id='word_1_506' title='bbox 3458 2658 3585 2699; x_wconf 88' lang='lat' dir='ltr'><strong>cum</strong></span> 
     </span>
    </p>
   </div>
   <div class='ocr_carea' id='block_1_73' title="bbox 1996 2733 3589 2809">
    <p class='ocr_par' dir='ltr' id='par_1_73' title="bbox 1996 2733 3589 2809">
     <span class='ocr_line' id='line_1_73' title="bbox 1996 2733 3589 2809; baseline 0.002 -21"><span class='ocrx_word' id='word_1_507' title='bbox 1996 2734 2209 2789; x_wconf 73' lang='lat' dir='ltr'><strong>caeteris</strong></span> <span class='ocrx_word' id='word_1_508' title='bbox 2251 2733 2459 2791; x_wconf 84' lang='lat' dir='ltr'><strong>Christi</strong></span> <span class='ocrx_word' id='word_1_509' title='bbox 2503 2738 2834 2809; x_wconf 87' lang='lat' dir='ltr'><strong>pauperibus</strong></span> <span class='ocrx_word' id='word_1_510' title='bbox 2862 2738 3253 2803; x_wconf 87' lang='lat' dir='ltr'><strong>esurientibus,</strong></span> <span class='ocrx_word' id='word_1_511' title='bbox 3279 2754 3368 2794; x_wconf 90' lang='lat' dir='ltr'><strong>res</strong></span> <span class='ocrx_word' id='word_1_512' title='bbox 3408 2738 3589 2793; x_wconf 76' lang='lat' dir='ltr'><strong>cccle-</strong></span> 
     </span>
    </p>
   </div>
   <div class='ocr_carea' id='block_1_74' title="bbox 1996 2813 3586 2899">
    <p class='ocr_par' dir='ltr' id='par_1_74' title="bbox 1996 2813 3586 2899">
     <span class='ocr_line' id='line_1_74' title="bbox 1996 2813 3586 2899; baseline 0.003 -20"><span class='ocrx_word' id='word_1_513' title='bbox 1996 2824 2250 2881; x_wconf 87' lang='lat' dir='ltr'><strong>siasticas</strong></span> <span class='ocrx_word' id='word_1_514' title='bbox 2282 2841 2379 2897; x_wconf 86' lang='lat' dir='ltr'><strong>per</strong></span> <span class='ocrx_word' id='word_1_515' title='bbox 2392 2842 2532 2883; x_wconf 91' lang='lat' dir='ltr'><strong>vana</strong></span> <span class='ocrx_word' id='word_1_516' title='bbox 2547 2837 2602 2884; x_wconf 90' lang='lat' dir='ltr'><strong>et</strong></span> <span class='ocrx_word' id='word_1_517' title='bbox 2630 2813 2844 2884; x_wconf 83' lang='lat' dir='ltr'><strong>inutilia</strong></span> <span class='ocrx_word' id='word_1_518' title='bbox 2870 2844 3101 2899; x_wconf 89' lang='lat' dir='ltr'><strong>prorsus</strong></span> <span class='ocrx_word' id='word_1_519' title='bbox 3113 2828 3391 2899; x_wconf 88' lang='lat' dir='ltr'><strong>dissipari.</strong></span> <span class='ocrx_word' id='word_1_520' title='bbox 3410 2828 3586 2895; x_wconf 86' lang='lat' dir='ltr'><strong>Quam</strong></span> 
     </span>
    </p>
   </div>
   <div class='ocr_carea' id='block_1_75' title="bbox 1994 2916 3609 2993">
    <p class='ocr_par' dir='ltr' id='par_1_75' title="bbox 1994 2916 3609 2993">
     <span class='ocr_line' id='line_1_75' title="bbox 1994 2916 3609 2993; baseline 0.001 -22"><span class='ocrx_word' id='word_1_521' title='bbox 1994 2929 2185 2972; x_wconf 89' lang='lat' dir='ltr'><strong>corum</strong></span> <span class='ocrx_word' id='word_1_522' title='bbox 2221 2916 2627 2987; x_wconf 88' lang='lat' dir='ltr'><strong>querimoniam</strong></span> <span class='ocrx_word' id='word_1_523' title='bbox 2679 2935 2776 2973; x_wconf 80' lang='lat' dir='ltr'><strong>rex</strong></span> <span class='ocrx_word' id='word_1_524' title='bbox 2836 2920 3057 2990; x_wconf 88' lang='lat' dir='ltr'><strong>sapiens</strong></span> <span class='ocrx_word' id='word_1_525' title='bbox 3087 2920 3251 2976; x_wconf 90' lang='lat' dir='ltr'><strong>altius</strong></span> <span class='ocrx_word' id='word_1_526' title='bbox 3289 2937 3455 2992; x_wconf 88' lang='lat' dir='ltr'><strong>quam</strong></span> <span class='ocrx_word' id='word_1_527' title='bbox 3482 2922 3609 2993; x_wconf 24' lang='lat' dir='ltr'><strong>ipsis.</strong></span> 
     </span>
    </p>
   </div>
   <div class='ocr_carea' id='block_1_76' title="bbox 1996 3007 3619 3080">
    <p class='ocr_par' dir='ltr' id='par_1_76' title="bbox 1996 3007 3619 3080">
     <span class='ocr_line' id='line_1_76' title="bbox 1996 3007 3619 3080; baseline 0.003 -18"><span class='ocrx_word' id='word_1_528' title='bbox 1996 3007 2353 3077; x_wconf 89' lang='lat' dir='ltr'><strong>opinarentur</strong></span> <span class='ocrx_word' id='word_1_529' title='bbox 2402 3008 2729 3080; x_wconf 86' lang='lat' dir='ltr'><strong>intelligens,</strong></span> <span class='ocrx_word' id='word_1_530' title='bbox 2768 3010 2863 3065; x_wconf 86' lang='lat' dir='ltr'><strong>sed</strong></span> <span class='ocrx_word' id='word_1_531' title='bbox 2889 3018 2944 3065; x_wconf 89' lang='lat' dir='ltr'><strong>et</strong></span> <span class='ocrx_word' id='word_1_532' title='bbox 2994 3011 3164 3065; x_wconf 87' lang='lat' dir='ltr'><strong>vitam</strong></span> <span class='ocrx_word' id='word_1_533' title='bbox 3212 3012 3432 3066; x_wconf 91' lang='lat' dir='ltr'><strong>illorum</strong></span> <span class='ocrx_word' id='word_1_534' title='bbox 3473 3028 3619 3069; x_wconf 57' lang='lat' dir='ltr'><strong>non;</strong></span> 
     </span>
    </p>
   </div>
   <div class='ocr_carea' id='block_1_77' title="bbox 1996 3101 3587 3174">
    <p class='ocr_par' dir='ltr' id='par_1_77' title="bbox 1996 3101 3587 3174">
     <span class='ocr_line' id='line_1_77' title="bbox 1996 3101 3587 3174; baseline 0.003 -20"><span class='ocrx_word' id='word_1_535' title='bbox 1996 3102 2268 3167; x_wconf 88' lang='lat' dir='ltr'><strong>nesciens,</strong></span> <span class='ocrx_word' id='word_1_536' title='bbox 2312 3102 2521 3157; x_wconf 88' lang='lat' dir='ltr'><strong>diutius</strong></span> <span class='ocrx_word' id='word_1_537' title='bbox 2551 3101 2954 3158; x_wconf 82' lang='lat' dir='ltr'><strong>dissimulando</strong></span> <span class='ocrx_word' id='word_1_538' title='bbox 2981 3103 3227 3170; x_wconf 87' lang='lat' dir='ltr'><strong>distulit;</strong></span> <span class='ocrx_word' id='word_1_539' title='bbox 3258 3104 3351 3159; x_wconf 88' lang='lat' dir='ltr'><strong>sed</strong></span> <span class='ocrx_word' id='word_1_540' title='bbox 3382 3104 3446 3159; x_wconf 90' lang='lat' dir='ltr'><strong>ad</strong></span> <span class='ocrx_word' id='word_1_541' title='bbox 3483 3119 3587 3174; x_wconf 86' lang='lat' dir='ltr'><strong>po-</strong></span> 
     </span>
    </p>
   </div>
   <div class='ocr_carea' id='block_1_78' title="bbox 1995 3192 3589 3262">
    <p class='ocr_par' dir='ltr' id='par_1_78' title="bbox 1995 3192 3589 3262">
     <span class='ocr_line' id='line_1_78' title="bbox 1995 3192 3589 3262; baseline 0.002 -14"><span class='ocrx_word' id='word_1_542' title='bbox 1995 3200 2260 3248; x_wconf 88' lang='lat' dir='ltr'><strong>stremum</strong></span> <span class='ocrx_word' id='word_1_543' title='bbox 2316 3192 2729 3262; x_wconf 89' lang='lat' dir='ltr'><strong>importunitate</strong></span> <span class='ocrx_word' id='word_1_544' title='bbox 2771 3207 2964 3248; x_wconf 89' lang='lat' dir='ltr'><strong>eorum</strong></span> <span class='ocrx_word' id='word_1_545' title='bbox 2996 3194 3245 3249; x_wconf 89' lang='lat' dir='ltr'><strong>devictus</strong></span> <span class='ocrx_word' id='word_1_546' title='bbox 3274 3194 3589 3251; x_wconf 78' lang='lat' dir='ltr'><strong>modificato</strong></span> 
     </span>
    </p>
   </div>
   <div class='ocr_carea' id='block_1_79' title="bbox 1996 3279 3585 3354">
    <p class='ocr_par' dir='ltr' id='par_1_79' title="bbox 1996 3279 3585 3354">
     <span class='ocr_line' id='line_1_79' title="bbox 1996 3279 3585 3354; baseline 0.002 -16"><span class='ocrx_word' id='word_1_547' title='bbox 1996 3297 2248 3338; x_wconf 86' lang='lat' dir='ltr'><strong>sermone</strong></span> <span class='ocrx_word' id='word_1_548' title='bbox 2294 3279 2607 3353; x_wconf 78' lang='lat' dir='ltr'><strong>respondit,</strong></span> <span class='ocrx_word' id='word_1_549' title='bbox 2638 3284 2872 3339; x_wconf 88' lang='lat' dir='ltr'><strong>libenter</strong></span> <span class='ocrx_word' id='word_1_550' title='bbox 2910 3300 2969 3340; x_wconf 89' lang='lat' dir='ltr'><strong>sc</strong></span> <span class='ocrx_word' id='word_1_551' title='bbox 3001 3293 3213 3354; x_wconf 87' lang='lat' dir='ltr'><strong>patrem</strong></span> <span class='ocrx_word' id='word_1_552' title='bbox 3265 3301 3491 3353; x_wconf 87' lang='lat' dir='ltr'><strong>eorum,</strong></span> <span class='ocrx_word' id='word_1_553' title='bbox 3537 3289 3585 3341; x_wconf 82' lang='lat' dir='ltr'><strong>si</strong></span> 
     </span>
    </p>
   </div>
   <div class='ocr_carea' id='block_1_80' title="bbox 1966 3370 3584 3447">
    <p class='ocr_par' dir='ltr' id='par_1_80' title="bbox 1966 3370 3584 3447">
     <span class='ocr_line' id='line_1_80' title="bbox 1966 3370 3584 3447; baseline 0.004 -20"><span class='ocrx_word' id='word_1_554' title='bbox 1966 3444 1968 3447; x_wconf 19' lang='grc' dir='ltr'><strong>λ</strong></span> <span class='ocrx_word' id='word_1_555' title='bbox 1995 3370 2091 3427; x_wconf 86' lang='lat' dir='ltr'><strong>Dei</strong></span> <span class='ocrx_word' id='word_1_556' title='bbox 2120 3373 2266 3429; x_wconf 88' lang='lat' dir='ltr'><strong>dono</strong></span> <span class='ocrx_word' id='word_1_557' title='bbox 2298 3374 2658 3440; x_wconf 88' lang='lat' dir='ltr'><strong>convaluerit,</strong></span> <span class='ocrx_word' id='word_1_558' title='bbox 2685 3374 2753 3430; x_wconf 89' lang='lat' dir='ltr'><strong>de</strong></span> <span class='ocrx_word' id='word_1_559' title='bbox 2784 3375 2983 3431; x_wconf 89' lang='lat' dir='ltr'><strong>talibus</strong></span> <span class='ocrx_word' id='word_1_560' title='bbox 3012 3375 3448 3445; x_wconf 84' lang='lat' dir='ltr'><strong>admoniturum;</strong></span> <span class='ocrx_word' id='word_1_561' title='bbox 3498 3379 3584 3433; x_wconf 84' lang='lat' dir='ltr'><strong>sin</strong></span> 
     </span>
    </p>
   </div>
   <div class='ocr_carea' id='block_1_81' title="bbox 1993 3463 3580 3539">
    <p class='ocr_par' dir='ltr' id='par_1_81' title="bbox 1993 3463 3580 3539">
     <span class='ocr_line' id='line_1_81' title="bbox 1993 3463 3580 3539; baseline 0.004 -22"><span class='ocrx_word' id='word_1_562' title='bbox 1993 3476 2125 3519; x_wconf 89' lang='lat' dir='ltr'><strong>vero</strong></span> <span class='ocrx_word' id='word_1_563' title='bbox 2150 3463 2366 3531; x_wconf 89' lang='lat' dir='ltr'><strong>obierit,</strong></span> <span class='ocrx_word' id='word_1_564' title='bbox 2394 3466 2475 3521; x_wconf 92' lang='lat' dir='ltr'><strong>eis</strong></span> <span class='ocrx_word' id='word_1_565' title='bbox 2505 3466 2618 3521; x_wconf 91' lang='lat' dir='ltr'><strong>imo</strong></span> <span class='ocrx_word' id='word_1_566' title='bbox 2654 3474 2709 3522; x_wconf 89' lang='lat' dir='ltr'><strong>et</strong></span> <span class='ocrx_word' id='word_1_567' title='bbox 2742 3466 2845 3522; x_wconf 91' lang='lat' dir='ltr'><strong>sibi</strong></span> <span class='ocrx_word' id='word_1_568' title='bbox 2877 3467 2932 3522; x_wconf 91' lang='lat' dir='ltr'><strong>in</strong></span> <span class='ocrx_word' id='word_1_569' title='bbox 2970 3468 3336 3537; x_wconf 78' lang='lat' dir='ltr'><strong>praeponendo</strong></span> <span class='ocrx_word' id='word_1_570' title='bbox 3361 3477 3580 3539; x_wconf 85' lang='lat' dir='ltr'><strong>pastore</strong></span> 
     </span>
    </p>
   </div>
   <div class='ocr_carea' id='block_1_82' title="bbox 1995 3556 3609 3632">
    <p class='ocr_par' dir='ltr' id='par_1_82' title="bbox 1995 3556 3609 3632">
     <span class='ocr_line' id='line_1_82' title="bbox 1995 3556 3609 3632; baseline 0.004 -22"><span class='ocrx_word' id='word_1_571' title='bbox 1995 3557 2049 3611; x_wconf 91' lang='lat' dir='ltr'><strong>in</strong></span> <span class='ocrx_word' id='word_1_572' title='bbox 2075 3556 2277 3612; x_wconf 88' lang='lat' dir='ltr'><strong>divinis</strong></span> <span class='ocrx_word' id='word_1_573' title='bbox 2304 3566 2358 3612; x_wconf 90' lang='lat' dir='ltr'><strong>et</strong></span> <span class='ocrx_word' id='word_1_574' title='bbox 2376 3557 2633 3614; x_wconf 88' lang='lat' dir='ltr'><strong>humanis</strong></span> <span class='ocrx_word' id='word_1_575' title='bbox 2655 3558 2985 3630; x_wconf 88' lang='lat' dir='ltr'><strong>sapientium</strong></span> <span class='ocrx_word' id='word_1_576' title='bbox 3003 3558 3231 3615; x_wconf 89' lang='lat' dir='ltr'><strong>consilio</strong></span> <span class='ocrx_word' id='word_1_577' title='bbox 3248 3559 3405 3632; x_wconf 84' lang='lat' dir='ltr'><strong>juxta</strong></span> <span class='ocrx_word' id='word_1_578' title='bbox 3429 3560 3609 3617; x_wconf 50' lang='lat' dir='ltr'><strong>timo»</strong></span> 
     </span>
    </p>
   </div>
   <div class='ocr_carea' id='block_1_83' title="bbox 1995 3647 3485 3720">
    <p class='ocr_par' dir='ltr' id='par_1_83' title="bbox 1995 3647 3485 3720">
     <span class='ocr_line' id='line_1_83' title="bbox 1995 3647 3485 3720; baseline 0.005 -19"><span class='ocrx_word' id='word_1_579' title='bbox 1995 3661 2108 3702; x_wconf 88' lang='lat' dir='ltr'><strong>rem</strong></span> <span class='ocrx_word' id='word_1_580' title='bbox 2136 3647 2351 3703; x_wconf 87' lang='lat' dir='ltr'><strong>Domini</strong></span> <span class='ocrx_word' id='word_1_581' title='bbox 2374 3650 2745 3720; x_wconf 84' lang='lat' dir='ltr'><strong>provisurum.</strong></span> <span class='ocrx_word' id='word_1_582' title='bbox 3475 3656 3485 3666; x_wconf 89' lang='lat'>&#39;</span> 
     </span>
    </p>
   </div>
   <div class='ocr_carea' id='block_1_84' title="bbox 2067 3739 3587 3815">
    <p class='ocr_par' dir='ltr' id='par_1_84' title="bbox 2067 3739 3587 3815">
     <span class='ocr_line' id='line_1_84' title="bbox 2067 3739 3587 3815; baseline 0.006 -24"><span class='ocrx_word' id='word_1_583' title='bbox 2067 3739 2153 3793; x_wconf 81' lang='grc' dir='ltr'><strong>Η.</strong></span> <span class='ocrx_word' id='word_1_584' title='bbox 2178 3739 2245 3794; x_wconf 75' lang='lat' dir='ltr'><strong>At</strong></span> <span class='ocrx_word' id='word_1_585' title='bbox 2268 3749 2570 3795; x_wconf 88' lang='lat' dir='ltr'><strong>memorato</strong></span> <span class='ocrx_word' id='word_1_586' title='bbox 2592 3741 2787 3797; x_wconf 84' lang='lat' dir='ltr'><strong>abbate</strong></span> <span class='ocrx_word' id='word_1_587' title='bbox 2809 3743 2975 3812; x_wconf 90' lang='lat' dir='ltr'><strong>paulo</strong></span> <span class='ocrx_word' id='word_1_588' title='bbox 2994 3752 3120 3813; x_wconf 89' lang='lat' dir='ltr'><strong>post</strong></span> <span class='ocrx_word' id='word_1_589' title='bbox 3140 3743 3419 3811; x_wconf 85' lang='lat' dir='ltr'><strong>defuncto,</strong></span> <span class='ocrx_word' id='word_1_590' title='bbox 3444 3761 3587 3815; x_wconf 75' lang='lat' dir='ltr'><strong>przc-</strong></span> 
     </span>
    </p>
   </div>
   <div class='ocr_carea' id='block_1_85' title="bbox 1993 3832 3595 3908">
    <p class='ocr_par' dir='ltr' id='par_1_85' title="bbox 1993 3832 3595 3908">
     <span class='ocr_line' id='line_1_85' title="bbox 1993 3832 3595 3908; baseline 0.004 -21"><span class='ocrx_word' id='word_1_591' title='bbox 1993 3832 2201 3888; x_wconf 89' lang='lat' dir='ltr'><strong>dictum</strong></span> <span class='ocrx_word' id='word_1_592' title='bbox 2249 3833 2633 3889; x_wconf 87' lang='lat' dir='ltr'><strong>Godebardum</strong></span> <span class='ocrx_word' id='word_1_593' title='bbox 2685 3835 3015 3906; x_wconf 83' lang='lat' dir='ltr'><strong>eispatrem</strong></span> <span class='ocrx_word' id='word_1_594' title='bbox 3058 3837 3595 3908; x_wconf 85' lang='lat' dir='ltr'><strong>gubernatoremque</strong></span> 
     </span>
    </p>
   </div>
   <div class='ocr_carea' id='block_1_86' title="bbox 1993 3925 3583 3999">
    <p class='ocr_par' dir='ltr' id='par_1_86' title="bbox 1993 3925 3583 3999">
     <span class='ocr_line' id='line_1_86' title="bbox 1993 3925 3583 3999; baseline 0.003 -19"><span class='ocrx_word' id='word_1_595' title='bbox 1993 3925 2376 3996; x_wconf 88' lang='lat' dir='ltr'><strong>episcoporum</strong></span> <span class='ocrx_word' id='word_1_596' title='bbox 2423 3927 2657 3982; x_wconf 85' lang='lat' dir='ltr'><strong>consilio</strong></span> <span class='ocrx_word' id='word_1_597' title='bbox 2696 3928 3011 3998; x_wconf 75' lang='lat' dir='ltr'><strong>prteposuit,</strong></span> <span class='ocrx_word' id='word_1_598' title='bbox 3055 3944 3216 3999; x_wconf 89' lang='lat' dir='ltr'><strong>quem</strong></span> <span class='ocrx_word' id='word_1_599' title='bbox 3239 3929 3401 3983; x_wconf 88' lang='lat' dir='ltr'><strong>etiam</strong></span> <span class='ocrx_word' id='word_1_600' title='bbox 3427 3938 3487 3984; x_wconf 92' lang='lat' dir='ltr'><strong>ut</strong></span> <span class='ocrx_word' id='word_1_601' title='bbox 3529 3931 3583 3984; x_wconf 88' lang='lat' dir='ltr'><strong>in</strong></span> 
     </span>
    </p>
   </div>
   <div class='ocr_carea' id='block_1_87' title="bbox 1994 4017 3607 4089">
    <p class='ocr_par' dir='ltr' id='par_1_87' title="bbox 1994 4017 3607 4089">
     <span class='ocr_line' id='line_1_87' title="bbox 1994 4017 3607 4089; baseline 0.005 -18"><span class='ocrx_word' id='word_1_602' title='bbox 1994 4017 2251 4074; x_wconf 90' lang='lat' dir='ltr'><strong>omnibus</strong></span> <span class='ocrx_word' id='word_1_603' title='bbox 2285 4019 2365 4073; x_wconf 89' lang='lat' dir='ltr'><strong>eis</strong></span> <span class='ocrx_word' id='word_1_604' title='bbox 2378 4018 2535 4089; x_wconf 79' lang='lat' dir='ltr'><strong>juxta</strong></span> <span class='ocrx_word' id='word_1_605' title='bbox 2567 4019 2818 4075; x_wconf 86' lang='lat' dir='ltr'><strong>timorem</strong></span> <span class='ocrx_word' id='word_1_606' title='bbox 2843 4018 3058 4077; x_wconf 91' lang='lat' dir='ltr'><strong>Domini</strong></span> <span class='ocrx_word' id='word_1_607' title='bbox 3095 4030 3151 4077; x_wconf 90' lang='lat' dir='ltr'><strong>et</strong></span> <span class='ocrx_word' id='word_1_608' title='bbox 3201 4024 3607 4079; x_wconf 78' lang='lat' dir='ltr'><strong>monachicam-</strong></span> 
     </span>
    </p>
   </div>
   <div class='ocr_carea' id='block_1_88' title="bbox 1993 4110 3584 4184">
    <p class='ocr_par' dir='ltr' id='par_1_88' title="bbox 1993 4110 3584 4184">
     <span class='ocr_line' id='line_1_88' title="bbox 1993 4110 3584 4184; baseline 0.004 -20"><span class='ocrx_word' id='word_1_609' title='bbox 1993 4110 2309 4181; x_wconf 80' lang='lat' dir='ltr'><strong>religionem</strong></span> <span class='ocrx_word' id='word_1_610' title='bbox 2340 4111 2649 4181; x_wconf 87' lang='lat' dir='ltr'><strong>provideret</strong></span> <span class='ocrx_word' id='word_1_611' title='bbox 2689 4111 2921 4167; x_wconf 89' lang='lat' dir='ltr'><strong>solerter</strong></span> <span class='ocrx_word' id='word_1_612' title='bbox 2943 4114 3290 4184; x_wconf 75' lang='lat' dir='ltr'><strong>przemonuit.</strong></span> <span class='ocrx_word' id='word_1_613' title='bbox 3317 4112 3421 4181; x_wconf 92' lang='lat' dir='ltr'><strong>Qui</strong></span> <span class='ocrx_word' id='word_1_614' title='bbox 3453 4115 3584 4171; x_wconf 91' lang='lat' dir='ltr'><strong>illuc</strong></span> 
     </span>
    </p>
   </div>
   <div class='ocr_carea' id='block_1_89' title="bbox 1992 4201 3580 4277">
    <p class='ocr_par' dir='ltr' id='par_1_89' title="bbox 1992 4201 3580 4277">
     <span class='ocr_line' id='line_1_89' title="bbox 1992 4201 3580 4277; baseline 0.004 -20"><span class='ocrx_word' id='word_1_615' title='bbox 1992 4201 2434 4273; x_wconf 85' lang='lat' dir='ltr'><strong>perWillegisum</strong></span> <span class='ocrx_word' id='word_1_616' title='bbox 2448 4203 2919 4275; x_wconf 88' lang='lat' dir='ltr'><strong>archiepiscopum</strong></span> <span class='ocrx_word' id='word_1_617' title='bbox 2934 4206 3253 4276; x_wconf 88' lang='lat' dir='ltr'><strong>perductus,</strong></span> <span class='ocrx_word' id='word_1_618' title='bbox 3271 4214 3324 4262; x_wconf 89' lang='lat' dir='ltr'><strong>ct</strong></span> <span class='ocrx_word' id='word_1_619' title='bbox 3343 4221 3439 4277; x_wconf 91' lang='lat' dir='ltr'><strong>per</strong></span> <span class='ocrx_word' id='word_1_620' title='bbox 3452 4223 3517 4263; x_wconf 91' lang='lat' dir='ltr'><strong>eu</strong></span> <span class='ocrx_word' id='word_1_621' title='bbox 3527 4224 3580 4262; x_wconf 90' lang='lat' dir='ltr'><strong>m</strong></span> 
     </span>
    </p>
   </div>
   <div class='ocr_carea' id='block_1_90' title="bbox 1991 4292 3597 4366">
    <p class='ocr_par' dir='ltr' id='par_1_90' title="bbox 1991 4292 3597 4366">
     <span class='ocr_line' id='line_1_90' title="bbox 1991 4292 3597 4366; baseline 0.004 -19"><span class='ocrx_word' id='word_1_622' title='bbox 1991 4294 2179 4359; x_wconf 89' lang='lat' dir='ltr'><strong>etiam,</strong></span> <span class='ocrx_word' id='word_1_623' title='bbox 2227 4294 2371 4348; x_wconf 83' lang='lat' dir='ltr'><strong>sicut</strong></span> <span class='ocrx_word' id='word_1_624' title='bbox 2392 4292 2502 4348; x_wconf 89' lang='lat' dir='ltr'><strong>Deo</strong></span> <span class='ocrx_word' id='word_1_625' title='bbox 2554 4295 2761 4366; x_wconf 85' lang='lat' dir='ltr'><strong>gratias</strong></span> <span class='ocrx_word' id='word_1_626' title='bbox 2805 4297 3289 4364; x_wconf 84' lang='lat' dir='ltr'><strong>optime-noverat,</strong></span> <span class='ocrx_word' id='word_1_627' title='bbox 3334 4297 3404 4351; x_wconf 86' lang='lat' dir='ltr'><strong>ad</strong></span> <span class='ocrx_word' id='word_1_628' title='bbox 3443 4297 3597 4353; x_wconf 51' lang='lat' dir='ltr'><strong>bene&#39;</strong></span> 
     </span>
    </p>
   </div>
   <div class='ocr_carea' id='block_1_91' title="bbox 300 4376 3577 4455">
    <p class='ocr_par' dir='ltr' id='par_1_91' title="bbox 300 4376 3577 4455">
     <span class='ocr_line' id='line_1_91' title="bbox 300 4376 3577 4455; baseline 0.001 -18"><span class='ocrx_word' id='word_1_629' title='bbox 300 4383 511 4439; x_wconf 88' lang='lat' dir='ltr'><strong>Christi</strong></span> <span class='ocrx_word' id='word_1_630' title='bbox 548 4381 753 4449; x_wconf 74' lang='lat' dir='ltr'><strong>Mariae,</strong></span> <span class='ocrx_word' id='word_1_631' title='bbox 789 4383 843 4437; x_wconf 90' lang='lat' dir='ltr'><strong>in</strong></span> <span class='ocrx_word' id='word_1_632' title='bbox 876 4381 1035 4452; x_wconf 85' lang='lat' dir='ltr'><strong>cujus</strong></span> <span class='ocrx_word' id='word_1_633' title='bbox 1089 4379 1324 4450; x_wconf 88' lang='lat' dir='ltr'><strong>speciale</strong></span> <span class='ocrx_word' id='word_1_634' title='bbox 1362 4378 1633 4434; x_wconf 89' lang='lat' dir='ltr'><strong>servimen</strong></span> <span class='ocrx_word' id='word_1_635' title='bbox 1667 4376 1889 4432; x_wconf 85' lang='lat' dir='ltr'><strong>futurus</strong></span> <span class='ocrx_word' id='word_1_636' title='bbox 1920 4383 1966 4442; x_wconf 83' lang='lat' dir='ltr'><strong>D</strong></span> <span class='ocrx_word' id='word_1_637' title='bbox 1992 4383 2300 4440; x_wconf 76' lang='lat' dir='ltr'><strong>faciendum</strong></span> <span class='ocrx_word' id='word_1_638' title='bbox 2347 4385 2620 4453; x_wconf 88' lang='lat' dir='ltr'><strong>sapienter</strong></span> <span class='ocrx_word' id='word_1_639' title='bbox 2660 4385 2985 4451; x_wconf 60' lang='lat' dir='ltr'><strong>instructas,</strong></span> <span class='ocrx_word' id='word_1_640' title='bbox 3032 4386 3086 4439; x_wconf 92' lang='lat' dir='ltr'><strong>in</strong></span> <span class='ocrx_word' id='word_1_641' title='bbox 3127 4386 3306 4455; x_wconf 90' lang='lat' dir='ltr'><strong>primo</strong></span> <span class='ocrx_word' id='word_1_642' title='bbox 3343 4386 3577 4441; x_wconf 75' lang='lat' dir='ltr'><strong>adventu</strong></span> 
     </span>
    </p>
   </div>
   <div class='ocr_carea' id='block_1_92' title="bbox 301 4468 1888 4542">
    <p class='ocr_par' dir='ltr' id='par_1_92' title="bbox 301 4468 1888 4542">
     <span class='ocr_line' id='line_1_92' title="bbox 301 4468 1888 4542; baseline -0.004 -14"><span class='ocrx_word' id='word_1_643' title='bbox 301 4484 444 4542; x_wconf 87' lang='lat' dir='ltr'><strong>erat,</strong></span> <span class='ocrx_word' id='word_1_644' title='bbox 471 4489 597 4530; x_wconf 89' lang='lat' dir='ltr'><strong>cum</strong></span> <span class='ocrx_word' id='word_1_645' title='bbox 628 4474 945 4529; x_wconf 86' lang='lat' dir='ltr'><strong>condeccnti</strong></span> <span class='ocrx_word' id='word_1_646' title='bbox 976 4472 1205 4527; x_wconf 85' lang='lat' dir='ltr'><strong>aediﬁcio</strong></span> <span class='ocrx_word' id='word_1_647' title='bbox 1227 4470 1553 4535; x_wconf 84' lang='lat' dir='ltr'><strong>construxit,</strong></span> <span class='ocrx_word' id='word_1_648' title='bbox 1575 4478 1628 4523; x_wconf 90' lang='lat' dir='ltr'><strong>et</strong></span> <span class='ocrx_word' id='word_1_649' title='bbox 1650 4468 1888 4524; x_wconf 89' lang='lat' dir='ltr'><strong>circum-</strong></span> 
     </span>
    </p>
   </div>
   <div class='ocr_carea' id='block_1_93' title="bbox 301 4559 1887 4637">
    <p class='ocr_par' dir='ltr' id='par_1_93' title="bbox 301 4559 1887 4637">
     <span class='ocr_line' id='line_1_93' title="bbox 301 4559 1887 4637; baseline -0.005 -17"><span class='ocrx_word' id='word_1_650' title='bbox 301 4581 544 4637; x_wconf 89' lang='lat' dir='ltr'><strong>quaque,</strong></span> <span class='ocrx_word' id='word_1_651' title='bbox 575 4565 811 4619; x_wconf 77' lang='lat' dir='ltr'><strong>maxime</strong></span> <span class='ocrx_word' id='word_1_652' title='bbox 853 4565 906 4618; x_wconf 89' lang='lat' dir='ltr'><strong>iu</strong></span> <span class='ocrx_word' id='word_1_653' title='bbox 931 4565 1072 4619; x_wconf 88' lang='lat' dir='ltr'><strong>saltu</strong></span> <span class='ocrx_word' id='word_1_654' title='bbox 1107 4561 1383 4627; x_wconf 86' lang='lat' dir='ltr'><strong>Bocmico,</strong></span> <span class='ocrx_word' id='word_1_655' title='bbox 1419 4560 1515 4631; x_wconf 89' lang='lat' dir='ltr'><strong>qui</strong></span> <span class='ocrx_word' id='word_1_656' title='bbox 1547 4559 1723 4615; x_wconf 90' lang='lat' dir='ltr'><strong>eidem</strong></span> <span class='ocrx_word' id='word_1_657' title='bbox 1756 4574 1887 4629; x_wconf 91' lang='lat' dir='ltr'><strong>pro-</strong></span> 
     </span>
    </p>
   </div>
   <div class='ocr_carea' id='block_1_94' title="bbox 302 4652 1890 4728">
    <p class='ocr_par' dir='ltr' id='par_1_94' title="bbox 302 4652 1890 4728">
     <span class='ocr_line' id='line_1_94' title="bbox 302 4652 1890 4728; baseline -0.003 -15"><span class='ocrx_word' id='word_1_658' title='bbox 302 4660 499 4717; x_wconf 58' lang='lat' dir='ltr'><strong>vincias</strong></span> <span class='ocrx_word' id='word_1_659' title='bbox 543 4658 790 4728; x_wconf 87' lang='lat' dir='ltr'><strong>proxime</strong></span> <span class='ocrx_word' id='word_1_660' title='bbox 842 4666 1016 4724; x_wconf 88' lang='lat' dir='ltr'><strong>astat,</strong></span> <span class='ocrx_word' id='word_1_661' title='bbox 1073 4655 1141 4712; x_wconf 90' lang='lat' dir='ltr'><strong>ad</strong></span> <span class='ocrx_word' id='word_1_662' title='bbox 1198 4654 1421 4726; x_wconf 85' lang='lat' dir='ltr'><strong>triginta</strong></span> <span class='ocrx_word' id='word_1_663' title='bbox 1464 4661 1519 4708; x_wconf 92' lang='lat' dir='ltr'><strong>et</strong></span> <span class='ocrx_word' id='word_1_664' title='bbox 1547 4668 1612 4708; x_wconf 92' lang='lat' dir='ltr'><strong>eo</strong></span> <span class='ocrx_word' id='word_1_665' title='bbox 1652 4652 1890 4724; x_wconf 84' lang='lat' dir='ltr'><strong>amplius</strong></span> 
     </span>
    </p>
   </div>
   <div class='ocr_carea' id='block_1_95' title="bbox 305 4744 1890 4816">
    <p class='ocr_par' dir='ltr' id='par_1_95' title="bbox 305 4744 1890 4816">
     <span class='ocr_line' id='line_1_95' title="bbox 305 4744 1890 4816; baseline -0.004 -9"><span class='ocrx_word' id='word_1_666' title='bbox 305 4766 530 4807; x_wconf 87' lang='lat' dir='ltr'><strong>mansos</strong></span> <span class='ocrx_word' id='word_1_667' title='bbox 553 4750 742 4805; x_wconf 90' lang='lat' dir='ltr'><strong>labore</strong></span> <span class='ocrx_word' id='word_1_668' title='bbox 772 4758 985 4804; x_wconf 91' lang='lat' dir='ltr'><strong>tantum</strong></span> <span class='ocrx_word' id='word_1_669' title='bbox 1022 4762 1285 4804; x_wconf 89' lang='lat' dir='ltr'><strong>manuum</strong></span> <span class='ocrx_word' id='word_1_670' title='bbox 1314 4760 1439 4803; x_wconf 90' lang='lat' dir='ltr'><strong>cum</strong></span> <span class='ocrx_word' id='word_1_671' title='bbox 1466 4744 1730 4800; x_wconf 87' lang='lat' dir='ltr'><strong>fratribus</strong></span> <span class='ocrx_word' id='word_1_672' title='bbox 1757 4759 1890 4816; x_wconf 89' lang='lat' dir='ltr'><strong>apo-</strong></span> 
     </span>
    </p>
   </div>
   <div class='ocr_carea' id='block_1_96' title="bbox 306 4837 1891 4913">
    <p class='ocr_par' dir='ltr' id='par_1_96' title="bbox 306 4837 1891 4913">
     <span class='ocr_line' id='line_1_96' title="bbox 306 4837 1891 4913; baseline -0.003 -15"><span class='ocrx_word' id='word_1_673' title='bbox 306 4842 501 4899; x_wconf 85' lang='lat' dir='ltr'><strong>stolico</strong></span> <span class='ocrx_word' id='word_1_674' title='bbox 540 4842 789 4913; x_wconf 83' lang='lat' dir='ltr'><strong>exemplo</strong></span> <span class='ocrx_word' id='word_1_675' title='bbox 835 4840 987 4897; x_wconf 89' lang='lat' dir='ltr'><strong>silvis</strong></span> <span class='ocrx_word' id='word_1_676' title='bbox 1010 4850 1067 4898; x_wconf 87' lang='lat' dir='ltr'><strong>et</strong></span> <span class='ocrx_word' id='word_1_677' title='bbox 1098 4839 1359 4911; x_wconf 89' lang='lat' dir='ltr'><strong>vepribus</strong></span> <span class='ocrx_word' id='word_1_678' title='bbox 1406 4838 1612 4906; x_wconf 87' lang='lat' dir='ltr'><strong>erutis,</strong></span> <span class='ocrx_word' id='word_1_679' title='bbox 1637 4837 1704 4894; x_wconf 90' lang='lat' dir='ltr'><strong>ad</strong></span> <span class='ocrx_word' id='word_1_680' title='bbox 1725 4854 1891 4896; x_wconf 88' lang='lat' dir='ltr'><strong>usum</strong></span> 
     </span>
    </p>
   </div>
   <div class='ocr_carea' id='block_1_97' title="bbox 299 5036 1888 5165">
    <p class='ocr_par' dir='ltr' id='par_1_97' title="bbox 299 5036 1888 5165">
     <span class='ocr_line' id='line_1_97' title="bbox 340 5036 1888 5109; baseline 0.001 -15"><span class='ocrx_word' id='word_1_681' title='bbox 340 5039 397 5094; x_wconf 90' lang='lat' dir='ltr'><strong>ui</strong></span> <span class='ocrx_word' id='word_1_682' title='bbox 420 5038 794 5109; x_wconf 81' lang='lat' dir='ltr'><strong>proculdubio</strong></span> <span class='ocrx_word' id='word_1_683' title='bbox 821 5038 912 5094; x_wconf 88' lang='lat' dir='ltr'><strong>hic</strong></span> <span class='ocrx_word' id='word_1_684' title='bbox 932 5046 1297 5095; x_wconf 82' lang='lat' dir='ltr'><strong>memoratur:</strong></span> <span class='ocrx_word' id='word_1_685' title='bbox 1331 5051 1494 5093; x_wconf 88' lang='lat' dir='ltr'><strong>nemo</strong></span> <span class='ocrx_word' id='word_1_686' title='bbox 1518 5036 1663 5092; x_wconf 89' lang='lat' dir='ltr'><strong>enim</strong></span> <span class='ocrx_word' id='word_1_687' title='bbox 1710 5040 1888 5099; x_wconf 86' lang='lat' dir='ltr'><strong>nescit</strong></span> 
     </span>
     <span class='ocr_line' id='line_1_98' title="bbox 299 5056 1624 5165; baseline -0.003 0"><span class='ocrx_word' id='word_1_688' title='bbox 299 5056 600 5165; x_wconf 57' lang='grc' dir='ltr'><strong>Ἰὶίιιήοαηι</strong></span> <span class='ocrx_word' id='word_1_689' title='bbox 619 5119 670 5164; x_wconf 83' lang='lat' dir='ltr'><strong>et</strong></span> <span class='ocrx_word' id='word_1_690' title='bbox 698 5107 1071 5165; x_wconf 78' lang='lat' dir='ltr'><strong>Theodericum</strong></span> <span class='ocrx_word' id='word_1_691' title='bbox 1097 5110 1238 5165; x_wconf 87' lang='lat' dir='ltr'><strong>idem</strong></span> <span class='ocrx_word' id='word_1_692' title='bbox 1261 5124 1383 5164; x_wconf 88' lang='lat' dir='ltr'><strong>esse</strong></span> <span class='ocrx_word' id='word_1_693' title='bbox 1405 5120 1624 5161; x_wconf 89' lang='lat' dir='ltr'><strong>nomen.</strong></span> 
     </span>
    </p>
   </div>
   <div class='ocr_carea' id='block_1_98' title="bbox 405 5107 1624 5165">
    <p class='ocr_par' dir='ltr' id='par_1_98' title="bbox 405 5107 1624 5165">
     <span class='ocr_line' id='line_1_99' title="bbox 405 5107 1624 5165; baseline -0.002 -1"><span class='ocrx_word' id='word_1_694' title='bbox 405 5107 600 5164; x_wconf 61' lang='lat' dir='ltr'><strong>[ricam</strong></span> <span class='ocrx_word' id='word_1_695' title='bbox 619 5119 670 5164; x_wconf 83' lang='lat' dir='ltr'><strong>et</strong></span> <span class='ocrx_word' id='word_1_696' title='bbox 698 5107 1071 5165; x_wconf 78' lang='lat' dir='ltr'><strong>Theodericum</strong></span> <span class='ocrx_word' id='word_1_697' title='bbox 1097 5110 1238 5165; x_wconf 87' lang='lat' dir='ltr'><strong>idem</strong></span> <span class='ocrx_word' id='word_1_698' title='bbox 1261 5124 1383 5164; x_wconf 88' lang='lat' dir='ltr'><strong>esse</strong></span> <span class='ocrx_word' id='word_1_699' title='bbox 1405 5120 1624 5161; x_wconf 89' lang='lat' dir='ltr'><strong>nomen.</strong></span> 
     </span>
    </p>
   </div>
   <div class='ocr_carea' id='block_1_99' title="bbox 332 5174 1880 5254">
    <p class='ocr_par' dir='ltr' id='par_1_99' title="bbox 332 5174 1880 5254">
     <span class='ocr_line' id='line_1_100' title="bbox 332 5174 1880 5254; baseline 0.002 -20"><span class='ocrx_word' id='word_1_700' title='bbox 332 5252 337 5253; x_wconf 14' lang='grc' dir='ltr'>ί</span> <span class='ocrx_word' id='word_1_701' title='bbox 372 5179 492 5254; x_wconf 77' lang='grc'><strong>(15)</strong></span> <span class='ocrx_word' id='word_1_702' title='bbox 524 5177 763 5254; x_wconf 61' lang='lat' dir='ltr'><strong>{acubus</strong></span> <span class='ocrx_word' id='word_1_703' title='bbox 807 5176 1096 5254; x_wconf 64' lang='lat' dir='ltr'><strong>Cretserus</strong></span> <span class='ocrx_word' id='word_1_704' title='bbox 1131 5178 1196 5254; x_wconf 79' lang='lat' dir='ltr'><strong>ad</strong></span> <span class='ocrx_word' id='word_1_705' title='bbox 1238 5180 1442 5254; x_wconf 81' lang='lat' dir='ltr'><strong>calcem</strong></span> <span class='ocrx_word' id='word_1_706' title='bbox 1480 5174 1617 5231; x_wconf 72' lang='lat' dir='ltr'><strong>Vitae</strong></span> <span class='ocrx_word' id='word_1_707' title='bbox 1639 5176 1705 5254; x_wconf 89' lang='lat' dir='ltr'><strong>_S.</strong></span> <span class='ocrx_word' id='word_1_708' title='bbox 1731 5179 1880 5253; x_wconf 77' lang='lat' dir='ltr'><strong>lieu—</strong></span> 
     </span>
    </p>
   </div>
   <div class='ocr_carea' id='block_1_100' title="bbox 1993 4472 3577 4544">
    <p class='ocr_par' dir='ltr' id='par_1_100' title="bbox 1993 4472 3577 4544">
     <span class='ocr_line' id='line_1_101' title="bbox 1993 4472 3577 4544; baseline -0.001 -14"><span class='ocrx_word' id='word_1_709' title='bbox 1993 4473 2194 4543; x_wconf 82' lang='lat' dir='ltr'><strong>gratias</strong></span> <span class='ocrx_word' id='word_1_710' title='bbox 2218 4472 2416 4527; x_wconf 73' lang='lat' dir='ltr'><strong>divinae</strong></span> <span class='ocrx_word' id='word_1_711' title='bbox 2442 4472 2628 4542; x_wconf 90' lang='lat' dir='ltr'><strong>pietati</strong></span> <span class='ocrx_word' id='word_1_712' title='bbox 2662 4473 2926 4540; x_wconf 86' lang='lat' dir='ltr'><strong>referens,</strong></span> <span class='ocrx_word' id='word_1_713' title='bbox 2968 4474 3196 4544; x_wconf 88' lang='lat' dir='ltr'><strong>ejusque</strong></span> <span class='ocrx_word' id='word_1_714' title='bbox 3223 4474 3577 4529; x_wconf 88' lang='lat' dir='ltr'><strong>directionem</strong></span> 
     </span>
    </p>
   </div>
   <div class='ocr_carea' id='block_1_101' title="bbox 1994 4563 3581 4634">
    <p class='ocr_par' dir='ltr' id='par_1_101' title="bbox 1994 4563 3581 4634">
     <span class='ocr_line' id='line_1_102' title="bbox 1994 4563 3581 4634; baseline 0.002 -17"><span class='ocrx_word' id='word_1_715' title='bbox 1994 4564 2049 4617; x_wconf 89' lang='lat' dir='ltr'><strong>in</strong></span> <span class='ocrx_word' id='word_1_716' title='bbox 2080 4563 2390 4632; x_wconf 77' lang='lat' dir='ltr'><strong>przeteritis,</strong></span> <span class='ocrx_word' id='word_1_717' title='bbox 2435 4566 2809 4632; x_wconf 66' lang='lat' dir='ltr'><strong>praesentibus</strong></span> <span class='ocrx_word' id='word_1_718' title='bbox 2843 4574 2897 4619; x_wconf 90' lang='lat' dir='ltr'><strong>et</strong></span> <span class='ocrx_word' id='word_1_719' title='bbox 2920 4564 3120 4619; x_wconf 84' lang='lat' dir='ltr'><strong>futuris</strong></span> <span class='ocrx_word' id='word_1_720' title='bbox 3161 4563 3389 4619; x_wconf 88' lang='lat' dir='ltr'><strong>sollicite</strong></span> <span class='ocrx_word' id='word_1_721' title='bbox 3429 4582 3581 4634; x_wconf 76' lang='lat' dir='ltr'><strong>qua:-</strong></span> 
     </span>
    </p>
   </div>
   <div class='ocr_carea' id='block_1_102' title="bbox 1994 4654 3580 4727">
    <p class='ocr_par' dir='ltr' id='par_1_102' title="bbox 1994 4654 3580 4727">
     <span class='ocr_line' id='line_1_103' title="bbox 1994 4654 3580 4727; baseline 0.004 -20"><span class='ocrx_word' id='word_1_722' title='bbox 1994 4669 2141 4719; x_wconf 87' lang='lat' dir='ltr'><strong>rens,</strong></span> <span class='ocrx_word' id='word_1_723' title='bbox 2172 4654 2425 4725; x_wconf 87' lang='lat' dir='ltr'><strong>primitus</strong></span> <span class='ocrx_word' id='word_1_724' title='bbox 2445 4654 2525 4709; x_wconf 91' lang='lat' dir='ltr'><strong>eis</strong></span> <span class='ocrx_word' id='word_1_725' title='bbox 2541 4654 2697 4723; x_wconf 81' lang='lat' dir='ltr'><strong>juxta</strong></span> <span class='ocrx_word' id='word_1_726' title='bbox 2731 4657 2982 4725; x_wconf 85' lang='lat' dir='ltr'><strong>regulare</strong></span> <span class='ocrx_word' id='word_1_727' title='bbox 3007 4664 3335 4727; x_wconf 69' lang='lat' dir='ltr'><strong>praeceptum</strong></span> <span class='ocrx_word' id='word_1_728' title='bbox 3356 4655 3580 4713; x_wconf 89' lang='lat' dir='ltr'><strong>duriora</strong></span> 
     </span>
    </p>
   </div>
   <div class='ocr_carea' id='block_1_103' title="bbox 1993 4744 3579 4817">
    <p class='ocr_par' dir='ltr' id='par_1_103' title="bbox 1993 4744 3579 4817">
     <span class='ocr_line' id='line_1_104' title="bbox 1993 4744 3579 4817; baseline 0.001 -17"><span class='ocrx_word' id='word_1_729' title='bbox 1993 4755 2049 4800; x_wconf 88' lang='lat' dir='ltr'><strong>et</strong></span> <span class='ocrx_word' id='word_1_730' title='bbox 2077 4746 2355 4817; x_wconf 88' lang='lat' dir='ltr'><strong>asperiora</strong></span> <span class='ocrx_word' id='word_1_731' title='bbox 2379 4744 2633 4800; x_wconf 89' lang='lat' dir='ltr'><strong>mandata</strong></span> <span class='ocrx_word' id='word_1_732' title='bbox 2672 4747 2978 4817; x_wconf 88' lang='lat' dir='ltr'><strong>proposuit,</strong></span> <span class='ocrx_word' id='word_1_733' title='bbox 3014 4755 3067 4799; x_wconf 88' lang='lat' dir='ltr'><strong>et</strong></span> <span class='ocrx_word' id='word_1_734' title='bbox 3095 4746 3377 4803; x_wconf 85' lang='lat' dir='ltr'><strong>licentiam</strong></span> <span class='ocrx_word' id='word_1_735' title='bbox 3406 4747 3485 4799; x_wconf 86' lang='lat' dir='ltr'><strong>eis</strong></span> <span class='ocrx_word' id='word_1_736' title='bbox 3514 4762 3539 4799; x_wconf 88' lang='lat' dir='ltr'><strong>a</strong></span> <span class='ocrx_word' id='word_1_737' title='bbox 3566 4750 3579 4801; x_wconf 89' lang='lat' dir='ltr'><strong>l</strong></span> 
     </span>
    </p>
   </div>
   <div class='ocr_carea' id='block_1_104' title="bbox 1993 4835 3590 4909">
    <p class='ocr_par' dir='ltr' id='par_1_104' title="bbox 1993 4835 3590 4909">
     <span class='ocr_line' id='line_1_105' title="bbox 1993 4835 3590 4909; baseline 0.001 -16"><span class='ocrx_word' id='word_1_738' title='bbox 1993 4852 2185 4909; x_wconf 86' lang='lat' dir='ltr'><strong>preces</strong></span> <span class='ocrx_word' id='word_1_739' title='bbox 2208 4835 2637 4908; x_wconf 89' lang='lat' dir='ltr'><strong>metropolitani,</strong></span> <span class='ocrx_word' id='word_1_740' title='bbox 2665 4847 2760 4894; x_wconf 89' lang='lat' dir='ltr'><strong>aut</strong></span> <span class='ocrx_word' id='word_1_741' title='bbox 2781 4852 2972 4895; x_wconf 89' lang='lat' dir='ltr'><strong>secum</strong></span> <span class='ocrx_word' id='word_1_742' title='bbox 3006 4838 3124 4893; x_wconf 62' lang='lat' dir='ltr'><strong>haec</strong></span> <span class='ocrx_word' id='word_1_743' title='bbox 3151 4835 3463 4897; x_wconf 85' lang='lat' dir='ltr'><strong>celebrandi</strong></span> <span class='ocrx_word' id='word_1_744' title='bbox 3490 4849 3590 4895; x_wconf 86' lang='lat' dir='ltr'><strong>aut</strong></span> 
     </span>
    </p>
   </div>
   <div class='ocr_carea' id='block_1_105' title="bbox 2058 5042 3599 5129">
    <p class='ocr_par' dir='ltr' id='par_1_105' title="bbox 2058 5042 3599 5129">
     <span class='ocr_line' id='line_1_106' title="bbox 2058 5042 3599 5129; baseline 0.001 -29"><span class='ocrx_word' id='word_1_745' title='bbox 2058 5044 2176 5129; x_wconf 54' lang='lat'><strong>(17)</strong></span> <span class='ocrx_word' id='word_1_746' title='bbox 2198 5044 2290 5102; x_wconf 91' lang='lat' dir='ltr'><strong>Sic</strong></span> <span class='ocrx_word' id='word_1_747' title='bbox 2321 5042 2501 5129; x_wconf 42' lang='lat' dir='ltr'><strong>&#39;l‘mjus</strong></span> <span class='ocrx_word' id='word_1_748' title='bbox 2522 5043 2972 5129; x_wconf 51' lang='lat' dir='ltr'><strong>abbatisnngmen</strong></span> <span class='ocrx_word' id='word_1_749' title='bbox 3009 5045 3069 5129; x_wconf 51' lang='grc' dir='ltr'><strong>ἴῃ</strong></span> <span class='ocrx_word' id='word_1_750' title='bbox 3103 5048 3252 5129; x_wconf 48' lang='grc' dir='ltr'><strong>ρῳ..</strong></span> <span class='ocrx_word' id='word_1_751' title='bbox 3274 5045 3599 5129; x_wconf 45' lang='grc' dir='ltr'><strong>ῃρξιιςῐξξιξκ</strong></span> 
     </span>
    </p>
   </div>
   <div class='ocr_carea' id='block_1_106' title="bbox 2038 5112 3605 5184">
    <p class='ocr_par' dir='ltr' id='par_1_106' title="bbox 2038 5112 3605 5184">
     <span class='ocr_line' id='line_1_107' title="bbox 2038 5112 3605 5184; baseline -0.001 -14"><span class='ocrx_word' id='word_1_752' title='bbox 2038 5112 2272 5184; x_wconf 86' lang='lat' dir='ltr'><strong>rimitur,</strong></span> <span class='ocrx_word' id='word_1_753' title='bbox 2321 5112 2633 5184; x_wconf 71' lang='lat' dir='ltr'><strong>Brouverus</strong></span> <span class='ocrx_word' id='word_1_754' title='bbox 2653 5117 2973 5173; x_wconf 87' lang='lat' dir='ltr'><strong>etBolland.</strong></span> <span class='ocrx_word' id='word_1_755' title='bbox 3026 5112 3383 5184; x_wconf 55' lang='lat' dir='ltr'><strong>ﬁertholdum</strong></span> <span class='ocrx_word' id='word_1_756' title='bbox 3413 5112 3605 5184; x_wconf 74' lang='lat' dir='ltr'><strong>appel-</strong></span> 
     </span>
    </p>
   </div>
   <div class='ocr_carea' id='block_1_107' title="bbox 2019 5179 3605 5254">
    <p class='ocr_par' dir='ltr' id='par_1_107' title="bbox 2019 5179 3605 5254">
     <span class='ocr_line' id='line_1_108' title="bbox 2019 5179 3605 5254; baseline -0.006 -14"><span class='ocrx_word' id='word_1_757' title='bbox 2019 5196 2140 5253; x_wconf 78' lang='lat' dir='ltr'><strong>ant;</strong></span> <span class='ocrx_word' id='word_1_758' title='bbox 2178 5179 2349 5244; x_wconf 82' lang='lat' dir='ltr'><strong>codex</strong></span> <span class='ocrx_word' id='word_1_759' title='bbox 2380 5183 2727 5253; x_wconf 65' lang='lat' dir='ltr'><strong>Graeciensis,</strong></span> <span class='ocrx_word' id='word_1_760' title='bbox 2760 5195 2820 5241; x_wconf 91' lang='lat' dir='ltr'><strong>ut</strong></span> <span class='ocrx_word' id='word_1_761' title='bbox 2850 5195 3005 5244; x_wconf 90' lang='lat' dir='ltr'><strong>notat</strong></span> <span class='ocrx_word' id='word_1_762' title='bbox 3028 5179 3436 5254; x_wconf 63' lang='lat' dir='ltr'><strong>Henschenius,</strong></span> <span class='ocrx_word' id='word_1_763' title='bbox 3466 5179 3605 5254; x_wconf 75' lang='lat' dir='ltr'><strong>Ber-</strong></span> 
     </span>
    </p>
   </div>
  </div>
