4018 6386
150 270 165 275 ’
222 284 381 359 ma

1792 293 1971 348 VlTA.

3379 290 3525 347 HW

238 418 409 475 divini
432 386 609 473 cultus
648 413 889 471 studium
922 412 1190 480 fervebat,
1241 429 1299 468 se
1342 414 1609 478 contulit;
1638 421 1692 467 ct
1720 411 1830 467 illic
1861 411 1905 471 Α
1931 405 2113 474 ἀπίῃ
2131 405 2320 479 sicque
2340 405 2409 462 ad
2427 404 2623 461 Altalta
2650 403 2932 471 remeavit,
2957 402 3074 480 ubi,
3097 404 3144 460 si
3172 402 3284 461 Deo
3306 413 3524 462 tantum

240 509 506 567 fratribus
535 507 838 563 humillime
867 506 1167 576 subjectus,
1200 504 1326 560 etin
1352 519 1523 559 sacrae
1549 503 1831 575 religionis

240 600 582 658 districtione
629 599 860 669 pleniter
906 597 963 651 in
994 597 1143 652 brevi
1187 604 1431 665 tempore
1475 594 1646 650 divini
1688 594 1831 650 roris

239 692 515 749 lnfusione
553 691 873 757 instructus,
906 691 1047 745 ultra
1083 688 1330 760 regulare
1376 694 1709 759 przeceptutn
1740 702 1829 743 se-

238 793 352 842 met
384 784 550 841 etiam
578 782 815 855 praelatis
844 780 1242 838 admirantibus
1270 778 1477 834 alllixit.

228 939 232 965 τ
309 929 398 986 14.
425 928 607 985 Tertio
642 943 881 1000 namque
909 943 1023 985 sua:
1044 925 1416 985 conversionis
1440 939 1609 994 anno,
1626 926 1679 982 in
1701 942 1835 998 prte-

235 1022 388 1079 dicto
435 1021 690 1077 Boemico
718 1022 859 1077 saltu
887 1036 1134 1076 eremum
1175 1019 1349 1090 petiit,
1387 1019 1441 1074 in
1495 1034 1602 1090 qua
1640 1019 1706 1074 ad
1729 1019 1831 1074 tri-

234 1115 390 1184 ginta
412 1121 623 1184 septem
652 1113 765 1184 (25)
796 1127 970 1169 annos
1016 1111 1074 1168 in
1104 1111 1285 1167 studio
1324 1120 1528 1167 sanctte
1552 1109 1833 1181 religionis

234 1213 298 1259 et
322 1202 379 1260 in
401 1219 616 1262 summa
650 1204 918 1260 veraciter
953 1201 1297 1259 districtione
1340 1212 1654 1273 spontanca:
1692 1217 1830 1273 pau-

240 1295 491 1365 pertatis,
522 1311 650 1352 cum
680 1295 786 1352 sibi
807 1294 1282 1351 commauentibus
1302 1293 1459 1350 vixit.
1482 1294 1714 1349 Annona
1738 1293 1832 1348 de-

238 1387 409 1458 nique
431 1402 623 1443 eorum
649 1396 768 1442 erat
785 1387 1010 1457 simplex
1033 1394 1090 1442 et
1107 1385 1344 1453 modica,
1367 1385 1495 1458 agili
1524 1385 1704 1442 studio
1717 1385 1831 1457 (24)

236 1494 273 1533 ο
309 1493 435 1549 rege
462 1477 736 1550 Ungarico
762 1487 818 1534 et
849 1477 917 1534 de
940 1477 1201 1533 Bohemia
1234 1487 1288 1533 et
1331 1476 1555 1533 Polonia
1586 1492 1689 1533 nec
1722 1493 1831 1533 non

235 1578 295 1624 et
321 1569 535 1626 caeteris
559 1570 791 1626 diversis
820 1570 1117 1642 provinciis
1140 1569 1304 1626 simul
1330 1584 1456 1625 cum
1479 1568 1677 1624 vestitu
1700 1584 1835 1624 con-

235 1652 445 1731 quisita
473 1680 486 1717 :
516 1662 584 1718 de
602 1670 756 1733 potu,
785 1671 847 1717 ut
874 1662 1132 1717 omnibus
1153 1670 1343 1716 notum
1373 1668 1476 1727 est,
1506 1660 1643 1716 nihil
1676 1675 1834 1731 pror-

235 1769 337 1810 sus
365 1753 440 1808 ibi
482 1753 590 1809 nisi
636 1754 754 1810 sola
784 1768 926 1825 aqua
956 1752 1279 1820 habebatur,
1312 1761 1365 1808 et
1385 1753 1504 1823 ipsa
1534 1752 1698 1807 etiam
1730 1752 1834 1807 ho-
1867 1750 1911 1807 Β

236 1845 475 1915 spitibus
516 1845 586 1902 ad
610 1844 1013 1913 suflicientiam,
1057 1844 1322 1901 fratribus
1353 1858 1483 1900 vero
1509 1844 1577 1899 ad
1607 1858 1833 1900 mensu-

234 1951 359 1992 ram
405 1936 656 1992 dabatur.
706 1933 843 1992 Nam
891 1937 1102 1992 litteras
1135 1936 1362 1992 omnino
1414 1935 1587 1997 frater
1611 1935 1701 1990 ille
1726 1936 1834 1993 nisi

238 2037 454 2083 tantum
478 2028 744 2096 Psalmos,
784 2044 893 2084 non
938 2028 1145 2096 didicit,
1184 2037 1240 2084 et
1280 2038 1464 2084 tamen
1499 2043 1719 2086 omnem
1745 2044 1835 2083 ra-

238 2121 445 2175 tionem
480 2129 534 2175 et
561 2119 891 2176 intellectum
922 2118 1223 2192 Evangelii,
1269 2118 1429 2192 Legis
1462 2127 1516 2175 et
1535 2118 1833 2192 Propheta-

238 2228 364 2266 rum
392 2221 446 2268 et
474 2211 828 2268 historiarum
859 2227 1081 2283 quoque
1109 2228 1177 2268 ex
1214 2212 1404 2268 crebra
1435 2210 1665 2269 fratrum
1693 2213 1835 2269 rela-

240 2304 391 2359 tione
415 2312 470 2359 et
501 2304 665 2359 etiam
696 2304 938 2361 avidiore
964 2303 1115 2360 verbi
1143 2303 1239 2360 Dei
1279 2304 1626 2360 exauditione
1666 2305 1835 2359 mira-

239 2395 424 2450 biliter
450 2396 727 2467 percepit;
768 2396 904 2452 adeo
938 2404 999 2451 ut
1042 2396 1341 2467 saepissime
1368 2396 1688 2453 obscuriora
1719 2396 1832 2468 (25)
1924 2442 1931 2449 .

243 2486 489 2558 mysticae
528 2487 896 2559 intelligentia
932 2487 1206 2543 interdum
1252 2489 1511 2558 jocaudo,
1560 2488 1835 2543 interdum

244 2593 377 2633 vero
404 2578 746 2635 admonendo
791 2580 1141 2651 stupentibus
1170 2579 1513 2636 auditoribus
1541 2578 1831 2651 proferret.

242 2669 404 2737 Quod
430 2687 530 2727 nos
558 2671 778 2742 quidem
810 2672 905 2743 qui
934 2688 1059 2728 eum
1083 2671 1407 2729 familiarius
1435 2672 1707 2739 novimus,
1735 2671 1837 2727 fre-

241 2772 476 2835 quenter
501 2764 831 2832 audivimus,
862 2765 1133 2836 praecipue
1163 2773 1343 2820 tamen
1372 2781 1499 2820 cum
1526 2765 1582 2819 in
1618 2779 1834 2821 summa

246 2871 348 2911 sua
376 2854 687 2923 festivitate,
716 2857 774 2912 in
817 2856 1100 2913 uativitate
1140 2857 1348 2914 scilicet
1394 2842 1571 2913 sancti
1608 2854 1836 2912 Joannis

245 2946 502 3017 Baptistae
530 2948 782 3019 specialis
819 2949 904 3003 sui
954 2949 1191 3020 patroni,
1234 2949 1475 3006 sermoni
1516 2948 1636 3019 ejus
1660 2946 1838 3004 adfui-

243 3053 394 3106 mus,
429 3054 540 3110 quo
577 3041 632 3094 in
677 3040 963 3111 capitulari
989 3041 1279 3097 collatione
1304 3041 1495 3096 eodem
1523 3041 1610 3097 die
1640 3039 1836 3098 fratres

244 3145 382 3187 suos
401 3130 728 3187 admonebat
756 3151 769 3187 :
795 3132 927 3187 dum
950 3147 1045 3188 eos
1076 3133 1143 3189 de
1166 3132 1410 3204 ejusdem
1440 3130 1618 3188 Patris
1651 3132 1763 3188 vita
1786 3140 1841 3188 et

244 3223 519 3290 moribus,
550 3223 697 3279 victu
731 3232 787 3280 ct
806 3225 971 3281 etiam
994 3225 1215 3290 vestitu,
1251 3232 1305 3280 et
1333 3224 1590 3296 Operibus
1618 3224 1684 3280 ad
1705 3238 1840 3295 pau-

242 3312 477 3383 pertatis
526 3330 640 3371 sum
707 3314 942 3373 Domino
992 3315 1101 3372 Deo
1178 3316 1435 3387 placitam
1498 3315 1840 3372 tolerantiam

243 3406 571 3463 instruebat.
650 3405 853 3464 Verum
925 3408 1072 3464 enim
1150 3408 1297 3475 dico,
1339 3418 1393 3462 et
1459 3424 1645 3464 coram
1728 3407 1840 3464 Deo

247 3511 362 3552 non
418 3499 670 3565 mentior,
723 3500 851 3570 quia
901 3514 1094 3555 omnes
1148 3514 1287 3571 pene
1330 3500 1427 3570 qui
1473 3500 1700 3556 aderant
1759 3500 1840 3555 ei-

247 3589 375 3645 dem
431 3592 696 3657 sermoni,
742 3592 810 3646 ad
842 3592 1174 3647 uberrimam
1220 3592 1586 3663 lacrymarum
1611 3591 1837 3647 effusio-

248 3695 378 3735 nem
402 3681 546 3738 dono
581 3681 678 3738 Dei
700 3666 831 3739 sunt
884 3682 1213 3753 compuncti.
1261 3682 1480 3738 Assedit
1514 3682 1587 3737 ibi
1616 3698 1842 3737 venera-

249 3771 379 3827 l‘ilis
405 3772 575 3828 abbas
600 3772 914 3829 Altahensis
944 3772 1288 3829 Ratmundus
1320 3788 1444 3827 cum
1474 3773 1721 3842 pluribus
1757 3770 1842 3828 sui

248 3863 489 3921 cmnobii
512 3863 775 3922 fratribus
804 3874 860 3920 et
880 3866 1003 3921 aliis
1035 3866 1260 3935 insuper
1295 3865 1483 3920 multis
1513 3864 1841 3934 hospitibus,

250 3964 451 4025 praeter
486 3971 588 4011 nos
641 3972 779 4027 quos
827 3956 883 4010 in
906 3957 1172 4011 canonico
1225 3954 1413 4010 babitu
1459 3955 1590 4011 illuc
1634 3955 1843 4027 ingredi

253 4046 446 4119 religio
482 4048 671 4114 vetuit,
724 4064 866 4119 quos
912 4057 1095 4103 tamen
1142 4047 1373 4102 fratrum
1421 4045 1762 4102 familiaritas
1790 4055 1845 4101 et

253 4138 493 4193 maxime
513 4139 721 4196 abbatis
754 4138 974 4195 licentia
1011 4140 1438 4209 circumquaque
1465 4139 1531 4194 ad
1557 4138 1842 4203 fenestras,

254 4230 637 4286 concionatore
686 4232 991 4304 ignorante,
1064 4231 1313 4286 clanculo
1365 4230 1669 4286 collocavit.
1715 4228 1847 4285 Erat

252 4323 425 4389 enim,
457 4333 518 4379 ut
566 4325 633 4379 de
661 4333 852 4380 sancto
899 4323 1194 4380 Benedicto
1246 4322 1467 4390 dicitur,
1510 4340 1672 4395 quem
1722 4331 1846 4393 post

262 4417 429 4473 Deum
447 4417 557 4471 vita
573 4425 628 4472 et
652 4417 896 4473 moribus
925 4418 1278 4487 sequebatur,
1298 4425 1352 4471 et
1375 4417 1608 4472 scienter
1623 4416 1843 4473 nescius
1874 4441 1919 4496 Ι)

250 4516 312 4562 et
360 4507 627 4579 sapienter
682 4508 936 4565 indoctus
988 4507 1069 4577 (S.
1131 4508 1299 4562 (inec.
1365 4506 1399 4561 l.
1447 4522 1486 4565 tt
1541 4505 1841 4576 Dialogor.,

257 4616 379 4672 cap.
408 4602 468 4672 ι).

331 4752 418 4807 l5.
453 4749 652 4804 Beatus
682 4750 847 4819 igitur
871 4745 1227 4802 Godchardus
1251 4746 1407 4801 senio
1433 4754 1488 4800 et
1514 4745 1702 4800 labore
1723 4743 1840 4817 jam

260 4844 441 4899 fessus
482 4850 537 4898 et
573 4841 738 4897 etiam
765 4839 925 4895 taedio
952 4839 1233 4895 saecularis
1262 4852 1408 4894 cura:
1454 4838 1714 4908 repletus,
1745 4854 1841 4891 an-

259 4949 462 4997 nitente
486 4956 612 5011 rege
653 4937 1034 5001 nerveldense,
1073 4936 1316 5008 regimen
1363 4935 1560 4991 illustri
1590 4935 1708 4991 viro
1736 4933 1845 4990 Ar.

259 5033 424 5089 noldo
452 5048 553 5088 suo
577 5030 829 5103 priuseo
854 5028 961 5085 loci
985 5028 1300 5099 prmposito,
1327 5035 1383 5083 et
1410 5025 1701 5082 Bertholdo
1726 5025 1841 5097 (26)

260 5142 416 5196 :eque
439 5122 736 5182 venerabili
760 5139 864 5179 suo
886 5120 1197 5192 primicerio
1226 5118 1536 5195 Dagarense
1555 5132 1837 5176 commeno

335 5296 448 5388 (23)
482 5305 625 5362 Idem
666 5305 838 5363 codex
868 5310 924 5360 et
966 5300 1277 5373 Bamberg.,
1325 5301 1487 5371 ferme
1513 5297 1729 5371 triginta
1752 5315 1843 5354 sca:

260 5391 448 5518 quasi)
476 5444 566 5501 Sic
592 5445 752 5501 iidem
784 5460 917 5518 mss.
944 5444 1061 5518 alii,
1090 5456 1208 5518 erat
1234 5442 1380 5518 uaria
1404 5441 1550 5518 vario
1574 5448 1713 5494 certe
1734 5446 1846 5518 stu:

259 5508 372 5571 dio.
399 5508 658 5582 B'rouver,
692 5524 746 5571 et
773 5516 893 5571 cod.
934 5508 1232 5585 Compend.
1277 5509 1441 5577 infra,
1489 5509 1755 5581 L’ngamo
1781 5508 1846 5564 de

265 5586 467 5641 Bochin
487 5596 537 5641 et
561 5587 773 5642 Peliam
797 5595 847 5640 et
864 5585 1087 5640 ceteris.

336 5658 448 5721 ('23)
479 5656 611 5713 Cod.
660 5655 964 5727 Bambcrg.,
1023 5663 1077 5708 ut
1130 5668 1500 5722 nonnunquam
1543 5648 1845 5704 obscuriora

262 5744 494 5793 qumque.

1933 500 2217 571 placuerit,
2240 478 2305 556 in
2338 500 2504 555 finem
2536 496 2663 553 vitae
2701 512 2815 553 suae
2854 497 2910 551 in
2946 478 3130 552 debito
3171 506 3363 566 carpta:
3391 498 3521 554 reli-

1933 590 2110 664 gionis
2139 590 2318 647 studio
2353 603 2703 661 perseverare
2729 586 2987 643 decrevit.
3017 584 3164 641 Idem
3201 587 3347 642 enim
3395 601 3519 642 mo-

1932 681 2236 739 nasterium
2283 681 2432 737 omni
2481 680 2790 746 devotione,
2824 686 2886 733 ut
2913 678 2998 733 vel
3013 679 3189 745 ,hodic
3218 678 3292 734 ibi
3324 679 3515 750 liquet,

1932 774 2204 831 adornare
2245 774 2519 840 studebat,
2568 772 2722 828 libris
2759 770 2968 828 scilicet
3011 780 3067 827 et
3104 771 3521 843 pretiosissimis

1933 867 2269 934 missalibus,
2300 864 2657 932 indumentis,
2679 863 3002 934 ueterisque
3029 862 3197 919 variis
3219 872 3273 918 et
3294 864 3535 919 utilibus.

1933 957 2322 1017 ecclesiasticis
2360 957 2729 1024 ornamentis;
2766 955 3003 1012 maxime
3042 964 3246 1024 tamen,
3272 957 3540 1028 .quodet‘

1935 1048 2139 1120 ubique
2168 1048 2519 1105 notissimum
2547 1056 2651 1114 est,
2669 1045 2938 1117 plurimos
2964 1047 3018 1100 in
3044 1046 3236 1102 eodem
3267 1047 3520 1104 ctenobio

1934 1137 2134 1194 fratres
2162 1139 2388 1195 scientia
2430 1147 2490 1195 et
2513 1139 2773 1194 moribus.
2795 1138 3038 1194 illustres
3066 1137 3349 1209 enutrivit,
3379 1154 3521 1210 quos

1934 1241 2125 1303 postea
2174 1232 2315 1288 inter
2341 1233 2557 1288 diversa
2585 1230 2935 1287 monasteria.
2968 1229 3159 1287 Patres
3184 1240 3238 1287 et
3267 1232 3541 1293 doctores.

1935 1327 2079 1399 regis
2105 1342 2170 1381 ac
2202 1326 2588 1397 episcoporum
2615 1324 2877 1395 petitione
2903 1323 3229 1394 dispertivit.
3259 1323 3366 1381 Sed
3392 1341 3542 1383 cum)

1929 1417 2046 1489 jam
2077 1419 2131 1472 in
2159 1417 2461 1485 laboriosa,
2489 1416 2593 1472 sibi
2622 1425 2805 1471 tamen
2832 1415 3057 1486 placita,
3085 1415 3173 1470 illa
3207 1418 3535 1488 suaquieto‘

1936 1526 2033 1582 per
2059 1511 2249 1567 decem
2292 1526 2467 1567 annos
2497 1510 2551 1564 in
2577 1507 2894 1579 bujusmodi
2923 1508 3105 1564 studio
3131 1517 3408 1579 pausaret,
3439 1520 3537 1567 to»

1934 1610 2102 1673 taque
2134 1601 2317 1659 cordis
2347 1601 2650 1657 intentione
2675 1600 2731 1655 in
2764 1599 2986 1672 regione
3014 1600 3262 1655 vivorum
3287 1599 3535 1681 Domino'

1935 1695 2152 1766 placere
2188 1693 2401 1749 diurnis
2428 1692 2826 1762 nocturnisque
2871 1691 3125 1761 suspiriis
3172 1699 3520 1764 praeoptaret,
3571 1699 3578 1707 ’

1936 1786 2187 1843 mirabile
2202 1786 2421 1843 tandem
2446 1785 2722 1843 somnium
2746 1782 2902 1852 vidit,
2928 1784 3117 1855 utipse
3138 1783 3297 1839 nobis
3322 1782 3524 1853 sapius

1934 1878 2224 1946 intimavit,
2241 1886 2364 1948 post
2378 1892 2543 1950 quam
2560 1885 2706 1932 certe
2717 1874 2986 1932 visionem
3006 1889 3065 1931 se
3091 1874 3158 1931 de
3186 1875 3292 1931 hoc
3315 1875 3530 1932 mundo

1934 1986 2046 2045 quo
2084 1968 2230 2027 Deus
2253 1969 2502 2042 jusserit,
2529 1967 2807 2024 obiturum
2834 1981 2945 2023 non
2965 1965 3231 2021 dubitavit
3253 1964 3386 2037 (27).

2008 2084 2099 2141 16.
2130 2083 2379 2151 Quadam
2408 2081 2575 2155 igitur
2593 2089 2774 2149 nocte,
2804 2088 2867 2137 ut
2911 2095 3128 2151 semper
3163 2094 3261 2151 per
3299 2080 3524 2153 triginta

1932 2176 2047 2248 jam
2085 2192 2262 2233 annos
2292 2176 2598 2241 consuevit,
2647 2182 2773 2245 post
2809 2172 3045 2245 primam
3093 2181 3308 2229 tantum
3344 2174 3525 2232 noctis

1935 2268 2176 2340 quietem
2198 2267 2487 2325 ecclesiam
2512 2264 3174 2339 ingrediens,psalmodiae
3200 2265 3529 2336 caterisque

1934 2360 2138 2435 talibus
2187 2360 2379 2416 oiiiciis
2426 2359 2691 2425 intentus,
2738 2356 3121 2429 pernoctabat;
3155 2356 3251 2413 sed
3295 2366 3352 2413 et
3399 2366 3527 2428 post

1936 2452 2234 2509 matutinas
2250 2452 2307 2507 in
2331 2451 2572 2521 iuctepto
2590 2450 2811 2507 decreto
2834 2448 3151 2520 perstabat“:
3169 2447 3397 2520 jamque
3421 2464 3526 2504 au-

1935 2559 2063 2600 rora
2093 2543 2413 2612 irradiante,
2441 2542 2656 2599 modice
2681 2542 2986 2598 dormitans
3010 2540 3323 2597 cubiculum
3347 2540 3529 2597 intra~

1935 2637 2033 2703 vit,
2060 2651 2226 2706 seque
2251 2651 2417 2706 super
2445 2649 2731 2691 scamnum
2766 2641 2983 2688 tantum
3022 2630 3295 2688 inclinans
3328 2631 3537 2703 bujusa»

1936 2729 2087 2785 modi
2115 2727 2392 2784 somnium
2417 2727 2570 2783 vidit.
2589 2724 2726 2781 Nam
2744 2725 2891 2781 oliva
2917 2724 3162 2795 pulchrae
3186 2724 3522 2795 magnitudi-

1937 2821 2048 2887 nis,
2076 2820 2153 2876 ibi
2187 2820 2242 2875 in
2268 2818 2547 2875 claustrali
2575 2817 2718 2873 atrio
2763 2816 2962 2881 stabat,
2994 2823 3050 2870 et
3078 2814 3307 2885 putabat
3331 2830 3391 2871 se
3419 2816 3523 2872 sub

1935 2913 2123 2970 eadem
2154 2912 2351 2968 arbore
2377 2910 2629 2967 lectionis
2656 2908 2839 2965 studio
2865 2907 3074 2975 sedere,
3089 2916 3146 2963 et
3170 2907 3240 2962 ad
3267 2923 3327 2965 se
3353 2923 3524 2979 quas-

1936 3005 2064 3061 dam
2118 3003 2397 3077 graviores
2441 3010 2496 3057 et
2534 3001 2748 3073 ignotas
2787 3013 3049 3070 personas
3076 2999 3354 3066 accedere,
3401 3015 3528 3071 quas

1867 3090 1908 3149 C
1943 3113 2003 3155 se
2028 3112 2059 3152 a
2094 3110 2220 3167 rege
2251 3095 2346 3149 illo
2371 3093 2572 3150 missas
2599 3099 2930 3159 assererem,
2960 3098 3022 3145 ut
3047 3091 3296 3147 eamdem
3322 3091 3526 3147 olivam

1941 3188 2235 3245 suﬂ‘ossam
2277 3185 2383 3243 sibi
2423 3185 2481 3241 in
2527 3183 2706 3255 regale
2752 3182 3025 3239 servimeu
3069 3180 3364 3238 deferrent.
3414 3180 3527 3238 Nec

1940 3295 2118 3346 mora,
2134 3287 2196 3335 ut
2213 3277 2319 3335 sibi
2339 3275 2647 3342 videbatur,
2671 3287 2893 3331 secures
2912 3280 2968 3328 et
2994 3272 3232 3329 lossoria
3254 3273 3528 3344 arripiunt

1939 3382 2172 3444 eamque
2199 3384 2417 3426 summa
2443 3366 2792 3424 festinatione
2836 3364 3141 3435 exstirpare
3166 3364 3522 3421 contendunt.

1943 3461 2051 3522 Sed
2078 3470 2287 3534 quanto
2313 3460 2479 3517 altius
2521 3457 2818 3524 infodiunt,
2861 3464 3016 3512 tanto
3038 3456 3347 3513 densiorem
3377 3457 3526 3513 radi-

1942 3570 2066 3611 cum
2100 3552 2447 3609 tenacitatem
2484 3549 2786 3605 inveniunt.
2817 3547 2977 3615 Quod
3004 3547 3109 3618 ipsi
3146 3547 3410 3614 videntes,
3445 3548 3530 3604 le-

1943 3644 2256 3703 stinationis
2276 3659 2445 3700 causa
2472 3642 2708 3698 admotis
2736 3640 3025 3698 securibus
3051 3638 3261 3696 radices
3285 3641 3524 3696 secando

1941 3739 2263 3811 praecidunt,
2301 3737 2490 3807 sicque
2535 3734 2779 3791 evulsam
2826 3734 3082 3789 arborem
3133 3746 3320 3788 secum
3369 3732 3524 3788 aufe-

1943 3836 2126 3884 rentes
2150 3826 2457 3892 discedunt,
2488 3834 2544 3881 et
2570 3824 2778 3889 statim,
2801 3832 2863 3879 ut
2886 3823 3211 3890 aestimabat,
3236 3838 3305 3879 ex
3335 3823 3528 3880 relicta

1944 3920 2191 3978 radicum
2244 3918 2516 3975 densitate
2561 3917 2849 3973 innumera
2894 3926 2948 3972 et
2992 3917 3241 3987 speciosa
3288 3917 3526 3988 virgulta

1943 4018 2355 4076 succreverunt,
2385 4024 2509 4080 quae
2537 4008 2705 4064 etiam
2746 4016 2922 4063 totum
2965 4006 3166 4061 atrium
3211 4020 3311 4060 sua
3342 4006 3532 4061 multi-

1945 4104 2237 4175 plicatione
2257 4104 2623 4172 repleverunt,
2655 4101 2728 4156 ita
2752 4109 2814 4155 ut
2830 4109 2886 4156 et
2911 4100 3107 4170 vulgus
3129 4098 3332 4154 diversi
3362 4112 3529 4156 sexus

1946 4207 2003 4252 et
2035 4197 2211 4252 astatis
2239 4195 2535 4252 accesserit
2562 4202 2619 4250 et
2644 4194 2712 4250 de
2755 4193 2948 4249 iisdem
2985 4190 3233 4247 fructetis
3259 4191 3532 4261 plantaria
3620 4210 3631 4213 '

1947 4290 2105 4361 plura
2133 4288 2374 4345 evellens
2406 4302 2505 4357 per
2549 4299 2678 4341 rura
2709 4293 2765 4341 et
2802 4283 3040 4353 compita
3068 4281 3530 4338 disseminaverit.

1949 4381 2019 4437 At
2045 4381 2135 4436 ille
2154 4378 2417 4451 evigilans
2438 4376 2726 4435 ecclesiam
2760 4374 2942 4432 statim
2973 4373 3218 4440 intravit,
3248 4381 3534 4443 totumque

1945 4487 2088 4539 sese,
2149 4469 2449 4540 cogitatum
2480 4482 2645 4521 suum
2680 4464 2737 4520 in
2782 4462 3015 4519 Domino
3056 4461 3297 4531 jactans,
3333 4461 3531 4516 divinat

1944 4561 2249 4619 clementia:
2269 4558 2533 4615 attentius
2557 4554 2978 4619 commendavit,
3006 4552 3134 4623 quia
3155 4567 3215 4607 se
3241 4560 3366 4621 post
3386 4552 3532 4608 idem

1943 4654 2223 4712 somnium
2249 4652 2624 4708 discessurum
2652 4647 2858 4703 martius
2882 4645 2993 4715 (28)
3016 4643 3340 4700 aestimabat.
3370 4641 3529 4710 Quod

1942 4756 2125 4802 tamen
2184 4743 2403 4815 sapiens
2448 4741 2687 4811 quisque
2746 4736 2853 4792 alia
2903 4734 3181 4807 evidenter
3205 4732 3545 4804 portendere-

1944 4845 2193 4911 patenter
2220 4833 2493 4902 intelligit,
2551 4830 2645 4902 qui
2673 4827 3029 4898 multiplicem
3072 4824 3333 4880 doctrinae
3382 4823 3531 4880 illius

1942 4928 2398 4989 numerositatem
2429 4922 2661 4983 sollicite
2689 4919 3055 4992 perpenderit,
3078 4927 3132 4972 et
3159 4917 3269 4973 illic
3296 4917 3353 4973 in
3382 4916 3531 4987 prio-

1941 5023 2020 5079 ris
2050 5019 2329 5092 religionis
2354 5016 2616 5076 exercitio
2636 5014 2904 5080 relictam,
2926 5020 2979 5069 et
2999 5020 3187 5082 postea
3210 5009 3413 5081 ubique
3431 5022 3531 5078 per

1944 5115 2175 5181 diversa,
2206 5110 2385 5167 divini,
2421 5109 2565 5166 roris
2593 5107 2847 5178 dogmata
2874 5103 3165 5163 salubriter
3201 5102 3549 5172 dispersama

2017 5288 2135 5362 (26)
2145 5287 2328 5344 Codex
2354 5283 2679 5362 Graeciensis
2697 5278 2861 5362 habet
2875 5276 3234 5362 :_Pttrclt'ardo..
3259 5275 3322 5362 in
3340 5282 3531 5362 nostro

1954 5346 2137 5418 autem
2168 5357 2465 5428 exemplari
2480 5355 2655 5426 prima
2686 5352 2864 5408 solum
2892 5350 3059 5428 hujus
3082 5346 3329 5428 nominis
3349 5346 3531 5404 littera

1953 5416 2013 5487 Β.
2042 5416 2364 5493 habebatur,
2393 5416 2536 5482 sicut
2559 5432 2613 5480 et
2640 5439 2804 5493 supra
2835 5436 2934 5493 pro
2963 5416 3219 5493 Arnoldo,
3246 5416 3309 5473 Δ.
3516 5488 3523 5491 _

2025 5501 2138 5574 (27)
2162 5488 2472 5574 Bamberg._,
2515 5488 2914 5574 propteﬂqu'od
2966 5507 3021 5574 se
3054 5490 3139 5574 με
3183 5488 3280 5545 hoc
3337 5501 3492 5541 nunc

1952 5561 2307 5635 transiturum
2330 5561 2628 5622 certissima
2659 5561 2856 5618 visione
2875 5561 3109 5637 putavit.
3188 5629 3201 5637 _
3414 5627 3424 5637 _

2024 5642 2137 5711 (9.8)
2163 5637 2383 5720 Βειιιὶι).ζ
2396 5637 2526 5720 quia
2555 5636 2842 5720 secandum
2867 5629 3005 5687 illud
3032 5629 3277 5689 somnii?
3333 5644 3385 5703 sev
3406 5629 3527 5684 ἱραί(

1952 5703 2305 5770 discessurum
2334 5703 2491 5765 citius
2514 5703 2855 5763 existimavit.
