4056 5360
460 164 599 227 1175

1330 172 1385 227 S.
1426 173 1823 229 GODEIIARDI
1862 172 2167 229 EPISCOPI
2208 173 2824 229 IIILDESHEIRIENSIS

3601 163 3750 220 “76

535 288 621 344 l7.
655 286 1109 362 Quandoquidem
1136 287 1279 343 beati
1305 290 1404 346 viri
1434 290 1548 362 (9.9)
1578 288 1755 344 Vitam
1789 304 1894 343 non
1926 303 2054 358 pro-
2084 294 2127 348 Α
2158 291 2273 347 rius
2301 300 2521 348 vacaret
2544 298 2598 344 et
2620 288 2826 360 fragilis
2848 287 2971 342 vita:
2991 286 3154 340 linem
3174 299 3229 339 in
3252 282 3410 339 solita
3429 279 3751 349 dilectaqur

461 383 583 452 pria
640 382 892 449 scientia,
945 396 1071 452 qum
1094 389 1241 439 certe
1280 385 1427 439 nulla
1462 393 1566 451 est,
1608 384 1703 440 sed
1732 383 1915 438 divina
1938 383 2049 437 cle—

442 469 671 529 mentia
698 470 933 541 favente,
965 474 1035 529 ab
1061 474 1288 530 exordio
1316 474 1584 531 hactenus
1612 490 1709 544 per
1735 474 1906 528 multa
1934 473 2055 528 lau-

466 564 669 622 dabilia
722 564 1129 636 descripserim,
1174 566 1381 638 gratias
1420 581 1521 637 pro
1570 566 1712 621 scire
1753 565 2054 636 condignas

463 659 641 714 eidem
672 658 976 715 clementiae
1003 658 1204 725 refero,
1227 666 1512 729 tuumque,
1538 658 1844 713 venerande
1870 656 2054 723 Dater,

465 749 754 818 auxilium,
785 764 950 822 quem
978 766 1009 805 a
1037 750 1144 807 ﬁne
1166 766 1342 821 usque
1364 751 1417 804 in
1450 751 1613 805 linem
1642 750 1699 805 in
1727 749 1985 806 omnibus
2006 758 2061 804 et

468 839 525 897 in
576 842 685 899 hoc
733 842 1007 914 pratcipue
1053 843 1272 914 negotio
1314 842 1668 908 eruditorem,
1718 841 2059 897 defensorem

469 943 946 1006 correctorcmqne
970 935 1240 1006 prmclcgi,
1289 943 1469 1001 tuum,
1495 935 1741 1006 inquam,
1773 934 1960 1005 tuique
1987 934 2064 988 si-

473 1027 689 1083 milium
719 1028 986 1084 auxilium
1014 1036 1069 1082 et
1098 1027 1465 1083 interventum
1492 1028 1559 1083 ad
1599 1026 1768 1084 Deum
1807 1028 2061 1099 imploro,

475 1127 537 1176 nt
565 1120 826 1191 deinceps
854 1119 1064 1190 majora
1093 1128 1148 1175 et
1176 1119 1537 1174 laudabiliora
1591 1120 1737 1176 illius
1765 1119 2067 1175 directione

477 1212 599 1267 sine
626 1211 896 1268 mendacii
929 1210 1056 1267 fuco
1086 1212 1352 1266 veraciter
1380 1220 1435 1266 et
1461 1227 1704 1283 congrue
1732 1210 2062 1266 describam.

476 1304 638 1360 Anno
684 1304 852 1376 igitur
895 1312 1023 1375 post
1061 1302 1332 1359 incarnati
1385 1301 1551 1359 Verbi
1601 1302 1697 1359 Dei
1748 1284 2067 1375 mysterium

479 1394 642 1463 4022,
683 1396 836 1467 regni
881 1411 1013 1452 vero
1055 1396 1263 1451 domini
1308 1394 1526 1450 Henrici
1574 1395 1841 1466 vigesimo
1867 1394 2068 1466 primo,

478 1479 694 1555 imperii
722 1492 908 1541 autem
927 1499 1099 1552 nono,
1131 1481 1309 1540 felicis
1338 1484 1618 1540 memeria:
1642 1484 1756 1555 (50)
1786 1485 2073 1539 Bernwar—

478 1577 586 1633 dus
611 1577 941 1634 venerabilis
967 1586 1172 1634 nostra:
1199 1575 1458 1633 Ecclesiae
1486 1577 1717 1634 antistes
1740 1594 1807 1632 ex
1834 1577 1936 1632 bac
1962 1577 2073 1631 vita

480 1671 549 1727 ad
578 1678 895 1742 perpetuam
925 1664 1204 1741 migravit,
1222 1670 1382 1740 cujus
1409 1679 1556 1725 certe
1578 1669 1761 1726 obitus
1783 1678 1953 1723 totam
1983 1685 2070 1724 re—
2100 1649 2146 1710 Β

481 1761 700 1834 gionem
750 1761 989 1816 maxime
1035 1760 1401 1816 contristavit.
1440 1760 1573 1816 Erat
1619 1761 1790 1828 enim,
1832 1770 1892 1816 ut
1921 1760 2074 1816 festi-

480 1852 668 1908 nando
695 1867 916 1908 omnem
945 1852 1072 1907 vita:
1108 1852 1229 1922 ejus
1265 1852 1556 1909 historiam
1585 1862 1987 1918 transcurram,
2019 1853 2073 1907 in

484 1954 687 2002 cuncto
707 1945 905 2001 divina:
932 1946 1214 2002 servitutis
1236 1950 1439 2002 sanctae
1459 1946 1805 2017 studiojuste
1837 1944 2078 2003 fervidus

480 2041 543 2094 et
569 2032 625 2093 in
657 2040 770 2094 tota
821 2038 1113 2095 muadaua!
1155 2037 1412 2095 utilitatis
1460 2039 1755 2111 sagacitate
1805 2040 2080 2109 sapienter

484 2129 768 2201 providus,
796 2140 987 2186 contra
1015 2130 1244 2185 rebelles
1268 2138 1324 2184 ct
1353 2129 1640 2185 induratos
1677 2131 1803 2200 jure
1832 2145 2077 2193 severus,

489 2234 621 2291 erga
663 2219 980 2277 obedientes
1041 2230 1097 2275 et
1141 2220 1422 2277 modestos
1468 2221 1574 2275 rite
1620 2227 1976 2284 mansuetus,
2026 2220 2082 2273 ia

488 2309 853 2385 eleemosynis
881 2318 937 2368 et
982 2310 1339 2367 miseratione
1385 2310 1725 2381 compatiens
1769 2318 1824 2365 et
1874 2310 2083 2381 largus,

490 2390 715 2473 vigiliis,
741 2397 975 2473 jejuniis
998 2410 1069 2457 et
1112 2401 1459 2458 orationibus
1487 2402 1874 2458 convenienter
1910 2402 2087 2456 inten-

482 2496 613 2550 tus.
640 2492 1033 2551 Monasterium
1055 2492 1168 2565 (5|)
1192 2502 1442 2549 nostrum
1468 2493 1651 2564 itaque
1680 2493 1856 2559 libris,
1887 2492 2085 2558 serico,

487 2598 659 2653 auro,
683 2593 931 2658 argento,
957 2584 1209 2657 gemmis,
1236 2584 1469 2655 picturis
1492 2585 1725 2655 aliisque
1751 2582 2090 2639 ecclesiasti—

498 2675 583 2732 cis
610 2677 953 2733 ornamentis
979 2672 1230 2748 pluribus
1257 2676 1513 2732 decenter
1541 2662 1832 2741 redimivit,
1863 2674 2094 2730 clericos

502 2767 803 2823 auxiliante
844 2766 958 2822 Deo
1000 2767 1203 2823 multos
1231 2775 1286 2821 ct
1316 2766 1483 2821 etiam
1531 2766 1586 2819 in
1634 2765 1821 2820 divino
1868 2763 2095 2833 servitio

500 2859 671 2916 utiles
690 2859 969 2916 enutri-vit.
985 2858 1305 2915 Venerabile
1328 2858 1587 2929 templum
1619 2858 1796 2914 sancti
1815 2856 2099 2916 Michaelis

502 2949 733 3020 proprio
776 2948 967 3005 labore
1012 2957 1394 3006 constructum
1442 2964 1652 3019 suaque
1695 2948 2011 3004 htereditate
2044 2957 2099 3004 ct

506 3040 878 3113 acquisitione
899 3039 1229 3097 suﬁicientcr
1248 3040 1495 3096 dotatum
1526 3041 1580 3096 in
1601 3040 1983 3097 monachicam
2011 3056 2098 3096 re-
2124 3024 2172 3091 C

506 3131 769 3203 iigionem
798 3132 913 3188 Deo
931 3134 1291 3190 consecravit.
1316 3128 1523 3189 Turres
1540 3144 1671 3188 vero
1700 3131 2101 3188 munitissimas

512 3231 571 3279 et
595 3218 762 3280 etiam
787 3225 1123 3281 bonorilicas
1145 3240 1271 3281 cum
1301 3226 1611 3281 adbarrente
1643 3238 1805 3278 muro
1830 3223 1885 3278 in
1916 3224 2101 3279 orien-

510 3315 610 3371 tali
645 3325 701 3372 et
732 3317 1058 3374 occidentali
1092 3327 1247 3389 parte
1277 3326 1479 3373 nostrae
1507 3314 1765 3381 civitatis,
1820 3315 1876 3369 in
1914 3315 2104 3370 tuitio-

513 3423 643 3464 nem
664 3408 864 3465 civium
895 3410 1222 3466 construxit.
1252 3408 1527 3465 Ecclesias
1553 3409 1756 3463 multas
1784 3420 1911 3462 cum
1937 3405 2105 3460 variis

517 3509 574 3555 et
618 3500 845 3558 utilibus
893 3502 1137 3557 aedificiis
1183 3516 1283 3573 per
1321 3499 1569 3556 diversas
1614 3498 1877 3569 episcopii
1925 3505 2106 3552 curtas

516 3588 833 3663 :edi-ficavit,
875 3602 930 3649 et
976 3594 1126 3649 omni
1166 3607 1394 3663 prorsus
1418 3590 1748 3662 pontificalis
1776 3588 2108 3659 provisionis

521 3680 809 3743 honestate
840 3685 895 3742 in
933 3686 1133 3742 divinis
1160 3695 1215 3741 et
1242 3684 1501 3740 humanis
1526 3684 1756 3740 solerter
1786 3681 2105 3753 invigilavit.

596 3770 686 3832 £8.
718 3776 921 3833 Eodem
946 3786 1190 3848 tempore
1219 3776 1517 3847 imperator
1543 3773 1765 3829 Grnona
1793 3773 2032 3837 sedebat,
2058 3780 2113 3826 et

522 3878 1002 3940 praememoratum
1022 3868 1274 3923 abbatem
1296 3866 1457 3923 solito
1482 3880 1698 3935 semper
1716 3854 1937 3935 pietatis
1959 3878 2112 3917 more

523 3975 719 4017 secum
744 3959 997 4016 habebat.
1048 3958 1383 4014 Advenientc
1431 3957 1597 4027 igitur
1631 3958 1812 4026 legato
1842 3971 1966 4008 cum
2012 3953 2117 4007 hac

527 4043 749 4123 lugubri
779 4050 1067 4122 legatione,
1100 4049 1398 4120 imperator
1425 4048 1640 4103 fidelem
1683 4046 1890 4100 Christi
1921 4045 2116 4115 suique

526 4142 793 4209 amicum,
843 4141 1116 4212 condigno
1149 4155 1390 4195 maerore
1432 4138 1667 4203 deﬂevit,
1721 4147 1775 4192 et
1811 4137 1955 4207 piam
1998 4136 2118 4204 ejus

533 4233 776 4287 animam
823 4230 937 4286 Deo
969 4239 1024 4286 et
1068 4230 1277 4285 sanctis
1307 4229 1399 4283 Dei
1428 4216 1637 4297 angelis
1663 4226 1845 4281 debita
1874 4238 2118 4280 comme-

536 4324 845 4381 moratione
890 4322 1313 4379 comntendavit.
1359 4320 1563 4377 Deinde
1607 4319 1858 4375 abbatem
1910 4324 2120 4372 secreto

534 4414 832 4488 solilbquio
878 4414 1155 4480 convenit,
1197 4414 1358 4484 eique
1386 4428 1500 4468 sua:
1527 4410 1827 4467 voluntatis
1856 4424 2118 4464 arcanum

532 4514 602 4564 de
630 4509 947 4581 episcopatu
977 4506 1225 4579 ejusdem
1257 4505 1402 4561 sedis
1430 4504 1661 4575 aperuit.
1689 4502 1790 4557 Cui
1820 4501 2004 4557 statim
2034 4499 2126 4554 ille

536 4601 590 4656 in
621 4599 817 4657 faciem
847 4600 1066 4668 restitit,
1091 4606 1145 4655 et
1164 4614 1223 4654 se
1244 4597 1529 4667 indignum
1556 4603 1713 4650 tanto
1741 4609 1804 4648 ac
1826 4592 1920 4647 tali
1948 4590 2125 4645 cilicio

535 4702 587 4748 rt
625 4694 835 4749 honore
858 4692 1160 4764 respondit.
1199 4690 1370 4758 Quem
1408 4690 1538 4744 item
1584 4689 1825 4758 itemque
1853 4702 1917 4740 ex
1953 4684 2127 4737 abun-

480 4822 491 4839 ε
537 4785 731 4840 dantia‘
752 4785 935 4841 cordis
964 4784 1214 4838 devotius
1251 4781 1553 4836 admonuit.
1578 4778 1672 4833 llle
1698 4793 1830 4831 vero
1868 4776 1921 4829 in
1953 4781 2130 4842 coepta

538 4876 898 4934 excusatione
929 4874 1157 4931 firmiter
1187 4872 1663 4944 perstitit,dicens,
1685 4878 1831 4924 certe
1844 4884 1903 4922 se
1920 4865 2130 4934 majora

540 4983 710 5025 tenera
739 4967 1057 5024 divitiarum
1086 4966 1158 5020 ob
1188 4966 1293 5021 hoc
1323 4963 1601 5035 rejecissc,
1635 4971 1694 5015 ut
1718 4960 1819 5015 soli
1848 4958 1958 5012 Deo
1997 4958 2133 5011 libe—

622 5186 737 5238 l9.9l
764 5177 865 5238 llic
905 5180 1095 5238 incinit
1134 5185 1373 5238 secunda
1419 5198 1547 5238 pars
1588 5170 1725 5231 Vita:
1762 5173 1934 5232 sancti
1960 5174 2136 5228 Gozle—

2157 386 2261 442 sibi
2290 392 2606 456 paupertate
2635 380 2886 437 securius
2911 384 3272 449 exspectaret.
3288 375 3592 446 Imperator
3611 384 3759 427 vero

2156 496 2253 551 per
2276 466 2563 549 episcOpos
2608 474 2790 530 cordis
2821 472 2942 543 ejus
2972 470 3235 526 duritiam
3271 467 3519 523 emollire
3557 469 3759 520 tenta-

2158 576 2256 640 vit,
2307 586 2511 641 cosque
2547 570 2615 626 dc
2662 568 2863 623 talibus
2907 565 3058 619 illum
3089 561 3380 618 convenire
3407 557 3660 630 rogavit;
3695 556 3760 609 in

2159 681 2395 740 quorum
2448 664 2537 718 ille
2583 658 2860 731 colloquio
2897 656 3056 712 solita
3101 654 3301 710 fiducia
3346 650 3570 714 restitit,
3609 656 3668 703 et
3697 662 3765 700 se

2160 758 2380 815 tandem
2414 756 2462 811 si
2494 742 2615 811 hoc
2641 762 2826 809 tamen
2854 749 3077 805 nomine
3102 746 3300 817 dignus
3327 744 3408 799 eis
3445 740 3763 802 videretur,

2161 853 2338 907 donec
2380 846 2695 903 Radisbona
2735 851 2832 899 aut
2855 840 3078 897 Patavia
3106 844 3347 903 vacaret,
3375 832 3473 888 ubi
3502 846 3617 886 non
3646 828 3766 884 sibi

2164 944 2258 1000 sed
2286 943 2404 1000 suis
2447 949 2661 996 tantum
2700 936 2964 1008 prodesse
3007 931 3215 1003 possit,
3256 925 3518 983 libentius
3554 934 3770 990 exspe—

2165 1048 2316 1094 ctare
2335 1033 2542 1092 retulit.
2576 1030 2776 1101 Sicque
2804 1027 3007 1083 ibidem
3029 1038 3128 1095 per
3152 1031 3321 1077 totam
3354 1012 3768 1073 hebdomadam

2165 1131 2234 1187 de
2262 1130 2367 1185 hoc
2403 1127 2546 1181 inter
2583 1138 2681 1180 eos
2707 1135 2876 1179 causa
2901 1116 3260 1180 tractabatur,
3293 1110 3387 1166 sed
3416 1109 3510 1163 ille
3536 1117 3771 1175 semper

2170 1225 2223 1279 in
2252 1221 2442 1278 eadem
2478 1232 2593 1273 sua:
2617 1213 2900 1272 sententiae
2928 1207 3220 1266 tenacitate
3239 1200 3602 1259 renitebatur.

2242 1315 2328 1370 19.
2361 1311 2603 1367 Tandem
2628 1305 2898 1378 inVigiliis
2918 1301 3094 1358 sancti
3114 1297 3344 1353 Andreae
3365 1289 3625 1363 apostoli,
3639 1302 3775 1357 qua:

2171 1417 2303 1463 tunc
2331 1407 2386 1461 in
2416 1405 2607 1476 quinta
2637 1399 2772 1457 feria
2800 1405 2927 1453 ante
2954 1393 3261 1449 Adventum
3302 1384 3524 1441 Domini
3558 1394 3773 1476 evene-

2172 1509 2316 1568 rant,
2348 1472 2476 1554 item
2507 1495 2782 1552 somnium
2811 1488 2949 1546 vidit
2963 1485 3110 1557 quod
3134 1492 3267 1539 tunc
3288 1480 3394 1536 soli
3419 1472 3777 1568 imperatori,

2176 1564 2363 1665 postea
2386 1606 2518 1648 vero
2542 1597 2597 1645 et
2617 1585 2781 1643 nobis
2804 1579 3128 1654 gratulando
3148 1584 3203 1632 et
3221 1574 3387 1630 etiam
3407 1564 3780 1639 lacrymando

2176 1696 2376 1767 saepius
2405 1688 2697 1747 intimavit.
2725 1683 2952 1756 Aspexit
2976 1680 3124 1737 enim
3147 1677 3206 1733 in
3236 1674 3449 1730 visione
3474 1675 3605 1741 post
3634 1663 3779 1721 soli-

2179 1809 2263 1854 tas
2302 1803 2604 1853 nocturnas
2646 1787 2859 1860 vigilias
2886 1800 2949 1840 ac
2975 1795 3167 1853 preces
3196 1774 3517 1840 matutinas,
3555 1778 3619 1826 ut
3668 1764 3779 1820 sibi

2179 1890 2487 1954 videbatur,
2535 1881 2592 1940 in
2638 1881 2781 1938 atrio
2824 1876 3069 1949 ejusdem
3098 1870 3368 1933 ecclesias,
3411 1867 3469 1921 in
3506 1879 3619 1934 qua
3647 1869 3780 1954 post

2182 1983 2421 2040 triduum
2443 1978 2557 2036 Deo
2585 1970 2992 2033 consecrandus
3016 1973 3154 2027 erat.
3184 1961 3415 2018 nimiam
3455 1963 3605 2013 certe
3635 1950 3769 2008 mul.

2181 2075 2470 2132 titudinem
2521 2069 2664 2124 inter
2692 2081 2751 2121 se
2795 2060 3217 2118 tumultuantem
3274 2062 3329 2108 ct
3384 2051 3452 2106 de
3496 2044 3781 2118 episc0pir

2184 2158 2711 2222 Hildenesbeimcnsi
2741 2154 2886 2212 serio
2916 2155 3345 2209 concertantem.
3368 2140 3528 2197 Tunc
3546 2135 3786 2193 accessi'

2187 2260 2255 2315 ad
2283 2271 2411 2313 eum
2460 2256 2515 2309 in
2560 2251 2739 2308 media
2770 2242 3121 2304 multitudine
3149 2253 3276 2295 cum
3304 2234 3534 2308 pulchra
3566 2228 3754 2300 puella

2188 2367 2313 2408 rum
2341 2356 2579 2409 caterva,
2623 2341 2875 2414 quaedam
2923 2343 3174 2391 matrona
3221 2325 3576 2388 venerabilis,
3625 2320 3790 2375 vultu

2189 2453 2244 2499 et
2269 2442 2456 2497 habitu
2486 2412 2776 2500 mirabilis,
2799 2440 2853 2488 et
2868 2427 3208 2500 apprehensa
3236 2436 3405 2477 manu
3427 2419 3552 2488 ejus
3571 2415 3642 2470 de
3670 2412 3760 2466 fre

2192 2533 2416 2607 quentia
2443 2531 2731 2587 turbarum
2760 2539 2886 2579 cum
2932 2522 2988 2575 in
3018 2517 3267 2574 eamdem
3290 2510 3581 2569 ecclesiam
3613 2507 3779 2559 intro-

2192 2600 2368 2694 duxit,
2398 2624 2452 2679 et
2476 2631 2694 2678 extenta
2724 2618 2915 2673 dextra
2941 2622 3082 2668 nutu
3113 2618 3327 2665 tantum
3356 2617 3483 2659 eum
3513 2600 3584 2655 ad
3615 2612 3758 2668 agen

2193 2723 2323 2777 dam
2345 2690 2471 2773 ante
2492 2713 2814 2770 cruciﬁxum
2844 2705 3058 2762 veniam
3092 2698 3375 2756 admonuit
3390 2692 3535 2768 (5‘2);
3570 2690 3779 2747 statim

2196 2826 2305 2883 que
2342 2812 2464 2881 ipso
2485 2822 2545 2863 se
2570 2805 2639 2860 ad
2662 2816 2849 2875 preces
2878 2796 3198 2859 inclinante,
3233 2792 3349 2861 ipsa
3391 2803 3519 2842 cum
3548 2785 3797 2883 circurn‘

2200 2873 2476 2959 stantibus
2502 2873 2808 2953 claraivoce
2835 2890 2947 2946 Deo
2981 2889 3055 2943 ita
3077 2884 3308 2956 psallere
3327 2878 3494 2948 cmpit
3520 2896 3533 2930 ε
3557 2873 3796 2928 infunde

2202 2994 2519 3050 unctionem
2552 2998 2702 3045 tuam
2734 2986 2973 3041 clemens
2996 2976 3200 3034 nostris
3218 2972 3493 3030 sensibus.
3519 2966 3604 3021 Ad
3627 2979 3796 3035 quam

2203 3100 2391 3140 vocem
2423 3083 2539 3151 ipse
2566 3096 2596 3133 a
2629 3076 2822 3134 somno
2859 3070 3124 3142 evigilans
3159 3074 3211 3119 et
3263 3060 3512 3132 ejusdem
3561 3053 3802 3110 visionis

2203 3149 2465 3246 mysterio
2496 3175 2863 3240 compunctus
2898 3158 3190 3217 ecclesiam
3228 3149 3472 3246 intravit,
3520 3157 3577 3201 et
3607 3158 3799 3200 coram

2205 3240 2377 3322 altare
2398 3260 2616 3316 Domini
2644 3263 2953 3328 prostratus
2978 3250 3177 3305 divinae
3208 3240 3395 3315 pietati
3440 3254 3500 3294 se
3527 3248 3800 3304 suamque

2204 3358 2469 3413 visionem
2485 3344 2906 3408 commendavit.
2921 3341 3092 3397 Facto
3109 3346 3291 3394 autem
3307 3334 3394 3389 die
3409 3333 3800 3400 imperatorem

2210 3447 2477 3505 secretius
2498 3442 2839 3507 convenit,et
2857 3434 3057 3490 mentis
3076 3444 3191 3486 sua:
3212 3423 3516 3498 pertinacia
3541 3419 3802 3480 remissa,

2209 3540 2442 3597 visionis
2464 3538 2515 3593 ei
2538 3533 2733 3591 seriem
2756 3527 2990 3600 aperuit,
3018 3532 3074 3579 et
3093 3520 3310 3576 tandem
3343 3532 3401 3571 sc
3431 3514 3634 3568 divina:
3664 3524 3804 3578 prae-

2209 3628 2559 3690 destinationi
2584 3632 2638 3680 et
2660 3624 2782 3692 ejus
2808 3620 2973 3676 etiam
2993 3612 3225 3671 consilio
3250 3627 3315 3664 ac
3344 3604 3616 3661 vduntati
3651 3602 3807 3653 obse-

2213 3735 2470 3783 cuturum
2505 3717 2739 3775 devovit.
2792 3711 2904 3766 Nec
2951 3723 3129 3772 mora,
3177 3703 3367 3759 eodem
3420 3698 3509 3753 die
3558 3693 3809 3750 diluculo

2214 3818 2392 3874 clerus
2429 3825 2613 3869 noster
2636 3824 2761 3863 cum
2802 3801 2997 3860 militia
3020 3798 3239 3854 advenit
3263 3815 3276 3850 :
3300 3793 3503 3864 quibus
3531 3790 3666 3844 dum
3698 3786 3806 3838 im-

2214 3917 2436 3981 perator
2462 3919 2623 3959 suum
2652 3907 2944 3961 secretum,
2978 3895 3089 3947 imo
3111 3887 3357 3945 divinum
3387 3884 3673 3938 decretum
3719 3877 3806 3929 in-

2218 3969 2470 4065 iimavit,
2523 4005 2636 4051 tota
2678 4005 2870 4047 eorum
2916 3982 3254 4043 unanimitas
3304 3983 3585 4049 gratanter
3634 3969 3809 4022 Deum

2220 4093 2493 4150 laudando
2520 4084 2781 4155 suscepit,
2810 4078 3063 4152 quamvis
3092 4075 3269 4145 primo
3300 4067 3447 4139 quod
3475 4080 3581 4119 nec
3605 4062 3809 4155 mirum

2220 4197 2358 4254 erat,
2391 4184 2560 4253 aliqui
2583 4182 2665 4235 vel
2686 4153 2779 4232 -οὺ
2810 4177 3050 4247 ignotam
3073 4169 3193 4239 ejus
3219 4165 3409 4227 vitam,
3438 4159 3525 4213 vel
3551 4156 3720 4212 etiam
3742 4153 3813 4207 ob

2223 4251 2466 4335 auditam
2483 4251 2625 4329 olim
2645 4266 2947 4340 juventutis
2968 4265 3088 4333 ejus
3113 4258 3450 4314 nimietatem
3481 4251 3552 4306 ad
3594 4259 3815 4316 tempus

2153 4363 2199 4419 Ι)
2225 4371 2649 4441 expavescerent
2688 4362 2901 4429 sibique
2940 4357 3046 4411 tale
3088 4349 3292 4421 aliquid
3335 4344 3813 4441 pertimescerent.

2226 4433 2486 4534 Sequenti
2525 4474 2653 4513 vero
2691 4456 2779 4511 die
2820 4453 2877 4506 in
2921 4448 3092 4505 natali
3122 4433 3377 4515 Apostoli'
3414 4453 3543 4493 cum
3597 4447 3816 4488 summo

2228 4530 2359 4614 cieri
2383 4553 2665 4625 plebisque
2687 4544 2930 4616 tripudio
2965 4541 3139 4596 eidem
3179 4530 3473 4606 pastoralis
3497 4540 3819 4625 curaﬁcom-

2230 4615 2542 4710 mentiatur,
2572 4615 2667 4712 qui
2703 4615 2950 4708 proxima
2990 4627 3271 4684 Dominica
3318 4623 3601 4677 Adventus
3628 4615 3815 4669 Domi-

2232 4740 2287 4793 ni
2329 4738 2399 4792 ab
2427 4706 2669 4789 Aribo—ne
2695 4706 3113 4795 metropolitano
3143 4715 3483 4789 Iliagontiaco
3511 4710 3677 4781 digne
3710 4706 3819 4760 Deo

2218 4837 2599 4901 _consccratur.

2304 4946 2395 5000 20.
2437 4943 2543 4999 Sed
2589 4953 2768 4995 tamen
2797 4937 2852 4990 in
2884 4935 3003 5004 ipso
3031 4928 3275 4986 eiusdem
3308 4921 3559 4985 honoris,
3592 4918 3730 4980 sive,
3764 4923 3820 4969 ut

3714 5156 3809 5166 -,,,,

2448 5158 2632 5221 Sancti
2658 5156 2967 5215 Bermrardi
2993 5153 3169 5200 vitam
3197 5146 3447 5190 curn-si“-
3473 5161 3498 5172 ι-
3539 5144 3556 5162 ’
3581 5142 3617 5164 ε·
