4018 6452
177 318 315 376 1177

1655 393 1658 396 ἢ
1729 317 1910 373 \‘lTA.

3315 330 3454 386 H78

173 436 290 509 ipse
317 429 546 504 putavit,
575 427 759 485 oneris
785 427 964 495 initio,
985 429 1147 500 justi-2
1181 445 1210 484 a
1236 427 1369 495 Deo,
1404 442 1462 486 nt
1492 447 1616 486 vere
1645 449 1767 487 cre-
1799 437 1844 492 A
1870 442 2066 489 octavo
2115 442 2238 504 post
2289 432 2584 488 Altfrldum
2633 444 2834 492 nostrae
2879 436 3136 496 Ecclesia:
3177 441 3456 514 episcOpo,

171 529 339 594 ditur,
375 521 757 596 prcedestinata
782 537 892 576 non
929 521 1103 577 defuit
1141 521 1390 577 tentatio.
1425 522 1561 578 Nam
1595 523 1768 580 isdem

171 617 294 692 ejus
335 622 691 673 consecrator
725 613 895 669 Aribo
939 613 1129 670 eodem
1169 614 1259 668 die
1297 623 1423 670 ante
1473 615 1768 674 missarum

174 707 444 770 solemnia
473 693 740 765 secretius
767 723 894 762 eum
924 721 1049 762 cum
1076 706 1350 776 episcopis
1379 709 1654 774 convenit,
1685 709 1768 762 ei-

176 818 284 874 que
313 801 370 856 in
398 799 915 856 Gandersheimensi
951 799 1064 870 (55)
1101 798 1224 854 loco
1261 809 1317 855 et
1358 800 1779 870 circumjacrnti'

176 893 455 950 territorio
513 907 734 948 omnem
793 891 1123 962 pontiticalis
1183 891 1345 947 ollicii
1404 893 1770 962 provisionem

177 984 347 1042 banni
389 984 473 1042 sui
522 983 942 1055 interpositione
984 984 1285 1053 prohibuit.
1325 983 1500 1050 Quem
1548 984 1771 1055 quidem

175 1079 421 1134 bannum
451 1077 568 1147 ipse
595 1091 711 1132 sua:
741 1074 1109 1146 simplicitatis
1131 1093 1284 1132 more
1314 1092 1432 1146 nec,
1451 1075 1774 1147 approbavit

176 1185 282 1226 nec
319 1167 566 1236 retinuit,
599 1168 696 1224 sed
726 1169 912 1223 statim
943 1168 1011 1223 ad
1041 1168 1448 1240 imperatorem,
1476 1169 1545 1224 ab
1579 1184 1646 1224 eo
1681 1184 1772 1224 so—

178 1261 465 1318 lummodo
493 1259 860 1332 patrocinium
891 1259 947 1314 in
973 1261 1174 1316 talibus
1197 1277 1472 1332 quierens,
1504 1261 1770 1332 confugit.

177 1352 287 1422 Qui
318 1351 608 1424 confestim
631 1351 1051 1423 archiepiscopo
1079 1367 1205 1408 cum
1237 1351 1502 1410 fratribus
1535 1351 1772 1408 familia-

179 1441 318 1502 riter
355 1443 650 1512 accercito,
685 1453 740 1499 et
767 1443 1114 1500 dissimulata
1154 1445 1337 1502 cordis
1373 1445 1458 1500 sui
1501 1444 1771 1512 molestia,

181 1537 334 1592 hunc
363 1551 568 1592 novum
610 1535 924 1592 conﬂictum
953 1537 1138 1592 hanno
1165 1537 1345 1592 soluto
1375 1537 1649 1608 sapienter
1679 1552 1776 1607 pa-

179 1628 449 1699 citiceque
473 1626 715 1683 diremit.
747 1627 814 1682 Et
853 1627 934 1683 sic
961 1627 1218 1698 praedicta
1249 1627 1664 1684 consecratione
1699 1626 1776 1682 fe-

179 1720 324 1775 stive
353 1719 648 1786 celebrata,
673 1719 922 1776 eamdem
951 1720 1096 1776 diem
1139 1720 1192 1775 in
1235 1721 1433 1776 timore
1463 1719 1558 1774 Dei
1589 1720 1774 1777 exsul-

179 1817 366 1867 tantes
393 1809 502 1866 limi
543 1820 888 1884 peregerunt,
920 1821 973 1868 et
1001 1811 1072 1867 ita
1100 1813 1154 1866 in
1187 1827 1318 1883 pace
1343 1828 1504 1868 suum
1541 1827 1778 1868 conven-

180 1915 304 1959 tum
331 1903 634 1960 solverunt.

252 1995 346 2050 21.
383 1993 504 2050 Non
537 2009 668 2068 ergo
695 1995 872 2062 vobis,
910 2011 944 2050 ο
969 1995 1226 2064 lectores,
1258 1987 1668 2052 incommodum
1695 1994 1778 2051 vel

177 2087 530 2144 fastidiosum
555 2088 804 2144 videatur
831 2089 878 2144 si
913 2089 1192 2160 hujusmet
1217 2089 1508 2145 conflictus
1539 2089 1776 2154 initium,

177 2180 339 2236 vobis
369 2189 517 2237 certe
543 2181 600 2234 in
632 2181 867 2255 posteris
907 2181 1304 2250 necessarium,
1341 2182 1504 2238 altius
1535 2183 1778 2239 necessi-

179 2273 315 2330 tatis
358 2287 524 2329 eausa
555 2281 850 2344 repetatur.
888 2271 1124 2340 Quidam
1165 2275 1276 2330 dux
1309 2273 1619 2330 Saxonicus
1647 2273 1780 2329 Lui-

179 2365 355 2422 tolfus
385 2365 606 2420 nomine
632 2380 759 2421 cum
786 2381 885 2422 sua
919 2366 1150 2437 conjuge
1173 2364 1289 2422 Oda
1313 2365 1438 2439 [al.,
1469 2366 1626 2440 Yda],
1655 2384 1781 2424 cum

179 2459 419 2516 consilio
441 2467 497 2515 et
523 2459 741 2514 licentia
764 2459 939 2514 sancti
959 2458 1210 2515 Altcfridi
1233 2459 1348 2531 (54)
1371 2461 1552 2531 quarti
1582 2470 1784 2518 nostra:

181 2551 446 2608 Ecclesiae
471 2551 712 2622 episcopi
751 2549 983 2606 Romam
1027 2551 1204 2621 petiit,
1247 2561 1300 2606 et
1327 2567 1356 2606 a
1387 2553 1550 2608 beato
1593 2551 1784 2624 Sergio

183 2659 326 2715 papa
358 2643 618 2714 reliquias
642 2653 958 2699 sanctorum
983 2643 1281 2714 przesulum
1309 2642 1585 2699 Anastasii
1610 2654 1664 2700 et
1692 2645 1783 2699 ln-

183 2735 432 2792 nocentii
467 2736 790 2806 impetratas
820 2735 1046 2790 domum
1081 2735 1293 2790 detulit.
1331 2733 1388 2790 in
1417 2751 1652 2806 quorum
1678 2736 1772 2792 ho-

185 2843 325 2884 nore
352 2826 762 2883 monasterium'
791 2836 845 2882 et
877 2825 1190 2882 coenobium
1217 2827 1489 2898 virginum
1522 2828 1699 2898 primo
1730 2828 1784 2882 in

185 2919 690 2987 Brunesteshusen,
731 2917 927 2976 deinde
969 2928 1168 2989 quarto
1206 2926 1329 2989 post
1364 2934 1510 2974 anno
1551 2920 1606 2974 in
1635 2919 1784 2974 Gan-

185 3011 468 3068 dersheim
490 3012 830 3068 construxit:
855 3019 910 3066 et
932 3010 1154 3066 easdem
1176 3010 1336 3065 villas
1355 3026 1482 3066 cum
1503 3009 1787 3080 adjacente

188 3104 491 3172 territorio,
513 3113 569 3159 et
595 3104 746 3159 omni
775 3119 874 3160 sua
909 3102 1227 3158 hmreditate
1257 3103 1386 3158 illuc
1415 3103 1469 3157 in
1495 3103 1784 3158 utilitamm

186 3195 418 3252 Christo
445 3196 798 3252 militantium
825 3195 1078 3262 contulit,
1111 3203 1166 3250 et
1198 3194 1363 3248 filiam
1407 3210 1563 3248 suam
1589 3193 1790 3250 Betha-

187 3289 418 3344 uiudam
460 3286 585 3361 [al.,
629 3285 1015 3360 Ilademutam]
1063 3286 1397 3342 abbatissam
1438 3286 1512 3340 ibi
1550 3287 1786 3356 primam

185 3382 383 3438 eodem
418 3381 677 3451 episcopo
712 3379 999 3436 ordinante
1029 3377 1332 3434 constituit.
1381 3377 1580 3447 Sicque
1611 3385 1786 3434 totum

186 3471 339 3528 idem
379 3471 716 3527 territorium
747 3470 818 3526 ah
865 3469 1022 3525 initio
1051 3484 1267 3540 semper
1303 3467 1371 3522 ad
1412 3467 1789 3523 llildenes'uei-

189 3579 417 3621 menses
464 3563 750 3634 episcopos
793 3577 892 3632 per
935 3561 1201 3617 ducentos
1242 3559 1632 3630 quadringinta
1671 3559 1786 3630 (55)

187 3671 372 3714 annos
395 3655 679 3727 pertinuit,
710 3663 767 3710 et
802 3653 988 3709 nullus
1015 3651 1360 3724 Magontinus
1387 3651 1588 3722 praesul
1627 3649 1789 3720 quid-

189 3763 363 3820 quam
393 3747 518 3803 inde
537 3747 622 3803 vel
647 3746 752 3802 sibi
792 3746 876 3800 vel
913 3760 1026 3802 suae
1052 3743 1310 3800 Ecclesiae
1347 3742 1663 3808 vindicavit,
1691 3742 1790 3797 do-

190 3857 297 3896 nec
319 3856 352 3895 a
372 3839 600 3895 Rabano
618 3838 978 3895 duodecimus
999 3836 1312 3908 Willegisus
1334 3834 1789 3905 metropolitanus

183 3929 592 4003 Magontiacam
623 3931 938 3987 cathedram
984 3929 1215 3994 insedit;
1255 3928 1340 3982 vir
1373 3935 1520 3982 certe
1551 3925 1606 3980 in
1636 3925 1789 3980 omni

191 4023 464 4082 catholica
489 4024 684 4094 pietate
721 4023 1038 4094 praeclarus,
1071 4020 1167 4076 sed
1193 4021 1248 4074 in
1276 4020 1383 4075 hoc
1407 4019 1545 4084 solo
1575 4026 1786 4072 tantum

192 4116 503 4190 periculose
533 4115 878 4184 temerarius,
913 4115 1009 4186 qui
1039 4115 1325 4181 suadente,
1355 4121 1415 4168 ut
1445 4113 1668 4183 impune
1695 4127 1787 4168 ve-

191 4215 415 4267 ritatem
454 4211 668 4282 loquar,
700 4209 920 4266 domina
954 4209 1156 4280 Sophia
1211 4223 1400 4263 sorore
1443 4205 1789 4278 imperatoris

189 4302 412 4359 Ottonis
453 4302 621 4369 tertii,
664 4318 788 4373 qua:
819 4301 1046 4373 juvenili
1072 4299 1334 4372 jactantia
1365 4309 1418 4354 et
1461 4297 1676 4370 generis
1713 4294 1792 4350 di-

191 4395 402 4466 gnitate
425 4394 568 4450 elata
593 4409 623 4448 a
651 4391 920 4465 Palligero
956 4392 1069 4466 (56)
1105 4401 1318 4448 tantum
1345 4391 1512 4446 velari
1550 4388 1786 4462 gestivit,

179 4475 451 4543 enm-lem
479 4487 662 4543 locum
695 4486 799 4541 sibi
844 4501 1115 4556 usurpare
1157 4485 1406 4540 tentavit.
1440 4482 1574 4549 Qua:
1607 4492 1786 4536 tamen
1819 4519 1868 4578 Β

192 4578 532 4635 machinatio
558 4579 614 4634 in
642 4585 937 4650 conspectu
963 4577 1107 4649 regis
1131 4585 1184 4632 et
1214 4573 1543 4647 principum,
1567 4572 1784 4642 Osdago

265 4711 618 4785 (33),Quanti
649 4713 764 4785 jam
799 4710 1004 4785 fuerint
1038 4710 1260 4785 excitati
1289 4709 1556 4785 tumultus
1581 4723 1680 4778 pro
1696 4708 1788 4778 ju-

191 4781 514 4840 risdictione
558 4785 616 4838 in
652 4781 1176 4839 'Gandersheimensi
1219 4781 1578 4845 monasterio,
1619 4795 1784 4848 quant

194 4854 645 4924 archiepiscopus
685 4853 1038 4924 Moguntinus
1079 4851 1185 4906 sibi
1226 4861 1415 4906 contra
1445 4850 1538 4924 jus
1577 4849 1790 4924 lltl;‘.es—_

195 4921 497 4996 heimensis
531 4921 793 4996 episcOpi'
815 4924 1140 4996 arrogabat,_
1164 4930 1312 4996 patet
1345 4938 1412 4996 ex
1446 4921 1574 4996 _Vita
1614 4921 1788 4996 sancti

181 4994 528 5060 .Bernvvard,
566 4992 663 5050 ubi
700 4992 866 5050 etiam
903 4992 1146 5063 episcopi
1183 4992 1673 5063 llildesbeimensis
1697 4992 1792 5061 jus

195 5012 528 5060 uermvaru,
568 5012 663 5050 um
700 5012 866 5050 θιιειιιι
903 5012 934 5049 (ξ
975 5012 1146 5063 tscopt
1183 5012 1673 5048 uuuesueunenSIs
1697 5012 1792 5061 jllS

195 5071 351 5146 recte
377 5065 671 5132 stabilitur,
703 5074 762 5121 et
789 5075 903 5121 tota
938 5012 1054 5122 Kree
1089 5063 1458 5121 controversia
1494 5061 1672 5118 fusius
1698 5078 1794 5117 ex-

237 5143 444 5190 onitur.

198 5151 695 5276 poggritltfridus
723 5201 992 5262 successit
1029 5205 1241 5259 Ebboni
1274 5201 1792 5276 Remorunrarehi—

183 5273 458 5346 -ρνίξειθρο
488 5277 542 5330 in
571 5277 888 5346 episcopatu
925 5275 1403 5330 Hildesheimensi.
1436 5273 1791 5346 Quidﬁhhoe

197 5344 332 5403 sede
358 5344 620 5401 [femensi
641 5344 848 5415 ejectus
887 5346 959 5401 ob
990 5347 1422 5416 conjurationem
1455 5347 1512 5399 in
1549 5344 1790 5416 Ludpvi;

199 5416 529 5487 cumPium
573 5413 890 5487 aliquandiu
937 5413 1602 5487 hanc'ecclesiamrexit.
1645 5413 1792 5487 Obiit

199 5485 470 5542 Altfridus
496 5503 640 5544 anno
663 5485 788 5554 975,
827 5489 896 5543 ad
935 5503 1098 5557 quem
1132 5503 1340 5542 annum
1379 5485 1499 5554 ejus
1541 5485 1789 5556 Elogium

199 5557 392 5628 szeculi
413 5573 465 5612 tv
487 5569 641 5628 parte
663 5559 904 5614 secunda
926 5558 1219 5613 edidimus.
1538 5627 1541 5628 ν
1718 5561 1726 5568 ”

205 5656 246 5685 ο
275 5627 390 5698 (55)
416 5629 730 5701 Legendum
754 5631 941 5701 procul
962 5629 1129 5684 dubio
1172 5637 1377 5682 rentum
1401 5627 1784 5701 quadraginta,

204 5697 316 5770 non
337 5701 484 5770 enim
500 5697 693 5770 plures
724 5697 850 5755 anni
875 5701 943 5754 ah
963 5717 1108 5754 anno
1131 5701 1234 5754 85';
1259 5716 1369 5769 quo
1391 5697 1786 5770 monasterium

185 5765 732 5826 ﬂandcrsheimense
774 5772 841 5828 ab
875 5771 1106 5826 Altfridc
1143 5765 1511 5825 constructum
1557 5765 1676 5835 fuit,
1722 5769 1790 5822 ad

1870 527 2117 582 veritatis
2161 526 2211 582 ei
2261 536 2316 583 et
2359 527 2588 597 iustitia:
2645 543 2778 584 voce
2828 529 3115 588 resistente
3177 533 3460 608 disperiit,

1869 617 2090 688 quando
2127 618 2214 674 vix
2243 619 2468 675 obtentu
2501 620 2650 692 regis
2687 621 2919 694 ejusque
2959 625 3152 682 matris
3185 627 3461 686 licentiam

1871 713 1941 767 ab
1979 712 2168 768 eodem
2209 713 2471 784 episcopo
2501 713 2759 781 obtinuit,
2795 725 2853 770 ut
2881 715 2956 774 ibi
2995 717 3052 772 in
3081 719 3248 775 natali
3284 719 3467 790 sancti

1871 802 2034 860 Luca:
2053 805 2400 876 evangelista:
2421 805 2648 862 missam
2671 807 2971 864 celebraret
2991 809 3462 883 archiepiscopus,

1871 905 1926 950 et
1951 895 2221 966 praedictae
2249 893 2471 966 Sophia:
2510 897 2838 953 relationem
2879 899 3051 954 simul
3069 916 3196 957 cum
3237 917 3304 958 eo
3328 919 3462 975 ager

1873 993 1984 1052 ret;
2013 985 2080 1040 de
2103 984 2312 1040 caeteris
2337 1001 2470 1041 vero
2493 985 2742 1042 velandis
2764 986 3090 1060 virginibus,
3115 999 3306 1047 noster
3324 1007 3466 1062 prae-

1874 1077 1960 1134 sul
1995 1092 2098 1132 suo
2135 1077 2259 1148 jure
2295 1077 2626 1148 provideret.
2671 1077 2804 1134 Post
2841 1095 3016 1150 pauca
3050 1082 3310 1152 praedicto
3357 1081 3464 1140 Os-

1873 1169 2014 1242 dago
2040 1169 2153 1242 (57)
2176 1171 2437 1242 episcopo
2458 1169 2738 1240 defuncto,
2760 1179 2816 1228 et
2841 1171 3090 1246 Gerdago
3111 1174 3275 1240 etiam
3305 1176 3466 1232 nobis

1875 1261 2067 1328 electo,
2091 1271 2286 1332 etpost
2315 1262 2596 1318 biennium
2623 1262 2798 1330 linito,
2823 1263 3080 1320 dominus
3101 1263 3466 1322 Bernvvardus

1875 1353 2058 1423 regius
2099 1353 2414 1424 capellanus
2456 1355 2706 1410 eamdem
2751 1354 2936 1411 sedem
2985 1356 3252 1423 obtinuit,
3300 1357 3473 1428 quem

1875 1444 2019 1500 idem
2065 1445 2514 1516 archiepiscopus
2543 1447 2906 1514 consecravit,
2952 1448 3047 1503 sed
3077 1463 3244 1518 super
3271 1448 3464 1504 eadem

1876 1535 2200 1607 repetitione
2242 1550 2472 1607 prorsus
2525 1537 2774 1604 obticuit,
2828 1537 3003 1592 donec
3057 1537 3279 1593 demina
3335 1537 3470 1594 Ger-

1876 1627 2039 1699 berga
2087 1627 2201 1698 (58)
2249 1628 2528 1684 abbatissa
2568 1628 2897 1684 venerabilis
2940 1643 3142 1684 novum
3190 1639 3470 1684 monaste—

1877 1719 2044 1785 rium,
2072 1719 2218 1790 quod
2249 1720 2367 1790 ipsa
2403 1731 2525 1791 post
2568 1720 2885 1776 incendium
2929 1721 3256 1789 construxit,
3297 1720 3470 1776 voluit

1882 1811 2228 1878 consecrari;
2255 1810 2350 1866 sed
2375 1812 2502 1882 quia
2525 1812 2644 1882 ipsa
2671 1811 2887 1866 detenta
2917 1812 3232 1868 infirmitate
3257 1827 3322 1867 ea
3344 1828 3473 1883 pro-

1883 1901 2066 1958 videre
2095 1919 2204 1956 non
2243 1903 2434 1970 valuit,
2467 1903 2742 1973 praedicta:
2780 1903 2998 1974 Sophia;
3031 1903 3302 1974 spirituali
3326 1915 3473 1960 certe

1881 1995 2006 2050 filiai
2045 2011 2109 2050 ac
2143 1995 2308 2050 etiam
2351 1996 2498 2066 nepti
2539 1995 2681 2052 hanc
2710 1995 3152 2067 procurationem
3189 2011 3473 2051 commen-

1881 2085 2048 2146 davit.
2081 2085 2216 2155 Quae
2243 2087 2426 2142 statim
2459 2087 2622 2142 solito
2656 2103 2808 2142 more
2841 2087 3122 2158 proprium
3153 2088 3472 2158 episcopum

1883 2178 2230 2248 contempsit,
2262 2178 2738 2248 archiepiscoiium
2777 2177 2845 2232 ad
2893 2177 3022 2232 talia
3060 2177 3360 2246 honorifice
3387 2189 3477 2229 vo-

1883 2268 2048 2338 cavit,
2075 2268 2170 2339 qui
2198 2268 2396 2322 iterum
2423 2283 2522 2339 pro
2545 2266 2862 2337 hujusmodi
2886 2265 3148 2322 suasione
3167 2265 3312 2336 juris
3333 2263 3477 2320 obli-

1883 2366 1995 2425 tus,
2017 2359 2271 2415 eumdem
2293 2360 2476 2415 locum
2501 2357 2759 2413 invadere
2783 2355 3082 2424 festinavit,
3107 2356 3200 2412 sed
3225 2353 3477 2426 pnesulis

1885 2450 2058 2505 nostri
2093 2449 2290 2506 litteris
2330 2448 2700 2506 commonitus
2746 2447 2978 2502 distulit.
3017 2445 3147 2502 Item
3191 2445 3476 2510 imitatur,

1884 2539 2124 2613 itemque
2147 2541 2488 2596 auctoritatis
2521 2541 2644 2611 jure
2671 2539 2972 2609 repellitur.
3000 2538 3081 2592 Ad
3103 2537 3320 2593 tertiam
3347 2551 3479 2592 vero

1885 2633 2264 2690 invitationem
2290 2633 2739 2704 archiepisCOpus
2762 2631 2892 2686 illuc
2919 2629 3160 2696 advenit,
3187 2627 3478 2686 ecclesiam

1885 2737 1945 2784 ut
1987 2727 2215 2798 putabat
2255 2725 2642 2792 dedicaturus;
2683 2723 2832 2795 quod
2877 2733 3022 2777 certe
3071 2721 3122 2776 ei
3175 2719 3479 2792 Eggiardus

1889 2819 2264 2876 Slesvviccnsis
2289 2818 2584 2888 episcopus
2617 2832 2746 2872 vere
2771 2814 2948 2871 fidelis
2985 2822 3187 2868 nostra:
3223 2811 3481 2866 Ecclesia;

1887 2913 2058 2979 illius,
2097 2911 2190 2968 illo
2222 2926 2347 2967 cum
2375 2911 2522 2964 clero
2548 2925 2579 2964 a
2607 2917 2799 2964 nostro
2821 2905 3048 2961 domino
3077 2905 3301 2969 missus,
3327 2902 3481 2958 Seri-

1889 3012 2178 3076 pterarum
2206 3001 2534 3058 auctoritate
2564 2999 2868 3068 intercepit.
2905 2997 3038 3052 Post
3071 2997 3272 3050 multas
3298 3003 3482 3050 autem

1889 3107 1949 3152 et'
1988 3095 2173 3152 varias
2227 3091 2543 3164 hujusmodi
2593 3090 3034 3161 disceptationes,
3078 3089 3268 3144 eadem
3316 3101 3481 3142 causa

1889 3187 2110 3246 tandem
2165 3186 2234 3242 ah
2287 3183 2562 3254 episcopis
2602 3180 3157 3252 comprovincialibus
3201 3193 3376 3248 usque
3423 3177 3478 3230 in

1888 3279 2235 3350 presentiam
2299 3275 2532 3330 Romani
2599 3273 2874 3344 pontificis
2935 3271 3048 3342 (59)
3101 3267 3480 3339 comperendi-

1891 3381 2049 3426 matur

1960 3482 2052 3537 22.
2097 3480 2203 3536 Sed
2242 3495 2308 3536 eo
2339 3479 2581 3550 tempore
2625 3476 2748 3550 pius
2782 3475 2909 3532 Otto
2947 3474 3142 3530 tertius
3184 3472 3480 3543 imperator

1890 3576 1958 3630 ad
1993 3574 2276 3630 Christum
2321 3572 2596 3644 migravit,
2639 3571 2801 3641 cujus
2837 3571 2976 3636 loco,
3018 3576 3080 3622 ut
3111 3575 3482 3638 praenotatum

1889 3675 1993 3733 est,
2021 3663 2296 3720 Henricus
2334 3663 2390 3718 in
2413 3678 2641 3734 regnum
2679 3660 2923 3726 intravit,
2956 3658 3051 3729 qui
3073 3657 3258 3714 statim
3302 3656 3484 3711 natale

1889 3759 2068 3816 sancti
2114 3757 2397 3813 Laurentii
2435 3754 2852 3811 Patherbrunne
2891 3749 3205 3816 celebravit,
3244 3748 3338 3803 ubi
3385 3747 3486 3802 do-

1890 3826 2041 3904 mnia
2063 3847 2357 3920 Cunigund
2382 3845 2622 3917 regalem
2645 3859 2904 3900 coronam
2928 3840 3187 3912 percepit.
3212 3835 3476 3894 Prredieta

1887 3937 2053 3993 etiam
2083 3935 2361 4008 Gerberga
2405 3931 2952 4005 Gandersheimensis
2973 3930 3248 3986 abbatissa
3275 3928 3476 3984 saeculo

1891 4037 2161 4100 exempta,
2206 4027 2409 4099 Sophia
2447 4027 2498 4082 ei
2544 4024 2850 4082 succedens
2900 4022 3064 4078 selito
3103 4021 3302 4075 iterum
3335 4033 3488 4074 more

1891 4118 2094 4176 ibidem
2124 4119 2351 4174 obtentu
2394 4117 2726 4189 principum,
2757 4113 3038 4169 licentiam
3079 4110 3287 4166 domini
3315 4108 3484 4164 Bern-

1891 4213 2062 4268 vvardi
2105 4230 2134 4268 a
2179 4211 2445 4282 Palligero
2493 4206 2849 4268 benediceudi
2900 4205 3232 4276 impetravit.
3280 4202 3486 4258 Deinde

1892 4320 2067 4358 novus
2090 4319 2182 4358 rex
2210 4302 2450 4373 primum
2477 4300 2560 4356 sui
2597 4298 2826 4354 honoris
2853 4313 3060 4352 annum
3091 4295 3144 4350 in
3178 4293 3358 4349 natale
3383 4291 3487 4348 do-

1893 4393 2026 4448 mini
2057 4391 2227 4446 Palidi
2271 4390 2569 4456 inchoavit,
2607 4387 2701 4444 ubi
2741 4403 2930 4444 coram
2978 4401 3044 4442 eo
3087 4402 3184 4457 per
3215 4383 3500 4455 principes

1894 4483 2092 4553 saepius
2117 4482 2260 4538 dicta
2289 4482 2680 4552 episcoporum
2722 4479 2817 4534 lite
2857 4477 3084 4532 recitata
3127 4466 3293 4530 corde
3329 4483 3498 4527 tenus

1893 4575 2146 4640 indoluit,
2190 4584 2244 4630 et
2292 4575 2359 4628 ad
2407 4574 2556 4627 illam
2599 4570 2897 4627 sedandam
2938 4584 3082 4638 saepe
3133 4568 3489 4634 interceptam

1895 4709 2164 4780 Willegisi
2187 4718 2400 4764 :etatem
2425 4709 2805 4780 intercessere.

1969 4766 2092 4853 (sui
2123 4779 2178 4853 id
2211 4789 2295 4834 est
2325 4779 2759 4853 archiepiscopo.
2794 4773 3062 4844 Bamberg
3085 4779 3269 4827 tamen
3303 4766 3489 4838 habet,

1897 4848 2812 4922 ab'zirl'algerotantnmepis€0P0-_
2888 4897 2982 4922 ,__-
3073 4911 3086 4922 .
3183 4908 3300 4922 .....
3365 4907 3382 4922 .
3441 4906 3454 4919 .

1973 4923 2087 4991 (57)
2129 4907 2289 4976 Anno
2309 4920 2436 4991 989,
2463 4927 2521 4991 ut
2539 4907 2774 4991 habetur
2799 4915 2854 4970 in
2881 4911 3158 4969 Chronico
3181 4907 3491 4991 Hildeshciv

1887 4977 2083 5050 .mensi
2111 4993 2256 5062 apud
2290 4977 2657 5062 Francisch
2689 4986 3092 5062 Quercetanum
3116 4993 3252 5062 tom.
3288 4978 3384 5044 ΙΙΙ,
3406 4977 3492 5060 ⁸(ιιι

1894 5051 2259 5134 scriptoribus
2309 5060 2560 5116 Historiae
2615 5051 2977 5134 Francorum.
3020 5051 3336 5134 Bruschius‘
3370 5051 3492 5134 ejus

1896 5118 2103 5189 obitum
2148 5133 2216 5187 ad
2257 5147 2460 5186 annum
2507 5137 2825 5199 sequentem
2856 5125 3054 5199 refert,
3097 5138 3162 5199 eo
3193 5119 3340 5191 quod
3381 5118 3492 5199 for:

1893 5186 2365 5273 tussisqurdagus
2395 5202 2501 5273 hoc
2524 5186 2644 5271 ipso
2674 5214 2826 5273 anno
2839 5195 3018 5273 fuerit
3043 5186 3362 5273 ordinatus;
3394 5186 3490 5273 sed

1893 5277 2151 5345 Osdagns
2195 5261 2342 5345 circa
2383 5261 2564 5345 tinem:
2586 5269 2721 5345 anni
2752 5265 2868 5345 989
2913 5265 3084 5345 obiit,
3113 5271 3168 5318 et
3208 5261 3492 5330 Gcrdagus

1895 5336 2086 5402 mense
2106 5343 2368 5400 Januario
2391 5342 2521 5397 anni
2543 5339 2650 5396 990
2671 5337 2956 5392 ordinatus
2994 5336 3112 5388 fuit.
3273 5400 3305 5402 λ
3404 5399 3417 5402 _
3469 5399 3474 5402 _

1893 5399 1946 5426 'm
1961 5399 2084 5486 (55)
2110 5411 2402 5484 Gerbcrga,
2419 5412 2473 5466 in
2487 5410 2608 5486 eod.
2624 5409 2911 5486 Bamberg.
2923 5449 2936 5471 ,
2957 5404 3212 5486 (terga-gf:
3222 5418 3244 5483 ,ἱ
3271 5399 3485 5486 Baeda

1898 5472 2152 5550 συὶ-ὁπότ,
2195 5472 2502 5539 θιτιῑνεότοι·
2533 5479 2751 5550 Ottonis
2785 5472 3032 5542 secundi,
3067 5472 3489 5550 Sophiaaulmu

1895 5547 2753 5628 ejust'iiiaAetsororOttonisIll.
2801 5619 2850 5628 Ἀ
2891 5617 2904 5628 _
3016 5615 3065 5628 η
3414 5620 3451 5628 ,Α
3559 5615 3564 5622 ,

1969 5631 2084 5697 (39)
2124 5626 2267 5680 Editi
2292 5634 2415 5695 post
2444 5639 2630 5678 vocem
2664 5615 3172 5697 potiti/incisnaiidunt
3201 5615 3476 5697 imperata.

1899 5701 1946 5752 ri
1974 5685 2096 5770 quc,
2121 5705 2176 5751 et
2197 5697 2250 5753 id
2273 5685 2462 5752 verum
2488 5702 2570 5749 est
2593 5685 2892 5747 cx'V'ita'S.
2923 5685 3257 5742 Bernvvadi.
3559 5687 3564 5693 ‘
