4056 5360
556 340 695 396 1179

1427 329 1486 386 ε.
1530 326 1927 387 GODEHARDI
1965 318 2272 381 EPISCOPI
2312 312 2934 376 illLDESHEIMENSlS

3708 298 3839 355 1180

554 448 952 507 dedicationem
998 445 1244 502 ecclesiae
1282 442 1861 507 Gandersheimeusis,
1901 439 2142 497 collectis
2176 443 2217 500 Α
2247 435 2356 491 Deo
2403 434 2775 490 indesinenter
2841 422 3186 500 supplicavit.
3241 419 3610 493 Semetipsum
3662 424 3839 473 autalt

556 538 835 596 nonnullis
861 535 1156 607 episcopis,
1180 534 1237 588 in
1264 533 1449 604 vigilia
1473 531 1790 602 Epiphaniae
1811 528 2027 584 Domini
2056 542 2144 583 ce-

557 634 766 692 lebrare
786 631 1098 688 destinavit.
1125 627 1259 683 Illuc
1279 642 1409 697 ergo
1434 630 1639 681 statuto
1663 624 1751 679 die
1772 622 2142 687 advenientes,

555 738 611 782 et
637 722 997 781 dedicationis
1030 719 1266 776 oilicium
1291 712 1634 781 inchoantes,
1661 714 1810 770 intus
1845 727 2002 769 sacro
2029 727 2148 783 my-

557 817 729 874 sterio
751 823 991 886 peracto,
1019 829 1118 868 rex
1145 827 1271 868 cum
1298 808 1569 879 episcopis
1597 815 1651 862 et
1673 805 1995 877 primatibus
2024 812 2148 859 ante

559 908 709 963 fores
756 905 824 961 ad
863 903 1124 975 populum
1156 900 1438 972 processit,
1479 899 1572 953 ubi
1615 897 1765 970 [cum
1797 896 2148 967 Moguntinus

559 998 1016 1068 metropolitanus
1044 1010 1153 1051 una
1188 1010 1314 1049 cum
1349 993 1470 1048 aliis
1511 991 1783 1063 episcopis
1816 990 2147 1057 advenisset,

560 1098 616 1146 et
666 1089 1025 1146 dedicationis
1076 1087 1315 1144 oﬂicium
1370 1092 1836 1150 consummasset,
1889 1082 2149 1156 domnus]

560 1181 881 1254 Willegisu’s
938 1178 1049 1250 (40)
1106 1178 1554 1249 archiepiscopus
1622 1176 1841 1247 publico
1900 1189 2150 1231 sermone

562 1273 925 1332 aestimatione
949 1287 1048 1326 sua
1072 1271 1289 1340 culpam
1313 1268 1616 1341 professus,
1636 1268 1749 1338 juri
1769 1276 1822 1323 et
1843 1266 2151 1338 repetitioni

563 1364 807 1436 ejusdem
852 1362 960 1417 loci
1008 1360 1298 1434 [prtesente
1331 1375 1458 1431 rege.
1498 1367 1553 1414 et
1596 1359 1783 1414 multis
1825 1357 2152 1429 primatibus

564 1456 703 1530 suis]
733 1455 1164 1518 abrenuntiavit,
1204 1462 1258 1508 et
1293 1453 1349 1507 in
1377 1452 1754 1507 testimonium
1792 1451 1956 1520 hujus
1991 1450 2150 1505 abre—

562 1548 925 1605 nuntiationis
937 1546 1169 1602 ferulam
1181 1545 1546 1616 episcopalem
1563 1543 1788 1599 domino
1801 1542 2149 1608 Bernwardo,

562 1650 623 1696 ut
652 1648 841 1712 postea
872 1639 928 1693 in
968 1636 1515 1692 Frankenevordensi
1549 1635 1782 1691 concilio
1819 1635 2034 1703 claruit,
2062 1650 2154 1689 co-

561 1748 681 1788 ram
699 1732 845 1787 clero
861 1738 913 1786 et
934 1729 1134 1801 populo
1156 1726 1507 1784 condonavit.
1528 1725 1567 1779 Α
1578 1726 1988 1797 rchiepiscopus
2001 1741 2151 1792 vero,

563 1823 668 1879 hac
691 1823 784 1878 lite
812 1822 1019 1888 sedata,
1057 1820 1347 1892 praesulem
1390 1828 1643 1874 nostrum
1678 1818 1828 1873 omni
1864 1818 2073 1873 honore
2100 1825 2155 1873 et

562 1915 830 1971 charitate
855 1914 1021 1980 ultra,
1047 1911 1227 1984 quoad
1256 1911 1412 1979 vixit,
1436 1910 1644 1978 dilexit,
1670 1917 1724 1966 et
1749 1910 1806 1964 in
1828 1918 2018 1965 nostro
2038 1925 2153 1965 cu":-

563 2007 730 2062 nobio
756 2004 1096 2062 fraternitate
1127 2003 1430 2059 honorifice
1455 2003 1745 2073 acquisita,
1772 2017 2047 2057 summam
2072 2000 2157 2056 di-

565 2098 858 2154 lectionem
901 2106 955 2152 et
989 2097 1112 2152 loco
1141 2104 1194 2150 et
1226 2093 1490 2150 fratribus
1534 2093 1789 2165 providit.
1834 2092 1940 2161 Qui
1965 2092 2158 2163 quinto

563 2192 755 2261 postea
774 2205 920 2245 anno
938 2189 1132 2259 plenus
1144 2187 1359 2243 dierum
1376 2195 1430 2241 et
1451 2186 1722 2241 bonorum
1745 2186 1909 2240 etiam
1930 2200 2158 2255 operum

565 2281 632 2337 ad
675 2280 959 2337 Christum
1004 2280 1278 2352 migravit,
1317 2279 1477 2349 cujus
1519 2292 1896 2334 successorem
1927 2275 2157 2330 Erkam-

564 2374 785 2428 haldum
817 2372 1108 2428 Fuldensis
1144 2372 1380 2427 coenobii
1418 2370 1572 2440 prius
1615 2370 1867 2424 abbatem
1903 2369 2160 2424 dominus

565 2462 949 2529 Bermvardus,
972 2462 1088 2517 Kal.
1119 2460 1646 2533 Aprilis-,Magontia‘.
1668 2461 2027 2516 consecravit.
2056 2460 2162 2527 Qui

568 2555 770 2610 ibidem
796 2570 991 2609 novem
1020 2569 1195 2609 annos
1229 2553 1550 2624 praesidens,
1574 2553 1943 2607 ordinatorem
1977 2568 2158 2618 suum,

567 2646 1041 2718 consanguinitate
1074 2647 1240 2701 etiam
1279 2645 1383 2701 sibi
1422 2645 1812 2715 propinquum,
1850 2644 2032 2699 debita
2068 2644 2162 2699 de-

568 2737 791 2793 votione
818 2725 1104 2807 percoluit,
1135 2746 1189 2792 et
1216 2737 1284 2792 de
1306 2737 1619 2808 supradicta
1649 2737 2020 2792 controversia
2051 2752 2164 2790 om-

572 2829 704 2882 nino
740 2829 1021 2883 conticuit.
1050 2828 1188 2883 lIuic
1216 2836 1396 2882 autem
1435 2826 1604 2881 Aribo
1642 2827 1822 2898 regius
1852 2827 2163 2896 capellanus

573 2919 861 2986 successit,
889 2935 1051 2990 quem
1076 2919 1373 2989 imperialis
1395 2918 1584 2973 annuli
1614 2916 1780 2984 dono,
1812 2918 1963 2990 regio
1990 2935 2162 2985 more,

574 3010 966 3088 prmsignatum
1010 3010 1374 3066 Bcrnwardus
1417 3010 1707 3080 episcopus
1754 3011 1821 3065 ad
1869 3011 2164 3081 principale

575 3102 747 3156 altare
790 3110 1106 3173 praenotata:
1149 3101 1695 3157 Gandersheimensis
1738 3101 1980 3157 ecclesia:
2028 3118 2165 3172 pra:—

577 3194 858 3266 sbyterum
883 3194 1177 3261 ordinavit,
1205 3194 1364 3263 eique
1388 3191 1549 3248 Verbi
1575 3192 1691 3259 Dei,
1717 3202 1770 3248 et
1791 3193 1957 3247 banni
1992 3194 2167 3249 sancti

578 3284 726 3340 Petri
769 3285 1115 3352 auctoritate,
1153 3284 1399 3355 ejusdem
1436 3285 1625 3339 altaris
1661 3294 1715 3339 et
1751 3285 1917 3339 etiam
1946 3286 2052 3340 loci
2086 3285 2168 3339 vel

581 3378 1026 3448 cireumjaeentis
1054 3378 1316 3433 territorii
1344 3378 1781 3448 usurpationem,
1804 3378 2166 3443 invasioncm,

580 3470 666 3525 vel
703 3468 1077 3540 repetitionem
1113 3478 1325 3525 astante
1364 3470 1690 3540 imperatore
1716 3486 1840 3524 cum
1876 3472 2167 3541 episcopis,

500 3560 503 3561 ⁷
581 3562 798 3631 publice
843 3562 1140 3617 interdixit.
1189 3561 1247 3616 In
1304 3562 1469 3633 hujus
1520 3560 1690 3616 banni
1736 3562 2033 3617 vindictam
2085 3564 2172 3618 ille

582 3661 773 3709 nostro
819 3652 968 3708 Patri
1010 3654 1193 3709 intulit
1241 3655 1598 3709 tcntationem
1656 3654 1989 3723 prtedictam.
2045 3654 2175 3709 Erat

582 3756 800 3815 tamen,
850 3757 911 3803 ut
953 3749 1237 3803 veritatem
1292 3764 1399 3823 non
1454 3748 1821 3813 occultemus,
1880 3747 2022 3801 idem
2081 3764 2171 3802 ar-

586 3838 968 3908 chiepisc0pus
997 3855 1193 3909 genere
1223 3847 1276 3892 et
1305 3837 1590 3908 dignitate,
1620 3846 1673 3891 et
1716 3836 1980 3906 probabili
2009 3837 2175 3909 etiam

587 3947 801 3986 morum
834 3932 1115 4003 gravitate,
1144 3947 1290 3992 vere.
1330 3930 1423 3986 sed
1465 3930 1520 3983 in
1561 3931 1665 3984 hac
1702 3939 1912 3985 tantum
1949 3908 2174 3985 temeri-

588 4035 697 4080 tate
722 4042 850 4096 erga
880 4042 981 4080 nos
1025 4041 1125 4095 pro
1158 4033 1311 4095 parte
1345 4024 1652 4093 culpabilis.
1692 4022 1816 4078 Haec
1854 4039 1983 4095 ergo
2012 4024 2177 4094 hujus

588 4117 874 4173 conﬂictus
902 4117 1238 4172 abbreviatio
1262 4115 1386 4171 ideo
1422 4116 1511 4171 hic
1540 4117 1854 4181 adnotatur,
1889 4125 1950 4171 ut
1981 4117 2177 4172 subse-

589 4207 806 4274 quentis
849 4206 1264 4276 disceptationis
1307 4206 1374 4260 de
1420 4205 1612 4260 eodem
1663 4205 2179 4282 Gandersheimensi

592 4296 864 4350 territorio
889 4297 1095 4350 veritas
1120 4305 1172 4351 et
1196 4295 1337 4350 ratio
1365 4295 1569 4350 clarius
1596 4303 1980 4365 cognoscatur.

660 4388 748 4443 25.
792 4386 992 4443 Beatus
1025 4388 1190 4458 igitur
1215 4386 1570 4442 Golehardus
1593 4387 1940 4457 pontiﬁcatus
1993 4387 2182 4445 infulis

2189 1789 2229 1842 li

2247 526 2304 581 in
2332 524 2696 581 sanctimonia
2747 520 2909 577 solita
2952 526 3007 575 et
3051 516 3110 571 in
3152 514 3410 587 primitus
3449 521 3634 582 coepta
3672 510 3840 565 bono-

2247 633 2369 672 rum
2391 632 2620 687 operum
2641 612 2960 671 assiduitate
2980 625 3091 665 non
3122 607 3303 665 solum
3343 614 3503 662 caute
3530 600 3841 670 custodivit,

2249 710 2341 765 sed
2369 708 2537 763 etiam
2566 705 2820 776 religiose
2844 700 3035 758 dietim
3064 694 3535 769 augmentavit,1n
3571 691 3777 761 vigiliis
3796 695 3845 746 et

2249 801 2609 866 orationibus,
2642 813 2707 854 ac
2760 794 3019 852 continua
3040 802 3094 848 et
3113 799 3263 846 certe
3305 789 3395 843 vix
3424 784 3682 844 credibili
3712 780 3847 854 jeju-

2242 895 2471 950 niorum
2533 890 2988 962 frequentatione,
3029 896 3083 942 et
3116 884 3426 956 largissima
3468 881 3846 949 eleemosyna-

2248 1003 2373 1041 rum
2398 984 2740 1056 profusione,
2772 992 2825 1038 et
2868 983 2923 1036 in
2953 992 3169 1037 summa
3202 976 3375 1032 totius
3421 971 3600 1028 divini
3632 968 3849 1025 timoris

2252 1077 2534 1149 gravitate,
2575 1091 2752 1147 usque
2785 1075 2843 1130 in
2870 1073 3057 1139 tinem,
3109 1067 3316 1140 Spiritu
3357 1074 3550 1122 sancto
3593 1060 3852 1117 corrobo-

2252 1178 2426 1236 rante,
2453 1166 2838 1239 perseveravit.
2879 1163 3005 1220 Fuit
3034 1177 3186 1233 ergo,
3210 1169 3272 1216 ut
3312 1159 3462 1213 nulla
3488 1168 3730 1226 prorsus
3752 1151 3851 1206 vir-

2251 1262 2385 1318 tutis
2410 1261 2531 1331 ejus
2562 1256 2888 1330 panegyrica
2932 1252 3364 1326 praetermittam,
3397 1248 3625 1319 regibus
3659 1252 3717 1299 et
3757 1244 3855 1314 pri-

2253 1349 2501 1405 moribus
2523 1356 2577 1403 et
2598 1345 2878 1402 formidini
2899 1352 2954 1399 et
2974 1341 3205 1408 honori;
3235 1338 3444 1396 caeteris
3464 1351 3623 1401 vero,
3639 1333 3854 1389 unicui-

2254 1456 2360 1513 que
2382 1439 2682 1497 secundum
2708 1454 2788 1503 se.
2820 1435 3003 1491 timori
3025 1433 3229 1504 pariter
3248 1440 3301 1486 ct
3328 1428 3525 1495 amori,
3575 1442 3682 1498 pro
3725 1441 3856 1481 cun-

2255 1533 2357 1588 ctis
2395 1531 2603 1588 scilicet
2642 1530 2744 1584 rite
2793 1526 3081 1592 sollicitus,
3136 1523 3263 1579 etin
3315 1520 3536 1575 Christo
3598 1516 3858 1572 omnibus

2256 1624 2441 1681 omnia
2489 1623 2689 1688 factus,
2723 1621 2825 1677 soli
2857 1627 3068 1675 tantum
3118 1616 3222 1683 sibi
3273 1613 3454 1685 gravis
3502 1620 3559 1666 et
3600 1619 3861 1663 austerus

2256 1717 2493 1788 perstitit
2518 1726 2573 1771 et
2598 1730 2817 1786 parcus.
2843 1709 3169 1768 Coenobium
3200 1722 3362 1763 suum
3415 1701 3686 1774 pastorali
3729 1715 3861 1755 cura

2258 1810 2532 1880 sapienter
2561 1804 2903 1879 gubernavit,
2924 1812 2979 1859 et
3004 1801 3237 1857 fratrum
3273 1795 3563 1854 commoda
3615 1794 3674 1849 in
3714 1792 3860 1847 victu

2256 1912 2309 1958 et
2332 1901 2551 1967 vestitu,
2576 1898 2900 1968 caeterisque
2930 1893 3243 1966 indigentiae
3294 1890 3550 1945 humana:
3599 1900 3860 1941 necessa-

2257 1996 2377 2063 riis,
2408 1993 2608 2064 saapius
2634 1989 2893 2056 adauxit;
2932 2002 3072 2058 quos
3092 1985 3254 2040 etiam
3281 1982 3349 2037 ad
3373 1995 3546 2036 sacra:
3575 1975 3864 2048 religionis

2259 2085 2667 2143 observantiam
2708 2081 3020 2152 apostolica:
3059 2073 3337 2147 arguendo
3391 2081 3445 2126 et
3493 2065 3861 2131 obsecrando,

2260 2177 2738 2247 multipliciterque
2797 2168 3148 2227 informando
3177 2209 3191 2234 ,
3278 2161 3560 2220 conduxit.
3625 2157 3866 2213 Juvenes

2260 2286 2478 2341 quoque
2506 2277 2561 2323 et
2596 2282 2815 2338 pueros,
2845 2278 2986 2336 quos
3011 2261 3143 2315 inibi
3176 2260 3331 2313 bona:
3362 2255 3562 2310 indolis
3610 2262 3669 2308 et
3712 2251 3862 2323 sapi-

2261 2364 2360 2418 dus
2388 2361 2614 2427 invenit,
2640 2375 2735 2430 per
2760 2358 2974 2413 diversa
3022 2351 3336 2409 scholarum
3385 2346 3566 2403 studia
3617 2344 3866 2400 circum-

2262 2476 2480 2533 quaque
2507 2456 2832 2529 dispertivit,
2864 2468 3101 2526 quorum
3125 2459 3272 2506 certe
3326 2456 3519 2519 postea
3563 2442 3866 2500 servimine

2261 2554 2472 2608 variam
2497 2567 2560 2606 ac
2582 2548 2935 2619 multiplicem
2966 2560 3080 2601 sua:
3107 2541 3349 2598 ecclesia:
3377 2538 3673 2593 utilitatem
3708 2535 3766 2588 in
3788 2535 3866 2588 le-

2264 2646 2465 2711 ctione,
2504 2642 2797 2712 scriptura,
2840 2648 2896 2694 et
2943 2637 3177 2708 pictura,
3210 2649 3275 2688 ac
3321 2630 3520 2702 plurali
3552 2626 3867 2683 honestiori

2264 2736 2530 2792 clericalis
2575 2733 2736 2790 cilicii
2775 2730 3084 2800 disciplina,
3131 2721 3483 2795 conquisivit.
3512 2717 3871 2774 Thesaurum

2266 2828 2622 2884 nihilominus
2662 2821 3114 2887 ecclesiasticum,
3145 2831 3307 2889 quem
3329 2814 3464 2868 inibi
3503 2826 3868 2866 numerosum

2267 2917 2495 2983 invenit,
2519 2924 2630 2970 tam
2660 2915 2917 2970 decenter
2960 2926 3127 2982 quam
3174 2916 3227 2962 et
3255 2905 3461 2962 utiliter
3484 2901 3794 2973 ampliavit,
3818 2909 3870 2955 et

2267 3009 2530 3083 quidquid
2559 3009 2611 3063 in
2641 3006 2886 3063 aedificiis
2916 3000 3306 3060 ecclesiasticis
3328 3014 3437 3053 non
3455 2996 3639 3052 solum
3666 2993 3871 3065 princi-

2269 3104 2408 3175 palis
2444 3115 2557 3159 stue
2582 3099 2840 3166 civitatis,
2882 3097 2977 3153 scd
3007 3104 3061 3151 et
3091 3095 3146 3149 in
3193 3092 3315 3147 aliis
3381 3105 3496 3145 suae
3535 3085 3873 3158 provisionis

2270 3197 2405 3254 locis
2431 3193 2675 3255 dirutum
2700 3191 2782 3245 vel
2822 3197 3141 3244 veteranum
3165 3181 3385 3254 reperit,
3430 3188 3612 3235 totum
3660 3193 3874 3235 summa

2272 3286 2545 3343 celeritate
2567 3282 2895 3347 distrahere,
2924 3290 3192 3334 renovare
3220 3282 3273 3328 et
3308 3271 3607 3327 meliorare
3649 3267 3876 3325 festina-

2271 3380 2366 3434 vit.
2388 3378 2532 3433 Inter
2557 3390 2680 3447 qua:
2708 3383 2893 3429 tamen
2913 3371 3100 3427 omnia
3131 3365 3513 3437 baptismalem
3555 3361 3874 3426 ecclesiam,

2272 3485 2438 3542 quam
2463 3467 2637 3522 felicis
2659 3462 2938 3520 memorim
2995 3459 3253 3524 Otuinus,
3274 3455 3523 3511 decimus
3555 3462 3748 3509 noster
3782 3467 3877 3507 an-

2274 3562 2449 3627 tistes,
2483 3560 2537 3615 in
2589 3559 2795 3613 honore
2832 3561 3036 3611 sancta:
3070 3551 3252 3605 Mariae
3295 3547 3587 3616 sanctique
3635 3544 3878 3615 Epipha-

2276 3653 2349 3707 nii
2373 3649 2635 3721 episcopi,
2658 3663 2820 3718 quem
2873 3645 2939 3700 de
2972 3643 3139 3713 Papia
3169 3640 3408 3706 civitate,
3465 3636 3564 3691 Dei
3593 3637 3763 3703 dono,
3787 3650 3879 3704 pa-

2276 3756 2494 3801 tronum
2520 3742 2679 3797 nobis
2708 3737 2936 3793 adduxit
2967 3735 3105 3807 (At),
3130 3734 3186 3788 in
3210 3730 3440 3787 australi
3479 3737 3639 3801 parte
3679 3737 3879 3784 nostra

2276 3836 2521 3892 ecclesiae
2558 3831 2887 3896 construxit,
2917 3827 3073 3884 senio
3108 3838 3253 3881 certe
3287 3832 3341 3879 et
3370 3821 3704 3892 negligentia
3732 3819 3879 3873 dela-

2278 3943 2432 3999 psam
2454 3924 2644 3990 diruit,
2686 3931 2741 3978 et
2776 3922 2832 3975 in
2873 3920 3065 3975 eodem
3097 3917 3220 3973 loco
3254 3904 3671 3970 monasterium.
3710 3912 3879 3965 bone-

2280 4031 2426 4074 stum
2452 4018 2505 4073 in
2533 4014 2864 4087 praetitulato
2886 4004 3115 4076 honOre,
3144 4009 3323 4079 primo
3353 4021 3469 4061 sure
3517 4003 3882 4059 ordinationis

2279 4126 2446 4176 anno,
2476 4107 2744 4172 fundavit,
2774 4112 2973 4176 quarto
2995 4098 3417 4163 consummavit,
3442 4106 3497 4151 et
3521 4095 3729 4150 ibidem
3750 4108 3880 4148 con-

2281 4200 2647 4275 gregationem
2680 4196 2999 4252 canonicam
3025 4192 3201 4264 pluris
3226 4205 3355 4245 sane
3384 4187 3618 4243 honoris
3653 4194 3709 4240 et
3739 4183 3882 4239 utili-

2283 4295 2409 4349 tatis
2438 4292 2491 4346 in
2518 4290 2615 4346 Dei
2646 4289 2842 4345 timore
2873 4283 3221 4350 coadunavit,
3247 4296 3414 4353 quam
3457 4277 3774 4335 concambii
3802 4275 3883 4330 sui

2284 4383 2647 4455 acquisitione
2688 4378 3018 4437 sufficienter
3071 4374 3288 4431 vestivit
3318 4382 3371 4428 et
3402 4372 3571 4443 pavit,
3599 4369 3883 4451 abundan-

589 4481 881 4536 dccoratus
910 4495 1083 4535 nonas
1132 4478 1446 4535 Decembris
1499 4477 1900 4535 Hildencsheim
1941 4481 2178 4550 advenit,
2214 4480 2258 4534 D
2285 4488 2503 4546 temque
2534 4474 2643 4529 illic
2672 4473 2727 4528 in
2765 4471 3011 4526 futurum
3053 4467 3118 4523 ad
3177 4467 3303 4521 talia
3342 4462 3730 4520 sufﬁcientiam
3759 4475 3885 4516 con-

590 4588 890 4643 omnesque
913 4572 968 4627 in
998 4588 1100 4627 suo
1143 4573 1380 4627 adventu
1427 4572 1763 4644 gratulantes
1806 4573 2030 4629 invenit.
2080 4574 2187 4641 Qui

590 4681 719 4720 mox
752 4673 811 4720 ut
838 4665 1073 4721 emnobii
1101 4664 1275 4721 nostri
1310 4665 1629 4736 religionem
1675 4674 1903 4721 eatenus
1946 4666 2188 4721 rationa-

592 4758 792 4824 biliter,
832 4756 942 4811 Deo
961 4758 1185 4829 gratias,
1216 4766 1598 4813 conservatam
1621 4757 1861 4828 agnovit,
1887 4757 2186 4830 condignas

592 4850 740 4905 illico
776 4849 974 4904 divina:
1026 4849 1371 4904 miserationi
1407 4850 1598 4905 laudes
1645 4850 1982 4920 persolvens,
2037 4849 2186 4906 omni

592 4958 715 4997 eam
738 4941 1043 4996 devotionis
1065 4942 1246 4996 studio
1269 4941 1550 5011 ampliare,
1592 4950 1645 4995 ct
1682 4941 1737 4995 in
1789 4941 1958 4996 divini
2008 4941 2188 4997 cultus

593 5035 857 5090 exercitio
886 5036 1251 5089 condecorarc
1289 5034 1502 5104 sategit.
1550 5032 1884 5089 Forinsecus
1914 5050 2066 5100 vero,
2120 5034 2187 5089 de

597 5127 834 5196 generali
855 5126 988 5182 cieri
1009 5136 1063 5181 et
1084 5127 1267 5197 populi
1300 5126 1694 5197 gubernatione
1725 5126 2020 5196 episcopali
2058 5142 2186 5196 spe-

2288 4568 2533 4626 donavit.

2294 4656 2317 4671 '
2358 4662 2447 4716 24.
2487 4659 2812 4713 Miraculum
2836 4655 2999 4727 igitur
3024 4653 3285 4724 primum,
3317 4646 3467 4720 quod
3487 4662 3587 4718 per
3613 4660 3745 4701 eum
3769 4659 3885 4716 gra-

2288 4755 2362 4810 tia
2393 4750 2598 4808 Christi
2650 4750 2770 4820 ipso
2821 4763 2923 4803 suo
2966 4746 3147 4817 primo
3178 4758 3325 4798 anno
3355 4737 3724 4796 ordinationis
3781 4750 3885 4790 sua:

2288 4844 2510 4911 fecerat,
2537 4844 2591 4899 in
2624 4857 2773 4912 spem
2802 4849 2857 4895 et
2876 4838 3135 4910 gaudium
3168 4836 3435 4890 lectorum
3461 4831 3551 4886 hic
3573 4829 3776 4885 merito
3797 4828 3875 4881 in.

2291 4932 2686 5006 terponendum
2717 4930 2931 5000 opinor,
2955 4926 3124 4998 quod,
3162 4926 3281 4995 ipsa
3305 4923 3558 4987 veritate,
3586 4936 3712 4991 qua:
3750 4918 3885 4972 Deus

2289 5037 2391 5092 est,
2419 5034 2553 5081 teste
2582 5038 2693 5078 non
2719 5021 2983 5086 mentior,
3023 5019 3092 5074 ab
3142 5019 3265 5087 ipso
3287 5013 3510 5086 quidem
3534 5027 3711 5081 usque
3750 5010 3805 5064 in
3830 5007 3886 5062 ti-

2293 5136 2417 5175 nem
2454 5118 2670 5189 penitus
2693 5115 2955 5180 cclatum,
2977 5111 3072 5168 sed
3099 5127 3128 5165 a
3167 5109 3313 5165 clero
3334 5116 3391 5162 et
3438 5104 3643 5175 populo
3674 5103 3771 5173 qui
3806 5101 3884 5153 in-

2515 5217 2529 5230 ι
2564 5206 2895 5230 J:---.I..-s.....
2953 5202 3153 5230 vnrlnm
3210 5213 3356 5230 nni-tl
3400 5195 3561 5230 ΔΙ-ἶιιη
3624 5190 3887 5230 n‘ainni.
