4056 5360
226 310 369 367 “8|

1789 312 1970 367 VITA.

3373 309 3511 366 H83

224 423 389 483 tavit.
418 420 508 476 ubi
530 422 824 477 concilium
847 422 1099 493 generale
1122 386 1472 490 coadunavit,
1497 422 1552 477 in
1573 437 1687 492 quo
1705 422 1819 493 epi-
1850 432 1896 486 Α
1926 427 2088 483 Sulza
2117 426 2340 483 dicitur.
2365 424 2486 493 Qua
2517 425 2606 481 ille
2635 432 2900 496 spectata,
2930 432 2986 480 et
3046 425 3300 481 illusione
3341 435 3507 484 etiam

223 529 530 586 scoparum
576 514 809 569 consilio
834 514 991 583 plura
1017 530 1142 586 qua:
1172 514 1525 570 deviaverant
1565 515 1824 582 correxit,

1929 519 2276 591 pbantastica
2302 535 2410 590 qua
2431 519 2591 575 bruta
2620 518 2772 589 plebs
2794 518 3098 573 tenebatur
3125 518 3330 585 audita,
3351 534 3506 575 eam-

220 608 507 678 praacipue
527 616 711 661 tamen
739 604 998 662 Ottonem
1028 608 1287 663 comitem
1315 606 1384 662 de
1400 606 1744 663 llamerstein
1770 618 1829 663 et
1926 612 2051 668 dem
2083 610 2337 680 paludem
2366 608 2609 666 secundo
2631 609 2717 664 sui
2743 608 3009 664 adventus
3053 623 3198 663 anno
3226 623 3353 663 eum
3381 624 3508 664 cru-

216 698 635 769 lrmengardam
654 697 838 753 illicite
851 708 1258 755 eommanentes
1267 714 1522 770 separare
1532 697 1822 769 disposuit.

218 792 390 859 Quod
427 801 610 847 tamen
660 791 879 860 penitus
912 790 1174 861 perficere
1210 806 1321 846 non
1370 792 1546 861 potuit
1575 792 1704 862 quia
1733 792 1824 847 ille

218 898 288 939 se
312 883 515 954 partim
544 882 713 953 regali
752 881 969 948 timore,
1020 883 1218 953 paztim
1253 883 1554 953 episcOpali
1577 898 1823 940 commo-

215 974 439 1029 nitione
460 982 740 1044 utcunque
765 974 1031 1041 correxit;
1064 974 1152 1029 illa
1190 990 1319 1029 vero
1354 976 1567 1044 publice
1610 976 1822 1033 bannos

215 1068 616 1139 prtevaricans,
644 1067 845 1123 ibidem
866 1068 960 1137 jus
979 1068 1280 1138 legemque,
1305 1077 1367 1122 ut
1393 1069 1479 1123 vel
1528 1068 1690 1124 hodie
1715 1069 1821 1124 cla-

215 1170 330 1226 ret,
385 1160 632 1216 funditus
682 1160 938 1230 perdidit.
972 1160 1054 1215 Ad
1085 1160 1229 1215 idem
1277 1161 1572 1217 concilium
1619 1164 1818 1233 prmsul

215 1262 414 1310 noster
428 1262 484 1310 et
520 1254 791 1325 imperiali
814 1262 869 1309 et
890 1252 1188 1325 pontificali
1211 1255 1499 1311 vocatione
1528 1255 1815 1327 allegatus,

212 1347 450 1418 pulchra
472 1347 603 1402 cleri
630 1355 685 1401 et
711 1346 919 1401 militiae
960 1345 1288 1417 frequentia,
1311 1348 1416 1402 etsi
1445 1363 1559 1403 non
1600 1356 1814 1418 sponte,

211 1440 518 1495 comitatus
566 1440 660 1494 illo
708 1440 1055 1510 properabat,
1085 1447 1139 1493 et
1162 1440 1401 1509 quadam
1453 1439 1543 1495 die
1586 1440 1640 1494 in
1677 1456 1816 1512 pago

210 1532 312 1602 qui
340 1531 693 1603 Longingaha
721 1532 944 1597 dicitur,
967 1532 1123 1602 juxta
1154 1532 1473 1602 pradictum
1527 1534 1814 1589 castellum

210 1623 464 1691 Gruona,
493 1625 586 1680 ubi
614 1625 709 1680 Dei
739 1626 911 1697 gratia
940 1635 995 1681 et
1020 1627 1228 1683 electus
1248 1635 1304 1682 et
1330 1636 1685 1684 consecratus
1706 1638 1810 1697 est,

206 1717 321 1772 iter
344 1718 619 1787 carpebat.
643 1715 706 1771 Et
734 1717 961 1788 contigit
983 1719 1056 1773 ibi
1072 1718 1127 1773 in
1148 1718 1275 1773 villa
1289 1720 1583 1789 quamdam
1614 1719 1811 1774 mulie-

1926 719 1988 760 ce
2012 712 2067 758 et
2094 702 2341 772 reliquiis
2391 710 2708 757 sanctorum
2765 699 2983 767 invasit,
3013 707 3068 754 et
3117 698 3505 756 habitationem

1924 809 2082 850 suam
2112 793 2312 849 ibidem
2339 794 2562 862 aptavit,
2587 801 2643 848 et
2667 793 2724 847 in
2746 791 2924 848 medio
2945 792 3189 862 periculo
3207 794 3505 848 oratorium

1923 885 1980 940 in
2009 885 2221 940 honore
2241 885 2419 940 sancti
2445 884 2675 955 apostoli
2697 876 3081 941 Bartholon'uei
3107 882 3353 940 fundavit
3369 885 3502 956 (42).
3532 869 3539 877 ’

1922 975 2043 1043 Quo
2070 978 2427 1047 consequenti
2449 992 2596 1031 anno
2634 985 3018 1032 consummato
3054 984 3109 1031 et
3158 977 3357 1043 dicato,
3387 992 3508 1032 om-

1920 1084 1989 1124 ne
2012 1069 2320 1125 daamonum
2335 1071 2660 1140 phantasma
2674 1069 2870 1125 exinde
2890 1068 3136 1125 funditus
3165 1071 3505 1141 exstirpavit,

1919 1170 1981 1216 et
1999 1160 2253 1217 eumdem
2285 1161 2469 1218 locum
2499 1161 2756 1218 omnibus
2781 1161 3272 1228 commorantibns,
3301 1160 3384 1215 vel
3405 1160 3505 1215 ad-

1919 1253 2265 1309 venientibus
2291 1263 2591 1325 gratum,et
2623 1254 2740 1310 sine
2762 1255 3004 1324 qualibet
3026 1254 3322 1310 tentatione
3351 1254 3508 1310 habi-

1917 1344 2138 1399 tabilem
2166 1345 2419 1401 reddidit.
2468 1345 2572 1400 Ubi
2608 1345 3012 1402 xenodoebium
3046 1345 3253 1402 Christi
3280 1347 3338 1401 in
3359 1361 3507 1402 rece-

1916 1437 2159 1507 ptionem
2187 1453 2491 1510 pauperum
2518 1439 2825 1505 aediﬁcavit,
2857 1438 3005 1510 quod
3047 1438 3198 1494 omni
3250 1439 3506 1496 humana

1915 1529 2224 1601 indigentia:
2284 1532 2672 1589 commoditate
2729 1533 3036 1599 abundans,
3089 1531 3236 1587 fideli
3283 1531 3503 1587 cuidam

1915 1639 2018 1680 suo
2069 1625 2393 1697 presbytero
2428 1625 2780 1691 Bernwardo,
2824 1626 2985 1696 cujus
3023 1625 3114 1681 hic
3166 1640 3366 1680 nomen
3403 1641 3504 1696 pro

1913 1716 2038 1771 ﬁdei
2079 1718 2277 1773 merito
2321 1717 2448 1787 jure
2497 1718 2883 1788 interponitur,
2934 1716 3365 1783 commendavit;
3406 1732 3503 1786 per

205 1823 384 1863 rema
424 1780 620 1879 spiritu
657 1780 943 1865 immundo
994 1810 1205 1877 vexari,
1228 1780 1334 1866 eta
1361 1811 1681 1881 parentibus
1721 1813 1805 1866 vel
1843 1780 1885 1835 Β
1910 1806 2117 1863 Christi
2152 1780 2355 1864 nomen
2406 1824 2534 1864 eum
2586 1780 2929 1879 frequentius
2985 1808 3300 1864 terribiliter
3342 1780 3499 1863 oble-

205 1900 541 1972 prOpinquis
579 1916 676 1972 per
717 1902 981 1960 ecclesias
1023 1903 1091 1958 ad
1130 1912 1451 1960 sanctorum
1503 1904 1806 1975 patrocinia

207 1995 576 2050 circumduci.
605 1994 709 2062 Qui
736 1996 869 2051 dum
919 2013 1120 2053 novum
1168 1999 1487 2070 episcopum
1514 2001 1807 2056 adventare

204 2085 342 2141 illnc
363 2084 757 2157 cogndverant,
803 2088 858 2143 in
897 2104 1191 2146 occursum
1216 2092 1265 2147 ei
1312 2101 1504 2148 sancta
1536 2094 1655 2163 ejus
1681 2095 1805 2165 opi-

203 2179 376 2233 nione
397 2178 658 2247 fiduciati,
683 2181 847 2236 simul
872 2196 997 2236 eum
1039 2183 1258 2239 inﬁrma
1306 2185 1519 2239 concite
1544 2202 1806 2257 propera-

199 2272 360 2326 lant.
388 2270 708 2329 lmmundus
740 2288 872 2329 vero
901 2274 1151 2344 spiritus,
1201 2275 1321 2346 ipsa
1358 2292 1551 2332 eorum
1579 2277 1805 2335 festina-

200 2364 356 2419 tione
383 2363 719 2435 pavefactus,
744 2380 843 2435 per
868 2380 931 2421 os
962 2366 1191 2422 infirma:
1226 2369 1392 2423 anxio
1426 2369 1664 2425 clamore
1693 2388 1804 2442 quo

201 2456 503 2514 duceretur
530 2457 831 2527 inquisivit.
856 2457 958 2512 Cui
982 2473 1108 2514 cum
1172 2459 1415 2517 dicerent
1441 2462 1588 2532 quod
1621 2462 1677 2516 in
1708 2479 1803 2519 oc-

195 2567 431 2611 cursum
500 2547 809 2611 Godehardi
864 2549 1106 2621 episcopi
1153 2551 1495 2619 traheretur,
1543 2552 1802 2609 horrifico

195 2648 389 2704 statim
413 2646 623 2719 mugitu
647 2653 702 2702 et
743 2644 952 2701 ululatu
976 2643 1143 2715 coepit
1185 2643 1577 2700 miserabiliter
1626 2644 1802 2702 refra-

196 2738 342 2808 gari,
399 2744 475 2805 et,
521 2752 591 2792 ne
627 2735 695 2791 ad
741 2737 1060 2807 episcopum
1107 2733 1337 2801 veniret,
1398 2734 1532 2805 ipsis
1553 2735 1647 2806 qui
1675 2751 1799 2791 eam

194 2829 472 2885 ducebant
494 2828 823 2883 mirantibus
846 2830 1051 2899 pariter
1098 2838 1153 2885 et
1175 2828 1616 2901 pavescentibus,
1649 2829 1798 2883 relu-

195 2921 361 2988 ctari,
385 2919 599 2991 ejulans
632 2920 1019 2985 etvociferans
1066 2921 1451 2977 Godebardum
1479 2936 1537 2978 se
1571 2937 1671 2977 nec
1700 2935 1799 2977 au-

194 3011 316 3065 dire
359 3025 460 3066 nec
478 3025 642 3081 posse
667 3011 871 3066 videre.
922 3010 980 3066 In
1029 3028 1095 3068 eo
1122 3015 1440 3079 certamine,
1487 3014 1619 3069 dum
1645 3014 1798 3069 infir-

196 3118 288 3157 ma
312 3117 343 3157 a
381 3101 631 3158 fidelibus
651 3103 756 3159 ﬁde
778 3112 830 3159 et
853 3119 971 3174 spe,
997 3113 1057 3160 ut
1082 3120 1209 3161 vere
1229 3106 1424 3177 patuit,
1457 3105 1796 3163 ferventibus
1822 3131 1870 3195 ο

197 3193 547 3261 trahebatur,
592 3196 820 3265 spiritus
876 3205 1060 3251 autem
1090 3213 1324 3267 nequam
1381 3206 1494 3252 tota
1535 3198 1794 3254 violentia

198 3286 597 3341 reluctabatur:
635 3288 873 3354 tandem,
926 3288 1038 3343 Deo
1084 3289 1307 3358 gratias,
1337 3287 1524 3361 fugato
1549 3289 1796 3346 daemone

197 3378 396 3432 mulier
418 3378 703 3446 liberatur,
728 3388 782 3434 et
808 3380 875 3434 ad
906 3381 1088 3434 virum
1141 3379 1258 3447 Dei,
1285 3381 1377 3435 ubi
1426 3381 1530 3435 sub
1555 3380 1793 3451 quadam

197 3470 394 3524 arbore
417 3468 685 3541 refrigerii
716 3472 888 3542 gratia
921 3470 1190 3537 consedit,
1227 3487 1359 3525 sana
1391 3473 1555 3527 corde
1590 3481 1644 3528 et
1667 3488 1793 3527 cor-

196 3576 329 3631 pore
357 3560 694 3631 perducitur.
736 3561 840 3628 Qui
867 3562 1101 3633 cognitis
1137 3562 1325 3630 rebus,
1351 3562 1548 3618 timore
1586 3565 1793 3635 pariter

201 3660 254 3705 et
301 3651 501 3722 gaudio
550 3663 944 3723 compunctus,
1005 3654 1313 3726 lacrymans
1381 3656 1585 3726 gratias
1647 3657 1789 3711 divi--

197 3758 281 3796 me
330 3742 520 3813 pietati
578 3744 635 3798 in
707 3743 900 3799 faciem
946 3754 1255 3814 prostratus
1311 3745 1438 3816 jure
1509 3748 1787 3816 persolvit,

193 3834 481 3906 eidemque
509 3850 707 3891 manus
748 3836 1038 3906 imponens
1065 3852 1185 3891 eam
1216 3837 1600 3893 benedictione
1644 3840 1791 3909 pari-

193 3936 276 3981 ter
296 3935 347 3980 et
376 3941 537 3995 prece
562 3927 617 3980 in
645 3925 747 3981 [ide
803 3927 1152 3993 confortavit,
1205 3938 1259 3983 et
1306 3930 1579 3984 valentem
1604 3930 1715 3985 imo
1737 3940 1791 3987 et

193 4016 516 4087 gaudentem
542 4033 666 4073 cum
692 4019 1054 4090 gaudentibus
1077 4020 1288 4076 civibus
1318 4030 1372 4076 et
1398 4021 1590 4077 amicis
1621 4024 1786 4077 remi-

192 4118 294 4173 Sll;
325 4108 515 4178 sicque
566 4109 668 4165 iter
715 4111 861 4180 qqu
895 4120 1137 4180 coeperat
1161 4111 1412 4183 ἔρρε-θεὴ.
1470 4112 1626 4168 Unde
1660 4130 1788 4171 eum

190 4216 384 4256 omnes
406 4201 500 4270 qui
527 4216 653 4256 cum
675 4217 741 4256 eo
766 4202 1173 4257 comitabantur
1199 4205 1435 4274 amplius
1457 4216 1509 4261 et
1531 4208 1789 4263 amabant

189 4301 241 4345 ct
273 4291 560 4359 timebant,
594 4292 753 4362 cujus
791 4308 977 4349 coram
1006 4293 1117 4349 Deo
1144 4295 1255 4350 tale
1290 4297 1549 4352 meritum
1583 4314 1788 4371 cogno—

190 4384 439 4450 scebant,
486 4383 687 4455 quibus
734 4394 917 4439 tamen
949 4384 1027 4457 [et
1064 4396 1175 4441 tam
1206 4389 1556 4457 ,parentibus
1596 4392 1788 4459 puellas

1909 1907 2087 1967 stans,
2115 1910 2177 1955 ut
2215 1900 2328 1972 (45)
2370 1916 2479 1956 non
2519 1900 2699 1956 solum
2749 1900 2863 1956 illic
2885 1898 3377 1964 commorantibus,
3403 1897 3500 1953 sed

1906 2003 1962 2051 et
1981 1996 2193 2051 cunctis
2221 1995 2361 2051 forte
2380 1996 2823 2063 adventantibus,
2874 1997 3052 2053 victus
3074 2003 3130 2052 et
3147 1996 3378 2051 vestitus
3398 2011 3498 2051 ne-

1907 2086 2145 2141 cessaria
2170 2088 2242 2141 ita
2267 2089 2657 2144 convenienter
2702 2088 3030 2158 provideret,
3071 2089 3234 2145 sicuti
3264 2104 3363 2159 pro
3394 2089 3501 2143 bac

1907 2176 2024 2248 ipsa
2051 2193 2152 2233 sua
2175 2179 2584 2249 dispensatione
2614 2179 2728 2237 Deo
2753 2180 3023 2236 rationem
3071 2180 3298 2236 reddere
3334 2180 3499 2236 debe-

1905 2278 2005 2325 ret.

1974 2361 2065 2416 26.
2098 2361 2381 2428 Quoddam
2427 2373 2610 2420 tamen
2658 2367 2851 2421 talium
2893 2381 3087 2437 genus,
3133 2366 3256 2421 illos
3284 2366 3497 2423 scilicet

1906 2454 2002 2524 qui
2032 2455 2117 2510 vel
2147 2456 2495 2524 monachico,
2537 2458 2622 2512 vel
2645 2460 2936 2523 canonico,
2977 2459 3063 2513 vel
3104 2458 3270 2514 etiam
3303 2457 3495 2513 Graeco

1907 2545 2097 2601 habitu
2124 2562 2221 2616 per
2236 2548 2489 2619 regiones
2513 2559 2568 2605 et
2592 2567 2757 2621 regna
2780 2552 3118 2618 discurrunt,
3144 2567 3284 2622 quos
3306 2560 3360 2606 et
3378 2551 3496 2606 Pla-

1903 2637 2051 2692 tonis
2075 2653 2228 2694 more
2256 2638 2651 2711 Peripateticos
2674 2642 2952 2697 irridendo
2973 2643 3402 2714 cognominavit,
3428 2643 3496 2697 il-

1904 2728 2007 2796 los,
2034 2729 2283 2801 inquam,
2322 2748 2554 2803 prorsus
2566 2734 2950 2804 exprobrando
2977 2736 3138 2805 quasi
3164 2736 3492 2791 exsecraba-

1906 2828 1998 2876 tur
2026 2838 2039 2874 :
2072 2836 2214 2892 quos
2247 2832 2433 2880 tamen
2466 2834 2690 2896 propter
2727 2840 2925 2880 nomen
2945 2825 3152 2880 Christi
3184 2826 3332 2896 quod
3362 2841 3492 2895 pro-

1902 2914 2201 2970 ﬁtebantur
2226 2918 2537 2973 necessaria
2569 2918 2971 2974 sustentatione
3007 2917 3175 2973 biduo
3202 2918 3288 2972 vel
3316 2918 3492 2995 maxi-

1903 3020 1992 3062 me
2018 3006 2205 3062 triduo
2225 3009 2638 3075 consolabatur,
2663 3010 2856 3081 sicque
2885 3010 3126 3079 prazbitis
3146 3010 3488 3065 calceamen-

1902 3100 1976 3155 tis
2001 3101 2083 3155 vel
2112 3100 2379 3168 vestibus,
2410 3116 2507 3158 eos
2536 3118 2605 3157 ne
2626 3118 2825 3158 cursus
2851 3102 2936 3157 sui
2967 3102 3188 3157 solitum
3206 3101 3491 3157 oblivisce-

1900 3202 2093 3248 rentur
2121 3193 2406 3249 discedere
2427 3194 2771 3249 hortabatur.
2812 3194 3100 3264 Aliquibus
3120 3209 3252 3249 vero
3277 3209 3401 3248 cum
3423 3208 3490 3248 eo

1898 3285 2108 3340 diutius
2153 3301 2478 3356 permanere
2515 3286 2884 3356 cupientibus,
2942 3286 3091 3340 illam
3138 3284 3387 3356 Gregorii
3429 3284 3486 3338 in

1897 3374 2123 3446 Dialogo
2156 3377 2274 3446 (lib.
2309 3394 2371 3443 η,
2427 3393 2475 3433 c.
2528 3379 2618 3448 l3)
2656 3378 2979 3433 sententiam
3014 3377 3225 3432 ironice
3264 3377 3484 3446 objecit,

1895 3468 2173 3537 quomodo
2195 3468 2422 3524 stultum
2454 3469 2720 3524 viatorem
2743 3470 2811 3524 ad
2840 3484 2997 3524 sacra
3023 3470 3142 3525 loca
3182 3482 3484 3538 properan-

1896 3568 2003 3613 tem
2047 3560 2306 3616 inimicus
2338 3577 2435 3631 per
2462 3562 2835 3617 conviatorem
2879 3576 3064 3627 suum,
3095 3569 3149 3615 et
3178 3575 3274 3629 per
3317 3559 3485 3614 fontis

1894 3654 1980 3707 vel
2008 3653 2149 3722 prati
2194 3655 2591 3719 amoenitatem,
2635 3655 2717 3709 vel
2760 3654 2925 3708 etiam
2954 3654 3201 3709 ciborum
3242 3652 3481 3707 dulcedi-

1892 3759 2040 3812 nem,
2079 3746 2312 3815 decepit.
2343 3745 2621 3801 Interdum
2660 3755 2840 3801 autem
2872 3762 2902 3801 a
2943 3745 3061 3801 suis
3096 3745 3479 3813 familiaribus,

1893 3838 2041 3911 quod
2073 3853 2173 3893 nec
2194 3839 2242 3892 ei
2266 3838 2608 3908 displicebat,
2637 3839 2972 3904 admonitus,
2999 3838 3145 3908 quod
3171 3839 3312 3892 inter
3345 3837 3482 3893 tales

1892 3929 2093 4000 saepius
2136 3930 2251 3985 veri
2305 3929 2398 3985 Dei
2453 3932 2616 3985 amici
2665 3930 3072 3996 invenirentur,
3124 3929 3257 3984 illud
3293 3929 3479 3983 statim

1891 4019 2209 4093 Hieronymi
2237 4022 2533 4078 ridiculum
2579 4023 2854 4093 apposuit,
2889 4022 3018 4091 quia
3068 4022 3360 4076 mendaces
3393 4020 3479 4076 fa-
3516 4024 3517 4027 “

1892 4114 2045 4169 ciunt
2078 4123 2138 4169 ut
2166 4114 2420 4171 veridicis
2445 4116 2536 4169 vix
2581 4116 2856 4170 credatur.
2893 4113 2951 4169 Si
2993 4129 3134 4185 quos
3180 4123 3360 4169 tamen
3393 4122 3479 4168 tae

1890 4207 2024 4261 lium
2075 4208 2128 4262 in
2174 4207 2270 4263 Dei
2302 4209 2452 4264 cultu
2480 4209 2566 4263 vel
2609 4208 2807 4263 timore
2835 4207 3063 4263 stabiles
3102 4207 3346 4278 agnovit,
3376 4207 3480 4263 hos

1891 4300 2004 4371 (44)
2036 4300 2298 4356 nimirum
2341 4302 2599 4371 privatim
2651 4301 2834 4371 potius
2871 4316 3036 4371 quam
3069 4300 3302 4369 publice,
3330 4298 3479 4369 quod

1889 4400 1943 4446 et
1972 4392 2074 4460 ipsi
2100 4394 2395 4459 malebant,
2429 4395 2482 4448 in
2511 4395 2579 4449 iis
2608 4409 2732 4463 qua:
2766 4393 2834 4447 ad
2867 4392 3037 4448 Deum
3077 4393 3352 4461 pertinent
3378 4390 3477 4444 ad-

188 4491 355 4546 quam
389 4482 443 4530 et
472 4475 559 4532 his
581 4475 674 4546 qui
709 4492 895 4531 secum
928 4477 1109 4550 erant]
1146 4494 1311 4547 super
1340 4480 1445 4534 hoc
1467 4480 1613 4535 facto
1639 4483 1782 4536 seria
1814 4472 1860 4527 1)
1885 4484 2108 4537 amavit.
2146 4483 2252 4538 Sed
2279 4493 2334 4539 et
2363 4500 2527 4554 super
2557 4486 2941 4554 delinquentes
2989 4492 3045 4538 et
3091 4483 3287 4537 noxios
3336 4481 3475 4535 mira

188 4567 513 4622 auctoritate
568 4567 845 4622 silentium
910 4568 1141 4636 indixit;
1189 4570 1281 4624 sed
1322 4586 1425 4625 nec
1469 4568 1611 4643 aegra
1663 4589 1785 4643 qua:

187 4659 379 4725 sensit,
416 4674 516 4715 nec
537 4659 697 4714 turba
722 4675 845 4731 qua:
868 4661 1106 4716 salutare
1163 4662 1488 4717 miraculum
1517 4664 1670 4730 vidit,
1698 4681 1783 4720 re-

188 4752 359 4805 licuit.

252 4844 345 4898 25.
372 4842 503 4898 Erat
546 4843 709 4898 etiam
740 4843 795 4898 in
821 4845 1070 4901 orientali
1114 4854 1267 4916 parte
1292 4846 1530 4903 civitatis
1582 4859 1785 4905 nostrae

183 4936 340 5006 palus
366 4935 646 5001 horrifica,
680 4944 734 4991 et
776 4936 1337 4995 circummanentibus
1393 4941 1621 4996 omnino
1670 4943 1785 5013 plu-

182 5027 279 5082 rali
308 5026 605 5083 formidine
634 5027 829 5095 invisa,
878 5045 945 5084 eo
974 5030 1117 5100 quod
1149 5031 1240 5098 ibi,
1285 5038 1347 5085 ut
1369 5031 1779 5101 -opinabantur,

190 5126 298 5148 ‘nm
333 5118 643 5148 mh-:l‘:ﬂnl\
683 5134 844 5150 III-nm
904 5128 1167 5150 nanda-nn
1210 5132 1456 5152 Ino-annua
1499 5123 1781 5152 ἷῘΙοιι-ξρικι.-

1886 4584 2003 4628 erat
2040 4575 2392 4629 miseratione
2433 4576 2580 4630 mitis
2609 4584 2666 4629 et
2693 4576 2975 4645 placabilis
3006 4592 3016 4601 θ
3052 4574 3124 4627 ita
3162 4582 3241 4637 ut,
3265 4573 3311 4626 si
3347 4572 3474 4641 qui-

1886 4665 2017 4720 libet
2061 4666 2251 4720 talium
2303 4666 2671 4721 confessionis
2717 4674 2771 4719 et
2815 4664 3151 4735 pwnitentite
3188 4662 3360 4735 gratia
3406 4662 3477 4717 ad

1887 4775 2012 4815 eum
2054 4759 2426 4829 confugerint,
2468 4767 2523 4813 et
2566 4759 2764 4814 delicta
2794 4758 2875 4813 eis
2906 4767 3155 4827 prompta
3185 4756 3472 4811 clementia

1888 4851 2073 4905 statim
2099 4851 2411 4917 indulserit,
2435 4858 2489 4904 et
2510 4849 2758 4922 vigilanti
2785 4865 2916 4904 cura
2942 4848 3044 4913 eis,
3073 4865 3142 4905 ne
3163 4845 3392 4903 ulterius
3417 4845 3473 4898 in

1886 4940 2016 4995 talia
2044 4940 2393 4997 necessitatis
2413 4955 2580 4996 causa
2606 4940 2911 4997 inciderent
2940 4938 3220 5011 [prudenti
3244 4934 3477 4991 consilio

1886 5034 2210 5102 correxerit,
2259 5031 2335 5105 et]
2380 5049 2600 5090 omnem
2647 5031 3029 5091 sufﬁcientiam
3085 5035 3140 5089 in
3192 5037 3475 5103 posterum

3282 5135 3334 5154 111
3382 5133 3481 5154 nn-

1884 5128 2170 5154 -κ-ΑΙ--ΙΑκξι
2224 5141 2375 5154 mann
2407 5124 2623 5154 ηιθίᾹΑ-υ.
2662 5135 2709 5154 ΑΟ
2744 5124 2991 5154 nvnmn'n
3041 5125 3218 5154 ana-and:
