4056 5360
581 318 719 376 1185

1449 317 1505 373 S.
1544 316 1940 384 GODEllARDl
1976 317 2284 374 EPISCOPI
2324 316 2947 401 HILDESHEIMENSIS

3722 317 3847 375 1188

580 438 690 492 tius
712 433 932 491 familiae
964 434 1335 491 detestabilem
1374 434 1578 489 ademit
1603 433 1913 500 infamiam,
1939 444 1993 490 et
2024 450 2157 506 quo-
2192 440 2239 497 Α
2263 435 2440 492 lorum
2469 436 2718 503 tendens,
2748 435 2882 491 feria
2907 433 3065 492 tertia
3096 443 3223 490 ante
3248 433 3475 489 Coenam
3498 432 3727 488 Domini
3748 431 3848 489 Bo-

582 529 841 585 rumlibet
903 543 1205 600 pauperum
1243 528 1312 583 ad
1355 543 1413 583 se
1441 542 1664 597 quoquo
1694 527 1857 583 modo
1892 528 2169 598 pertinen-

589 623 727 676 tium
760 621 853 692 pia
882 621 1174 677 clementia
1200 619 1409 675 sedavit
1436 618 1812 689 indigentiam.
1844 618 2039 689 Hujus,
2080 619 2168 673 in-

580 728 771 783 quam,
800 711 1051 781 exemplo
1078 710 1277 780 praesul
1306 720 1494 765 noster
1520 709 1803 780 satagebat
1824 709 2015 778 inopes
2048 709 2171 763 ubi-

585 817 695 871 que
720 816 938 871 semper
962 799 1255 867 consolari,
1287 799 1376 854 cui
1405 807 1459 853 et
1486 798 1640 853 cordi
1671 807 1789 854 erat
1815 814 1942 852 cum
1970 798 2170 854 talibus

587 892 848 962 colloqui,
887 906 1015 947 eum
1061 889 1143 944 eis
1185 888 1515 945 ludiﬁcando
1546 897 1602 943 et
1637 884 1803 943 etiam
1827 888 2170 943 convivando

581 981 897 1051 jucundari.

656 1071 747 1125 27.
791 1070 872 1125 Eo
919 1070 1084 1125 etiam
1129 1085 1295 1136 anno,
1344 1078 1491 1125 certe
1545 1085 1577 1123 a
1614 1067 1906 1124 Nativitate
1952 1067 2171 1124 Domini

586 1164 749 1232 1624,
776 1165 881 1236 piat
918 1164 1197 1219 memoriae
1224 1156 1495 1219 Henricus
1519 1163 1839 1233 imperator,
1869 1162 2171 1218 ordinatio-

583 1256 672 1311 nis
690 1270 804 1311 suze
828 1269 974 1310 anno
995 1254 1087 1321 25,
1103 1254 1169 1309 ad
1189 1253 1472 1309 Christum
1486 1254 1769 1324 migravit;
1791 1254 1951 1323 cujus
1969 1254 2172 1323 quippe

584 1346 769 1403 obitus
796 1354 967 1401 totam
991 1345 1399 1402 Cbristianismi
1425 1346 1688 1412 laetitiam,
1708 1362 1831 1416 quae
1855 1346 1959 1400 sub
1982 1359 2050 1400 eo
2070 1344 2171 1401 11οο

584 1438 719 1506 ruit,
740 1438 991 1494 ﬂebiliter
1017 1438 1383 1494 conturbavit.
1409 1437 1511 1493 Cui
1543 1438 1841 1493 succedens
1867 1436 1952 1492 vir
1972 1436 2175 1493 nobilis

584 1539 640 1585 et
668 1539 928 1587 strenuus
955 1530 1267 1598 Conradus,
1303 1530 1543 1600 primum
1586 1546 1701 1585 sua:
1746 1528 2023 1585 felicitatis
2067 1546 2170 1584 an-

585 1638 720 1676 num
752 1622 809 1676 in
838 1620 1028 1677 Natale
1074 1622 1292 1677 Domini
1336 1621 1534 1676 Mindae
1563 1621 1827 1687 initiavit;
1878 1620 2005 1675 inde
2047 1629 2173 1690 post

583 1713 944 1784 Epiphaniam
974 1712 1361 1770 Hildeneshein
1385 1713 1535 1768 venit
1561 1732 1574 1767 :
1603 1712 1676 1767 ibi
1692 1713 1857 1767 etiam
1879 1712 2171 1782 praedictus

582 1805 752 1860 Aribo
777 1805 1247 1877 archiepisc0pus,
1292 1806 1388 1876 qui
1432 1806 1649 1860 vivente
1689 1805 2019 1876 imperatore
2053 1805 2169 1874 jam
2203 1792 2249 1848 Β

582 1913 682 1967 per
716 1897 1002 1952 biennium
1048 1898 1343 1963 obmutuit,
1378 1897 1579 1952 iterum
1611 1896 1830 1952 inventa
1880 1897 2171 1953 occasione

585 1988 806 2043 [catum
836 1988 1223 2045 Godehardum
1258 2003 1423 2059 super
1461 1988 1837 2044 Gandershein
1865 1989 2174 2060 inquietare

583 2080 770 2149 cmpit,
802 2095 969 2150 quam
997 2089 1177 2134 tamen
1206 2080 1328 2150 ejus
1374 2081 1838 2136 machinationem
1868 2096 2046 2138 novus
2074 2097 2173 2137 rex

587 2171 886 2241 primatum
929 2172 1164 2227 consilio
1215 2173 1453 2228 diremit.
1498 2170 1698 2242 Sicque
1737 2189 1834 2228 rex
1886 2182 2174 2244 peragrata

586 2263 983 2333 compendiose
1025 2263 1220 2319 itinere
1260 2263 1518 2330 Saxonia,
1549 2265 2007 2335 quadragesimali
2030 2275 2175 2320 tem-

584 2368 718 2425 pore
741 2370 843 2425 per
868 2354 1248 2427 Thuringiam,
1271 2355 1674 2426 Franciamque
1714 2356 1899 2427 [Bod.,
1924 2356 2174 2412 Franko-

586 2446 760 2520 niam]
785 2447 841 2502 in
874 2447 1184 2518 Bajoariam
1220 2463 1544 2519 progressus
1567 2489 1583 2514 ,
1634 2447 2011 2520 Reginesburg
2046 2448 2176 2518 (Re-

586 2538 898 2611 mersburg)
928 2547 1179 2596 sanctum
1202 2538 1414 2595 Pascha
1436 2538 1738 2595 honoriﬁce
1759 2538 2002 2607 feriavlt;
2033 2550 2093 2595 et
2109 2555 2175 2596 ea

583 2641 777 2691 testate
804 2640 992 2704 partes
1041 2631 1328 2703 Bajoariaz,
1383 2630 1618 2698 Suevim,
1650 2640 1707 2687 et
1749 2630 2175 2688 Karentinorum

585 2743 714 2784 cum
742 2724 1255 2794 circumjacentium
1311 2722 1720 2794 provinciarum
1769 2723 2022 2779 terminis
2046 2738 2207 2794 per-‘

588 2817 886 2884 transiens,
928 2813 1175 2869 Natalem
1216 2815 1438 2870 Domini
1491 2814 1682 2869 Leodii
1728 2815 2058 2883 celebravit,
2108 2817 2177 2872 ad

586 2907 1033 2963 Puriﬁcationem
1067 2922 1200 2961 vero
1245 2914 1452 2963 sanctae
1486 2904 1674 2961 Maria:
1715 2905 1977 2979 Augusta:
2015 2923 2176 2962 man-

589 3000 690 3067 sit;
715 2999 842 3053 inde
871 2998 975 3054 iter
1009 3013 1170 3053 suum
1198 2998 1267 3052 ad
1288 3007 1473 3068 partes
1503 2996 1673 3053 Italia:
1704 2998 1938 3066 direxit;
1975 3008 2030 3056 et
2048 3015 2177 3070 pro-

589 3091 801 3145 ximum
830 3088 1043 3146 Pascha
1072 3088 1335 3145 Vercellis
1366 3105 1625 3160 prospere
1667 3090 1981 3155 celebravit,
2019 3099 2075 3146 et
2101 3092 2173 3147 ita

586 3182 877 3253 contiguas
905 3180 1338 3252 circumquaque
1362 3183 1616 3252 regiones
1651 3183 1707 3237 in
1731 3198 1875 3239 novo
1897 3183 2048 3253 regio
2077 3183 2175 3238 de-

587 3289 718 3329 core
745 3273 1020 3329 visitando
1047 3274 1376 3344 peragravit.
1416 3273 1604 3330 Tertio
1640 3289 1862 3346 quoque
1901 3290 2005 3331 suo
2030 3289 2178 3330 anno

592 3366 709 3438 (55)
737 3367 939 3437 pracsul
982 3374 1171 3421 noster
1198 3364 1438 3421 Montem
1484 3367 1795 3437 speciosum
1833 3367 1889 3421 in
1917 3367 2173 3423 occiden-

589 3460 686 3514 tali
726 3468 881 3529 parte
902 3459 1143 3516 civitatis
1170 3458 1407 3514 incolere
1440 3459 1625 3529 erepit,
1652 3464 1813 3530 qu'em
1838 3460 2032 3531 quinto
2056 3468 2178 3530 post

593 3567 743 3606 anno
770 3550 928 3606 titulo
985 3566 1049 3605 ac
1091 3551 1302 3605 nomini
1336 3551 1513 3606 sancti
1568 3550 1815 3606 Mauricii
1858 3552 2061 3607 summi
2091 3552 2176 3629 sui

588 3643 810 3713 patroni
834 3642 1059 3697 dicavit.
1090 3640 1393 3699 Ecclesiam
1419 3643 1586 3697 etiam
1629 3643 1916 3713 pulchram
1952 3644 2006 3698 in
2049 3643 2177 3699 liol-

592 3735 792 3790 thuscn
822 3733 935 3804 (46)
966 3733 1021 3787 in
1046 3734 1255 3788 honore
1289 3735 1463 3789 sancti
1501 3733 1777 3789 Benedicti
1806 3734 2017 3790 abbatis
2059 3751 2177 3789 mo-

592 3825 839 3882 nachica:
871 3825 1277 3880 conversationi
1303 3834 1484 3895 aptam
1529 3824 1822 3891 dedicavit,
1864 3836 1919 3881 et
1940 3827 2178 3882 circum-

591 3932 813 3988 quaque
842 3929 938 3986 per
966 3915 1231 3985 episcopii
1258 3916 1345 3971 sui
1372 3905 1946 3973 terminumbasilicas
1977 3909 2177 3974 multas

594 4009 679 4063 vel
726 4008 846 4078 ipse
895 4007 1143 4062 studiose
1182 4007 1489 4075 aediﬁcavit,
1527 4008 1611 4063 vel
1659 4009 1729 4063 ab
1772 4008 1897 4064 aliis
1927 4009 2178 4067 ﬁdelibus

593 4098 802 4155 Christi
824 4107 1174 4155 constructas
1204 4108 1484 4169 gratanter
1512 4099 1622 4155 Deo
1652 4101 2015 4156 consecravit.

665 4191 757 4246 28.
801 4190 881 4246 Eo
908 4199 1153 4259 tempore
1187 4190 1480 4260 praedictus
1510 4191 1678 4246 Aribo
1734 4192 2179 4263 archiepiscopus

595 4282 655 4336 in
712 4281 891 4336 natale
932 4282 1108 4337 sancti
1159 4282 1392 4350 apostoli
1450 4280 1687 4337 Matthaei
1746 4280 2178 4354 Selimggenstad

596 4372 715 4444 (47)
742 4372 1037 4429 concilium
1062 4374 1313 4443 generale
1330 4374 1716 4444 episcoporum
1741 4374 2027 4432 duodecim
2050 4392 2179 4433 con-

2268 544 2415 587 mam
2438 529 2583 585 felici
2604 530 2969 600 prosperitate
3007 529 3250 601 gaudens
3290 528 3537 592 intravit,
3569 535 3629 582 et
3650 527 3706 581 in
3728 542 3853 582 san-

2269 628 2356 674 cta
2380 618 2820 675 Resurrectionis
2863 619 3081 675 Domini
3123 619 3212 674 die
3248 634 3514 675 coronam
3558 616 3855 687 imperiali:

2270 706 2496 765 honoris
2537 725 2570 764 a
2610 710 2769 765 beato
2808 709 3021 766 Joanne
3065 709 3439 780 apostolorum
3479 707 3699 762 vicario
3747 707 3858 778 glo-

2269 799 2416 855 riose
2433 801 2697 871 percepit.
2723 800 2853 857 Inde
2876 801 2933 856 in
2959 801 3209 872 proxima
3232 799 3514 855 Dominica
3549 813 3856 868 regressus,

2270 906 2336 948 ac
2356 908 2584 963 pervasa
2628 894 3059 965 circumquaque
3099 895 3422 965 potestative
3442 909 3507 948 ea
3533 893 3788 964 regione,
3807 894 3858 948 in

2270 999 2406 1054 pace
2444 986 2782 1054 repatriavit,
2807 994 2863 1042 et
2879 986 3223 1041 nativitatem
3263 986 3439 1042 sancti
3478 984 3722 1040 Joannis
3760 983 3859 1039 Ba-

2269 1073 2449 1143 ptistae
2467 1073 2746 1145 lmbripoli
2773 1076 2885 1148 (49)
2909 1092 3088 1132 novus
3105 1077 3404 1147 imperator
3424 1076 3752 1142 celebravit,
3774 1076 3861 1131 ubi

2271 1175 2326 1220 et
2346 1164 2606 1222 defuncto
2628 1166 2684 1221 in
2706 1167 2851 1222 bona
2891 1176 3173 1224 senectute
3213 1166 3452 1223 Henrico
3494 1167 3645 1223 duce
3668 1166 3860 1237 Bajoa-

2272 1256 2386 1322 riae,
2430 1256 2543 1312 ﬁlio
2583 1273 2687 1313 suo
2728 1258 2955 1315 domino
2994 1258 3231 1315 Henrico
3273 1259 3532 1314 eumdem
3577 1259 3863 1327 ducatum,

2271 1349 2583 1419 principum
2603 1348 2840 1417 delectu,
2863 1351 3286 1407 commendavit.

2340 1440 2431 1495 29.
2476 1438 2556 1495 Eo
2598 1441 2727 1496 item
2770 1456 2918 1497 anno
2939 1441 3110 1498 Aribo
3150 1442 3503 1513 Magontinus
3540 1441 3864 1499 Francono-

2271 1531 2744 1588 vordi'concilium
2787 1535 2984 1607 synodi
3019 1535 3369 1601 coadunavit,
3404 1535 3743 1605 praesidente
3764 1536 3867 1591 im-

2273 1632 2523 1693 peratore
2544 1640 2672 1681 cum
2693 1626 2967 1698 episcopis
2987 1627 3180 1698 viginti
3221 1626 3419 1694 tribus,
3446 1627 3504 1680 in
3532 1642 3649 1696 quo
3672 1627 3871 1682 iterum

2272 1715 2492 1770 beatum
2517 1717 2699 1773 virum
2719 1718 3110 1775 Godehardum
3152 1719 3221 1775 de
3267 1718 3471 1789 sazpius
3492 1719 3872 1788 praaventilata

2272 1821 2438 1862 causa
2468 1823 2625 1865 more
2665 1824 2770 1866 suo
2809 1810 3163 1882 inquietavit;
3200 1810 3274 1865 ibi
3298 1811 3504 1881 praesul
3526 1818 3725 1865 noster
3752 1820 3873 1864 tan-

2272 1902 2421 1968 dem,
2441 1916 2659 1958 summa
2687 1903 2934 1972 veritate,
2953 1920 3077 1975 qua:
3097 1903 3242 1960 Deus
3261 1912 3368 1971 est,
3383 1904 3693 1960 miserante
3723 1904 3869 1975 pari-

2272 2000 2360 2047 ter
2378 2000 2435 2047 et
2467 1994 2784 2065 adjuvante,
2807 1996 3154 2067 episcopatus
3175 1995 3259 2051 sui
3282 1996 3682 2066 proprietatem
3710 2012 3873 2066 super

2273 2083 2457 2140 totum'
2512 2086 3044 2145 Gandersheimense
3106 2087 3444 2145 territorium
3470 2132 3486 2157 ,
3552 2090 3875 2146 testimonio

2276 2186 2482 2246 septem
2513 2179 2918 2250 episcoporum,
2970 2180 3066 2251 qui
3107 2180 3423 2251 praedictam
3465 2181 3781 2252 pactionem
3818 2181 3874 2235 in

2276 2266 2670 2326 Gandcrsheim
2694 2281 2749 2327 et
2772 2273 3063 2328 audierant
3082 2281 3137 2329 et
3162 2272 3436 2340 viderant,
3465 2274 3742 2329 canonice
3781 2274 3877 2328 de-

2275 2358 2460 2428 tinuit,
2523 2363 2734 2420 scilicet
2794 2364 3055 2420 Brunone
3092 2363 3432 2434 Augustensi
3473 2365 3875 2428 concionante,

2278 2452 2584 2511 Wernhero
2631 2455 3031 2527 Argentinense
3061 2455 3407 2524 decernente,
3437 2456 3560 2527 ipso
3593 2472 3733 2510 vero
3763 2455 3878 2510 Me-

2276 2546 2629 2615 tropolitano,
2673 2563 2801 2604 vere
2823 2549 3014 2618 invito,
3041 2548 3188 2605 verbi
3212 2547 3309 2605 Dei
3332 2549 3518 2604 hanno
3543 2548 3874 2603 aﬂinnante.

2277 2635 2344 2692 Hi
2364 2638 2511 2693 enim
2539 2648 2698 2695 erant
2725 2641 2971 2711 episcopi
2992 2641 3089 2711 qui
3121 2640 3328 2695 seniori
3370 2647 3565 2694 nostro
3595 2654 3767 2693 suum
3793 2649 3875 2694 te-

2277 2729 2618 2797 stimonium,
2633 2730 2796 2786 sicuti
2817 2729 3107 2785 audierant
3129 2737 3186 2784 et
3202 2729 3474 2796 viderant,
3490 2729 3875 2799 praebuerunt,

2278 2819 2331 2875 id
2373 2828 2459 2876 est
2498 2820 2687 2877 Bruno
2725 2820 3089 2891 Augustensis
3138 2819 3454 2890 episcopus,
3516 2819 3880 2877 Everhardus

2279 2910 2648 2985 [Ebehardus]
2677 2911 3148 2983 Bavenbergensis
3170 2911 3464 2981 episcopus
3478 2953 3494 2978 ,
3517 2910 3881 2970 Meinhardns

2278 3003 2797 3077 Werciburhgensis
2827 3002 3323 3077 [Wirzburgensis]
3352 3004 3673 3075 episcopus,
3706 3004 3878 3060 Mein-

2282 3114 2495 3155 wereus
2526 3096 3094 3153 Bartherbrunnensis
3114 3095 3634 3169 [Paderborncnsis]
3658 3098 3877 3168 episeo-

2283 3206 2408 3262 pus,
2447 3188 2763 3260 Sigebertus
2792 3187 3091 3243 Mindeusis
3129 3186 3445 3258 episcopus,
3487 3186 3879 3244 Hildewardus

2278 3283 2394 3354 (50)
2419 3281 2667 3337 Cizensis
2697 3279 3037 3353 [Citizensis]
3058 3280 3370 3353 episcopus,
3396 3279 3585 3335 Bruno
3603 3279 3873 3336 Mersbur-

2279 3372 2483 3443 (ensis.

2350 3464 2439 3521 δέ).
2476 3463 2711 3520 Pulchra
2740 3464 2886 3519 enim
2913 3472 3033 3519 erat
3081 3464 3156 3519 ibi
3195 3472 3250 3520 et
3289 3463 3698 3520 rationabiliter
3724 3465 3874 3520 ordi-

2279 3565 2407 3612 nata
2454 3564 2567 3611 tam
2604 3556 2804 3626 regalis
2855 3571 3021 3626 quam
3082 3564 3139 3611 et
3184 3555 3513 3627 episcopalis
3567 3559 3872 3613 consessio.

2277 3647 2414 3703 Nam
2447 3648 2503 3702 in
2540 3646 2794 3703 orientali
2835 3654 2990 3716 parte
3023 3654 3149 3702 ante
3186 3647 3377 3712 altare,
3425 3646 3876 3717 archiepiscopus

2277 3739 2446 3795 Aribo
2500 3755 2626 3794 cum
2673 3738 2791 3795 suis
2838 3738 3201 3811 sutl‘raganeis
3255 3738 3564 3794 Wernhero
3615 3738 3875 3810 Argenti-

2279 3847 2470 3898 nense,
2495 3830 2750 3886 Brunone
2774 3832 3136 3902 Augustense,
3156 3829 3521 3887 Meinwercho
3546 3828 3876 3886 Patherbrw

2280 3938 2470 3991 nense,
2494 3921 2808 3978 Everhardo
2835 3921 3306 3989 Bavenberbcnse,
3340 3921 3705 3992 Mcginhardo
3730 3921 3874 3977 Wer-

2280 4015 2663 4087 ciburhgense,
2712 4014 3036 4071 Godehardo
3095 4007 3659 4079 Hilderiesheimeuse,
3706 4013 3874 4068 Brau-

2281 4108 2413 4179 tlmp
2441 4106 2914 4173 Halverstadense,
2952 4105 3207 4178 Wiggero
3238 4105 3537 4171 Nerdense,
3589 4105 3874 4162 Hazecone

2282 4198 2695 4254 Wormaciense
2715 4197 2980 4254 consedit.
3005 4196 3064 4251 in
3090 4197 3413 4253 occidentali
3433 4212 3567 4252 vero
3593 4208 3752 4269 parte
3776 4199 3874 4251 im-

2280 4300 2501 4361 perator
2525 4290 2790 4356 consedit,
2814 4298 2870 4345 et
2903 4304 2936 4345 a
2969 4288 3175 4344 dextris
3195 4288 3316 4359 ejus
3354 4288 3691 4359 Bilegrimus
3719 4289 3870 4361 |Pili-

2281 4380 2497 4453 grinus]
2524 4381 2764 4437 Coloniae
2795 4380 3261 4450 archiepiscopus,
3311 4394 3439 4433 cum
3484 4379 3590 4434 sibi
3642 4379 3874 4434 subditis

597 4464 750 4532 civit,
798 4465 855 4520 in
906 4480 1017 4535 quo
1061 4466 1348 4535 prtesulem
1399 4475 1650 4522 nostrum
1701 4482 1865 4537 super
1921 4468 2179 4537 praedicto
2211 4487 2258 4543 ι)
2284 4472 2564 4544 Sigeberto
2610 4472 2911 4538 Mindense,
2966 4469 3227 4541 Sigifrido
3271 4468 3698 4540 Mimigardense
3735 4469 3871 4542 [llo-

598 4553 1119 4611 Gandersheimensi
1149 4556 1425 4611 territorio
1455 4557 1670 4627 publice
1694 4558 1968 4626 convenit,
2013 4575 2179 4629 quam

596 4653 783 4706 tamen
806 4647 1075 4719 synodum
1100 4648 1438 4704 unanimitas
1469 4648 1700 4703 fratrum
1728 4650 1784 4703 in
1807 4646 2053 4705 futurum
2080 4667 2180 4704 an-

600 4751 735 4794 num
776 4739 1295 4808 comperendinavit.
1356 4739 1471 4795 Rex
1520 4749 1703 4795 autem
1750 4741 1931 4796 natale
1964 4740 2181 4796 Domini

598 4823 803 4887 festum
842 4829 1048 4902 lporete
1071 4830 1183 4903 (48)
1209 4831 1470 4899 initiavit;
1497 4832 1621 4887 inde
1643 4833 1710 4888 ad
1733 4832 1922 4887 limina
1962 4843 2182 4904 aposto-

659 4944 785 5017 ’(45)
823 4943 1037 5017 Bamb“
1066 4946 1207 5017 regni
1229 4947 1311 4999 sui
1339 4963 1497 5000 anno.

672 5014 786 5097 (46)
811 5014 1016 5097 Dirum
1048 5014 1181 5097 licet
1222 5018 1577 5097 monasterio,
1601 5033 1822 5097 _nom_en_
1853 5019 2181 5097 locus___reti_-

603 5084 724 5157 nuit
759 5084 828 5157 ad
853 5084 1125 5157 Visurgim
1150 5087 1396 5154 ﬂuvium,
1420 5084 1672 5143 undecim
1695 5089 1910 5143 circiter
1935 5091 2182 5144 milliari-

605 5156 709 5212 bus
756 5155 1095 5212 Germanicis
1134 5158 1347 5212 distans
1396 5174 1425 5212 a
1472 5159 1690 5213 civitate
1728 5157 2179 5215 llildcsheimcnsi

600 5237 795 5281 versus
823 5227 1178 5282 occidentem.
1854 5284 1866 5293 ,

679 5296 794 5352 (47)
832 5296 1057 5351 Celebre
1095 5308 1181 5352 est
1222 5301 1615 5352 monasterium
1647 5299 1715 5352 ad
1754 5298 1993 5352 Mannum
2042 5305 2182 5352 inter

2284 4563 2654 4636 nasteriensi],
2691 4563 2949 4618 Bennone
2984 4562 3361 4631 Trajectense;
3390 4577 3421 4615 a
3450 4561 3697 4617 sinistris
3720 4561 3869 4615 Hun-

2281 4657 2458 4714 l‘ridus
2476 4655 3028 4726 Parthenopolitanus
3050 4651 3579 4726 [Magdeburgensis]
3611 4653 3872 4723 archiepi

2283 4765 2503 4819 scapus,
2545 4764 2671 4803 cum
2723 4747 2839 4802 suis
2894 4744 3236 4800 liildewardo
3278 4742 3573 4807 Citizense,
3615 4741 3870 4797 Brunone

2284 4840 2719 4911 Mersburgense,
2753 4837 2991 4893 Luizone
3037 4834 3488 4904 Havelbergense,
3535 4832 3870 4889 Theoderico

2291 4952 2586 5023 Herbipoli.
2619 4951 2748 5023 Mss.
2780 4958 2962 5023 autem
2979 4950 3137 5023 varie
3170 4949 3393 5023 habent,
3431 4945 3708 5023 Imbrglis,
3755 4945 3865 5023 [m-

2289 5017 2507 5095 bripolis
2532 5032 2589 5079 et
2617 5025 2673 5095 in
2703 5020 2932 5095 Bripoli.
2979 5019 3133 5095 [laud
3158 5018 3546 5095 dubium_quin
3558 5017 3866 5095 legendum

2288 5086 2669 5163 sit'lmbripoli
2703 5086 3078 5163 unico_verbo,
3123 5105 3290 5163 quam
3322 5086 3865 5163 urbelitnBrouverus

2285 5174 2443 5237 putat
2467 5156 2591 5237 esse
2615 5162 2838 5237 Verlam
2857 5161 3109 5237 saxonize
3130 5156 3419 5237 oppidum;
3444 5156 3745 5237 Dollandus
3768 5173 3862 5210 au-

2287 5228 2395 5290 tem
2417 5235 2610 5290 asserit
2639 5248 2761 5288 esse
2803 5228 3180 5301 Ratisponam‘
3205 5228 3613 5301 celeberrimam
3636 5228 3862 5301 urbem.

2288 5307 2471 5352 aitmm
2496 5305 2638 5352 anml
2662 5304 2919 5352 antimms
2958 5298 3230 5352 Teutones
3268 5315 3401 5352 voce
3424 5298 3595 5352 Beaen
3634 5298 3863 5351 imbrem
