4018 6412
123 341 274 396 MSS

1657 330 1841 390 “TA.

3279 333 3417 393 “86

118 456 420 510 Misnensr.
463 451 518 505 In
573 449 803 506 australi
857 455 1038 502 autem
1076 446 1233 517 plaga
1276 444 1518 515 episcopi
1551 444 1717 499 ilam-
1749 452 1794 505 Α
1823 447 2047 518 mulque
2076 465 2107 504 a
2132 450 2281 505 clero
2325 459 2380 506 et
2427 450 2631 523 populo
2670 450 3065 523 indulgentiam
3115 450 3220 508 sibi
3252 466 3282 507 1
3308 451 3420 509 Deo

120 550 350 603 hrectus
380 543 773 599 Werdunensis
802 537 1233 614 [Virdunensis],
1257 536 1527 593 Rodulfus
1562 536 1722 591 Flen-

121 636 366 691 vizensis
398 631 824 707 [Sleswicensis]
852 631 989 702 (51),
1042 629 1314 686 ilildolfus
1367 629 1719 697 Mantuanus,

120 727 428 784 -{einoldus
452 722 831 798 [lleginoldus]
857 722 1277 794 Aldebergensis
1307 722 1638 778 assiderunt.
1662 722 1724 778 lu

120 818 427 889 aquilonali
451 818 617 873 etiam
640 816 863 871 abbates
880 814 1188 870 Richardus
1208 815 1517 882 Fuldcusis,
1541 814 1724 871 Reimo

121 912 325 966 boldus
393 907 834 982 [Regimboldus]
904 906 1402 975 Loresheimensis,
1464 907 1724 963 Arnolqu

123 1006 533 1071 llerveldensis,
552 1005 850 1061 Gerbertus
879 1002 1233 1075 Moguntinus
1259 1020 1384 1059 cum
1415 1005 1537 1061 aliis
1557 1005 1723 1061 etiam

122 1097 252 1166 ejus
270 1095 479 1152 ordinis
505 1094 617 1167 (52)
643 1104 849 1165 septem
874 1094 1166 1161 affuerunt,
1195 1095 1537 1167 subsequens
1558 1096 1724 1151 etiam

123 1188 341 1246 Natalis
370 1188 587 1245 Domini
623 1188 825 1244 festum
862 1188 1160 1259 imperator
1183 1187 1377 1243 Leodii
1401 1189 1721 1256 celebravit;

123 1280 344 1337 Pascha
372 1295 503 1338 vero
525 1279 856 1352 Aquisgrani
891 1278 1085 1334 festive
1118 1278 1353 1347 feriavit,
1386 1282 1479 1336 ubi
1500 1289 1556 1336 et
1579 1281 1725 1337 ﬁlius

122 1374 252 1444 ejus
281 1372 547 1429 Henricus
572 1372 772 1443 regalis
810 1371 1050 1426 nominis
1080 1386 1340 1426 coronam
1372 1389 1402 1427 a
1431 1372 1726 1444 Bilegrimo

122 1465 569 1537 archiepiscopo,
617 1464 749 1520 cleri
785 1464 1068 1534 plebisque
1113 1464 1378 1520 electione
1424 1466 1726 1521 honoriﬁce

123 1556 394 1627 percepit.
452 1555 531 1610 Eo
575 1570 722 1610 anno
770 1556 970 1611 iterum
1021 1554 1191 1611 Aribo
1243 1557 1512 1628 synodum
1567 1573 1723 1614 suam

122 1647 367 1705 Geizlice
402 1647 660 1714 concivit,
712 1647 781 1703 ad
821 1662 987 1718 quam
1016 1648 1146 1703 item
1177 1651 1445 1704 seniorem
1476 1659 1723 1706 nostrum

122 1740 515 1796 Codehardum
543 1740 960 1810 inquietandum
992 1740 1187 1811 legatis
1225 1750 1279 1796 et
1310 1742 1529 1811 scriptis
1561 1758 1726 1799 voca-

122 1833 226 1887 vit.
257 1831 379 1899 Quo
402 1833 491 1888 ille
515 1832 593 1887 ire
614 1832 991 1899 dissimulans,
1019 1833 1386 1889 venerabilem
1411 1835 1593 1892 virum
1625 1835 1725 1891 Ta-

121 1924 371 1979 dilonem
399 1925 665 1979 decanum
699 1923 873 1979 nostri
905 1924 1144 1979 ccenobii
1182 1940 1306 1980 cum
1330 1925 1594 1983 fratribus
1620 1929 1723 1983 oh-

124 2017 277 2071 viam
312 2016 363 2073 ei
406 2016 575 2083 misit,
610 2017 705 2087 qui
729 2032 856 2071 eum
887 2016 1187 2072 honoriﬁce
1216 2031 1283 2072 ex
1310 2025 1464 2087 parte
1489 2020 1725 2077 senioris

123 2108 444 2176 salutando,
480 2108 548 2163 de
574 2108 865 2179 praeteritae
901 2109 1096 2181 synodi
1134 2109 1457 2168 dillinitione
1481 2128 1726 2169 commo-

129 2201 279 2267 nuit,
314 2209 369 2256 ct
411 2201 608 2271 plurali
647 2201 974 2257 altrinsecus
1003 2202 1391 2257 auctoritatum
1434 2204 1726 2261 collatione

124 2292 377 2362 profusa,
408 2292 789 2363 episcoporum
834 2293 1060 2360 auxilio,
1097 2309 1225 2350 eum
1272 2294 1342 2350 ab
1368 2295 1485 2365 ipsa
1527 2297 1725 2367 repeti-

124 2383 281 2438 tione
306 2390 439 2438 tunc
465 2383 844 2452 tantummodo
867 2385 1227 2453 compescuit.

199 2478 292 2532 5|.
335 2476 594 2548 Sequenti
642 2494 863 2549 quoque
898 2479 1258 2536 nihilominus
1293 2497 1458 2549 anno,
1482 2482 1723 2553 impera-

128 2578 253 2623 tore
302 2567 495 2623 Pallidi
521 2570 873 2636 eonsedente,
938 2570 1234 2639 praedictus
1280 2572 1725 2644 archiepiscopus

128 2662 336 2717 ibidem
389 2662 596 2733 synodo
647 2662 853 2727 habita,
915 2663 1196 2732 querelam
1260 2672 1452 2719 contra
1504 2664 1725 2720 beatum

127 2754 313 2808 virum
354 2763 620 2823 praesente
650 2754 977 2825 imperatore
1012 2754 1262 2826 incoepit;
1288 2757 1382 2812 sed
1404 2766 1527 2830 post
1554 2757 1725 2813 multa

128 2856 185 2901 et
215 2846 365 2900 varia
419 2846 876 2917 disceptationum
924 2847 1215 2918 colloquia,
1268 2849 1358 2902 vix
1402 2851 1618 2905 tandem
1657 2852 1728 2905 ab

129 2938 406 3009 episcopis
432 2939 799 2995 commonitus
833 2938 1060 2995 destitit.
1087 2938 1200 2996 Hoc
1226 2941 1389 2995 etiam
1415 2957 1562 2997 anno
1585 2934 1726 2997 Bru-

130 3046 210 3087 no
245 3031 507 3102 Augustae
535 3031 772 3088 civitatis
796 3033 1087 3103 episcopus
1115 3033 1271 3101 obiit,
1303 3035 1394 3090 cui
1424 3033 1576 3105 Eppo
1600 3051 1727 3090 suc-

1826 541 2112 611 impetrari
2166 543 2484 612 postulavit.
2552 543 2754 615 Sicque
2800 555 2925 615 post
2969 544 3418 602 Puriﬁcationcm

1826 640 2029 689 sanctae
2076 632 2263 689 Maria:
2314 635 2419 691 iter
2465 652 2784 704 assumens,
2823 636 3054 692 Romam
3098 638 3251 694 adiit.
3293 637 3419 694 Inde

1824 738 1956 778 vero
1984 723 2318 795 digrediens,
2350 736 2547 783 octavo
2581 728 2709 784 ldus
2754 729 2957 799 Aprilis
2985 730 3092 784 ah!
3124 730 3227 784 ah!
3261 729 3413 798 obiit_

1825 831 1971 871 anno
1997 818 2361 874 ordinationis
2399 835 2515 876 sua:
2556 821 2642 887 Η,
2696 822 2910 877 cunctis
2942 829 3091 877 certe
3120 820 3422 878 Catholicis

1826 909 2025 963 merito
2057 909 2272 975 ﬁebilis,
2311 913 2440 982 quia
2490 913 2547 967 in
2583 914 2733 969 omni
2760 914 3132 970 ecclesiastica
3161 914 3422 985 religione

1824 1011 1943 1055 erat
1965 1016 2092 1056 vere
2122 1002 2430 1059 laudabilis.
2456 1004 2558 1060 Cui
2582 1006 2668 1060 vir
2697 1006 2928 1077 simplex
2948 1016 3005 1062 ct
3025 1016 3210 1065 rectus
3238 1009 3422 1065 Bardo

1827 1091 1942 1162 (54)
1974 1092 2273 1151 Herveldize
2319 1096 2490 1152 abbas
2519 1099 2806 1163 successit.
2835 1100 2953 1169 qui,
2989 1099 3102 1155 Deo
3133 1100 3424 1157 manifeste

1825 1188 2178 1253 provehente,
2206 1187 2357 1243 brevi
2384 1190 2451 1244 ad
2472 1190 2692 1245 culmen
2719 1207 2949 1247 summa:
2978 1192 3329 1263 perfectionis
3351 1192 3424 1247 fe-

1825 1275 2005 1332 liciter
2034 1280 2325 1348 processit.
2358 1281 2532 1352 Cujus
2557 1282 2778 1352 pietatis
2797 1285 2907 1339 vita
2928 1292 2983 1339 et
3009 1293 3167 1341 actus
3194 1285 3285 1341 hic
3309 1286 3425 1355 ple-

1826 1368 1953 1424 nius
1983 1369 2105 1426 ideo
2133 1388 2242 1427 non
2272 1372 2671 1442 inscribuntur,
2711 1375 2862 1449 quia,
2894 1376 3007 1432 Deo
3032 1378 3259 1449 gratias,
3303 1377 3421 1432 Ma-

1827 1461 2030 1531 guutiae
2050 1477 2151 1532 pro
2180 1464 2488 1525 sanctitatis
2512 1481 2629 1522 suae
2669 1467 2883 1523 meritis
2910 1468 3053 1524 inter
3087 1469 3422 1539 apostolicos

1828 1553 2143 1609 sacerdotes
2168 1555 2468 1612 honorifice
2491 1558 2819 1613 celebratur.
2865 1558 3049 1615 Unum
3075 1568 3260 1616 tamen
3293 1575 3422 1630 per-

1827 1640 2082 1700 fectionis
2103 1645 2226 1715 ejus
2265 1647 2610 1719 privilegium
2634 1649 2840 1717 dicam,
2875 1652 3023 1721 quod
3048 1652 3098 1706 ei
3129 1651 3186 1706 in
3214 1652 3425 1707 nostris

1829 1736 2084 1793 conﬁniis
2109 1754 2141 1792 a
2171 1754 2365 1794 sanum
2390 1741 2731 1811 sapientibus
2753 1742 2967 1799 clericis
2990 1744 3223 1799 honoris
3255 1759 3423 1800 causa

1829 1828 2071 1883 oblatum
2096 1838 2200 1898 est,
2230 1831 2459 1899 scilicet,
2495 1842 2574 1900 ut,
2607 1834 2950 1904 :equivocato
2978 1849 3105 1889 cum
3141 1835 3302 1891 beato
3330 1834 3426 1890 Jo-

1826 1935 1968 1975 anne
1993 1921 2252 1993 episcopo
2279 1925 2627 1995 cognomine,
2672 1935 2896 1997 propter
2920 1926 3263 1982 dulcisonam
3285 1941 3425 1998 pra:—

1825 2011 2355 2074 dicandi'melodiam
2379 2018 3027 2091 Bardo-Chrysostomus
3052 2020 3348 2075 diceretur.

1896 2107 1987 2162 52.
2030 2108 2279 2175 Quodam
2323 2109 2488 2164 etiam
2521 2119 2787 2179 tempore,
2807 2126 2932 2165 cum
2955 2125 3107 2166 more
3131 2110 3429 2182 episcopali

1826 2199 2023 2255 beatus
2056 2200 2258 2269 praesul
2306 2210 2496 2256 noster
2532 2199 2915 2267 Godehardus,
2945 2201 3233 2257 visitandze
3268 2216 3425 2257 com-

1827 2294 2011 2349 missae
2056 2293 2230 2362 plebis
2258 2293 2453 2365 gratia,
2476 2293 2753 2363 parochia:
2783 2309 2899 2350 suae
2941 2294 3221 2360 terminos
3247 2294 3428 2350 circu-

1838 2386 1963 2451 iret,
1984 2384 2373 2456 llirgcnhusim
2398 2384 2781 2457 [liuginhusen
2803 2401 2894 2439 seu
2911 2384 3283 2457 Engelhusen]
3302 2401 3428 2440 cur-

1830 2486 1938 2533 tem
1987 2494 2150 2533 suam
2181 2478 2334 2544 adiit,
2380 2487 2443 2537 ut
2486 2478 2581 2550 [ibi
2630 2486 2999 2548 pernoctaret,
3030 2476 3107 2550 et]
3146 2493 3274 2533 cum
3322 2478 3424 2531 sibi

1828 2572 2301 2642 eleemesynarum
2326 2570 2596 2641 largitate,
2621 2585 2727 2640 qua
2757 2585 2870 2640 prae
2896 2570 3113 2625 cunctis
3147 2570 3425 2631 studebat.

1829 2678 2097 2734 pauperes
2134 2663 2399 2730 reﬁceret,
2428 2663 2679 2733 quaedam
2709 2662 2870 2717 vidua
2904 2678 3111 2734 pauper
3138 2677 3207 2718 ex
3233 2677 3425 2717 eadem

1830 2753 2068 2817 familia,
2095 2754 2267 2809 ﬁlium
2310 2771 2471 2812 suum
2506 2755 2825 2825 conspectui
2858 2755 2979 2824 ejus
3002 2755 3200 2809 obtulit
3225 2770 3427 2825 pueru-

1829 2845 1945 2901 lum
1969 2848 2390 2917 pauperculum,
2421 2846 2737 2902 miserrimo
2760 2846 3095 2900 inﬁrmitatis
3116 2861 3316 2916 genere
3330 2847 3426 2900 dc-

1830 2935 2124 2992 bilitatum.
2155 2936 2290 2991 Nam
2319 2939 2519 3008 partim
2550 2937 2809 3009 paralysi,
2841 2936 3041 3007 partim
3070 2936 3219 3006 lepra
3255 2951 3425 2991 vexa-

1831 3030 2016 3097 batur,
2041 3029 2399 3100 distortisque
2442 3030 2625 3085 nervis
2666 3030 3041 3085 membrorum
3083 3044 3113 3083 a
3148 3037 3263 3084 tota
3299 3043 3426 3083 cor-

131 3123 321 3180 cessit.
347 3121 686 3180 Wcrnherus
709 3123 872 3180 etiam
897 3122 1347 3197 Strazburgensis
1372 3127 1574 3197 przesul
1594 3143 1723 3183 sus-
1754 3151 1801 3213 ο
1833 3137 2014 3192 pore-te
2059 3122 2401 3177 formationis
2454 3123 2687 3178 utilitate
2747 3122 3167 3179 dissolvebatur.
3232 3119 3429 3174 Manus

134 3215 368 3282 tollitur,
417 3222 540 3285 post
575 3230 739 3286 quem
783 3214 1165 3272 Willehelmus
1201 3216 1554 3289 subrogatur.
1589 3216 1727 3273 Pro.

132 3309 288 3363 ximo
315 3324 534 3380 quoque
557 3325 703 3365 anno
730 3309 1026 3380 imperator
1054 3307 1338 3380 Mcrsburg
1369 3308 1729 3365 Pentecostcn

132 3401 454 3467 celebravit,
496 3400 589 3456 ubi
635 3401 931 3471 praedictus
980 3400 1149 3456 Aribo
1177 3401 1648 3471 archiepiscopus,
1676 3410 1732 3457 et

133 3492 327 3545 senior
361 3501 547 3548 noster
590 3490 949 3548 Godehardus
998 3492 1142 3547 inter
1191 3507 1251 3547 se
1282 3491 1517 3548 invicem
1567 3507 1731 3563 super

133 3583 399 3639 diuturna
427 3599 617 3639 eorum
638 3584 1035 3655 disceptatione
1054 3583 1392 3640 reconciliati
1420 3594 1567 3640 sunt.
1591 3583 1731 3640 Nam

135 3682 259 3752 ipse
306 3678 758 3749 metropolitanus
795 3677 908 3749 (55)
942 3675 1161 3731 Patrem
1215 3675 1602 3732 Godehardum
1645 3691 1733 3731 se-

135 3780 292 3828 creto
334 3785 519 3829 coram
573 3769 846 3841 episcopis
896 3768 1171 3835 convenit,
1213 3783 1380 3838 seque
1414 3784 1581 3839 super
1628 3768 1732 3824 hac

136 3865 401 3937 parochia
424 3879 642 3920 errasse
661 3862 971 3918 conﬁtendo
991 3861 1284 3927 nuntiavit,
1306 3869 1361 3916 et
1382 3876 1601 3916 omnem
1628 3860 1734 3916 fra-

135 3968 354 4015 ternam
383 3955 839 4023 satisfactionem,
884 3955 980 4011 sed
1008 3962 1062 4009 et
1087 3954 1154 4008 de
1173 3952 1448 4023 praeterita
1478 3953 1573 4008 lite
1602 3968 1731 4023 per-

136 4059 362 4121 petuam
388 4050 839 4123 taciturnitatem,
867 4048 971 4103 sub
993 4060 1124 4101 vero
1152 4044 1357 4101 Christi
1386 4054 1442 4100 et
1477 4042 1733 4100 Ecclesiae

137 4142 474 4207 testimonio,
509 4140 782 4211 promisit,
822 4139 1038 4210 sibique
1083 4139 1265 4208 priora
1307 4147 1484 4193 errata
1511 4147 1735 4208 propter

138 4232 318 4290 Deum
364 4233 565 4290 remitti
605 4232 925 4303 suppliciter
952 4230 1126 4301 petiit.
1171 4229 1321 4287 Istud
1357 4246 1488 4303 ergo
1523 4230 1613 4287 hic
1634 4246 1731 4286 ve-

138 4329 346 4386 raciter
358 4328 695 4393 inscribitur,
711 4326 842 4398 quia
860 4326 979 4395 ipso
998 4325 1223 4380 domino
1244 4324 1571 4380 Godebardo
1586 4324 1729 4380 idem

138 4420 347 4492 sepius
371 4421 429 4474 in
468 4434 571 4475 suo
595 4433 848 4474 sermone
888 4417 1104 4487 publice
1142 4425 1500 4486 protestante,
1538 4433 1728 4471 verum

1830 3212 1977 3266 enim
2006 3227 2131 3266 cum
2157 3210 2420 3275 brachiis,
2454 3219 2510 3265 et
2532 3225 2708 3281 genua
2734 3226 2861 3264 cum
2908 3209 3141 3280 pedibus
3184 3217 3239 3264 et
3260 3208 3428 3266 tibiis

1832 3303 2052 3372 putrido
2082 3312 2294 3357 tumore
2331 3312 2388 3356 ct
2431 3301 2721 3372 profluenti
2756 3301 2910 3357 sanie
2940 3301 3260 3365 manabant,
3289 3300 3427 3355 adeo

1835 3404 1895 3449 ut
1916 3410 2017 3449 nec
2043 3409 2294 3465 gressum
2317 3393 2709 3463 quoquomodo
2731 3408 2971 3457 movere,
3000 3392 3086 3447 vel
3111 3392 3305 3447 saltem
3338 3407 3427 3446 re—

1832 3488 2036 3558 ptando
2079 3495 2265 3555 posset
2314 3502 2551 3556 usquam
2603 3484 2837 3553 prodire.
2897 3482 3071 3550 Quem
3111 3483 3202 3539 ille
3231 3483 3345 3554 (55)
3373 3490 3429 3537 et

1832 3580 1983 3635 vultu
2007 3589 2062 3635 et
2085 3580 2249 3635 corde
2275 3577 2458 3644 hilari,
2485 3577 2645 3649 quasi
2674 3590 2799 3631 vere
2832 3576 3038 3631 donum
3070 3574 3165 3631 Dei
3200 3584 3426 3647 gratan-

1832 3682 1916 3728 ter
1957 3670 2234 3742 suscepit,‘
2260 3680 2314 3726 et
2347 3671 2466 3725 suis
2511 3668 2866 3725 cubiculariis
2914 3667 3228 3739 diligentius
3269 3683 3425 3722 com-

1834 3764 2150 3819 mendatum
2185 3776 2372 3817 secum
2414 3760 2609 3815 deduci
2647 3758 2925 3829 praecepit.
2961 3757 3163 3813 Potens
3202 3764 3307 3822 est,
3337 3758 3424 3811 in-

1833 3856 1971 3927 quit,
2007 3854 2173 3920 Deus,
2199 3853 2295 3924 qui
2341 3853 2411 3907 ab
2446 3851 2601 3906 initio
2634 3865 2745 3905 non
2779 3850 3181 3922 dedignabatur
3209 3848 3427 3903 miseris

1832 3958 1886 4003 et
1908 3945 2291 4018 peccatoribus
2311 3945 2533 4001 diverso
2568 3942 2786 4013 pietatis
2812 3956 2929 3997 sua:
2949 3940 3191 3995 remedio
3229 3940 3427 3995 subve-

1834 4040 1972 4107 nire,
1996 4054 2098 4094 nos
2123 4038 2286 4094 etiam
2315 4052 2482 4109 super
2507 4038 2612 4093 hoc
2639 4034 2997 4107 pauperculo,
3022 4032 3185 4088 solito
3208 4032 3427 4102 pietatis

1833 4148 1947 4189 suae
1966 4146 2121 4187 more
2161 4131 2457 4187 laetiﬁcare.
2500 4129 2605 4197 Qui
2647 4143 2785 4199 puer
2820 4126 2889 4181 ad
2931 4125 3288 4196 principalem
3327 4140 3429 4177 ne.

1834 4235 2004 4282 stram
2025 4225 2315 4281 ecclesiam
2342 4239 2464 4279 cum
2487 4222 2746 4293 episcopo
2770 4218 3087 4289 perductus,
3101 4225 3157 4271 et
3177 4229 3287 4270 non
3308 4214 3430 4279 sine

1834 4335 2035 4390 magno
2075 4331 2395 4387 puerorum,
2437 4314 2535 4384 qui
2571 4328 2698 4369 eum
2743 4310 3057 4376 servabant,
3102 4309 3291 4363 labore
3330 4322 3429 4377 per

1835 4412 2044 4481 aliquot
2086 4408 2456 4466 hebdomadas
2497 4412 2861 4470 sustentatus,
2902 4402 3122 4457 tandem
3145 4409 3268 4472 post
3287 4414 3428 4470 qua-

138 4526 269 4568 csse
288 4510 691 4581 comprobatur.
715 4508 794 4564 Eo
813 4522 959 4563 anno
986 4506 1265 4562 Umvanus
1288 4506 1733 4576 archiepiscopus
1766 4510 1811 4564 I)
1838 4511 1961 4558 tuor
2003 4504 2085 4557 vel
2108 4502 2353 4571 quinque
2390 4514 2611 4554 menses
2651 4496 2819 4567 coepit
2851 4495 3139 4565 paulatim,
3179 4493 3339 4562 plane
3359 4507 3428 4546 ex

140 4603 670 4674 llammaburgensis
712 4602 885 4667 obiit,
934 4600 1156 4655 Liebizo
1200 4599 1486 4655 successit.
1528 4599 1734 4656 Deinde

140 4699 445 4770 imperator
467 4694 712 4751 Natalem
733 4694 940 4750 Christi
965 4691 1380 4747 Patherbrunne
1402 4691 1530 4761 egit,
1561 4692 1753 4748 Aribo-

142 4790 624 4861 metropolitanus,
650 4790 707 4844 in
740 4796 933 4844 sancto
973 4785 1063 4840 die
1112 4785 1253 4839 inter
1299 4784 1596 4838 missarum
1639 4799 1731 4839 so-

141 4884 344 4939 lemnia
387 4884 604 4955 publico
634 4896 885 4937 sermone
911 4878 1119 4944 habito,
1144 4876 1420 4933 licentiam
1451 4876 1522 4932 ab
1558 4877 1731 4947 impe-

140 4984 328 5031 ratore
350 4984 404 5031 et
424 4974 791 5031 confratribus
820 4971 1048 5027 Romam
1098 4969 1355 5042 pergendi
1387 4970 1619 5042 rogavit,
1652 4970 1731 5027 si-

218 5156 334 5224 (51)
367 5153 467 5208 llic
495 5153 646 5209 solus
675 5168 740 5207 ex
768 5148 1119 5224 Italisarlfpit
1146 5147 1281 5224 huic
1302 5148 1559 5224 concilio,
1593 5149 1736 5224 sicut

140 5238 200 5282 et
230 5219 709 5280 Francol'ordiensi
734 5238 879 5276 anno
922 5220 1080 5284 1007,
1108 5219 1197 5272 ubi
1229 5220 1434 5271 erectio
1475 5219 1735 5274 Bamher-

179 5298 330 5352 ensis
362 5296 707 5366 episcopatus
736 5311 765 5347 a
789 5291 1094 5366 Germaniae
1116 5289 1384 5366 episcopis
1412 5289 1731 5366 cotilirniata

170 5358 269 5421 ‘uit.
306 5358 462 5437 Apud
489 5358 970 5437 Ughellum,t0nm
1007 5358 1025 5412 1
1062 5359 1452 5437 lta_l_iae_sacr:c,
1477 5358 1731 5437 isolphus

145 5428 372 5502 dicitur,
407 5436 502 5507 qui
543 5428 765 5507 natione
803 5429 1448 5507 Germanuslﬁeclesianr
1476 5428 1729 5483 Mantua-

150 5525 275 5563 .iam
319 5499 388 5563 ah
424 5499 570 5562 anno
618 5503 754 5559 1007
782 5504 851 5558 ad
893 5502 1030 5556 10M
1074 5499 1497 5563 administravit,
1532 5516 1727 5553 mona-

149 5580 281 5634 chos
302 5576 682 5634 Benedictinos
718 5575 773 5629 in
794 5573 1080 5629 ecclesiam
1110 5571 1286 5625 sancti
1311 5569 1538 5623 Andreae
1565 5570 1727 5625 indu»

152 5650 244 5711 rit,
272 5667 339 5704 ac
365 5647 757 5704 monasterium
781 5644 969 5701 multis
990 5641 1151 5698 bonis
1175 5640 1540 5710 locupletavit.

218 5721 334 5787 (52)
373 5718 575 5774 Omnes
595 5716 725 5771 editi
750 5716 949 5787 habent
976 5728 1087 5787 sex.

218 5782 331 5852 (εδδ
371 5789 556 5844 Bamb.
598 5787 777 5853 habet,
817 5785 981 5855 Cujus
1025 5782 1302 5839 dilationis
1354 5783 1576 5837 termino
1610 5791 1729 5837 ton-

1837 4595 1978 4649 bcati
2001 4593 2102 4646 viri
2129 4591 2339 4645 meritis
2361 4599 2417 4644 et
2437 4589 2713 4659 precibus,
2734 4586 3140 4648 convalescere,
3162 4591 3218 4636 et
3239 4582 3429 4636 sedato

1838 4685 2032 4755 partim
2059 4681 2292 4736 tumoris
2325 4695 2390 4735 ac
2411 4679 2584 4734 saniei
2624 4675 2915 4746 proﬂuvio,
2938 4673 3214 4728 interdum
3238 4687 3429 4727 assur-

1837 4780 2033 4851 geudo.
2058 4777 2328 4832 interdum
2351 4789 2482 4830 vero
2502 4770 2891 4844 prorcptando,
2905 4769 3062 4839 quasi
3085 4768 3154 4824 ad
3177 4782 3425 4839 gressum

1835 4872 2205 4926 membrorum
2251 4881 2451 4923 nervos
2490 4879 2765 4922 exercere.
2830 4861 2990 4929 Quod
3041 4861 3245 4932 prmsul
3299 4860 3427 4930 pius

1834 4978 2137 5037 agnoscens
2160 5004 2175 5028 ,
2219 4975 2333 5031 prae
2373 4956 2808 5031 gaudio‘szepius
2843 4956 3187 5027 lacrymans,
3228 4951 3429 5012 divinat

1832 5147 1952 5199 dem
1985 5143 2312 5204 adveniente,
2362 5138 2499 5192 Erho
2527 5138 2631 5205 (sic
2666 5137 2962 5192 Aribonem
2997 5150 3210 5204 semper
3238 5134 3426 5205 appete

1832 5214 1927 5284 lat)
1963 5213 2411 5284 archiepiscopus,
2459 5209 2571 5273 Dei,
2603 5218 2660 5262 ut
2684 5225 2797 5284 vere
2829 5208 3111 5284 credimus,
3136 5204 3428 5284 prasmonin-

1832 5274 1920 5339 tus
1951 5294 2101 5349 nutu,
2125 5274 2381 5336 seniorem
2428 5290 2666 5333 nostrum
2709 5279 2916 5332 beatum
2960 5274 3316 5349 Gate/tardum
3339 5290 3424 5349 διξ-

1831 5365 1972 5410 creto
1996 5344 2254 5413 convenit,
2272 5369 2425 5422 seque
2445 5366 2607 5421 supra
2629 5350 2884 5422 pra’dicta
2906 5344 3425 5422 errassc‘conﬁtendo

1835 5428 2123 5493 mmtiarit,
2152 5433 2201 5479 et
2235 5426 2312 5477 ita
2339 5417 2537 5476 'corain
2570 5420 2828 5490 episcopis
2873 5432 3076 5472 omnem
3109 5417 3423 5486 fraternam,

1833 5507 1939 5552 (’lC.

1905 5568 2020 5637 (54)
2062 5566 2137 5621 De
2164 5582 2230 5621 eo
2261 5562 2741 5637 agemusadaun.
2777 5559 2938 5637 l05l.

1906 5625 2020 5707 (55)
2060 5625 2347 5705 Bamberg.
2376 5635 2545 5693 addit.
2578 5633 2750 5707 Hunc,
2774 5633 3012 5702 inquam,
3037 5644 3285 5700 puerum,
3308 5625 3429 5684 Weo

1834 5705 2009 5763 rinnnt
2034 5718 2392 5778 nuncupatam
2414 5716 2629 5761 sanctus
2655 5705 2947 5772 episcopus.
