  <div class='ocr_page' id='page_1' title='image "/cluster/home/n/w/nwhite01/storage/ocr_20150623/141/hvd.32044015471790/599.png"; bbox 0 0 4018 6424; ppageno 0'>
   <div class='ocr_carea' id='block_1_1' title="bbox 608 334 741 389">
    <p class='ocr_par' dir='ltr' id='par_1_1' title="bbox 608 334 741 389">
     <span class='ocr_line' id='line_1_1' title="bbox 608 334 741 389; baseline -0.015 -1"><span class='ocrx_word' id='word_1_1' title='bbox 608 334 741 389; x_wconf 84' lang='lat' dir='ltr'><strong>H87</strong></span> 
     </span>
    </p>
   </div>
   <div class='ocr_carea' id='block_1_2' title="bbox 1488 330 2989 397">
    <p class='ocr_par' dir='ltr' id='par_1_2' title="bbox 1488 330 2989 397">
     <span class='ocr_line' id='line_1_2' title="bbox 1488 330 2989 397; baseline -0.001 -9"><span class='ocrx_word' id='word_1_2' title='bbox 1488 332 1544 387; x_wconf 89' lang='lat' dir='ltr'><strong>S.</strong></span> <span class='ocrx_word' id='word_1_3' title='bbox 1584 330 1980 388; x_wconf 80' lang='lat' dir='ltr'><strong>GODEHARDI</strong></span> <span class='ocrx_word' id='word_1_4' title='bbox 2020 332 2330 390; x_wconf 79' lang='lat' dir='ltr'><strong>EPISCOPI</strong></span> <span class='ocrx_word' id='word_1_5' title='bbox 2366 332 2989 397; x_wconf 76' lang='lat' dir='ltr'><strong>BILDESHEIMENSIS</strong></span> 
     </span>
    </p>
   </div>
   <div class='ocr_carea' id='block_1_3' title="bbox 3757 327 3873 391">
    <p class='ocr_par' dir='ltr' id='par_1_3' title="bbox 3757 327 3873 391">
     <span class='ocr_line' id='line_1_3' title="bbox 3757 327 3873 391; baseline -0.043 0"><span class='ocrx_word' id='word_1_6' title='bbox 3757 327 3873 391; x_wconf 64' lang='lat' dir='ltr'><strong>“Si</strong></span> 
     </span>
    </p>
   </div>
   <div class='ocr_carea' id='block_1_4' title="bbox 600 442 3875 518">
    <p class='ocr_par' dir='ltr' id='par_1_4' title="bbox 600 442 3875 518">
     <span class='ocr_line' id='line_1_4' title="bbox 600 442 3875 518; baseline 0.002 -19"><span class='ocrx_word' id='word_1_7' title='bbox 600 442 941 500; x_wconf 72' lang='lat' dir='ltr'><strong>miserationi</strong></span> <span class='ocrx_word' id='word_1_8' title='bbox 983 450 1165 514; x_wconf 77' lang='lat' dir='ltr'><strong>grates</strong></span> <span class='ocrx_word' id='word_1_9' title='bbox 1205 442 1421 500; x_wconf 84' lang='lat' dir='ltr'><strong>debitas</strong></span> <span class='ocrx_word' id='word_1_10' title='bbox 1460 444 1674 511; x_wconf 91' lang='lat' dir='ltr'><strong>retulit,</strong></span> <span class='ocrx_word' id='word_1_11' title='bbox 1721 445 1810 500; x_wconf 84' lang='lat' dir='ltr'><strong>cui</strong></span> <span class='ocrx_word' id='word_1_12' title='bbox 1851 454 1905 499; x_wconf 87' lang='lat' dir='ltr'><strong>et</strong></span> <span class='ocrx_word' id='word_1_13' title='bbox 1947 446 2192 500; x_wconf 87' lang='lat' dir='ltr'><strong>intentus</strong></span> <span class='ocrx_word' id='word_1_14' title='bbox 2226 452 2271 509; x_wconf 90' lang='grc' dir='ltr'><strong>Α</strong></span> <span class='ocrx_word' id='word_1_15' title='bbox 2301 444 2447 500; x_wconf 89' lang='lat' dir='ltr'><strong>dinis</strong></span> <span class='ocrx_word' id='word_1_16' title='bbox 2498 460 2665 501; x_wconf 89' lang='lat' dir='ltr'><strong>causa</strong></span> <span class='ocrx_word' id='word_1_17' title='bbox 2705 444 3120 512; x_wconf 74' lang='lat' dir='ltr'><strong>claudebantur,</strong></span> <span class='ocrx_word' id='word_1_18' title='bbox 3174 444 3341 518; x_wconf 86' lang='lat' dir='ltr'><strong>coepit</strong></span> <span class='ocrx_word' id='word_1_19' title='bbox 3396 447 3606 506; x_wconf 85' lang='lat' dir='ltr'><strong>clarius</strong></span> <span class='ocrx_word' id='word_1_20' title='bbox 3657 445 3834 506; x_wconf 73' lang='lat' dir='ltr'><strong>videre</strong></span> <span class='ocrx_word' id='word_1_21' title='bbox 3859 486 3875 517; x_wconf 85' lang='grc'><strong>.</strong></span> 
     </span>
    </p>
   </div>
   <div class='ocr_carea' id='block_1_5' title="bbox 598 522 2190 606">
    <p class='ocr_par' dir='ltr' id='par_1_5' title="bbox 598 522 2190 606">
     <span class='ocr_line' id='line_1_5' title="bbox 598 522 2190 606; baseline -0.001 -15"><span class='ocrx_word' id='word_1_22' title='bbox 598 522 927 606; x_wconf 76' lang='lat' dir='ltr'><strong>supplicare,</strong></span> <span class='ocrx_word' id='word_1_23' title='bbox 968 545 1028 590; x_wconf 92' lang='lat' dir='ltr'><strong>ut</strong></span> <span class='ocrx_word' id='word_1_24' title='bbox 1068 544 1252 605; x_wconf 87' lang='lat' dir='ltr'><strong>postea</strong></span> <span class='ocrx_word' id='word_1_25' title='bbox 1294 550 1448 602; x_wconf 84' lang='lat' dir='ltr'><strong>vere,</strong></span> <span class='ocrx_word' id='word_1_26' title='bbox 1489 536 1729 591; x_wconf 90' lang='lat' dir='ltr'><strong>donante</strong></span> <span class='ocrx_word' id='word_1_27' title='bbox 1771 534 1902 603; x_wconf 91' lang='lat' dir='ltr'><strong>Deo,</strong></span> <span class='ocrx_word' id='word_1_28' title='bbox 1948 537 2190 606; x_wconf 87' lang='lat' dir='ltr'><strong>patebat,</strong></span> 
     </span>
    </p>
   </div>
   <div class='ocr_carea' id='block_1_6' title="bbox 598 626 2192 699">
    <p class='ocr_par' dir='ltr' id='par_1_6' title="bbox 598 626 2192 699">
     <span class='ocr_line' id='line_1_6' title="bbox 598 626 2192 699; baseline 0.001 -18"><span class='ocrx_word' id='word_1_29' title='bbox 598 644 711 683; x_wconf 90' lang='lat' dir='ltr'><strong>non</strong></span> <span class='ocrx_word' id='word_1_30' title='bbox 734 628 959 683; x_wconf 76' lang='lat' dir='ltr'><strong>destitit.</strong></span> <span class='ocrx_word' id='word_1_31' title='bbox 985 626 1122 682; x_wconf 79' lang='lat' dir='ltr'><strong>Nam</strong></span> <span class='ocrx_word' id='word_1_32' title='bbox 1160 626 1302 682; x_wconf 84' lang='lat' dir='ltr'><strong>infra</strong></span> <span class='ocrx_word' id='word_1_33' title='bbox 1326 628 1455 682; x_wconf 90' lang='lat' dir='ltr'><strong>anni</strong></span> <span class='ocrx_word' id='word_1_34' title='bbox 1498 627 1753 698; x_wconf 83' lang='lat' dir='ltr'><strong>spatium,</strong></span> <span class='ocrx_word' id='word_1_35' title='bbox 1777 638 1839 683; x_wconf 92' lang='lat' dir='ltr'><strong>ut</strong></span> <span class='ocrx_word' id='word_1_36' title='bbox 1860 637 2007 684; x_wconf 89' lang='lat' dir='ltr'><strong>certe</strong></span> <span class='ocrx_word' id='word_1_37' title='bbox 2047 629 2192 699; x_wconf 80' lang='lat' dir='ltr'><strong>apud</strong></span> 
     </span>
    </p>
   </div>
   <div class='ocr_carea' id='block_1_7' title="bbox 600 718 2189 790">
    <p class='ocr_par' dir='ltr' id='par_1_7' title="bbox 600 718 2189 790">
     <span class='ocr_line' id='line_1_7' title="bbox 600 718 2189 790; baseline 0.003 -17"><span class='ocrx_word' id='word_1_38' title='bbox 600 735 699 775; x_wconf 91' lang='lat' dir='ltr'><strong>nos</strong></span> <span class='ocrx_word' id='word_1_39' title='bbox 738 719 995 775; x_wconf 89' lang='lat' dir='ltr'><strong>omnibus</strong></span> <span class='ocrx_word' id='word_1_40' title='bbox 1039 728 1228 774; x_wconf 90' lang='lat' dir='ltr'><strong>notum</strong></span> <span class='ocrx_word' id='word_1_41' title='bbox 1270 729 1385 786; x_wconf 89' lang='lat' dir='ltr'><strong>est,</strong></span> <span class='ocrx_word' id='word_1_42' title='bbox 1429 733 1592 789; x_wconf 88' lang='lat' dir='ltr'><strong>puer,</strong></span> <span class='ocrx_word' id='word_1_43' title='bbox 1639 718 1824 790; x_wconf 84' lang='lat' dir='ltr'><strong>fugata</strong></span> <span class='ocrx_word' id='word_1_44' title='bbox 1866 722 2189 779; x_wconf 84' lang='lat' dir='ltr'><strong>morborum</strong></span> 
     </span>
    </p>
   </div>
   <div class='ocr_carea' id='block_1_8' title="bbox 598 812 2190 882">
    <p class='ocr_par' dir='ltr' id='par_1_8' title="bbox 598 812 2190 882">
     <span class='ocr_line' id='line_1_8' title="bbox 598 812 2190 882; baseline 0.002 -17"><span class='ocrx_word' id='word_1_45' title='bbox 598 812 977 877; x_wconf 80' lang='lat' dir='ltr'><strong>multitudine,</strong></span> <span class='ocrx_word' id='word_1_46' title='bbox 1020 813 1311 882; x_wconf 81' lang='lat' dir='ltr'><strong>laxataque</strong></span> <span class='ocrx_word' id='word_1_47' title='bbox 1350 826 1644 866; x_wconf 84' lang='lat' dir='ltr'><strong>nervorum</strong></span> <span class='ocrx_word' id='word_1_48' title='bbox 1686 813 2088 879; x_wconf 83' lang='lat' dir='ltr'><strong>contractione,</strong></span> <span class='ocrx_word' id='word_1_49' title='bbox 2133 814 2190 868; x_wconf 90' lang='lat' dir='ltr'><strong>in</strong></span> 
     </span>
    </p>
   </div>
   <div class='ocr_carea' id='block_1_9' title="bbox 599 902 2190 973">
    <p class='ocr_par' dir='ltr' id='par_1_9' title="bbox 599 902 2190 973">
     <span class='ocr_line' id='line_1_9' title="bbox 599 902 2190 973; baseline 0.002 -16"><span class='ocrx_word' id='word_1_50' title='bbox 599 903 796 959; x_wconf 89' lang='lat' dir='ltr'><strong>melius</strong></span> <span class='ocrx_word' id='word_1_51' title='bbox 818 902 1114 968; x_wconf 77' lang='lat' dir='ltr'><strong>convaluit,</strong></span> <span class='ocrx_word' id='word_1_52' title='bbox 1136 910 1190 956; x_wconf 88' lang='lat' dir='ltr'><strong>et</strong></span> <span class='ocrx_word' id='word_1_53' title='bbox 1218 903 1285 957; x_wconf 89' lang='lat' dir='ltr'><strong>de</strong></span> <span class='ocrx_word' id='word_1_54' title='bbox 1307 902 1394 957; x_wconf 91' lang='lat' dir='ltr'><strong>die</strong></span> <span class='ocrx_word' id='word_1_55' title='bbox 1436 903 1491 957; x_wconf 91' lang='lat' dir='ltr'><strong>in</strong></span> <span class='ocrx_word' id='word_1_56' title='bbox 1512 902 1656 957; x_wconf 89' lang='lat' dir='ltr'><strong>diem</strong></span> <span class='ocrx_word' id='word_1_57' title='bbox 1679 902 1747 957; x_wconf 91' lang='lat' dir='ltr'><strong>ad</strong></span> <span class='ocrx_word' id='word_1_58' title='bbox 1770 905 2051 973; x_wconf 82' lang='lat' dir='ltr'><strong>quodlibet</strong></span> <span class='ocrx_word' id='word_1_59' title='bbox 2075 919 2190 959; x_wconf 85' lang='lat' dir='ltr'><strong>ser-</strong></span> 
     </span>
    </p>
   </div>
   <div class='ocr_carea' id='block_1_10' title="bbox 595 993 2189 1065">
    <p class='ocr_par' dir='ltr' id='par_1_10' title="bbox 595 993 2189 1065">
     <span class='ocr_line' id='line_1_10' title="bbox 595 993 2189 1065; baseline 0.001 -16"><span class='ocrx_word' id='word_1_60' title='bbox 595 995 787 1050; x_wconf 89' lang='lat' dir='ltr'><strong>vilutis</strong></span> <span class='ocrx_word' id='word_1_61' title='bbox 836 994 1071 1048; x_wconf 82' lang='lat' dir='ltr'><strong>ofﬁcium</strong></span> <span class='ocrx_word' id='word_1_62' title='bbox 1132 994 1375 1048; x_wconf 89' lang='lat' dir='ltr'><strong>valenter</strong></span> <span class='ocrx_word' id='word_1_63' title='bbox 1435 993 1683 1063; x_wconf 80' lang='lat' dir='ltr'><strong>profecit.</strong></span> <span class='ocrx_word' id='word_1_64' title='bbox 1747 996 1891 1051; x_wconf 86' lang='lat' dir='ltr'><strong>Idem</strong></span> <span class='ocrx_word' id='word_1_65' title='bbox 1949 1011 2189 1065; x_wconf 87' lang='lat' dir='ltr'><strong>namque</strong></span> 
     </span>
    </p>
   </div>
   <div class='ocr_carea' id='block_1_11' title="bbox 598 1085 2189 1157">
    <p class='ocr_par' dir='ltr' id='par_1_11' title="bbox 598 1085 2189 1157">
     <span class='ocr_line' id='line_1_11' title="bbox 598 1085 2189 1157; baseline -0.001 -15"><span class='ocrx_word' id='word_1_66' title='bbox 598 1086 785 1152; x_wconf 88' lang='lat' dir='ltr'><strong>homo,</strong></span> <span class='ocrx_word' id='word_1_67' title='bbox 810 1086 1070 1140; x_wconf 80' lang='lat' dir='ltr'><strong>Werinns</strong></span> <span class='ocrx_word' id='word_1_68' title='bbox 1112 1086 1352 1151; x_wconf 87' lang='lat' dir='ltr'><strong>nomine,</strong></span> <span class='ocrx_word' id='word_1_69' title='bbox 1372 1085 1487 1155; x_wconf 89' lang='lat' dir='ltr'><strong>jam</strong></span> <span class='ocrx_word' id='word_1_70' title='bbox 1531 1102 1627 1155; x_wconf 91' lang='lat' dir='ltr'><strong>per</strong></span> <span class='ocrx_word' id='word_1_71' title='bbox 1667 1087 1859 1157; x_wconf 82' lang='lat' dir='ltr'><strong>viginti</strong></span> <span class='ocrx_word' id='word_1_72' title='bbox 1897 1096 2038 1143; x_wconf 91' lang='lat' dir='ltr'><strong>eteo</strong></span> <span class='ocrx_word' id='word_1_73' title='bbox 2075 1104 2189 1142; x_wconf 88' lang='lat' dir='ltr'><strong>am-</strong></span> 
     </span>
    </p>
   </div>
   <div class='ocr_carea' id='block_1_12' title="bbox 597 1178 2183 1249">
    <p class='ocr_par' dir='ltr' id='par_1_12' title="bbox 597 1178 2183 1249">
     <span class='ocr_line' id='line_1_12' title="bbox 597 1178 2183 1249; baseline 0.001 -17"><span class='ocrx_word' id='word_1_74' title='bbox 597 1180 741 1249; x_wconf 89' lang='lat' dir='ltr'><strong>plius</strong></span> <span class='ocrx_word' id='word_1_75' title='bbox 762 1194 935 1233; x_wconf 87' lang='lat' dir='ltr'><strong>annos</strong></span> <span class='ocrx_word' id='word_1_76' title='bbox 958 1178 1011 1231; x_wconf 92' lang='lat' dir='ltr'><strong>in</strong></span> <span class='ocrx_word' id='word_1_77' title='bbox 1051 1179 1256 1248; x_wconf 89' lang='lat' dir='ltr'><strong>capella</strong></span> <span class='ocrx_word' id='word_1_78' title='bbox 1277 1179 1571 1248; x_wconf 83' lang='lat' dir='ltr'><strong>episcOpali</strong></span> <span class='ocrx_word' id='word_1_79' title='bbox 1614 1178 1906 1234; x_wconf 85' lang='lat' dir='ltr'><strong>incolumis</strong></span> <span class='ocrx_word' id='word_1_80' title='bbox 1926 1178 2183 1246; x_wconf 84' lang='lat' dir='ltr'><strong>deservit,</strong></span> 
     </span>
    </p>
   </div>
   <div class='ocr_carea' id='block_1_13' title="bbox 597 1270 2187 1341">
    <p class='ocr_par' dir='ltr' id='par_1_13' title="bbox 597 1270 2187 1341">
     <span class='ocr_line' id='line_1_13' title="bbox 597 1270 2187 1341; baseline 0 -15"><span class='ocrx_word' id='word_1_81' title='bbox 597 1272 703 1326; x_wconf 88' lang='lat' dir='ltr'><strong>nisi</strong></span> <span class='ocrx_word' id='word_1_82' title='bbox 725 1272 870 1341; x_wconf 89' lang='lat' dir='ltr'><strong>quod</strong></span> <span class='ocrx_word' id='word_1_83' title='bbox 911 1271 1070 1341; x_wconf 88' lang='lat' dir='ltr'><strong>quasi</strong></span> <span class='ocrx_word' id='word_1_84' title='bbox 1097 1271 1153 1324; x_wconf 92' lang='lat' dir='ltr'><strong>in</strong></span> <span class='ocrx_word' id='word_1_85' title='bbox 1176 1270 1549 1324; x_wconf 89' lang='lat' dir='ltr'><strong>testimonium</strong></span> <span class='ocrx_word' id='word_1_86' title='bbox 1575 1271 1793 1325; x_wconf 87' lang='lat' dir='ltr'><strong>virtutis</strong></span> <span class='ocrx_word' id='word_1_87' title='bbox 1812 1270 1909 1326; x_wconf 89' lang='lat' dir='ltr'><strong>Dei</strong></span> <span class='ocrx_word' id='word_1_88' title='bbox 1932 1272 1985 1325; x_wconf 92' lang='lat' dir='ltr'><strong>in</strong></span> <span class='ocrx_word' id='word_1_89' title='bbox 2013 1282 2187 1327; x_wconf 86' lang='lat' dir='ltr'><strong>semet</strong></span> 
     </span>
    </p>
   </div>
   <div class='ocr_carea' id='block_1_14' title="bbox 596 1362 2185 1433">
    <p class='ocr_par' dir='ltr' id='par_1_14' title="bbox 596 1362 2185 1433">
     <span class='ocr_line' id='line_1_14' title="bbox 596 1362 2185 1433; baseline -0.001 -14"><span class='ocrx_word' id='word_1_90' title='bbox 596 1363 737 1433; x_wconf 88' lang='lat' dir='ltr'><strong>ipso,</strong></span> <span class='ocrx_word' id='word_1_91' title='bbox 765 1372 911 1419; x_wconf 85' lang='lat' dir='ltr'><strong>certe</strong></span> <span class='ocrx_word' id='word_1_92' title='bbox 934 1363 989 1417; x_wconf 94' lang='lat' dir='ltr'><strong>in</strong></span> <span class='ocrx_word' id='word_1_93' title='bbox 1035 1362 1290 1418; x_wconf 89' lang='lat' dir='ltr'><strong>cruribus</strong></span> <span class='ocrx_word' id='word_1_94' title='bbox 1309 1372 1363 1418; x_wconf 90' lang='lat' dir='ltr'><strong>et</strong></span> <span class='ocrx_word' id='word_1_95' title='bbox 1383 1363 1437 1416; x_wconf 92' lang='lat' dir='ltr'><strong>in</strong></span> <span class='ocrx_word' id='word_1_96' title='bbox 1462 1362 1715 1417; x_wconf 89' lang='lat' dir='ltr'><strong>manibus</strong></span> <span class='ocrx_word' id='word_1_97' title='bbox 1739 1363 1886 1433; x_wconf 91' lang='lat' dir='ltr'><strong>ipsas</strong></span> <span class='ocrx_word' id='word_1_98' title='bbox 1908 1364 2185 1418; x_wconf 87' lang='lat' dir='ltr'><strong>membro-</strong></span> 
     </span>
    </p>
   </div>
   <div class='ocr_carea' id='block_1_15' title="bbox 597 1455 2183 1525">
    <p class='ocr_par' dir='ltr' id='par_1_15' title="bbox 597 1455 2183 1525">
     <span class='ocr_line' id='line_1_15' title="bbox 597 1455 2183 1525; baseline 0.001 -15"><span class='ocrx_word' id='word_1_99' title='bbox 597 1471 719 1510; x_wconf 89' lang='lat' dir='ltr'><strong>rum</strong></span> <span class='ocrx_word' id='word_1_100' title='bbox 741 1464 983 1510; x_wconf 86' lang='lat' dir='ltr'><strong>torturas</strong></span> <span class='ocrx_word' id='word_1_101' title='bbox 1005 1465 1078 1521; x_wconf 91' lang='lat' dir='ltr'><strong>et,</strong></span> <span class='ocrx_word' id='word_1_102' title='bbox 1105 1464 1164 1510; x_wconf 89' lang='lat' dir='ltr'><strong>ut</strong></span> <span class='ocrx_word' id='word_1_103' title='bbox 1184 1456 1257 1510; x_wconf 93' lang='lat' dir='ltr'><strong>ita</strong></span> <span class='ocrx_word' id='word_1_104' title='bbox 1279 1456 1481 1521; x_wconf 91' lang='lat' dir='ltr'><strong>dicam,</strong></span> <span class='ocrx_word' id='word_1_105' title='bbox 1505 1455 1700 1525; x_wconf 88' lang='lat' dir='ltr'><strong>gibbos</strong></span> <span class='ocrx_word' id='word_1_106' title='bbox 1732 1455 2023 1525; x_wconf 89' lang='lat' dir='ltr'><strong>quosdam,</strong></span> <span class='ocrx_word' id='word_1_107' title='bbox 2046 1471 2183 1511; x_wconf 91' lang='lat' dir='ltr'><strong>cun-</strong></span> 
     </span>
    </p>
   </div>
   <div class='ocr_carea' id='block_1_16' title="bbox 593 1547 1386 1603">
    <p class='ocr_par' dir='ltr' id='par_1_16' title="bbox 593 1547 1386 1603">
     <span class='ocr_line' id='line_1_16' title="bbox 593 1547 1386 1603; baseline 0.001 -3"><span class='ocrx_word' id='word_1_108' title='bbox 593 1547 697 1602; x_wconf 90' lang='lat' dir='ltr'><strong>ctis</strong></span> <span class='ocrx_word' id='word_1_109' title='bbox 722 1562 779 1602; x_wconf 87' lang='lat' dir='ltr'><strong>se</strong></span> <span class='ocrx_word' id='word_1_110' title='bbox 799 1548 1108 1602; x_wconf 78' lang='lat' dir='ltr'><strong>videntibus</strong></span> <span class='ocrx_word' id='word_1_111' title='bbox 1130 1548 1386 1603; x_wconf 87' lang='lat' dir='ltr'><strong>ostendit.</strong></span> 
     </span>
    </p>
   </div>
   <div class='ocr_carea' id='block_1_17' title="bbox 662 1637 2184 1711">
    <p class='ocr_par' dir='ltr' id='par_1_17' title="bbox 662 1637 2184 1711">
     <span class='ocr_line' id='line_1_17' title="bbox 662 1637 2184 1711; baseline 0.001 -19"><span class='ocrx_word' id='word_1_112' title='bbox 662 1639 750 1693; x_wconf 77' lang='lat'><strong>55.</strong></span> <span class='ocrx_word' id='word_1_113' title='bbox 795 1638 932 1693; x_wconf 80' lang='lat' dir='ltr'><strong>Aliis</strong></span> <span class='ocrx_word' id='word_1_114' title='bbox 971 1655 1191 1710; x_wconf 88' lang='lat' dir='ltr'><strong>quoque</strong></span> <span class='ocrx_word' id='word_1_115' title='bbox 1214 1640 1502 1709; x_wconf 89' lang='lat' dir='ltr'><strong>permultis</strong></span> <span class='ocrx_word' id='word_1_116' title='bbox 1542 1640 1693 1694; x_wconf 90' lang='lat' dir='ltr'><strong>varia</strong></span> <span class='ocrx_word' id='word_1_117' title='bbox 1734 1640 1991 1695; x_wconf 70' lang='lat' dir='ltr'><strong>humanm</strong></span> <span class='ocrx_word' id='word_1_118' title='bbox 2021 1637 2184 1711; x_wconf 82' lang='lat' dir='ltr'><strong>fragi-</strong></span> 
     </span>
    </p>
   </div>
   <div class='ocr_carea' id='block_1_18' title="bbox 592 1729 2178 1801">
    <p class='ocr_par' dir='ltr' id='par_1_18' title="bbox 592 1729 2178 1801">
     <span class='ocr_line' id='line_1_18' title="bbox 592 1729 2178 1801; baseline 0 -17"><span class='ocrx_word' id='word_1_119' title='bbox 592 1729 761 1785; x_wconf 84' lang='lat' dir='ltr'><strong>litatis</strong></span> <span class='ocrx_word' id='word_1_120' title='bbox 783 1731 1095 1786; x_wconf 87' lang='lat' dir='ltr'><strong>conditione</strong></span> <span class='ocrx_word' id='word_1_121' title='bbox 1138 1732 1545 1797; x_wconf 83' lang='lat' dir='ltr'><strong>laborantibus,</strong></span> <span class='ocrx_word' id='word_1_122' title='bbox 1586 1732 1918 1801; x_wconf 87' lang='lat' dir='ltr'><strong>quibusdam</strong></span> <span class='ocrx_word' id='word_1_123' title='bbox 1950 1731 2178 1798; x_wconf 89' lang='lat' dir='ltr'><strong>scilicet,</strong></span> 
     </span>
    </p>
   </div>
   <div class='ocr_carea' id='block_1_19' title="bbox 590 1823 2180 1894">
    <p class='ocr_par' dir='ltr' id='par_1_19' title="bbox 590 1823 2180 1894">
     <span class='ocr_line' id='line_1_19' title="bbox 590 1823 2180 1894; baseline 0.001 -18"><span class='ocrx_word' id='word_1_124' title='bbox 590 1823 737 1892; x_wconf 91' lang='lat' dir='ltr'><strong>quod</strong></span> <span class='ocrx_word' id='word_1_125' title='bbox 798 1831 852 1877; x_wconf 91' lang='lat' dir='ltr'><strong>et</strong></span> <span class='ocrx_word' id='word_1_126' title='bbox 913 1823 1299 1892; x_wconf 85' lang='lat' dir='ltr'><strong>gravissimum</strong></span> <span class='ocrx_word' id='word_1_127' title='bbox 1367 1831 1486 1890; x_wconf 86' lang='lat' dir='ltr'><strong>est,</strong></span> <span class='ocrx_word' id='word_1_128' title='bbox 1543 1833 1890 1894; x_wconf 82' lang='lat' dir='ltr'><strong>peccatorum</strong></span> <span class='ocrx_word' id='word_1_129' title='bbox 1939 1824 2180 1893; x_wconf 89' lang='lat' dir='ltr'><strong>pondere</strong></span> 
     </span>
    </p>
   </div>
   <div class='ocr_carea' id='block_1_20' title="bbox 590 1909 2180 1985">
    <p class='ocr_par' dir='ltr' id='par_1_20' title="bbox 590 1909 2180 1985">
     <span class='ocr_line' id='line_1_20' title="bbox 590 1909 2180 1985; baseline 0.003 -18"><span class='ocrx_word' id='word_1_130' title='bbox 590 1914 813 1984; x_wconf 90' lang='lat' dir='ltr'><strong>pressis,</strong></span> <span class='ocrx_word' id='word_1_131' title='bbox 840 1916 1167 1985; x_wconf 83' lang='lat' dir='ltr'><strong>quibusdam</strong></span> <span class='ocrx_word' id='word_1_132' title='bbox 1198 1909 1328 1970; x_wconf 82' lang='lat' dir='ltr'><strong>vero</strong></span> <span class='ocrx_word' id='word_1_133' title='bbox 1375 1916 1591 1972; x_wconf 87' lang='lat' dir='ltr'><strong>diversa</strong></span> <span class='ocrx_word' id='word_1_134' title='bbox 1637 1916 2017 1971; x_wconf 83' lang='lat' dir='ltr'><strong>inlirmitatum</strong></span> <span class='ocrx_word' id='word_1_135' title='bbox 2061 1933 2180 1972; x_wconf 90' lang='lat' dir='ltr'><strong>mo-</strong></span> 
     </span>
    </p>
   </div>
   <div class='ocr_carea' id='block_1_21' title="bbox 592 2005 2180 2078">
    <p class='ocr_par' dir='ltr' id='par_1_21' title="bbox 592 2005 2180 2078">
     <span class='ocr_line' id='line_1_21' title="bbox 592 2005 2180 2078; baseline 0.003 -20"><span class='ocrx_word' id='word_1_136' title='bbox 592 2005 748 2060; x_wconf 87' lang='lat' dir='ltr'><strong>lestia</strong></span> <span class='ocrx_word' id='word_1_137' title='bbox 784 2006 1020 2062; x_wconf 88' lang='lat' dir='ltr'><strong>detentis</strong></span> <span class='ocrx_word' id='word_1_138' title='bbox 1051 2007 1117 2062; x_wconf 91' lang='lat' dir='ltr'><strong>ad</strong></span> <span class='ocrx_word' id='word_1_139' title='bbox 1154 2023 1213 2062; x_wconf 90' lang='lat' dir='ltr'><strong>se</strong></span> <span class='ocrx_word' id='word_1_140' title='bbox 1245 2006 1710 2077; x_wconf 81' lang='lat' dir='ltr'><strong>confugientibus,</strong></span> <span class='ocrx_word' id='word_1_141' title='bbox 1744 2022 1904 2078; x_wconf 86' lang='lat' dir='ltr'><strong>opem</strong></span> <span class='ocrx_word' id='word_1_142' title='bbox 1951 2023 2064 2063; x_wconf 71' lang='lat' dir='ltr'><strong>sua:</strong></span> <span class='ocrx_word' id='word_1_143' title='bbox 2095 2008 2180 2063; x_wconf 87' lang='lat' dir='ltr'><strong>in-</strong></span> 
     </span>
    </p>
   </div>
   <div class='ocr_carea' id='block_1_22' title="bbox 589 2097 2177 2170">
    <p class='ocr_par' dir='ltr' id='par_1_22' title="bbox 589 2097 2177 2170">
     <span class='ocr_line' id='line_1_22' title="bbox 589 2097 2177 2170; baseline 0.002 -19"><span class='ocrx_word' id='word_1_144' title='bbox 589 2097 941 2152; x_wconf 88' lang='lat' dir='ltr'><strong>tercessionis</strong></span> <span class='ocrx_word' id='word_1_145' title='bbox 980 2098 1303 2168; x_wconf 80' lang='lat' dir='ltr'><strong>impertivit;</strong></span> <span class='ocrx_word' id='word_1_146' title='bbox 1341 2114 1567 2169; x_wconf 84' lang='lat' dir='ltr'><strong>eosque,</strong></span> <span class='ocrx_word' id='word_1_147' title='bbox 1604 2098 1930 2170; x_wconf 81' lang='lat' dir='ltr'><strong>infatigabili</strong></span> <span class='ocrx_word' id='word_1_148' title='bbox 1956 2108 2177 2154; x_wconf 82' lang='lat' dir='ltr'><strong>sancta-</strong></span> 
     </span>
    </p>
   </div>
   <div class='ocr_carea' id='block_1_23' title="bbox 587 2191 2180 2261">
    <p class='ocr_par' dir='ltr' id='par_1_23' title="bbox 587 2191 2180 2261">
     <span class='ocr_line' id='line_1_23' title="bbox 587 2191 2180 2261; baseline 0.004 -19"><span class='ocrx_word' id='word_1_149' title='bbox 587 2204 711 2243; x_wconf 91' lang='lat' dir='ltr'><strong>rum</strong></span> <span class='ocrx_word' id='word_1_150' title='bbox 732 2205 957 2259; x_wconf 84' lang='lat' dir='ltr'><strong>precum</strong></span> <span class='ocrx_word' id='word_1_151' title='bbox 984 2191 1263 2257; x_wconf 88' lang='lat' dir='ltr'><strong>instantia,</strong></span> <span class='ocrx_word' id='word_1_152' title='bbox 1278 2200 1332 2246; x_wconf 89' lang='lat' dir='ltr'><strong>et</strong></span> <span class='ocrx_word' id='word_1_153' title='bbox 1354 2192 1423 2246; x_wconf 92' lang='lat' dir='ltr'><strong>ab</strong></span> <span class='ocrx_word' id='word_1_154' title='bbox 1446 2192 1763 2246; x_wconf 80' lang='lat' dir='ltr'><strong>imminente</strong></span> <span class='ocrx_word' id='word_1_155' title='bbox 1784 2193 2026 2261; x_wconf 87' lang='lat' dir='ltr'><strong>periculo</strong></span> <span class='ocrx_word' id='word_1_156' title='bbox 2045 2193 2180 2248; x_wconf 83' lang='lat' dir='ltr'><strong>libe-</strong></span> 
     </span>
    </p>
   </div>
   <div class='ocr_carea' id='block_1_24' title="bbox 587 2279 2179 2346">
    <p class='ocr_par' dir='ltr' id='par_1_24' title="bbox 587 2279 2179 2346">
     <span class='ocr_line' id='line_1_24' title="bbox 587 2279 2179 2346; baseline 0.004 -13"><span class='ocrx_word' id='word_1_157' title='bbox 587 2280 748 2346; x_wconf 87' lang='lat' dir='ltr'><strong>ravit,</strong></span> <span class='ocrx_word' id='word_1_158' title='bbox 772 2280 903 2335; x_wconf 93' lang='lat' dir='ltr'><strong>etin</strong></span> <span class='ocrx_word' id='word_1_159' title='bbox 940 2279 1205 2346; x_wconf 82' lang='lat' dir='ltr'><strong>futurum,</strong></span> <span class='ocrx_word' id='word_1_160' title='bbox 1231 2280 1340 2336; x_wconf 83' lang='lat' dir='ltr'><strong>Deo</strong></span> <span class='ocrx_word' id='word_1_161' title='bbox 1372 2281 1689 2346; x_wconf 74' lang='lat' dir='ltr'><strong>auxiliante,</strong></span> <span class='ocrx_word' id='word_1_162' title='bbox 1714 2299 1746 2336; x_wconf 88' lang='lat' dir='ltr'><strong>a</strong></span> <span class='ocrx_word' id='word_1_163' title='bbox 1770 2283 1969 2338; x_wconf 88' lang='lat' dir='ltr'><strong>talibus</strong></span> <span class='ocrx_word' id='word_1_164' title='bbox 1993 2293 2179 2339; x_wconf 85' lang='lat' dir='ltr'><strong>custo-</strong></span> 
     </span>
    </p>
   </div>
   <div class='ocr_carea' id='block_1_25' title="bbox 584 2369 2175 2445">
    <p class='ocr_par' dir='ltr' id='par_1_25' title="bbox 584 2369 2175 2445">
     <span class='ocr_line' id='line_1_25' title="bbox 584 2369 2175 2445; baseline 0.004 -22"><span class='ocrx_word' id='word_1_165' title='bbox 584 2369 740 2426; x_wconf 88' lang='lat' dir='ltr'><strong>divit.</strong></span> <span class='ocrx_word' id='word_1_166' title='bbox 769 2370 845 2425; x_wconf 89' lang='lat' dir='ltr'><strong>De</strong></span> <span class='ocrx_word' id='word_1_167' title='bbox 875 2371 1076 2442; x_wconf 87' lang='lat' dir='ltr'><strong>quibus</strong></span> <span class='ocrx_word' id='word_1_168' title='bbox 1108 2388 1272 2442; x_wconf 89' lang='lat' dir='ltr'><strong>quam</strong></span> <span class='ocrx_word' id='word_1_169' title='bbox 1304 2374 1496 2439; x_wconf 89' lang='lat' dir='ltr'><strong>multa,</strong></span> <span class='ocrx_word' id='word_1_170' title='bbox 1534 2374 1720 2428; x_wconf 90' lang='lat' dir='ltr'><strong>multis</strong></span> <span class='ocrx_word' id='word_1_171' title='bbox 1746 2375 1906 2443; x_wconf 87' lang='lat' dir='ltr'><strong>plane</strong></span> <span class='ocrx_word' id='word_1_172' title='bbox 1937 2377 2175 2445; x_wconf 66' lang='lat' dir='ltr'><strong>cognita,</strong></span> 
     </span>
    </p>
   </div>
   <div class='ocr_carea' id='block_1_26' title="bbox 587 2467 2176 2537">
    <p class='ocr_par' dir='ltr' id='par_1_26' title="bbox 587 2467 2176 2537">
     <span class='ocr_line' id='line_1_26' title="bbox 587 2467 2176 2537; baseline 0.002 -17"><span class='ocrx_word' id='word_1_173' title='bbox 587 2467 854 2521; x_wconf 85' lang='lat' dir='ltr'><strong>veraciter</strong></span> <span class='ocrx_word' id='word_1_174' title='bbox 900 2482 1158 2521; x_wconf 83' lang='lat' dir='ltr'><strong>enarrare</strong></span> <span class='ocrx_word' id='word_1_175' title='bbox 1210 2468 1504 2537; x_wconf 87' lang='lat' dir='ltr'><strong>potuerim,</strong></span> <span class='ocrx_word' id='word_1_176' title='bbox 1560 2469 1616 2537; x_wconf 75' lang='lat' dir='ltr'><strong>ni</strong></span> <span class='ocrx_word' id='word_1_177' title='bbox 1660 2484 1723 2524; x_wconf 91' lang='lat' dir='ltr'><strong>ea</strong></span> <span class='ocrx_word' id='word_1_178' title='bbox 1766 2468 1834 2522; x_wconf 90' lang='lat' dir='ltr'><strong>ab</strong></span> <span class='ocrx_word' id='word_1_179' title='bbox 1866 2469 1974 2524; x_wconf 89' lang='lat' dir='ltr'><strong>illis</strong></span> <span class='ocrx_word' id='word_1_180' title='bbox 2024 2478 2176 2534; x_wconf 85' lang='lat' dir='ltr'><strong>tunc,</strong></span> 
     </span>
    </p>
   </div>
   <div class='ocr_carea' id='block_1_27' title="bbox 587 2559 2178 2630">
    <p class='ocr_par' dir='ltr' id='par_1_27' title="bbox 587 2559 2178 2630">
     <span class='ocr_line' id='line_1_27' title="bbox 587 2559 2178 2630; baseline 0.001 -17"><span class='ocrx_word' id='word_1_181' title='bbox 587 2559 708 2628; x_wconf 86' lang='lat' dir='ltr'><strong>ipso</strong></span> <span class='ocrx_word' id='word_1_182' title='bbox 738 2569 965 2630; x_wconf 78' lang='lat' dir='ltr'><strong>cogente</strong></span> <span class='ocrx_word' id='word_1_183' title='bbox 997 2559 1362 2625; x_wconf 87' lang='lat' dir='ltr'><strong>dissimulata,</strong></span> <span class='ocrx_word' id='word_1_184' title='bbox 1391 2576 1454 2615; x_wconf 92' lang='lat' dir='ltr'><strong>ea</strong></span> <span class='ocrx_word' id='word_1_185' title='bbox 1478 2561 1716 2616; x_wconf 81' lang='lat' dir='ltr'><strong>maxime</strong></span> <span class='ocrx_word' id='word_1_186' title='bbox 1741 2577 1910 2617; x_wconf 87' lang='lat' dir='ltr'><strong>causa</strong></span> <span class='ocrx_word' id='word_1_187' title='bbox 1958 2562 2178 2616; x_wconf 86' lang='lat' dir='ltr'><strong>silendo</strong></span> 
     </span>
    </p>
   </div>
   <div class='ocr_carea' id='block_1_28' title="bbox 587 2651 2179 2721">
    <p class='ocr_par' dir='ltr' id='par_1_28' title="bbox 587 2651 2179 2721">
     <span class='ocr_line' id='line_1_28' title="bbox 587 2651 2179 2721; baseline 0.001 -17"><span class='ocrx_word' id='word_1_188' title='bbox 587 2651 751 2705; x_wconf 53' lang='lat' dir='ltr'><strong>mado</strong></span> <span class='ocrx_word' id='word_1_189' title='bbox 810 2652 1200 2721; x_wconf 76' lang='lat' dir='ltr'><strong>praeterierim,</strong></span> <span class='ocrx_word' id='word_1_190' title='bbox 1249 2668 1317 2705; x_wconf 91' lang='lat' dir='ltr'><strong>ne</strong></span> <span class='ocrx_word' id='word_1_191' title='bbox 1357 2661 1452 2706; x_wconf 90' lang='lat' dir='ltr'><strong>aut</strong></span> <span class='ocrx_word' id='word_1_192' title='bbox 1487 2652 1784 2709; x_wconf 85' lang='lat' dir='ltr'><strong>lectoribus</strong></span> <span class='ocrx_word' id='word_1_193' title='bbox 1818 2654 1982 2708; x_wconf 89' lang='lat' dir='ltr'><strong>altius</strong></span> <span class='ocrx_word' id='word_1_194' title='bbox 2025 2654 2179 2711; x_wconf 82' lang='lat' dir='ltr'><strong>fasti-</strong></span> 
     </span>
    </p>
   </div>
   <div class='ocr_carea' id='block_1_29' title="bbox 584 2741 2178 2813">
    <p class='ocr_par' dir='ltr' id='par_1_29' title="bbox 584 2741 2178 2813">
     <span class='ocr_line' id='line_1_29' title="bbox 584 2741 2178 2813; baseline 0.004 -20"><span class='ocrx_word' id='word_1_195' title='bbox 584 2741 736 2795; x_wconf 89' lang='lat' dir='ltr'><strong>dium</strong></span> <span class='ocrx_word' id='word_1_196' title='bbox 792 2743 1100 2812; x_wconf 90' lang='lat' dir='ltr'><strong>ingeratur,</strong></span> <span class='ocrx_word' id='word_1_197' title='bbox 1151 2752 1246 2797; x_wconf 91' lang='lat' dir='ltr'><strong>aut</strong></span> <span class='ocrx_word' id='word_1_198' title='bbox 1281 2744 1349 2797; x_wconf 89' lang='lat' dir='ltr'><strong>ad</strong></span> <span class='ocrx_word' id='word_1_199' title='bbox 1388 2744 1514 2798; x_wconf 90' lang='lat' dir='ltr'><strong>talia</strong></span> <span class='ocrx_word' id='word_1_200' title='bbox 1567 2745 1736 2813; x_wconf 79' lang='lat' dir='ltr'><strong>pigris</strong></span> <span class='ocrx_word' id='word_1_201' title='bbox 1781 2745 2178 2800; x_wconf 82' lang='lat' dir='ltr'><strong>incredulitatis</strong></span> 
     </span>
    </p>
   </div>
   <div class='ocr_carea' id='block_1_30' title="bbox 587 2832 2176 2905">
    <p class='ocr_par' dir='ltr' id='par_1_30' title="bbox 587 2832 2176 2905">
     <span class='ocr_line' id='line_1_30' title="bbox 587 2832 2176 2905; baseline 0.004 -21"><span class='ocrx_word' id='word_1_202' title='bbox 587 2840 869 2899; x_wconf 85' lang='lat' dir='ltr'><strong>peccatum</strong></span> <span class='ocrx_word' id='word_1_203' title='bbox 922 2842 1208 2902; x_wconf 81' lang='lat' dir='ltr'><strong>augeatur.</strong></span> <span class='ocrx_word' id='word_1_204' title='bbox 1276 2832 1458 2887; x_wconf 89' lang='lat' dir='ltr'><strong>Unum</strong></span> <span class='ocrx_word' id='word_1_205' title='bbox 1521 2842 1703 2889; x_wconf 90' lang='lat' dir='ltr'><strong>tamen</strong></span> <span class='ocrx_word' id='word_1_206' title='bbox 1745 2835 1957 2901; x_wconf 90' lang='lat' dir='ltr'><strong>dicam,</strong></span> <span class='ocrx_word' id='word_1_207' title='bbox 2031 2836 2176 2905; x_wconf 89' lang='lat' dir='ltr'><strong>quod</strong></span> 
     </span>
    </p>
   </div>
   <div class='ocr_carea' id='block_1_31' title="bbox 586 2908 2177 2996">
    <p class='ocr_par' dir='ltr' id='par_1_31' title="bbox 586 2908 2177 2996">
     <span class='ocr_line' id='line_1_31' title="bbox 586 2908 2177 2996; baseline 0.005 -23"><span class='ocrx_word' id='word_1_208' title='bbox 586 2921 1006 2990; x_wconf 90' lang='lat' dir='ltr'><strong>quasijoculare</strong></span> <span class='ocrx_word' id='word_1_209' title='bbox 1027 2922 1280 2989; x_wconf 85' lang='lat' dir='ltr'><strong>ridiculo,</strong></span> <span class='ocrx_word' id='word_1_210' title='bbox 1315 2908 1712 2995; x_wconf 50' lang='lat' dir='ltr'><strong>Goslarimjb’ﬁ)</strong></span> <span class='ocrx_word' id='word_1_211' title='bbox 1735 2924 1932 2991; x_wconf 77' lang='lat' dir='ltr'><strong>effecit,</strong></span> <span class='ocrx_word' id='word_1_212' title='bbox 1957 2927 2177 2996; x_wconf 83' lang='lat' dir='ltr'><strong>quando</strong></span> 
     </span>
    </p>
   </div>
   <div class='ocr_carea' id='block_1_32' title="bbox 585 3009 2174 3087">
    <p class='ocr_par' dir='ltr' id='par_1_32' title="bbox 585 3009 2174 3087">
     <span class='ocr_line' id='line_1_32' title="bbox 585 3009 2174 3087; baseline 0.006 -24"><span class='ocrx_word' id='word_1_213' title='bbox 585 3009 661 3064; x_wconf 85' lang='lat' dir='ltr'><strong>ibi</strong></span> <span class='ocrx_word' id='word_1_214' title='bbox 693 3011 749 3064; x_wconf 91' lang='lat' dir='ltr'><strong>in</strong></span> <span class='ocrx_word' id='word_1_215' title='bbox 785 3020 936 3065; x_wconf 70' lang='lat' dir='ltr'><strong>curae</strong></span> <span class='ocrx_word' id='word_1_216' title='bbox 974 3014 1141 3083; x_wconf 80' lang='lat' dir='ltr'><strong>regali</strong></span> <span class='ocrx_word' id='word_1_217' title='bbox 1166 3013 1219 3067; x_wconf 91' lang='lat' dir='ltr'><strong>in</strong></span> <span class='ocrx_word' id='word_1_218' title='bbox 1256 3023 1534 3083; x_wconf 89' lang='lat' dir='ltr'><strong>postremo</strong></span> <span class='ocrx_word' id='word_1_219' title='bbox 1556 3016 1732 3071; x_wconf 80' lang='lat' dir='ltr'><strong>aetatis</strong></span> <span class='ocrx_word' id='word_1_220' title='bbox 1771 3032 1883 3071; x_wconf 83' lang='lat' dir='ltr'><strong>suae</strong></span> <span class='ocrx_word' id='word_1_221' title='bbox 1911 3026 2174 3087; x_wconf 86' lang='lat' dir='ltr'><strong>tempore,</strong></span> 
     </span>
    </p>
   </div>
   <div class='ocr_carea' id='block_1_33' title="bbox 580 3101 2176 3176">
    <p class='ocr_par' dir='ltr' id='par_1_33' title="bbox 580 3101 2176 3176">
     <span class='ocr_line' id='line_1_33' title="bbox 580 3101 2176 3176; baseline 0.004 -19"><span class='ocrx_word' id='word_1_222' title='bbox 580 3101 737 3172; x_wconf 83' lang='lat' dir='ltr'><strong>jussu</strong></span> <span class='ocrx_word' id='word_1_223' title='bbox 758 3112 812 3158; x_wconf 88' lang='lat' dir='ltr'><strong>et</strong></span> <span class='ocrx_word' id='word_1_224' title='bbox 838 3104 1097 3173; x_wconf 79' lang='lat' dir='ltr'><strong>petitione</strong></span> <span class='ocrx_word' id='word_1_225' title='bbox 1123 3105 1286 3160; x_wconf 79' lang='lat' dir='ltr'><strong>Gile</strong></span> <span class='ocrx_word' id='word_1_226' title='bbox 1311 3107 1677 3176; x_wconf 69' lang='lat' dir='ltr'><strong>imperatricis</strong></span> <span class='ocrx_word' id='word_1_227' title='bbox 1723 3109 2011 3163; x_wconf 88' lang='lat' dir='ltr'><strong>ecclesiam</strong></span> <span class='ocrx_word' id='word_1_228' title='bbox 2042 3125 2176 3164; x_wconf 91' lang='lat' dir='ltr'><strong>con-</strong></span> 
     </span>
    </p>
   </div>
   <div class='ocr_carea' id='block_1_34' title="bbox 585 3196 2173 3269">
    <p class='ocr_par' dir='ltr' id='par_1_34' title="bbox 585 3196 2173 3269">
     <span class='ocr_line' id='line_1_34' title="bbox 585 3196 2173 3269; baseline 0.004 -19"><span class='ocrx_word' id='word_1_229' title='bbox 585 3197 806 3251; x_wconf 76' lang='lat' dir='ltr'><strong>struxit.</strong></span> <span class='ocrx_word' id='word_1_230' title='bbox 836 3196 965 3264; x_wconf 79' lang='lat' dir='ltr'><strong>Erat</strong></span> <span class='ocrx_word' id='word_1_231' title='bbox 998 3198 1069 3252; x_wconf 87' lang='lat' dir='ltr'><strong>ibi</strong></span> <span class='ocrx_word' id='word_1_232' title='bbox 1107 3208 1358 3254; x_wconf 87' lang='lat' dir='ltr'><strong>matrona</strong></span> <span class='ocrx_word' id='word_1_233' title='bbox 1381 3200 1631 3269; x_wconf 61' lang='lat' dir='ltr'><strong>quaedam</strong></span> <span class='ocrx_word' id='word_1_234' title='bbox 1662 3200 1715 3255; x_wconf 90' lang='lat' dir='ltr'><strong>in</strong></span> <span class='ocrx_word' id='word_1_235' title='bbox 1740 3201 1917 3256; x_wconf 85' lang='lat' dir='ltr'><strong>laicali</strong></span> <span class='ocrx_word' id='word_1_236' title='bbox 1940 3218 2173 3259; x_wconf 86' lang='lat' dir='ltr'><strong>conver-</strong></span> 
     </span>
    </p>
   </div>
   <div class='ocr_carea' id='block_1_35' title="bbox 582 3287 2177 3361">
    <p class='ocr_par' dir='ltr' id='par_1_35' title="bbox 582 3287 2177 3361">
     <span class='ocr_line' id='line_1_35' title="bbox 582 3287 2177 3361; baseline 0.005 -19"><span class='ocrx_word' id='word_1_237' title='bbox 582 3287 797 3343; x_wconf 88' lang='lat' dir='ltr'><strong>satione</strong></span> <span class='ocrx_word' id='word_1_238' title='bbox 837 3290 1035 3358; x_wconf 88' lang='lat' dir='ltr'><strong>posita,</strong></span> <span class='ocrx_word' id='word_1_239' title='bbox 1076 3291 1169 3345; x_wconf 87' lang='lat' dir='ltr'><strong>sed</strong></span> <span class='ocrx_word' id='word_1_240' title='bbox 1204 3291 1257 3345; x_wconf 90' lang='lat' dir='ltr'><strong>in</strong></span> <span class='ocrx_word' id='word_1_241' title='bbox 1310 3291 1505 3346; x_wconf 83' lang='lat' dir='ltr'><strong>timore</strong></span> <span class='ocrx_word' id='word_1_242' title='bbox 1556 3291 1651 3347; x_wconf 90' lang='lat' dir='ltr'><strong>Dei</strong></span> <span class='ocrx_word' id='word_1_243' title='bbox 1674 3292 1892 3361; x_wconf 88' lang='lat' dir='ltr'><strong>devota,</strong></span> <span class='ocrx_word' id='word_1_244' title='bbox 1918 3314 1919 3319; x_wconf 48' lang='grc' dir='ltr'><strong>η</strong></span> <span class='ocrx_word' id='word_1_245' title='bbox 1946 3293 2177 3352; x_wconf 90' lang='lat' dir='ltr'><strong>Hatteha</strong></span> 
     </span>
    </p>
   </div>
   <div class='ocr_carea' id='block_1_36' title="bbox 584 3380 2177 3457">
    <p class='ocr_par' dir='ltr' id='par_1_36' title="bbox 584 3380 2177 3457">
     <span class='ocr_line' id='line_1_36' title="bbox 584 3380 2177 3457; baseline 0.007 -25"><span class='ocrx_word' id='word_1_246' title='bbox 584 3380 901 3454; x_wconf 79' lang='lat' dir='ltr'><strong>(ilathzcca)</strong></span> <span class='ocrx_word' id='word_1_247' title='bbox 928 3383 1167 3449; x_wconf 82' lang='lat' dir='ltr'><strong>nomine,</strong></span> <span class='ocrx_word' id='word_1_248' title='bbox 1220 3384 1380 3454; x_wconf 82' lang='lat' dir='ltr'><strong>cujus</strong></span> <span class='ocrx_word' id='word_1_249' title='bbox 1412 3385 1582 3439; x_wconf 88' lang='lat' dir='ltr'><strong>ﬁlium</strong></span> <span class='ocrx_word' id='word_1_250' title='bbox 1616 3385 1731 3456; x_wconf 91' lang='lat' dir='ltr'><strong>ipse</strong></span> <span class='ocrx_word' id='word_1_251' title='bbox 1760 3386 2050 3457; x_wconf 86' lang='lat' dir='ltr'><strong>episcopus</strong></span> <span class='ocrx_word' id='word_1_252' title='bbox 2076 3404 2177 3457; x_wconf 88' lang='lat' dir='ltr'><strong>pro</strong></span> 
     </span>
    </p>
   </div>
   <div class='ocr_carea' id='block_1_37' title="bbox 583 3474 2178 3546">
    <p class='ocr_par' dir='ltr' id='par_1_37' title="bbox 583 3474 2178 3546">
     <span class='ocr_line' id='line_1_37' title="bbox 583 3474 2178 3546; baseline 0.005 -19"><span class='ocrx_word' id='word_1_253' title='bbox 583 3474 709 3527; x_wconf 86' lang='lat' dir='ltr'><strong>fidei</strong></span> <span class='ocrx_word' id='word_1_254' title='bbox 742 3475 1005 3546; x_wconf 71' lang='lat' dir='ltr'><strong>religione</strong></span> <span class='ocrx_word' id='word_1_255' title='bbox 1037 3492 1204 3545; x_wconf 90' lang='lat' dir='ltr'><strong>quam</strong></span> <span class='ocrx_word' id='word_1_256' title='bbox 1230 3477 1283 3530; x_wconf 89' lang='lat' dir='ltr'><strong>in</strong></span> <span class='ocrx_word' id='word_1_257' title='bbox 1321 3492 1384 3531; x_wconf 91' lang='lat' dir='ltr'><strong>ea</strong></span> <span class='ocrx_word' id='word_1_258' title='bbox 1414 3477 1705 3544; x_wconf 82' lang='lat' dir='ltr'><strong>sentiebat,</strong></span> <span class='ocrx_word' id='word_1_259' title='bbox 1742 3478 1809 3533; x_wconf 91' lang='lat' dir='ltr'><strong>de</strong></span> <span class='ocrx_word' id='word_1_260' title='bbox 1839 3495 1998 3535; x_wconf 91' lang='lat' dir='ltr'><strong>sacro</strong></span> <span class='ocrx_word' id='word_1_261' title='bbox 2028 3478 2178 3535; x_wconf 88' lang='lat' dir='ltr'><strong>fonte</strong></span> 
     </span>
    </p>
   </div>
   <div class='ocr_carea' id='block_1_38' title="bbox 583 3566 2177 3641">
    <p class='ocr_par' dir='ltr' id='par_1_38' title="bbox 583 3566 2177 3641">
     <span class='ocr_line' id='line_1_38' title="bbox 583 3566 2177 3641; baseline 0.004 -22"><span class='ocrx_word' id='word_1_262' title='bbox 583 3566 844 3636; x_wconf 83' lang='lat' dir='ltr'><strong>suscepit;</strong></span> <span class='ocrx_word' id='word_1_263' title='bbox 872 3584 1039 3637; x_wconf 90' lang='lat' dir='ltr'><strong>quam</strong></span> <span class='ocrx_word' id='word_1_264' title='bbox 1065 3569 1301 3638; x_wconf 85' lang='lat' dir='ltr'><strong>quodam</strong></span> <span class='ocrx_word' id='word_1_265' title='bbox 1324 3578 1570 3638; x_wconf 91' lang='lat' dir='ltr'><strong>tempore</strong></span> <span class='ocrx_word' id='word_1_266' title='bbox 1595 3570 1823 3641; x_wconf 82' lang='lat' dir='ltr'><strong>contigit</strong></span> <span class='ocrx_word' id='word_1_267' title='bbox 1849 3571 2177 3641; x_wconf 89' lang='lat' dir='ltr'><strong>gravissimo</strong></span> 
     </span>
    </p>
   </div>
   <div class='ocr_carea' id='block_1_39' title="bbox 584 3658 2176 3731">
    <p class='ocr_par' dir='ltr' id='par_1_39' title="bbox 584 3658 2176 3731">
     <span class='ocr_line' id='line_1_39' title="bbox 584 3658 2176 3731; baseline 0.004 -20"><span class='ocrx_word' id='word_1_268' title='bbox 584 3658 871 3713; x_wconf 87' lang='lat' dir='ltr'><strong>oculorum</strong></span> <span class='ocrx_word' id='word_1_269' title='bbox 918 3660 1104 3714; x_wconf 87' lang='lat' dir='ltr'><strong>dolore</strong></span> <span class='ocrx_word' id='word_1_270' title='bbox 1136 3661 1344 3726; x_wconf 84' lang='lat' dir='ltr'><strong>vexari,</strong></span> <span class='ocrx_word' id='word_1_271' title='bbox 1376 3668 1431 3714; x_wconf 89' lang='lat' dir='ltr'><strong>et</strong></span> <span class='ocrx_word' id='word_1_272' title='bbox 1461 3676 1557 3730; x_wconf 89' lang='lat' dir='ltr'><strong>per</strong></span> <span class='ocrx_word' id='word_1_273' title='bbox 1582 3661 1792 3731; x_wconf 77' lang='lat' dir='ltr'><strong>aliquot</strong></span> <span class='ocrx_word' id='word_1_274' title='bbox 1814 3662 1964 3728; x_wconf 90' lang='lat' dir='ltr'><strong>dies,</strong></span> <span class='ocrx_word' id='word_1_275' title='bbox 2039 3663 2176 3718; x_wconf 90' lang='lat' dir='ltr'><strong>adeo</strong></span> 
     </span>
    </p>
   </div>
   <div class='ocr_carea' id='block_1_40' title="bbox 586 3750 2176 3824">
    <p class='ocr_par' dir='ltr' id='par_1_40' title="bbox 586 3750 2176 3824">
     <span class='ocr_line' id='line_1_40' title="bbox 586 3750 2176 3824; baseline 0.006 -23"><span class='ocrx_word' id='word_1_276' title='bbox 586 3757 645 3801; x_wconf 91' lang='lat' dir='ltr'><strong>ut</strong></span> <span class='ocrx_word' id='word_1_277' title='bbox 708 3763 809 3803; x_wconf 90' lang='lat' dir='ltr'><strong>nec</strong></span> <span class='ocrx_word' id='word_1_278' title='bbox 860 3750 1041 3804; x_wconf 89' lang='lat' dir='ltr'><strong>cibum</strong></span> <span class='ocrx_word' id='word_1_279' title='bbox 1088 3767 1190 3806; x_wconf 92' lang='lat' dir='ltr'><strong>nec</strong></span> <span class='ocrx_word' id='word_1_280' title='bbox 1230 3760 1421 3821; x_wconf 89' lang='lat' dir='ltr'><strong>potum</strong></span> <span class='ocrx_word' id='word_1_281' title='bbox 1474 3753 1741 3822; x_wconf 88' lang='lat' dir='ltr'><strong>accipere,</strong></span> <span class='ocrx_word' id='word_1_282' title='bbox 1790 3770 1891 3809; x_wconf 92' lang='lat' dir='ltr'><strong>nec</strong></span> <span class='ocrx_word' id='word_1_283' title='bbox 1936 3755 2176 3824; x_wconf 92' lang='lat' dir='ltr'><strong>aliquam</strong></span> 
     </span>
    </p>
   </div>
   <div class='ocr_carea' id='block_1_41' title="bbox 583 3842 2176 3913">
    <p class='ocr_par' dir='ltr' id='par_1_41' title="bbox 583 3842 2176 3913">
     <span class='ocr_line' id='line_1_41' title="bbox 583 3842 2176 3913; baseline 0.004 -19"><span class='ocrx_word' id='word_1_284' title='bbox 583 3854 906 3909; x_wconf 83' lang='lat' dir='ltr'><strong>corpoream</strong></span> <span class='ocrx_word' id='word_1_285' title='bbox 956 3842 1195 3911; x_wconf 86' lang='lat' dir='ltr'><strong>quietem</strong></span> <span class='ocrx_word' id='word_1_286' title='bbox 1236 3843 1439 3898; x_wconf 88' lang='lat' dir='ltr'><strong>habere</strong></span> <span class='ocrx_word' id='word_1_287' title='bbox 1480 3853 1685 3913; x_wconf 88' lang='lat' dir='ltr'><strong>posset,</strong></span> <span class='ocrx_word' id='word_1_288' title='bbox 1722 3845 1982 3899; x_wconf 89' lang='lat' dir='ltr'><strong>cruciari.</strong></span> <span class='ocrx_word' id='word_1_289' title='bbox 2043 3844 2176 3912; x_wconf 69' lang='lat' dir='ltr'><strong>Quae</strong></span> 
     </span>
    </p>
   </div>
   <div class='ocr_carea' id='block_1_42' title="bbox 582 3932 2177 4005">
    <p class='ocr_par' dir='ltr' id='par_1_42' title="bbox 582 3932 2177 4005">
     <span class='ocr_line' id='line_1_42' title="bbox 582 3932 2177 4005; baseline 0.005 -21"><span class='ocrx_word' id='word_1_290' title='bbox 582 3932 824 3998; x_wconf 86' lang='lat' dir='ltr'><strong>tandem,</strong></span> <span class='ocrx_word' id='word_1_291' title='bbox 856 3934 1179 4004; x_wconf 83' lang='lat' dir='ltr'><strong>gravissima</strong></span> <span class='ocrx_word' id='word_1_292' title='bbox 1207 3944 1432 4005; x_wconf 84' lang='lat' dir='ltr'><strong>cogente</strong></span> <span class='ocrx_word' id='word_1_293' title='bbox 1457 3936 1662 3992; x_wconf 87' lang='lat' dir='ltr'><strong>doloris</strong></span> <span class='ocrx_word' id='word_1_294' title='bbox 1690 3937 2063 4003; x_wconf 86' lang='lat' dir='ltr'><strong>anxietudine,</strong></span> <span class='ocrx_word' id='word_1_295' title='bbox 2113 3938 2177 3992; x_wconf 87' lang='lat' dir='ltr'><strong>fi-</strong></span> 
     </span>
    </p>
   </div>
   <div class='ocr_carea' id='block_1_43' title="bbox 582 4021 2176 4097">
    <p class='ocr_par' dir='ltr' id='par_1_43' title="bbox 582 4021 2176 4097">
     <span class='ocr_line' id='line_1_43' title="bbox 582 4021 2176 4097; baseline 0.005 -23"><span class='ocrx_word' id='word_1_296' title='bbox 582 4021 772 4075; x_wconf 90' lang='lat' dir='ltr'><strong>liolum</strong></span> <span class='ocrx_word' id='word_1_297' title='bbox 822 4038 983 4077; x_wconf 90' lang='lat' dir='ltr'><strong>suum</strong></span> <span class='ocrx_word' id='word_1_298' title='bbox 1014 4024 1081 4078; x_wconf 90' lang='lat' dir='ltr'><strong>ad</strong></span> <span class='ocrx_word' id='word_1_299' title='bbox 1114 4025 1433 4095; x_wconf 85' lang='lat' dir='ltr'><strong>episcopum</strong></span> <span class='ocrx_word' id='word_1_300' title='bbox 1469 4041 1595 4082; x_wconf 92' lang='lat' dir='ltr'><strong>cum</strong></span> <span class='ocrx_word' id='word_1_301' title='bbox 1648 4026 1881 4097; x_wconf 87' lang='lat' dir='ltr'><strong>eulogiis</strong></span> <span class='ocrx_word' id='word_1_302' title='bbox 1916 4028 2176 4083; x_wconf 86' lang='lat' dir='ltr'><strong>transmi-</strong></span> 
     </span>
    </p>
   </div>
   <div class='ocr_carea' id='block_1_44' title="bbox 583 4113 2177 4187">
    <p class='ocr_par' dir='ltr' id='par_1_44' title="bbox 583 4113 2177 4187">
     <span class='ocr_line' id='line_1_44' title="bbox 583 4113 2177 4187; baseline 0.004 -19"><span class='ocrx_word' id='word_1_303' title='bbox 583 4113 674 4178; x_wconf 80' lang='lat' dir='ltr'><strong>sit,</strong></span> <span class='ocrx_word' id='word_1_304' title='bbox 706 4114 865 4183; x_wconf 88' lang='lat' dir='ltr'><strong>eique</strong></span> <span class='ocrx_word' id='word_1_305' title='bbox 892 4130 1007 4170; x_wconf 64' lang='lat' dir='ltr'><strong>suae</strong></span> <span class='ocrx_word' id='word_1_306' title='bbox 1030 4117 1365 4173; x_wconf 81' lang='lat' dir='ltr'><strong>infirmitatis</strong></span> <span class='ocrx_word' id='word_1_307' title='bbox 1402 4118 1738 4175; x_wconf 83' lang='lat' dir='ltr'><strong>nimietatem</strong></span> <span class='ocrx_word' id='word_1_308' title='bbox 1768 4119 2048 4187; x_wconf 89' lang='lat' dir='ltr'><strong>intimans,</strong></span> <span class='ocrx_word' id='word_1_309' title='bbox 2076 4121 2177 4176; x_wconf 90' lang='lat' dir='ltr'><strong>ali-</strong></span> 
     </span>
    </p>
   </div>
   <div class='ocr_carea' id='block_1_45' title="bbox 581 4205 2168 4283">
    <p class='ocr_par' dir='ltr' id='par_1_45' title="bbox 581 4205 2168 4283">
     <span class='ocr_line' id='line_1_45' title="bbox 581 4205 2168 4283; baseline 0.008 -27"><span class='ocrx_word' id='word_1_310' title='bbox 581 4205 729 4273; x_wconf 82' lang='lat' dir='ltr'><strong>quod</strong></span> <span class='ocrx_word' id='word_1_311' title='bbox 785 4206 1005 4261; x_wconf 75' lang='lat' dir='ltr'><strong>medelae</strong></span> <span class='ocrx_word' id='word_1_312' title='bbox 1045 4209 1350 4265; x_wconf 87' lang='lat' dir='ltr'><strong>subsidium</strong></span> <span class='ocrx_word' id='word_1_313' title='bbox 1392 4211 1461 4264; x_wconf 90' lang='lat' dir='ltr'><strong>ab</strong></span> <span class='ocrx_word' id='word_1_314' title='bbox 1516 4211 1637 4279; x_wconf 84' lang='lat' dir='ltr'><strong>ejus</strong></span> <span class='ocrx_word' id='word_1_315' title='bbox 1673 4213 1871 4281; x_wconf 88' lang='lat' dir='ltr'><strong>pietate</strong></span> <span class='ocrx_word' id='word_1_316' title='bbox 1901 4214 2168 4283; x_wconf 66' lang='lat' dir='ltr'><strong>qumsivit.</strong></span> 
     </span>
    </p>
   </div>
   <div class='ocr_carea' id='block_1_46' title="bbox 581 4293 2174 4373">
    <p class='ocr_par' dir='ltr' id='par_1_46' title="bbox 581 4293 2174 4373">
     <span class='ocr_line' id='line_1_46' title="bbox 581 4293 2174 4373; baseline 0.011 -27"><span class='ocrx_word' id='word_1_317' title='bbox 581 4293 795 4360; x_wconf 85' lang='lat' dir='ltr'><strong>Quibus</strong></span> <span class='ocrx_word' id='word_1_318' title='bbox 830 4298 1031 4365; x_wconf 77' lang='lat' dir='ltr'><strong>praesul</strong></span> <span class='ocrx_word' id='word_1_319' title='bbox 1077 4300 1299 4366; x_wconf 85' lang='lat' dir='ltr'><strong>auditis,</strong></span> <span class='ocrx_word' id='word_1_320' title='bbox 1352 4301 1474 4355; x_wconf 70' lang='lat' dir='ltr'><strong>laeta</strong></span> <span class='ocrx_word' id='word_1_321' title='bbox 1506 4302 1784 4358; x_wconf 86' lang='lat' dir='ltr'><strong>hilaritate</strong></span> <span class='ocrx_word' id='word_1_322' title='bbox 1823 4305 2074 4373; x_wconf 87' lang='lat' dir='ltr'><strong>subrisit,</strong></span> <span class='ocrx_word' id='word_1_323' title='bbox 2119 4316 2174 4363; x_wconf 88' lang='lat' dir='ltr'><strong>et</strong></span> 
     </span>
    </p>
   </div>
   <div class='ocr_carea' id='block_1_47' title="bbox 581 4389 2171 4470">
    <p class='ocr_par' dir='ltr' id='par_1_47' title="bbox 581 4389 2171 4470">
     <span class='ocr_line' id='line_1_47' title="bbox 581 4389 2171 4470; baseline 0.008 -28"><span class='ocrx_word' id='word_1_324' title='bbox 581 4390 850 4459; x_wconf 81' lang='lat' dir='ltr'><strong>quosdam</strong></span> <span class='ocrx_word' id='word_1_325' title='bbox 878 4389 1040 4446; x_wconf 83' lang='lat' dir='ltr'><strong>ﬂores</strong></span> <span class='ocrx_word' id='word_1_326' title='bbox 1087 4393 1423 4449; x_wconf 89' lang='lat' dir='ltr'><strong>rubicundos</strong></span> <span class='ocrx_word' id='word_1_327' title='bbox 1471 4397 1539 4450; x_wconf 91' lang='lat' dir='ltr'><strong>de</strong></span> <span class='ocrx_word' id='word_1_328' title='bbox 1562 4396 1778 4463; x_wconf 86' lang='lat' dir='ltr'><strong>arbore,</strong></span> <span class='ocrx_word' id='word_1_329' title='bbox 1822 4413 1944 4468; x_wconf 69' lang='lat' dir='ltr'><strong>quae</strong></span> <span class='ocrx_word' id='word_1_330' title='bbox 1984 4400 2171 4470; x_wconf 81' lang='lat' dir='ltr'><strong>lingua</strong></span> 
     </span>
    </p>
   </div>
   <div class='ocr_carea' id='block_1_48' title="bbox 2292 535 3871 610">
    <p class='ocr_par' dir='ltr' id='par_1_48' title="bbox 2292 535 3871 610">
     <span class='ocr_line' id='line_1_48' title="bbox 2292 535 3871 610; baseline 0.004 -19"><span class='ocrx_word' id='word_1_331' title='bbox 2292 544 2349 591; x_wconf 91' lang='lat' dir='ltr'><strong>et</strong></span> <span class='ocrx_word' id='word_1_332' title='bbox 2371 535 2507 589; x_wconf 87' lang='lat' dir='ltr'><strong>nihil</strong></span> <span class='ocrx_word' id='word_1_333' title='bbox 2528 551 2757 606; x_wconf 87' lang='lat' dir='ltr'><strong>prorsus</strong></span> <span class='ocrx_word' id='word_1_334' title='bbox 2778 537 3095 607; x_wconf 89' lang='lat' dir='ltr'><strong>hujusmodi</strong></span> <span class='ocrx_word' id='word_1_335' title='bbox 3119 537 3381 594; x_wconf 72' lang='lat' dir='ltr'><strong>molestiae</strong></span> <span class='ocrx_word' id='word_1_336' title='bbox 3401 540 3647 610; x_wconf 90' lang='lat' dir='ltr'><strong>amplius</strong></span> <span class='ocrx_word' id='word_1_337' title='bbox 3662 540 3871 600; x_wconf 83' lang='lat' dir='ltr'><strong>sentire.</strong></span> 
     </span>
    </p>
   </div>
   <div class='ocr_carea' id='block_1_49' title="bbox 2292 625 3870 702">
    <p class='ocr_par' dir='ltr' id='par_1_49' title="bbox 2292 625 3870 702">
     <span class='ocr_line' id='line_1_49' title="bbox 2292 625 3870 702; baseline 0.004 -21"><span class='ocrx_word' id='word_1_338' title='bbox 2292 625 2426 693; x_wconf 72' lang='lat' dir='ltr'><strong>Quae</strong></span> <span class='ocrx_word' id='word_1_339' title='bbox 2452 636 2668 696; x_wconf 90' lang='lat' dir='ltr'><strong>postera</strong></span> <span class='ocrx_word' id='word_1_340' title='bbox 2691 628 2779 682; x_wconf 90' lang='lat' dir='ltr'><strong>die</strong></span> <span class='ocrx_word' id='word_1_341' title='bbox 2800 628 2869 687; x_wconf 88' lang='lat' dir='ltr'><strong>ad</strong></span> <span class='ocrx_word' id='word_1_342' title='bbox 2897 629 3216 698; x_wconf 90' lang='lat' dir='ltr'><strong>episcopum</strong></span> <span class='ocrx_word' id='word_1_343' title='bbox 3247 632 3514 698; x_wconf 84' lang='lat' dir='ltr'><strong>pervenit,</strong></span> <span class='ocrx_word' id='word_1_344' title='bbox 3544 639 3602 685; x_wconf 88' lang='lat' dir='ltr'><strong>et</strong></span> <span class='ocrx_word' id='word_1_345' title='bbox 3637 631 3870 702; x_wconf 82' lang='lat' dir='ltr'><strong>gaudens</strong></span> 
     </span>
    </p>
   </div>
   <div class='ocr_carea' id='block_1_50' title="bbox 2292 717 3876 791">
    <p class='ocr_par' dir='ltr' id='par_1_50' title="bbox 2292 717 3876 791">
     <span class='ocr_line' id='line_1_50' title="bbox 2292 717 3876 791; baseline 0.004 -19"><span class='ocrx_word' id='word_1_346' title='bbox 2292 717 2455 773; x_wconf 85' lang='lat' dir='ltr'><strong>simul</strong></span> <span class='ocrx_word' id='word_1_347' title='bbox 2481 727 2536 772; x_wconf 89' lang='lat' dir='ltr'><strong>et</strong></span> <span class='ocrx_word' id='word_1_348' title='bbox 2560 718 2868 790; x_wconf 80' lang='lat' dir='ltr'><strong>lacrymans</strong></span> <span class='ocrx_word' id='word_1_349' title='bbox 2889 720 3093 790; x_wconf 82' lang='lat' dir='ltr'><strong>gratias</strong></span> <span class='ocrx_word' id='word_1_350' title='bbox 3114 720 3415 791; x_wconf 83' lang='lat' dir='ltr'><strong>condignas</strong></span> <span class='ocrx_word' id='word_1_351' title='bbox 3436 722 3643 777; x_wconf 65' lang='lat' dir='ltr'><strong>divinae</strong></span> <span class='ocrx_word' id='word_1_352' title='bbox 3664 722 3876 778; x_wconf 81' lang='lat' dir='ltr'><strong>misera-</strong></span> 
     </span>
    </p>
   </div>
   <div class='ocr_carea' id='block_1_51' title="bbox 2291 807 3877 883">
    <p class='ocr_par' dir='ltr' id='par_1_51' title="bbox 2291 807 3877 883">
     <span class='ocr_line' id='line_1_51' title="bbox 2291 807 3877 883; baseline 0.006 -20"><span class='ocrx_word' id='word_1_353' title='bbox 2291 807 2449 875; x_wconf 85' lang='lat' dir='ltr'><strong>tioni,</strong></span> <span class='ocrx_word' id='word_1_354' title='bbox 2471 808 2700 879; x_wconf 86' lang='lat' dir='ltr'><strong>ejusque</strong></span> <span class='ocrx_word' id='word_1_355' title='bbox 2727 810 3030 866; x_wconf 90' lang='lat' dir='ltr'><strong>visitationi</strong></span> <span class='ocrx_word' id='word_1_356' title='bbox 3051 812 3330 870; x_wconf 79' lang='lat' dir='ltr'><strong>humiliter</strong></span> <span class='ocrx_word' id='word_1_357' title='bbox 3357 816 3567 870; x_wconf 88' lang='lat' dir='ltr'><strong>retulit.</strong></span> <span class='ocrx_word' id='word_1_358' title='bbox 3590 816 3775 883; x_wconf 84' lang='lat' dir='ltr'><strong>Quam</strong></span> <span class='ocrx_word' id='word_1_359' title='bbox 3799 819 3877 873; x_wconf 76' lang='lat' dir='ltr'><strong>ille</strong></span> 
     </span>
    </p>
   </div>
   <div class='ocr_carea' id='block_1_52' title="bbox 2290 903 3875 977">
    <p class='ocr_par' dir='ltr' id='par_1_52' title="bbox 2290 903 3875 977">
     <span class='ocr_line' id='line_1_52' title="bbox 2290 903 3875 977; baseline 0.007 -19"><span class='ocrx_word' id='word_1_360' title='bbox 2290 903 2523 975; x_wconf 80' lang='lat' dir='ltr'><strong>benigne</strong></span> <span class='ocrx_word' id='word_1_361' title='bbox 2551 904 2888 959; x_wconf 91' lang='lat' dir='ltr'><strong>consolando</strong></span> <span class='ocrx_word' id='word_1_362' title='bbox 2923 907 3254 977; x_wconf 90' lang='lat' dir='ltr'><strong>suscipiens,</strong></span> <span class='ocrx_word' id='word_1_363' title='bbox 3292 917 3348 964; x_wconf 90' lang='lat' dir='ltr'><strong>et</strong></span> <span class='ocrx_word' id='word_1_364' title='bbox 3371 909 3430 964; x_wconf 88' lang='lat' dir='ltr'><strong>in</strong></span> <span class='ocrx_word' id='word_1_365' title='bbox 3453 909 3701 967; x_wconf 87' lang='lat' dir='ltr'><strong>Domino</strong></span> <span class='ocrx_word' id='word_1_366' title='bbox 3728 916 3875 969; x_wconf 80' lang='lat' dir='ltr'><strong>corde</strong></span> 
     </span>
    </p>
   </div>
   <div class='ocr_carea' id='block_1_53' title="bbox 2299 994 3875 1072">
    <p class='ocr_par' dir='ltr' id='par_1_53' title="bbox 2299 994 3875 1072">
     <span class='ocr_line' id='line_1_53' title="bbox 2299 994 3875 1072; baseline 0.006 -24"><span class='ocrx_word' id='word_1_367' title='bbox 2299 994 2460 1049; x_wconf 88' lang='lat' dir='ltr'><strong>ﬁrmo</strong></span> <span class='ocrx_word' id='word_1_368' title='bbox 2477 1008 2719 1063; x_wconf 89' lang='lat' dir='ltr'><strong>sperare,</strong></span> <span class='ocrx_word' id='word_1_369' title='bbox 2742 1003 2797 1049; x_wconf 91' lang='lat' dir='ltr'><strong>et</strong></span> <span class='ocrx_word' id='word_1_370' title='bbox 2818 995 3186 1052; x_wconf 88' lang='lat' dir='ltr'><strong>indesinenter</strong></span> <span class='ocrx_word' id='word_1_371' title='bbox 3202 998 3340 1054; x_wconf 88' lang='lat' dir='ltr'><strong>bene</strong></span> <span class='ocrx_word' id='word_1_372' title='bbox 3362 999 3546 1055; x_wconf 87' lang='lat' dir='ltr'><strong>facere</strong></span> <span class='ocrx_word' id='word_1_373' title='bbox 3561 1003 3875 1072; x_wconf 72' lang='lat' dir='ltr'><strong>praecipiens</strong></span> 
     </span>
    </p>
   </div>
   <div class='ocr_carea' id='block_1_54' title="bbox 2289 1086 3875 1161">
    <p class='ocr_par' dir='ltr' id='par_1_54' title="bbox 2289 1086 3875 1161">
     <span class='ocr_line' id='line_1_54' title="bbox 2289 1086 3875 1161; baseline 0.005 -20"><span class='ocrx_word' id='word_1_374' title='bbox 2289 1087 2480 1141; x_wconf 91' lang='lat' dir='ltr'><strong>oculos</strong></span> <span class='ocrx_word' id='word_1_375' title='bbox 2496 1086 2617 1156; x_wconf 89' lang='lat' dir='ltr'><strong>ejus</strong></span> <span class='ocrx_word' id='word_1_376' title='bbox 2637 1102 2667 1140; x_wconf 90' lang='lat' dir='ltr'><strong>a</strong></span> <span class='ocrx_word' id='word_1_377' title='bbox 2684 1087 3002 1158; x_wconf 82' lang='lat' dir='ltr'><strong>presbytero</strong></span> <span class='ocrx_word' id='word_1_378' title='bbox 3028 1104 3186 1144; x_wconf 89' lang='lat' dir='ltr'><strong>sacro</strong></span> <span class='ocrx_word' id='word_1_379' title='bbox 3205 1090 3343 1155; x_wconf 90' lang='lat' dir='ltr'><strong>oleo,</strong></span> <span class='ocrx_word' id='word_1_380' title='bbox 3359 1092 3509 1161; x_wconf 90' lang='lat' dir='ltr'><strong>quod</strong></span> <span class='ocrx_word' id='word_1_381' title='bbox 3535 1092 3875 1149; x_wconf 84' lang='lat' dir='ltr'><strong>inﬁrmorum</strong></span> 
     </span>
    </p>
   </div>
   <div class='ocr_carea' id='block_1_55' title="bbox 2288 1177 3874 1254">
    <p class='ocr_par' dir='ltr' id='par_1_55' title="bbox 2288 1177 3874 1254">
     <span class='ocr_line' id='line_1_55' title="bbox 2288 1177 3874 1254; baseline 0.004 -22"><span class='ocrx_word' id='word_1_382' title='bbox 2288 1177 2508 1243; x_wconf 90' lang='lat' dir='ltr'><strong>dicitur,</strong></span> <span class='ocrx_word' id='word_1_383' title='bbox 2548 1178 2678 1248; x_wconf 89' lang='lat' dir='ltr'><strong>ungi</strong></span> <span class='ocrx_word' id='word_1_384' title='bbox 2717 1178 3029 1245; x_wconf 89' lang='lat' dir='ltr'><strong>mandavit;</strong></span> <span class='ocrx_word' id='word_1_385' title='bbox 3066 1195 3189 1249; x_wconf 64' lang='lat' dir='ltr'><strong>quae</strong></span> <span class='ocrx_word' id='word_1_386' title='bbox 3219 1190 3380 1236; x_wconf 67' lang='lat' dir='ltr'><strong>certe</strong></span> <span class='ocrx_word' id='word_1_387' title='bbox 3420 1183 3637 1248; x_wconf 84' lang='lat' dir='ltr'><strong>unctio,</strong></span> <span class='ocrx_word' id='word_1_388' title='bbox 3681 1192 3737 1238; x_wconf 91' lang='lat' dir='ltr'><strong>et</strong></span> <span class='ocrx_word' id='word_1_389' title='bbox 3767 1186 3874 1254; x_wconf 83' lang='lat' dir='ltr'><strong>ejus</strong></span> 
     </span>
    </p>
   </div>
   <div class='ocr_carea' id='block_1_56' title="bbox 2287 1268 3874 1344">
    <p class='ocr_par' dir='ltr' id='par_1_56' title="bbox 2287 1268 3874 1344">
     <span class='ocr_line' id='line_1_56' title="bbox 2287 1268 3874 1344; baseline 0.006 -22"><span class='ocrx_word' id='word_1_390' title='bbox 2287 1268 2375 1338; x_wconf 87' lang='lat' dir='ltr'><strong>pia</strong></span> <span class='ocrx_word' id='word_1_391' title='bbox 2408 1268 2740 1338; x_wconf 86' lang='lat' dir='ltr'><strong>deprecatio,</strong></span> <span class='ocrx_word' id='word_1_392' title='bbox 2763 1285 2884 1324; x_wconf 91' lang='lat' dir='ltr'><strong>eam</strong></span> <span class='ocrx_word' id='word_1_393' title='bbox 2910 1270 2979 1325; x_wconf 88' lang='lat' dir='ltr'><strong>ab</strong></span> <span class='ocrx_word' id='word_1_394' title='bbox 3005 1271 3198 1326; x_wconf 91' lang='lat' dir='ltr'><strong>eodem</strong></span> <span class='ocrx_word' id='word_1_395' title='bbox 3223 1272 3410 1328; x_wconf 90' lang='lat' dir='ltr'><strong>dolore</strong></span> <span class='ocrx_word' id='word_1_396' title='bbox 3431 1289 3616 1344; x_wconf 89' lang='lat' dir='ltr'><strong>usque</strong></span> <span class='ocrx_word' id='word_1_397' title='bbox 3643 1274 3701 1328; x_wconf 90' lang='lat' dir='ltr'><strong>in</strong></span> <span class='ocrx_word' id='word_1_398' title='bbox 3726 1276 3874 1331; x_wconf 78' lang='lat' dir='ltr'><strong>finem</strong></span> 
     </span>
    </p>
   </div>
   <div class='ocr_carea' id='block_1_57' title="bbox 2286 1359 2764 1431">
    <p class='ocr_par' dir='ltr' id='par_1_57' title="bbox 2286 1359 2764 1431">
     <span class='ocr_line' id='line_1_57' title="bbox 2286 1359 2764 1431; baseline 0.002 -17"><span class='ocrx_word' id='word_1_399' title='bbox 2286 1359 2495 1431; x_wconf 87' lang='lat' dir='ltr'><strong>integre</strong></span> <span class='ocrx_word' id='word_1_400' title='bbox 2529 1360 2764 1415; x_wconf 86' lang='lat' dir='ltr'><strong>sanavit.</strong></span> 
     </span>
    </p>
   </div>
   <div class='ocr_carea' id='block_1_58' title="bbox 2357 1449 3875 1529">
    <p class='ocr_par' dir='ltr' id='par_1_58' title="bbox 2357 1449 3875 1529">
     <span class='ocr_line' id='line_1_58' title="bbox 2357 1449 3875 1529; baseline 0.009 -27"><span class='ocrx_word' id='word_1_401' title='bbox 2357 1449 2444 1503; x_wconf 74' lang='grc'><strong>54.</strong></span> <span class='ocrx_word' id='word_1_402' title='bbox 2478 1449 2612 1506; x_wconf 86' lang='lat' dir='ltr'><strong>Illud</strong></span> <span class='ocrx_word' id='word_1_403' title='bbox 2643 1467 2885 1522; x_wconf 90' lang='lat' dir='ltr'><strong>quoque,</strong></span> <span class='ocrx_word' id='word_1_404' title='bbox 2939 1454 3087 1524; x_wconf 89' lang='lat' dir='ltr'><strong>quod</strong></span> <span class='ocrx_word' id='word_1_405' title='bbox 3153 1454 3206 1510; x_wconf 91' lang='lat' dir='ltr'><strong>in</strong></span> <span class='ocrx_word' id='word_1_406' title='bbox 3254 1457 3698 1526; x_wconf 87' lang='lat' dir='ltr'><strong>antepenultimo</strong></span> <span class='ocrx_word' id='word_1_407' title='bbox 3743 1475 3875 1529; x_wconf 68' lang='lat' dir='ltr'><strong>pr:-</strong></span> 
     </span>
    </p>
   </div>
   <div class='ocr_carea' id='block_1_59' title="bbox 2286 1541 3875 1622">
    <p class='ocr_par' dir='ltr' id='par_1_59' title="bbox 2286 1541 3875 1622">
     <span class='ocr_line' id='line_1_59' title="bbox 2286 1541 3875 1622; baseline 0.006 -27"><span class='ocrx_word' id='word_1_408' title='bbox 2286 1541 2456 1596; x_wconf 90' lang='lat' dir='ltr'><strong>sentis</strong></span> <span class='ocrx_word' id='word_1_409' title='bbox 2490 1542 2614 1598; x_wconf 68' lang='lat' dir='ltr'><strong>vita:</strong></span> <span class='ocrx_word' id='word_1_410' title='bbox 2644 1559 2788 1597; x_wconf 92' lang='lat' dir='ltr'><strong>anno</strong></span> <span class='ocrx_word' id='word_1_411' title='bbox 2837 1544 2887 1598; x_wconf 91' lang='lat' dir='ltr'><strong>ei</strong></span> <span class='ocrx_word' id='word_1_412' title='bbox 2921 1546 3137 1613; x_wconf 90' lang='lat' dir='ltr'><strong>accidit,</strong></span> <span class='ocrx_word' id='word_1_413' title='bbox 3175 1563 3423 1617; x_wconf 82' lang='lat' dir='ltr'><strong>propono</strong></span> <span class='ocrx_word' id='word_1_414' title='bbox 3466 1550 3522 1603; x_wconf 89' lang='lat' dir='ltr'><strong>in</strong></span> <span class='ocrx_word' id='word_1_415' title='bbox 3544 1553 3875 1622; x_wconf 86' lang='lat' dir='ltr'><strong>exemplum,</strong></span> 
     </span>
    </p>
   </div>
   <div class='ocr_carea' id='block_1_60' title="bbox 2284 1634 3875 1701">
    <p class='ocr_par' dir='ltr' id='par_1_60' title="bbox 2284 1634 3875 1701">
     <span class='ocr_line' id='line_1_60' title="bbox 2284 1634 3875 1701; baseline 0.007 -14"><span class='ocrx_word' id='word_1_416' title='bbox 2284 1642 2337 1688; x_wconf 90' lang='lat' dir='ltr'><strong>et</strong></span> <span class='ocrx_word' id='word_1_417' title='bbox 2366 1634 2634 1688; x_wconf 84' lang='lat' dir='ltr'><strong>cautelam</strong></span> <span class='ocrx_word' id='word_1_418' title='bbox 2683 1634 2967 1701; x_wconf 88' lang='lat' dir='ltr'><strong>ﬁdelibus,</strong></span> <span class='ocrx_word' id='word_1_419' title='bbox 3013 1645 3068 1692; x_wconf 90' lang='lat' dir='ltr'><strong>et</strong></span> <span class='ocrx_word' id='word_1_420' title='bbox 3110 1638 3360 1693; x_wconf 89' lang='lat' dir='ltr'><strong>timorem</strong></span> <span class='ocrx_word' id='word_1_421' title='bbox 3408 1656 3475 1696; x_wconf 89' lang='lat' dir='ltr'><strong>ac</strong></span> <span class='ocrx_word' id='word_1_422' title='bbox 3523 1640 3875 1698; x_wconf 79' lang='lat' dir='ltr'><strong>formidinem</strong></span> 
     </span>
    </p>
   </div>
   <div class='ocr_carea' id='block_1_61' title="bbox 2285 1724 3878 1803">
    <p class='ocr_par' dir='ltr' id='par_1_61' title="bbox 2285 1724 3878 1803">
     <span class='ocr_line' id='line_1_61' title="bbox 2285 1724 3878 1803; baseline 0.006 -25"><span class='ocrx_word' id='word_1_423' title='bbox 2285 1726 2698 1796; x_wconf 85' lang='lat' dir='ltr'><strong>negligentibus.</strong></span> <span class='ocrx_word' id='word_1_424' title='bbox 2746 1724 2878 1780; x_wconf 85' lang='lat' dir='ltr'><strong>Erat</strong></span> <span class='ocrx_word' id='word_1_425' title='bbox 2924 1743 3055 1781; x_wconf 88' lang='lat' dir='ltr'><strong>sane</strong></span> <span class='ocrx_word' id='word_1_426' title='bbox 3101 1729 3157 1781; x_wconf 92' lang='lat' dir='ltr'><strong>in</strong></span> <span class='ocrx_word' id='word_1_427' title='bbox 3203 1737 3391 1784; x_wconf 89' lang='lat' dir='ltr'><strong>nostra</strong></span> <span class='ocrx_word' id='word_1_428' title='bbox 3450 1734 3878 1803; x_wconf 75' lang='lat' dir='ltr'><strong>congregatione</strong></span> 
     </span>
    </p>
   </div>
   <div class='ocr_carea' id='block_1_62' title="bbox 2282 1816 3877 1893">
    <p class='ocr_par' dir='ltr' id='par_1_62' title="bbox 2282 1816 3877 1893">
     <span class='ocr_line' id='line_1_62' title="bbox 2282 1816 3877 1893; baseline 0.004 -24"><span class='ocrx_word' id='word_1_429' title='bbox 2282 1816 2504 1886; x_wconf 88' lang='lat' dir='ltr'><strong>quidam</strong></span> <span class='ocrx_word' id='word_1_430' title='bbox 2537 1816 2837 1893; x_wconf 82' lang='lat' dir='ltr'><strong>presbyter,</strong></span> <span class='ocrx_word' id='word_1_431' title='bbox 2869 1833 2937 1872; x_wconf 80' lang='lat' dir='ltr'><strong>ex</strong></span> <span class='ocrx_word' id='word_1_432' title='bbox 2969 1817 3176 1874; x_wconf 87' lang='lat' dir='ltr'><strong>familia</strong></span> <span class='ocrx_word' id='word_1_433' title='bbox 3213 1818 3478 1876; x_wconf 71' lang='lat' dir='ltr'><strong>Ecclesia:</strong></span> <span class='ocrx_word' id='word_1_434' title='bbox 3508 1832 3691 1888; x_wconf 89' lang='lat' dir='ltr'><strong>ortus,</strong></span> <span class='ocrx_word' id='word_1_435' title='bbox 3737 1824 3877 1876; x_wconf 80' lang='lat' dir='ltr'><strong>litte-</strong></span> 
     </span>
    </p>
   </div>
   <div class='ocr_carea' id='block_1_63' title="bbox 2280 1906 3874 1986">
    <p class='ocr_par' dir='ltr' id='par_1_63' title="bbox 2280 1906 3874 1986">
     <span class='ocr_line' id='line_1_63' title="bbox 2280 1906 3874 1986; baseline 0.006 -27"><span class='ocrx_word' id='word_1_436' title='bbox 2280 1906 2412 1961; x_wconf 89' lang='lat' dir='ltr'><strong>ralis</strong></span> <span class='ocrx_word' id='word_1_437' title='bbox 2441 1907 2699 1974; x_wconf 81' lang='lat' dir='ltr'><strong>scientiae,</strong></span> <span class='ocrx_word' id='word_1_438' title='bbox 2722 1909 2853 1962; x_wconf 90' lang='lat' dir='ltr'><strong>utin</strong></span> <span class='ocrx_word' id='word_1_439' title='bbox 2874 1925 3006 1979; x_wconf 91' lang='lat' dir='ltr'><strong>pace</strong></span> <span class='ocrx_word' id='word_1_440' title='bbox 3031 1911 3233 1966; x_wconf 88' lang='lat' dir='ltr'><strong>veritas</strong></span> <span class='ocrx_word' id='word_1_441' title='bbox 3248 1913 3688 1984; x_wconf 82' lang='lat' dir='ltr'><strong>procedat,pene</strong></span> <span class='ocrx_word' id='word_1_442' title='bbox 3716 1916 3874 1986; x_wconf 60' lang='lat' dir='ltr'><strong>igua-</strong></span> 
     </span>
    </p>
   </div>
   <div class='ocr_carea' id='block_1_64' title="bbox 2281 1999 3875 2077">
    <p class='ocr_par' dir='ltr' id='par_1_64' title="bbox 2281 1999 3875 2077">
     <span class='ocr_line' id='line_1_64' title="bbox 2281 1999 3875 2077; baseline 0.006 -25"><span class='ocrx_word' id='word_1_443' title='bbox 2281 2015 2396 2065; x_wconf 91' lang='lat' dir='ltr'><strong>rus,</strong></span> <span class='ocrx_word' id='word_1_444' title='bbox 2439 1999 2533 2054; x_wconf 91' lang='lat' dir='ltr'><strong>sed</strong></span> <span class='ocrx_word' id='word_1_445' title='bbox 2578 2000 2869 2055; x_wconf 70' lang='lat' dir='ltr'><strong>mundana:</strong></span> <span class='ocrx_word' id='word_1_446' title='bbox 2911 2002 3223 2072; x_wconf 87' lang='lat' dir='ltr'><strong>sagacitatis</strong></span> <span class='ocrx_word' id='word_1_447' title='bbox 3276 2005 3550 2060; x_wconf 82' lang='lat' dir='ltr'><strong>subtiliter</strong></span> <span class='ocrx_word' id='word_1_448' title='bbox 3619 2015 3676 2061; x_wconf 90' lang='lat' dir='ltr'><strong>et</strong></span> <span class='ocrx_word' id='word_1_449' title='bbox 3712 2024 3875 2077; x_wconf 80' lang='lat' dir='ltr'><strong>supra</strong></span> 
     </span>
    </p>
   </div>
   <div class='ocr_carea' id='block_1_65' title="bbox 2280 2090 3871 2167">
    <p class='ocr_par' dir='ltr' id='par_1_65' title="bbox 2280 2090 3871 2167">
     <span class='ocr_line' id='line_1_65' title="bbox 2280 2090 3871 2167; baseline 0.004 -20"><span class='ocrx_word' id='word_1_450' title='bbox 2280 2090 2504 2147; x_wconf 87' lang='lat' dir='ltr'><strong>modum</strong></span> <span class='ocrx_word' id='word_1_451' title='bbox 2535 2107 2759 2161; x_wconf 89' lang='lat' dir='ltr'><strong>gnarus,</strong></span> <span class='ocrx_word' id='word_1_452' title='bbox 2791 2093 2885 2162; x_wconf 87' lang='lat' dir='ltr'><strong>qui</strong></span> <span class='ocrx_word' id='word_1_453' title='bbox 2915 2108 2983 2147; x_wconf 79' lang='lat' dir='ltr'><strong>ex</strong></span> <span class='ocrx_word' id='word_1_454' title='bbox 3021 2095 3208 2149; x_wconf 88' lang='lat' dir='ltr'><strong>inﬁma</strong></span> <span class='ocrx_word' id='word_1_455' title='bbox 3238 2106 3559 2167; x_wconf 87' lang='lat' dir='ltr'><strong>paupertate</strong></span> <span class='ocrx_word' id='word_1_456' title='bbox 3595 2099 3667 2152; x_wconf 86' lang='lat' dir='ltr'><strong>ad</strong></span> <span class='ocrx_word' id='word_1_457' title='bbox 3717 2116 3871 2154; x_wconf 86' lang='lat' dir='ltr'><strong>sum-</strong></span> 
     </span>
    </p>
   </div>
   <div class='ocr_carea' id='block_1_66' title="bbox 2280 2182 3877 2263">
    <p class='ocr_par' dir='ltr' id='par_1_66' title="bbox 2280 2182 3877 2263">
     <span class='ocr_line' id='line_1_66' title="bbox 2280 2182 3877 2263; baseline 0.008 -27"><span class='ocrx_word' id='word_1_458' title='bbox 2280 2197 2399 2237; x_wconf 89' lang='lat' dir='ltr'><strong>mas</strong></span> <span class='ocrx_word' id='word_1_459' title='bbox 2442 2182 2664 2238; x_wconf 89' lang='lat' dir='ltr'><strong>divitias</strong></span> <span class='ocrx_word' id='word_1_460' title='bbox 2693 2185 2906 2239; x_wconf 89' lang='lat' dir='ltr'><strong>cunctis</strong></span> <span class='ocrx_word' id='word_1_461' title='bbox 2937 2185 3267 2242; x_wconf 91' lang='lat' dir='ltr'><strong>mirantibus</strong></span> <span class='ocrx_word' id='word_1_462' title='bbox 3312 2191 3605 2251; x_wconf 84' lang='lat' dir='ltr'><strong>succrevit.</strong></span> <span class='ocrx_word' id='word_1_463' title='bbox 3636 2189 3745 2258; x_wconf 83' lang='lat' dir='ltr'><strong>Qui</strong></span> <span class='ocrx_word' id='word_1_464' title='bbox 3767 2193 3877 2263; x_wconf 70' lang='lat' dir='ltr'><strong>pri-</strong></span> 
     </span>
    </p>
   </div>
   <div class='ocr_carea' id='block_1_67' title="bbox 2278 2274 3877 2357">
    <p class='ocr_par' dir='ltr' id='par_1_67' title="bbox 2278 2274 3877 2357">
     <span class='ocr_line' id='line_1_67' title="bbox 2278 2274 3877 2357; baseline 0.006 -28"><span class='ocrx_word' id='word_1_465' title='bbox 2278 2289 2370 2330; x_wconf 78' lang='lat' dir='ltr'><strong>mo</strong></span> <span class='ocrx_word' id='word_1_466' title='bbox 2395 2290 2426 2328; x_wconf 90' lang='lat' dir='ltr'><strong>a</strong></span> <span class='ocrx_word' id='word_1_467' title='bbox 2443 2274 2668 2330; x_wconf 75' lang='lat' dir='ltr'><strong>domine</strong></span> <span class='ocrx_word' id='word_1_468' title='bbox 2695 2274 3025 2357; x_wconf 39' lang='lat' dir='ltr'><strong>[kernwaifdo</strong></span> <span class='ocrx_word' id='word_1_469' title='bbox 3046 2279 3301 2351; x_wconf 89' lang='lat' dir='ltr'><strong>episcopo</strong></span> <span class='ocrx_word' id='word_1_470' title='bbox 3321 2279 3552 2338; x_wconf 84' lang='lat' dir='ltr'><strong>feliciter</strong></span> <span class='ocrx_word' id='word_1_471' title='bbox 3578 2286 3877 2354; x_wconf 82' lang='lat' dir='ltr'><strong>exaltatus,</strong></span> 
     </span>
    </p>
   </div>
   <div class='ocr_carea' id='block_1_68' title="bbox 2280 2368 3875 2451">
    <p class='ocr_par' dir='ltr' id='par_1_68' title="bbox 2280 2368 3875 2451">
     <span class='ocr_line' id='line_1_68' title="bbox 2280 2368 3875 2451; baseline 0.007 -29"><span class='ocrx_word' id='word_1_472' title='bbox 2280 2368 2375 2423; x_wconf 73' lang='lat' dir='ltr'><strong>sei</strong></span> <span class='ocrx_word' id='word_1_473' title='bbox 2400 2368 2471 2422; x_wconf 86' lang='lat' dir='ltr'><strong>ab</strong></span> <span class='ocrx_word' id='word_1_474' title='bbox 2501 2369 2830 2439; x_wconf 87' lang='lat' dir='ltr'><strong>imperatore</strong></span> <span class='ocrx_word' id='word_1_475' title='bbox 2858 2369 3095 2427; x_wconf 89' lang='lat' dir='ltr'><strong>Henrico</strong></span> <span class='ocrx_word' id='word_1_476' title='bbox 3129 2388 3233 2451; x_wconf 77' lang='lat' dir='ltr'><strong>pro</strong></span> <span class='ocrx_word' id='word_1_477' title='bbox 3270 2374 3603 2444; x_wconf 89' lang='lat' dir='ltr'><strong>quibusdam</strong></span> <span class='ocrx_word' id='word_1_478' title='bbox 3640 2380 3833 2433; x_wconf 85' lang='lat' dir='ltr'><strong>causis</strong></span> <span class='ocrx_word' id='word_1_479' title='bbox 3860 2421 3875 2442; x_wconf 89' lang='lat'><strong><em>.</em></strong></span> 
     </span>
    </p>
   </div>
   <div class='ocr_carea' id='block_1_69' title="bbox 2277 2461 3877 2534">
    <p class='ocr_par' dir='ltr' id='par_1_69' title="bbox 2277 2461 3877 2534">
     <span class='ocr_line' id='line_1_69' title="bbox 2277 2461 3877 2534; baseline 0.005 -19"><span class='ocrx_word' id='word_1_480' title='bbox 2277 2477 2400 2530; x_wconf 69' lang='lat' dir='ltr'><strong>qua:</strong></span> <span class='ocrx_word' id='word_1_481' title='bbox 2426 2461 2593 2519; x_wconf 81' lang='lat' dir='ltr'><strong>modo</strong></span> <span class='ocrx_word' id='word_1_482' title='bbox 2616 2462 2811 2517; x_wconf 64' lang='lat' dir='ltr'><strong>melius</strong></span> <span class='ocrx_word' id='word_1_483' title='bbox 2866 2463 3114 2531; x_wconf 90' lang='lat' dir='ltr'><strong>silentur,</strong></span> <span class='ocrx_word' id='word_1_484' title='bbox 3167 2465 3512 2534; x_wconf 88' lang='lat' dir='ltr'><strong>humiliatus,</strong></span> <span class='ocrx_word' id='word_1_485' title='bbox 3546 2470 3755 2524; x_wconf 86' lang='lat' dir='ltr'><strong>iterum</strong></span> <span class='ocrx_word' id='word_1_486' title='bbox 3812 2472 3877 2524; x_wconf 80' lang='lat' dir='ltr'><strong>ab</strong></span> 
     </span>
    </p>
   </div>
   <div class='ocr_carea' id='block_1_70' title="bbox 2279 2552 3879 2624">
    <p class='ocr_par' dir='ltr' id='par_1_70' title="bbox 2279 2552 3879 2624">
     <span class='ocr_line' id='line_1_70' title="bbox 2279 2552 3879 2624; baseline 0.007 -19"><span class='ocrx_word' id='word_1_487' title='bbox 2279 2552 2385 2606; x_wconf 84' lang='lat' dir='ltr'><strong>hoc</strong></span> <span class='ocrx_word' id='word_1_488' title='bbox 2420 2553 2541 2607; x_wconf 89' lang='lat' dir='ltr'><strong>viro</strong></span> <span class='ocrx_word' id='word_1_489' title='bbox 2568 2553 2746 2619; x_wconf 90' lang='lat' dir='ltr'><strong>beato,</strong></span> <span class='ocrx_word' id='word_1_490' title='bbox 2778 2555 2907 2624; x_wconf 89' lang='lat' dir='ltr'><strong>quia</strong></span> <span class='ocrx_word' id='word_1_491' title='bbox 2940 2556 3089 2610; x_wconf 89' lang='lat' dir='ltr'><strong>utilis</strong></span> <span class='ocrx_word' id='word_1_492' title='bbox 3116 2556 3168 2610; x_wconf 91' lang='lat' dir='ltr'><strong>ei</strong></span> <span class='ocrx_word' id='word_1_493' title='bbox 3202 2558 3272 2611; x_wconf 91' lang='lat' dir='ltr'><strong>ad</strong></span> <span class='ocrx_word' id='word_1_494' title='bbox 3320 2574 3407 2613; x_wconf 90' lang='lat' dir='ltr'><strong>res</strong></span> <span class='ocrx_word' id='word_1_495' title='bbox 3438 2558 3699 2616; x_wconf 67' lang='lat' dir='ltr'><strong>Ecclesia:</strong></span> <span class='ocrx_word' id='word_1_496' title='bbox 3740 2562 3879 2616; x_wconf 80' lang='lat' dir='ltr'><strong>vide-</strong></span> 
     </span>
    </p>
   </div>
   <div class='ocr_carea' id='block_1_71' title="bbox 2278 2642 3879 2715">
    <p class='ocr_par' dir='ltr' id='par_1_71' title="bbox 2278 2642 3879 2715">
     <span class='ocr_line' id='line_1_71' title="bbox 2278 2642 3879 2715; baseline 0.006 -19"><span class='ocrx_word' id='word_1_497' title='bbox 2278 2642 2455 2711; x_wconf 69' lang='lat' dir='ltr'><strong>batur,</strong></span> <span class='ocrx_word' id='word_1_498' title='bbox 2483 2644 2573 2714; x_wconf 76' lang='lat' dir='ltr'><strong>pia</strong></span> <span class='ocrx_word' id='word_1_499' title='bbox 2596 2645 2949 2700; x_wconf 90' lang='lat' dir='ltr'><strong>miseratione</strong></span> <span class='ocrx_word' id='word_1_500' title='bbox 2978 2646 3315 2715; x_wconf 81' lang='lat' dir='ltr'><strong>sublevatus,</strong></span> <span class='ocrx_word' id='word_1_501' title='bbox 3347 2650 3499 2705; x_wconf 85' lang='lat' dir='ltr'><strong>varie</strong></span> <span class='ocrx_word' id='word_1_502' title='bbox 3543 2660 3735 2705; x_wconf 85' lang='lat' dir='ltr'><strong>tamen</strong></span> <span class='ocrx_word' id='word_1_503' title='bbox 3802 2653 3879 2706; x_wconf 89' lang='lat' dir='ltr'><strong>in—</strong></span> 
     </span>
    </p>
   </div>
   <div class='ocr_carea' id='block_1_72' title="bbox 2279 2736 3879 2809">
    <p class='ocr_par' dir='ltr' id='par_1_72' title="bbox 2279 2736 3879 2809">
     <span class='ocr_line' id='line_1_72' title="bbox 2279 2736 3879 2809; baseline 0.004 -21"><span class='ocrx_word' id='word_1_504' title='bbox 2279 2744 2362 2788; x_wconf 89' lang='lat' dir='ltr'><strong>ter</strong></span> <span class='ocrx_word' id='word_1_505' title='bbox 2398 2736 2627 2791; x_wconf 83' lang='lat' dir='ltr'><strong>adversa</strong></span> <span class='ocrx_word' id='word_1_506' title='bbox 2661 2744 2716 2791; x_wconf 88' lang='lat' dir='ltr'><strong>ct</strong></span> <span class='ocrx_word' id='word_1_507' title='bbox 2752 2753 3016 2808; x_wconf 89' lang='lat' dir='ltr'><strong>prospera</strong></span> <span class='ocrx_word' id='word_1_508' title='bbox 3052 2738 3252 2809; x_wconf 71' lang='lat' dir='ltr'><strong>saepius</strong></span> <span class='ocrx_word' id='word_1_509' title='bbox 3294 2741 3532 2797; x_wconf 76' lang='lat' dir='ltr'><strong>habitus.</strong></span> <span class='ocrx_word' id='word_1_510' title='bbox 3582 2742 3879 2798; x_wconf 83' lang='lat' dir='ltr'><strong>Postremo</strong></span> 
     </span>
    </p>
   </div>
   <div class='ocr_carea' id='block_1_73' title="bbox 2278 2830 3877 2902">
    <p class='ocr_par' dir='ltr' id='par_1_73' title="bbox 2278 2830 3877 2902">
     <span class='ocr_line' id='line_1_73' title="bbox 2278 2830 3877 2902; baseline 0.005 -19"><span class='ocrx_word' id='word_1_511' title='bbox 2278 2837 2459 2883; x_wconf 58' lang='lat' dir='ltr'><strong>autem</strong></span> <span class='ocrx_word' id='word_1_512' title='bbox 2505 2830 2561 2883; x_wconf 94' lang='lat' dir='ltr'><strong>in</strong></span> <span class='ocrx_word' id='word_1_513' title='bbox 2607 2838 2818 2884; x_wconf 90' lang='lat' dir='ltr'><strong>tantum</strong></span> <span class='ocrx_word' id='word_1_514' title='bbox 2863 2831 2965 2886; x_wconf 90' lang='lat' dir='ltr'><strong>sibi</strong></span> <span class='ocrx_word' id='word_1_515' title='bbox 3010 2832 3143 2886; x_wconf 90' lang='lat' dir='ltr'><strong>tanti</strong></span> <span class='ocrx_word' id='word_1_516' title='bbox 3193 2834 3472 2902; x_wconf 87' lang='lat' dir='ltr'><strong>pontiﬁcis</strong></span> <span class='ocrx_word' id='word_1_517' title='bbox 3496 2836 3753 2891; x_wconf 88' lang='lat' dir='ltr'><strong>animum</strong></span> <span class='ocrx_word' id='word_1_518' title='bbox 3778 2854 3877 2892; x_wconf 76' lang='lat' dir='ltr'><strong>sua</strong></span> 
     </span>
    </p>
   </div>
   <div class='ocr_carea' id='block_1_74' title="bbox 2278 2921 3877 2994">
    <p class='ocr_par' dir='ltr' id='par_1_74' title="bbox 2278 2921 3877 2994">
     <span class='ocr_line' id='line_1_74' title="bbox 2278 2921 3877 2994; baseline 0.004 -17"><span class='ocrx_word' id='word_1_519' title='bbox 2278 2921 2569 2977; x_wconf 76' lang='lat' dir='ltr'><strong>calliditate</strong></span> <span class='ocrx_word' id='word_1_520' title='bbox 2628 2922 2957 2989; x_wconf 87' lang='lat' dir='ltr'><strong>conciliavit,</strong></span> <span class='ocrx_word' id='word_1_521' title='bbox 3012 2933 3071 2978; x_wconf 90' lang='lat' dir='ltr'><strong>ut</strong></span> <span class='ocrx_word' id='word_1_522' title='bbox 3128 2926 3411 2994; x_wconf 89' lang='lat' dir='ltr'><strong>perplures</strong></span> <span class='ocrx_word' id='word_1_523' title='bbox 3454 2935 3580 2983; x_wconf 87' lang='lat' dir='ltr'><strong>ante</strong></span> <span class='ocrx_word' id='word_1_524' title='bbox 3636 2928 3877 2983; x_wconf 59' lang='lat' dir='ltr'><strong>fideliter</strong></span> 
     </span>
    </p>
   </div>
   <div class='ocr_carea' id='block_1_75' title="bbox 2277 3011 3871 3089">
    <p class='ocr_par' dir='ltr' id='par_1_75' title="bbox 2277 3011 3871 3089">
     <span class='ocr_line' id='line_1_75' title="bbox 2277 3011 3871 3089; baseline 0.006 -24"><span class='ocrx_word' id='word_1_525' title='bbox 2277 3011 2651 3066; x_wconf 67' lang='lat' dir='ltr'><strong>ministrantes</strong></span> <span class='ocrx_word' id='word_1_526' title='bbox 2702 3015 2959 3084; x_wconf 90' lang='lat' dir='ltr'><strong>episcopo</strong></span> <span class='ocrx_word' id='word_1_527' title='bbox 2991 3015 3346 3083; x_wconf 88' lang='lat' dir='ltr'><strong>abalienaret,</strong></span> <span class='ocrx_word' id='word_1_528' title='bbox 3383 3034 3586 3089; x_wconf 85' lang='lat' dir='ltr'><strong>eosque</strong></span> <span class='ocrx_word' id='word_1_529' title='bbox 3619 3028 3740 3075; x_wconf 85' lang='lat' dir='ltr'><strong>tam</strong></span> <span class='ocrx_word' id='word_1_530' title='bbox 3773 3022 3871 3075; x_wconf 60' lang='lat' dir='ltr'><strong>be.</strong></span> 
     </span>
    </p>
   </div>
   <div class='ocr_carea' id='block_1_76' title="bbox 2278 3101 3878 3179">
    <p class='ocr_par' dir='ltr' id='par_1_76' title="bbox 2278 3101 3878 3179">
     <span class='ocr_line' id='line_1_76' title="bbox 2278 3101 3878 3179; baseline 0.006 -24"><span class='ocrx_word' id='word_1_531' title='bbox 2278 3101 2367 3157; x_wconf 89' lang='lat' dir='ltr'><strong>rili</strong></span> <span class='ocrx_word' id='word_1_532' title='bbox 2397 3102 2589 3172; x_wconf 76' lang='lat' dir='ltr'><strong>gratia,</strong></span> <span class='ocrx_word' id='word_1_533' title='bbox 2629 3104 2774 3172; x_wconf 76' lang='lat' dir='ltr'><strong>quod</strong></span> <span class='ocrx_word' id='word_1_534' title='bbox 2801 3105 2852 3158; x_wconf 89' lang='lat' dir='ltr'><strong>ei</strong></span> <span class='ocrx_word' id='word_1_535' title='bbox 2881 3113 3026 3159; x_wconf 82' lang='lat' dir='ltr'><strong>certe</strong></span> <span class='ocrx_word' id='word_1_536' title='bbox 3084 3106 3374 3161; x_wconf 86' lang='lat' dir='ltr'><strong>molestum</strong></span> <span class='ocrx_word' id='word_1_537' title='bbox 3408 3118 3546 3176; x_wconf 86' lang='lat' dir='ltr'><strong>erat,</strong></span> <span class='ocrx_word' id='word_1_538' title='bbox 3603 3125 3781 3179; x_wconf 85' lang='lat' dir='ltr'><strong>quam</strong></span> <span class='ocrx_word' id='word_1_539' title='bbox 3823 3121 3878 3165; x_wconf 84' lang='lat' dir='ltr'><strong>et</strong></span> 
     </span>
    </p>
   </div>
   <div class='ocr_carea' id='block_1_77' title="bbox 2277 3192 3875 3268">
    <p class='ocr_par' dir='ltr' id='par_1_77' title="bbox 2277 3192 3875 3268">
     <span class='ocr_line' id='line_1_77' title="bbox 2277 3192 3875 3268; baseline 0.007 -23"><span class='ocrx_word' id='word_1_540' title='bbox 2277 3192 2539 3264; x_wconf 65' lang='lat' dir='ltr'><strong>dignitate</strong></span> <span class='ocrx_word' id='word_1_541' title='bbox 2569 3210 2635 3249; x_wconf 91' lang='lat' dir='ltr'><strong>ac</strong></span> <span class='ocrx_word' id='word_1_542' title='bbox 2677 3197 3025 3267; x_wconf 87' lang='lat' dir='ltr'><strong>proprietatis</strong></span> <span class='ocrx_word' id='word_1_543' title='bbox 3067 3198 3299 3253; x_wconf 79' lang='lat' dir='ltr'><strong>utilitate</strong></span> <span class='ocrx_word' id='word_1_544' title='bbox 3328 3199 3584 3268; x_wconf 84' lang='lat' dir='ltr'><strong>privaret.</strong></span> <span class='ocrx_word' id='word_1_545' title='bbox 3638 3199 3756 3255; x_wconf 81' lang='lat' dir='ltr'><strong>Sed</strong></span> <span class='ocrx_word' id='word_1_546' title='bbox 3807 3218 3875 3256; x_wconf 80' lang='lat' dir='ltr'><strong>ne</strong></span> 
     </span>
    </p>
   </div>
   <div class='ocr_carea' id='block_1_78' title="bbox 2278 3282 3873 3364">
    <p class='ocr_par' dir='ltr' id='par_1_78' title="bbox 2278 3282 3873 3364">
     <span class='ocr_line' id='line_1_78' title="bbox 2278 3282 3873 3364; baseline 0.007 -28"><span class='ocrx_word' id='word_1_547' title='bbox 2278 3282 2384 3338; x_wconf 82' lang='lat' dir='ltr'><strong>hoc</strong></span> <span class='ocrx_word' id='word_1_548' title='bbox 2422 3285 2697 3355; x_wconf 84' lang='lat' dir='ltr'><strong>aliquibus</strong></span> <span class='ocrx_word' id='word_1_549' title='bbox 2727 3287 2928 3341; x_wconf 85' lang='lat' dir='ltr'><strong>mirum</strong></span> <span class='ocrx_word' id='word_1_550' title='bbox 2955 3288 3224 3357; x_wconf 89' lang='lat' dir='ltr'><strong>videatur,</strong></span> <span class='ocrx_word' id='word_1_551' title='bbox 3255 3291 3404 3360; x_wconf 87' lang='lat' dir='ltr'><strong>quia,</strong></span> <span class='ocrx_word' id='word_1_552' title='bbox 3452 3292 3609 3346; x_wconf 72' lang='lat' dir='ltr'><strong>bcaio</strong></span> <span class='ocrx_word' id='word_1_553' title='bbox 3660 3292 3873 3364; x_wconf 79' lang='lat' dir='ltr'><strong>Grego-</strong></span> 
     </span>
    </p>
   </div>
   <div class='ocr_carea' id='block_1_79' title="bbox 2276 3376 3873 3452">
    <p class='ocr_par' dir='ltr' id='par_1_79' title="bbox 2276 3376 3873 3452">
     <span class='ocr_line' id='line_1_79' title="bbox 2276 3376 3873 3452; baseline 0.007 -23"><span class='ocrx_word' id='word_1_554' title='bbox 2276 3376 2361 3429; x_wconf 85' lang='lat' dir='ltr'><strong>rio</strong></span> <span class='ocrx_word' id='word_1_555' title='bbox 2390 3384 2548 3444; x_wconf 85' lang='lat' dir='ltr'><strong>teste,</strong></span> <span class='ocrx_word' id='word_1_556' title='bbox 2584 3380 2783 3448; x_wconf 68' lang='lat' dir='ltr'><strong>szepius</strong></span> <span class='ocrx_word' id='word_1_557' title='bbox 2808 3382 2869 3434; x_wconf 88' lang='lat' dir='ltr'><strong>fit</strong></span> <span class='ocrx_word' id='word_1_558' title='bbox 2908 3389 2966 3435; x_wconf 90' lang='lat' dir='ltr'><strong>ut</strong></span> <span class='ocrx_word' id='word_1_559' title='bbox 3013 3390 3281 3451; x_wconf 88' lang='lat' dir='ltr'><strong>occupato</strong></span> <span class='ocrx_word' id='word_1_560' title='bbox 3314 3383 3369 3436; x_wconf 92' lang='lat' dir='ltr'><strong>in</strong></span> <span class='ocrx_word' id='word_1_561' title='bbox 3400 3384 3645 3452; x_wconf 84' lang='lat' dir='ltr'><strong>pluribus</strong></span> <span class='ocrx_word' id='word_1_562' title='bbox 3679 3394 3740 3439; x_wconf 87' lang='lat' dir='ltr'><strong>et</strong></span> <span class='ocrx_word' id='word_1_563' title='bbox 3766 3402 3873 3439; x_wconf 60' lang='lat' dir='ltr'><strong>mae</strong></span> 
     </span>
    </p>
   </div>
   <div class='ocr_carea' id='block_1_80' title="bbox 2278 3469 3870 3532">
    <p class='ocr_par' dir='ltr' id='par_1_80' title="bbox 2278 3469 3870 3532">
     <span class='ocr_line' id='line_1_80' title="bbox 2278 3469 3870 3532; baseline 0.006 -9"><span class='ocrx_word' id='word_1_564' title='bbox 2278 3469 2423 3524; x_wconf 88' lang='lat' dir='ltr'><strong>xime</strong></span> <span class='ocrx_word' id='word_1_565' title='bbox 2449 3470 2503 3524; x_wconf 90' lang='lat' dir='ltr'><strong>in</strong></span> <span class='ocrx_word' id='word_1_566' title='bbox 2544 3471 2745 3527; x_wconf 90' lang='lat' dir='ltr'><strong>divinis</strong></span> <span class='ocrx_word' id='word_1_567' title='bbox 2783 3473 2971 3527; x_wconf 91' lang='lat' dir='ltr'><strong>animo</strong></span> <span class='ocrx_word' id='word_1_568' title='bbox 3000 3472 3159 3529; x_wconf 83' lang='lat' dir='ltr'><strong>facile</strong></span> <span class='ocrx_word' id='word_1_569' title='bbox 3201 3474 3271 3528; x_wconf 88' lang='lat' dir='ltr'><strong>ab</strong></span> <span class='ocrx_word' id='word_1_570' title='bbox 3310 3475 3662 3530; x_wconf 88' lang='lat' dir='ltr'><strong>adulantibus</strong></span> <span class='ocrx_word' id='word_1_571' title='bbox 3688 3477 3870 3532; x_wconf 83' lang='lat' dir='ltr'><strong>subri-</strong></span> 
     </span>
    </p>
   </div>
   <div class='ocr_carea' id='block_1_81' title="bbox 2275 3561 3868 3636">
    <p class='ocr_par' dir='ltr' id='par_1_81' title="bbox 2275 3561 3868 3636">
     <span class='ocr_line' id='line_1_81' title="bbox 2275 3561 3868 3636; baseline 0.004 -21"><span class='ocrx_word' id='word_1_572' title='bbox 2275 3561 2476 3632; x_wconf 72' lang='lat' dir='ltr'><strong>piatur.</strong></span> <span class='ocrx_word' id='word_1_573' title='bbox 2510 3561 2751 3618; x_wconf 86' lang='lat' dir='ltr'><strong>Tandem</strong></span> <span class='ocrx_word' id='word_1_574' title='bbox 2795 3564 2885 3619; x_wconf 90' lang='lat' dir='ltr'><strong>ille</strong></span> <span class='ocrx_word' id='word_1_575' title='bbox 2915 3565 2985 3619; x_wconf 88' lang='lat' dir='ltr'><strong>ab</strong></span> <span class='ocrx_word' id='word_1_576' title='bbox 3017 3565 3274 3620; x_wconf 78' lang='lat' dir='ltr'><strong>omnibus</strong></span> <span class='ocrx_word' id='word_1_577' title='bbox 3320 3566 3537 3636; x_wconf 83' lang='lat' dir='ltr'><strong>publice</strong></span> <span class='ocrx_word' id='word_1_578' title='bbox 3580 3567 3868 3623; x_wconf 79' lang='lat' dir='ltr'><strong>maledici-</strong></span> 
     </span>
    </p>
   </div>
   <div class='ocr_carea' id='block_1_82' title="bbox 2276 3655 3868 3729">
    <p class='ocr_par' dir='ltr' id='par_1_82' title="bbox 2276 3655 3868 3729">
     <span class='ocr_line' id='line_1_82' title="bbox 2276 3655 3868 3729; baseline 0.004 -22"><span class='ocrx_word' id='word_1_579' title='bbox 2276 3660 2386 3720; x_wconf 89' lang='lat' dir='ltr'><strong>tur,</strong></span> <span class='ocrx_word' id='word_1_580' title='bbox 2438 3663 2494 3709; x_wconf 91' lang='lat' dir='ltr'><strong>et</strong></span> <span class='ocrx_word' id='word_1_581' title='bbox 2526 3655 2693 3709; x_wconf 88' lang='lat' dir='ltr'><strong>etiam</strong></span> <span class='ocrx_word' id='word_1_582' title='bbox 2729 3655 3003 3711; x_wconf 90' lang='lat' dir='ltr'><strong>interdum</strong></span> <span class='ocrx_word' id='word_1_583' title='bbox 3043 3657 3300 3726; x_wconf 90' lang='lat' dir='ltr'><strong>episcopo</strong></span> <span class='ocrx_word' id='word_1_584' title='bbox 3355 3673 3384 3711; x_wconf 91' lang='lat' dir='ltr'><strong>a</strong></span> <span class='ocrx_word' id='word_1_585' title='bbox 3415 3673 3611 3712; x_wconf 88' lang='lat' dir='ltr'><strong>sanum</strong></span> <span class='ocrx_word' id='word_1_586' title='bbox 3640 3659 3868 3729; x_wconf 80' lang='lat' dir='ltr'><strong>sapien-</strong></span> 
     </span>
    </p>
   </div>
   <div class='ocr_carea' id='block_1_83' title="bbox 2276 3744 3868 3820">
    <p class='ocr_par' dir='ltr' id='par_1_83' title="bbox 2276 3744 3868 3820">
     <span class='ocr_line' id='line_1_83' title="bbox 2276 3744 3868 3820; baseline 0.006 -22"><span class='ocrx_word' id='word_1_587' title='bbox 2276 3744 2422 3800; x_wconf 86' lang='lat' dir='ltr'><strong>tibus</strong></span> <span class='ocrx_word' id='word_1_588' title='bbox 2458 3745 2775 3816; x_wconf 90' lang='lat' dir='ltr'><strong>hujusmodi</strong></span> <span class='ocrx_word' id='word_1_589' title='bbox 2823 3746 3117 3802; x_wconf 85' lang='lat' dir='ltr'><strong>insolentia</strong></span> <span class='ocrx_word' id='word_1_590' title='bbox 3164 3748 3444 3817; x_wconf 88' lang='lat' dir='ltr'><strong>objicitur,</strong></span> <span class='ocrx_word' id='word_1_591' title='bbox 3489 3750 3583 3820; x_wconf 91' lang='lat' dir='ltr'><strong>qui</strong></span> <span class='ocrx_word' id='word_1_592' title='bbox 3621 3759 3680 3804; x_wconf 88' lang='lat' dir='ltr'><strong>et</strong></span> <span class='ocrx_word' id='word_1_593' title='bbox 3705 3751 3777 3804; x_wconf 89' lang='lat' dir='ltr'><strong>ab</strong></span> <span class='ocrx_word' id='word_1_594' title='bbox 3802 3751 3868 3807; x_wconf 75' lang='lat' dir='ltr'><strong>iis</strong></span> 
     </span>
    </p>
   </div>
   <div class='ocr_carea' id='block_1_84' title="bbox 2276 3838 3869 3914">
    <p class='ocr_par' dir='ltr' id='par_1_84' title="bbox 2276 3838 3869 3914">
     <span class='ocr_line' id='line_1_84' title="bbox 2276 3838 3869 3914; baseline 0.004 -22"><span class='ocrx_word' id='word_1_595' title='bbox 2276 3838 2493 3892; x_wconf 88' lang='lat' dir='ltr'><strong>tandem</strong></span> <span class='ocrx_word' id='word_1_596' title='bbox 2527 3839 2623 3910; x_wconf 90' lang='lat' dir='ltr'><strong>qui</strong></span> <span class='ocrx_word' id='word_1_597' title='bbox 2658 3840 2902 3895; x_wconf 84' lang='lat' dir='ltr'><strong>insontes</strong></span> <span class='ocrx_word' id='word_1_598' title='bbox 2927 3840 3220 3896; x_wconf 88' lang='lat' dir='ltr'><strong>abalienati</strong></span> <span class='ocrx_word' id='word_1_599' title='bbox 3248 3849 3395 3907; x_wconf 89' lang='lat' dir='ltr'><strong>sunt,</strong></span> <span class='ocrx_word' id='word_1_600' title='bbox 3429 3840 3483 3895; x_wconf 91' lang='lat' dir='ltr'><strong>in</strong></span> <span class='ocrx_word' id='word_1_601' title='bbox 3521 3842 3763 3914; x_wconf 87' lang='lat' dir='ltr'><strong>gratiam</strong></span> <span class='ocrx_word' id='word_1_602' title='bbox 3786 3858 3869 3898; x_wconf 84' lang='lat' dir='ltr'><strong>re-</strong></span> 
     </span>
    </p>
   </div>
   <div class='ocr_carea' id='block_1_85' title="bbox 2275 3928 2515 3984">
    <p class='ocr_par' dir='ltr' id='par_1_85' title="bbox 2275 3928 2515 3984">
     <span class='ocr_line' id='line_1_85' title="bbox 2275 3928 2515 3984; baseline 0 -1"><span class='ocrx_word' id='word_1_603' title='bbox 2275 3928 2515 3984; x_wconf 90' lang='lat' dir='ltr'><strong>ducitur.</strong></span> 
     </span>
    </p>
   </div>
   <div class='ocr_carea' id='block_1_86' title="bbox 2280 4040 3875 4116">
    <p class='ocr_par' dir='ltr' id='par_1_86' title="bbox 2280 4040 3875 4116">
     <span class='ocr_line' id='line_1_86' title="bbox 2280 4040 3875 4116; baseline 0.005 -20"><span class='ocrx_word' id='word_1_604' title='bbox 2280 4064 2285 4069; x_wconf 65' lang='grc' dir='ltr'><strong><em>τ</em></strong></span> <span class='ocrx_word' id='word_1_605' title='bbox 2348 4041 2438 4096; x_wconf 79' lang='grc'><strong>55.</strong></span> <span class='ocrx_word' id='word_1_606' title='bbox 2470 4040 2676 4097; x_wconf 61' lang='grc' dir='ltr'><strong>Ρνωευι</strong></span> <span class='ocrx_word' id='word_1_607' title='bbox 2720 4043 2843 4113; x_wconf 92' lang='lat' dir='ltr'><strong>pius</strong></span> <span class='ocrx_word' id='word_1_608' title='bbox 2878 4051 3062 4098; x_wconf 88' lang='lat' dir='ltr'><strong>tamen</strong></span> <span class='ocrx_word' id='word_1_609' title='bbox 3084 4052 3209 4115; x_wconf 83' lang='lat' dir='ltr'><strong>post</strong></span> <span class='ocrx_word' id='word_1_610' title='bbox 3246 4045 3459 4116; x_wconf 89' lang='lat' dir='ltr'><strong>aliquot</strong></span> <span class='ocrx_word' id='word_1_611' title='bbox 3488 4061 3675 4102; x_wconf 89' lang='lat' dir='ltr'><strong>annos</strong></span> <span class='ocrx_word' id='word_1_612' title='bbox 3706 4048 3875 4104; x_wconf 78' lang='lat' dir='ltr'><strong>deta-</strong></span> 
     </span>
    </p>
   </div>
   <div class='ocr_carea' id='block_1_87' title="bbox 2274 4133 3873 4211">
    <p class='ocr_par' dir='ltr' id='par_1_87' title="bbox 2274 4133 3873 4211">
     <span class='ocr_line' id='line_1_87' title="bbox 2274 4133 3873 4211; baseline 0.005 -24"><span class='ocrx_word' id='word_1_613' title='bbox 2274 4133 2420 4189; x_wconf 90' lang='lat' dir='ltr'><strong>libus</strong></span> <span class='ocrx_word' id='word_1_614' title='bbox 2460 4134 2665 4191; x_wconf 89' lang='lat' dir='ltr'><strong>clarius</strong></span> <span class='ocrx_word' id='word_1_615' title='bbox 2718 4134 3075 4203; x_wconf 83' lang='lat' dir='ltr'><strong>certificatus,</strong></span> <span class='ocrx_word' id='word_1_616' title='bbox 3111 4145 3167 4192; x_wconf 87' lang='lat' dir='ltr'><strong>et</strong></span> <span class='ocrx_word' id='word_1_617' title='bbox 3201 4152 3369 4207; x_wconf 89' lang='lat' dir='ltr'><strong>super</strong></span> <span class='ocrx_word' id='word_1_618' title='bbox 3402 4153 3501 4194; x_wconf 88' lang='lat' dir='ltr'><strong>eos</strong></span> <span class='ocrx_word' id='word_1_619' title='bbox 3532 4140 3630 4209; x_wconf 91' lang='lat' dir='ltr'><strong>qui</strong></span> <span class='ocrx_word' id='word_1_620' title='bbox 3673 4141 3873 4211; x_wconf 63' lang='lat' dir='ltr'><strong>injuse</strong></span> 
     </span>
    </p>
   </div>
   <div class='ocr_carea' id='block_1_88' title="bbox 2274 4225 3875 4298">
    <p class='ocr_par' dir='ltr' id='par_1_88' title="bbox 2274 4225 3875 4298">
     <span class='ocr_line' id='line_1_88' title="bbox 2274 4225 3875 4298; baseline 0.005 -19"><span class='ocrx_word' id='word_1_621' title='bbox 2274 4225 2612 4282; x_wconf 61' lang='lat' dir='ltr'><strong>latdebantur</strong></span> <span class='ocrx_word' id='word_1_622' title='bbox 2659 4228 2957 4298; x_wconf 84' lang='lat' dir='ltr'><strong>aliquando</strong></span> <span class='ocrx_word' id='word_1_623' title='bbox 3003 4229 3071 4283; x_wconf 90' lang='lat' dir='ltr'><strong>ad</strong></span> <span class='ocrx_word' id='word_1_624' title='bbox 3106 4229 3325 4284; x_wconf 84' lang='lat' dir='ltr'><strong>veniam</strong></span> <span class='ocrx_word' id='word_1_625' title='bbox 3374 4230 3740 4298; x_wconf 80' lang='lat' dir='ltr'><strong>humiliatus,</strong></span> <span class='ocrx_word' id='word_1_626' title='bbox 3788 4235 3875 4287; x_wconf 87' lang='lat' dir='ltr'><strong>die</strong></span> 
     </span>
    </p>
   </div>
   <div class='ocr_carea' id='block_1_89' title="bbox 2273 4319 3872 4395">
    <p class='ocr_par' dir='ltr' id='par_1_89' title="bbox 2273 4319 3872 4395">
     <span class='ocr_line' id='line_1_89' title="bbox 2273 4319 3872 4395; baseline 0.006 -22"><span class='ocrx_word' id='word_1_627' title='bbox 2273 4319 2510 4389; x_wconf 90' lang='lat' dir='ltr'><strong>quadam</strong></span> <span class='ocrx_word' id='word_1_628' title='bbox 2535 4321 2829 4375; x_wconf 89' lang='lat' dir='ltr'><strong>convenire</strong></span> <span class='ocrx_word' id='word_1_629' title='bbox 2869 4321 2937 4375; x_wconf 90' lang='lat' dir='ltr'><strong>de</strong></span> <span class='ocrx_word' id='word_1_630' title='bbox 2978 4330 3168 4377; x_wconf 87' lang='lat' dir='ltr'><strong>nostra</strong></span> <span class='ocrx_word' id='word_1_631' title='bbox 3199 4325 3625 4393; x_wconf 82' lang='lat' dir='ltr'><strong>congregatione</strong></span> <span class='ocrx_word' id='word_1_632' title='bbox 3656 4341 3872 4395; x_wconf 64' lang='lat' dir='ltr'><strong>prapo-</strong></span> 
     </span>
    </p>
   </div>
   <div class='ocr_carea' id='block_1_90' title="bbox 2274 4412 3874 4484">
    <p class='ocr_par' dir='ltr' id='par_1_90' title="bbox 2274 4412 3874 4484">
     <span class='ocr_line' id='line_1_90' title="bbox 2274 4412 3874 4484; baseline 0.004 -17"><span class='ocrx_word' id='word_1_633' title='bbox 2274 4412 2463 4478; x_wconf 86' lang='lat' dir='ltr'><strong>situm,</strong></span> <span class='ocrx_word' id='word_1_634' title='bbox 2493 4424 2549 4467; x_wconf 89' lang='lat' dir='ltr'><strong>et</strong></span> <span class='ocrx_word' id='word_1_635' title='bbox 2580 4413 2850 4469; x_wconf 78' lang='lat' dir='ltr'><strong>decanum</strong></span> <span class='ocrx_word' id='word_1_636' title='bbox 2878 4428 3002 4469; x_wconf 91' lang='lat' dir='ltr'><strong>cum</strong></span> <span class='ocrx_word' id='word_1_637' title='bbox 3036 4414 3246 4484; x_wconf 87' lang='lat' dir='ltr'><strong>aliquot</strong></span> <span class='ocrx_word' id='word_1_638' title='bbox 3286 4414 3576 4481; x_wconf 87' lang='lat' dir='ltr'><strong>fratribus,</strong></span> <span class='ocrx_word' id='word_1_639' title='bbox 3629 4419 3874 4473; x_wconf 62' lang='lat' dir='ltr'><strong>ceteris-</strong></span> 
     </span>
    </p>
   </div>
   <div class='ocr_carea' id='block_1_91' title="bbox 583 4477 3874 4574">
    <p class='ocr_par' dir='ltr' id='par_1_91' title="bbox 583 4477 3874 4574">
     <span class='ocr_line' id='line_1_91' title="bbox 583 4477 3874 4574; baseline 0.009 -40"><span class='ocrx_word' id='word_1_640' title='bbox 583 4477 921 4537; x_wconf 88' lang='lat' dir='ltr'><strong>Tbeutonica</strong></span> <span class='ocrx_word' id='word_1_641' title='bbox 954 4482 1313 4553; x_wconf 88' lang='lat' dir='ltr'><strong>Spinnelbum</strong></span> <span class='ocrx_word' id='word_1_642' title='bbox 1344 4486 1458 4557; x_wconf 82' lang='lat'><strong>(57)</strong></span> <span class='ocrx_word' id='word_1_643' title='bbox 1488 4488 1707 4555; x_wconf 91' lang='lat' dir='ltr'><strong>dicitur,</strong></span> <span class='ocrx_word' id='word_1_644' title='bbox 1725 4489 1775 4544; x_wconf 91' lang='lat' dir='ltr'><strong>ei</strong></span> <span class='ocrx_word' id='word_1_645' title='bbox 1806 4489 1945 4546; x_wconf 69' lang='lat' dir='ltr'><strong>forte</strong></span> <span class='ocrx_word' id='word_1_646' title='bbox 1971 4490 2027 4545; x_wconf 86' lang='lat' dir='ltr'><strong>in</strong></span> <span class='ocrx_word' id='word_1_647' title='bbox 2052 4492 2172 4560; x_wconf 90' lang='lat' dir='ltr'><strong>ipso</strong></span> <span class='ocrx_word' id='word_1_648' title='bbox 2203 4503 2249 4557; x_wconf 82' lang='grc' dir='ltr'>ι)</span> <span class='ocrx_word' id='word_1_649' title='bbox 2274 4518 2383 4573; x_wconf 75' lang='lat' dir='ltr'><strong>que</strong></span> <span class='ocrx_word' id='word_1_650' title='bbox 2422 4477 2538 4558; x_wconf 67' lang='lat' dir='ltr'><strong>suis</strong></span> <span class='ocrx_word' id='word_1_651' title='bbox 2566 4504 2899 4574; x_wconf 74' lang='lat' dir='ltr'><strong>primoribus</strong></span> <span class='ocrx_word' id='word_1_652' title='bbox 2926 4477 3271 4572; x_wconf 71' lang='lat' dir='ltr'><strong>Holtliusem,</strong></span> <span class='ocrx_word' id='word_1_653' title='bbox 3313 4506 3407 4561; x_wconf 85' lang='lat' dir='ltr'><strong>ubi</strong></span> <span class='ocrx_word' id='word_1_654' title='bbox 3431 4477 3736 4563; x_wconf 23' lang='lat' dir='ltr'><strong>tuncvforte</strong></span> <span class='ocrx_word' id='word_1_655' title='bbox 3762 4526 3874 4564; x_wconf 79' lang='lat' dir='ltr'><strong>ma-</strong></span> 
     </span>
    </p>
   </div>
   <div class='ocr_carea' id='block_1_92' title="bbox 580 4580 2216 4653">
    <p class='ocr_par' dir='ltr' id='par_1_92' title="bbox 580 4580 2216 4653">
     <span class='ocr_line' id='line_1_92' title="bbox 580 4580 2216 4653; baseline 0.009 -26"><span class='ocrx_word' id='word_1_656' title='bbox 580 4583 858 4629; x_wconf 90' lang='lat' dir='ltr'><strong>momento</strong></span> <span class='ocrx_word' id='word_1_657' title='bbox 892 4591 924 4629; x_wconf 90' lang='lat' dir='ltr'><strong>a</strong></span> <span class='ocrx_word' id='word_1_658' title='bbox 959 4591 1199 4646; x_wconf 90' lang='lat' dir='ltr'><strong>paupere</strong></span> <span class='ocrx_word' id='word_1_659' title='bbox 1250 4580 1490 4648; x_wconf 90' lang='lat' dir='ltr'><strong>quodam</strong></span> <span class='ocrx_word' id='word_1_660' title='bbox 1541 4581 1742 4648; x_wconf 82' lang='lat' dir='ltr'><strong>illatos,</strong></span> <span class='ocrx_word' id='word_1_661' title='bbox 1795 4583 1953 4653; x_wconf 81' lang='lat' dir='ltr'><strong>signo</strong></span> <span class='ocrx_word' id='word_1_662' title='bbox 1987 4585 2169 4640; x_wconf 71' lang='lat' dir='ltr'><strong>crxcis</strong></span> <span class='ocrx_word' id='word_1_663' title='bbox 2212 4638 2216 4642; x_wconf 83' lang='lat'><strong>.</strong></span> 
     </span>
    </p>
   </div>
   <div class='ocr_carea' id='block_1_93' title="bbox 580 4667 2166 4743">
    <p class='ocr_par' dir='ltr' id='par_1_93' title="bbox 580 4667 2166 4743">
     <span class='ocr_line' id='line_1_93' title="bbox 580 4667 2166 4743; baseline 0.009 -25"><span class='ocrx_word' id='word_1_664' title='bbox 580 4667 832 4733; x_wconf 89' lang='lat' dir='ltr'><strong>munivit,</strong></span> <span class='ocrx_word' id='word_1_665' title='bbox 862 4676 916 4721; x_wconf 90' lang='lat' dir='ltr'><strong>et</strong></span> <span class='ocrx_word' id='word_1_666' title='bbox 953 4668 1130 4723; x_wconf 90' lang='lat' dir='ltr'><strong>eidem</strong></span> <span class='ocrx_word' id='word_1_667' title='bbox 1167 4671 1398 4740; x_wconf 90' lang='lat' dir='ltr'><strong>puerulo</strong></span> <span class='ocrx_word' id='word_1_668' title='bbox 1433 4673 1600 4740; x_wconf 91' lang='lat' dir='ltr'><strong>dedit,</strong></span> <span class='ocrx_word' id='word_1_669' title='bbox 1649 4674 1840 4729; x_wconf 90' lang='lat' dir='ltr'><strong>dicens</strong></span> <span class='ocrx_word' id='word_1_670' title='bbox 1873 4692 1886 4729; x_wconf 90' lang='lat'><strong>:</strong></span> <span class='ocrx_word' id='word_1_671' title='bbox 1927 4693 1945 4726; x_wconf 75' lang='grc' dir='ltr'>ι</span> <span class='ocrx_word' id='word_1_672' title='bbox 1977 4675 2125 4731; x_wconf 81' lang='lat' dir='ltr'><strong>Affer</strong></span> <span class='ocrx_word' id='word_1_673' title='bbox 2151 4717 2166 4743; x_wconf 92' lang='lat'><strong>,</strong></span> 
     </span>
    </p>
   </div>
   <div class='ocr_carea' id='block_1_94' title="bbox 578 4758 2171 4832">
    <p class='ocr_par' dir='ltr' id='par_1_94' title="bbox 578 4758 2171 4832">
     <span class='ocr_line' id='line_1_94' title="bbox 578 4758 2171 4832; baseline 0.006 -19"><span class='ocrx_word' id='word_1_674' title='bbox 578 4758 787 4828; x_wconf 88' lang='lat' dir='ltr'><strong>inquit,</strong></span> <span class='ocrx_word' id='word_1_675' title='bbox 843 4758 943 4814; x_wconf 86' lang='lat' dir='ltr'><strong>hos</strong></span> <span class='ocrx_word' id='word_1_676' title='bbox 991 4759 1250 4816; x_wconf 86' lang='lat' dir='ltr'><strong>flosculos</strong></span> <span class='ocrx_word' id='word_1_677' title='bbox 1294 4763 1485 4818; x_wconf 73' lang='lat' dir='ltr'><strong>amica:</strong></span> <span class='ocrx_word' id='word_1_678' title='bbox 1521 4779 1657 4819; x_wconf 59' lang='lat' dir='ltr'><strong>mea:</strong></span> <span class='ocrx_word' id='word_1_679' title='bbox 1707 4763 1871 4821; x_wconf 87' lang='lat' dir='ltr'><strong>matri</strong></span> <span class='ocrx_word' id='word_1_680' title='bbox 1923 4774 2049 4832; x_wconf 61' lang='lat' dir='ltr'><strong>tum,</strong></span> <span class='ocrx_word' id='word_1_681' title='bbox 2110 4777 2171 4822; x_wconf 90' lang='lat' dir='ltr'><strong>ut</strong></span> 
     </span>
    </p>
   </div>
   <div class='ocr_carea' id='block_1_95' title="bbox 579 4849 2169 4925">
    <p class='ocr_par' dir='ltr' id='par_1_95' title="bbox 579 4849 2169 4925">
     <span class='ocr_line' id='line_1_95' title="bbox 579 4849 2169 4925; baseline 0.007 -22"><span class='ocrx_word' id='word_1_682' title='bbox 579 4849 701 4905; x_wconf 91' lang='lat' dir='ltr'><strong>illos</strong></span> <span class='ocrx_word' id='word_1_683' title='bbox 754 4850 810 4904; x_wconf 92' lang='lat' dir='ltr'><strong>in</strong></span> <span class='ocrx_word' id='word_1_684' title='bbox 866 4851 973 4906; x_wconf 91' lang='lat' dir='ltr'><strong>mei</strong></span> <span class='ocrx_word' id='word_1_685' title='bbox 1025 4854 1352 4909; x_wconf 92' lang='lat' dir='ltr'><strong>memoriam</strong></span> <span class='ocrx_word' id='word_1_686' title='bbox 1391 4871 1577 4911; x_wconf 90' lang='lat' dir='ltr'><strong>secum</strong></span> <span class='ocrx_word' id='word_1_687' title='bbox 1629 4857 1846 4925; x_wconf 82' lang='lat' dir='ltr'><strong>habeat,</strong></span> <span class='ocrx_word' id='word_1_688' title='bbox 1891 4867 2011 4915; x_wconf 88' lang='lat' dir='ltr'><strong>et-a</strong></span> <span class='ocrx_word' id='word_1_689' title='bbox 2059 4856 2169 4914; x_wconf 76' lang='lat' dir='ltr'><strong>Deo</strong></span> 
     </span>
    </p>
   </div>
   <div class='ocr_carea' id='block_1_96' title="bbox 579 4942 2172 5015">
    <p class='ocr_par' dir='ltr' id='par_1_96' title="bbox 579 4942 2172 5015">
     <span class='ocr_line' id='line_1_96' title="bbox 579 4942 2172 5015; baseline 0.006 -18"><span class='ocrx_word' id='word_1_690' title='bbox 579 4942 772 4997; x_wconf 87' lang='lat' dir='ltr'><strong>salutis</strong></span> <span class='ocrx_word' id='word_1_691' title='bbox 803 4944 1042 4998; x_wconf 88' lang='lat' dir='ltr'><strong>remedia</strong></span> <span class='ocrx_word' id='word_1_692' title='bbox 1088 4953 1296 5014; x_wconf 84' lang='lat' dir='ltr'><strong>poscat.</strong></span> <span class='ocrx_word' id='word_1_693' title='bbox 1332 4965 1350 4998; x_wconf 73' lang='grc' dir='ltr'>υ</span> <span class='ocrx_word' id='word_1_694' title='bbox 1391 4945 1503 5003; x_wconf 85' lang='lat' dir='ltr'><strong>Nec</strong></span> <span class='ocrx_word' id='word_1_695' title='bbox 1561 4963 1738 5015; x_wconf 89' lang='lat' dir='ltr'><strong>mora,</strong></span> <span class='ocrx_word' id='word_1_696' title='bbox 1773 4958 1833 5003; x_wconf 88' lang='lat' dir='ltr'><strong>ut</strong></span> <span class='ocrx_word' id='word_1_697' title='bbox 1861 4949 2022 5005; x_wconf 84' lang='lat' dir='ltr'><strong>nobis</strong></span> <span class='ocrx_word' id='word_1_698' title='bbox 2070 4965 2172 5006; x_wconf 69' lang='lat' dir='ltr'><strong>sa:-</strong></span> 
     </span>
    </p>
   </div>
   <div class='ocr_carea' id='block_1_97' title="bbox 576 5035 2171 5114">
    <p class='ocr_par' dir='ltr' id='par_1_97' title="bbox 576 5035 2171 5114">
     <span class='ocr_line' id='line_1_97' title="bbox 576 5035 2171 5114; baseline 0.007 -26"><span class='ocrx_word' id='word_1_699' title='bbox 576 5035 700 5105; x_wconf 89' lang='lat' dir='ltr'><strong>pius</strong></span> <span class='ocrx_word' id='word_1_700' title='bbox 716 5035 954 5104; x_wconf 87' lang='lat' dir='ltr'><strong>jurando</strong></span> <span class='ocrx_word' id='word_1_701' title='bbox 979 5037 1181 5111; x_wconf 82' lang='lat' dir='ltr'><strong>retulit,</strong></span> <span class='ocrx_word' id='word_1_702' title='bbox 1222 5047 1283 5093; x_wconf 91' lang='lat' dir='ltr'><strong>ut</strong></span> <span class='ocrx_word' id='word_1_703' title='bbox 1313 5040 1462 5109; x_wconf 87' lang='lat' dir='ltr'><strong>ipsos</strong></span> <span class='ocrx_word' id='word_1_704' title='bbox 1498 5041 1661 5096; x_wconf 90' lang='lat' dir='ltr'><strong>flores</strong></span> <span class='ocrx_word' id='word_1_705' title='bbox 1685 5043 1847 5114; x_wconf 60' lang='lat' dir='ltr'><strong>aegris</strong></span> <span class='ocrx_word' id='word_1_706' title='bbox 1874 5043 2050 5099; x_wconf 89' lang='lat' dir='ltr'><strong>oculis</strong></span> <span class='ocrx_word' id='word_1_707' title='bbox 2075 5043 2171 5098; x_wconf 89' lang='lat' dir='ltr'><strong>ad-</strong></span> 
     </span>
    </p>
   </div>
   <div class='ocr_carea' id='block_1_98' title="bbox 577 5126 2170 5193">
    <p class='ocr_par' dir='ltr' id='par_1_98' title="bbox 577 5126 2170 5193">
     <span class='ocr_line' id='line_1_98' title="bbox 577 5126 2170 5193; baseline 0.006 -13"><span class='ocrx_word' id='word_1_708' title='bbox 577 5126 767 5193; x_wconf 90' lang='lat' dir='ltr'><strong>movit,</strong></span> <span class='ocrx_word' id='word_1_709' title='bbox 804 5142 1026 5183; x_wconf 87' lang='lat' dir='ltr'><strong>omnem</strong></span> <span class='ocrx_word' id='word_1_710' title='bbox 1060 5128 1208 5184; x_wconf 91' lang='lat' dir='ltr'><strong>illico</strong></span> <span class='ocrx_word' id='word_1_711' title='bbox 1262 5132 1431 5186; x_wconf 90' lang='lat' dir='ltr'><strong>totius</strong></span> <span class='ocrx_word' id='word_1_712' title='bbox 1463 5132 1798 5189; x_wconf 80' lang='lat' dir='ltr'><strong>infirmitatis</strong></span> <span class='ocrx_word' id='word_1_713' title='bbox 1847 5134 2092 5190; x_wconf 90' lang='lat' dir='ltr'><strong>dolorem</strong></span> <span class='ocrx_word' id='word_1_714' title='bbox 2138 5150 2170 5189; x_wconf 91' lang='lat' dir='ltr'><strong>a</strong></span> 
     </span>
    </p>
   </div>
   <div class='ocr_carea' id='block_1_99' title="bbox 576 5219 2165 5299">
    <p class='ocr_par' dir='ltr' id='par_1_99' title="bbox 576 5219 2165 5299">
     <span class='ocr_line' id='line_1_99' title="bbox 576 5219 2165 5299; baseline 0.006 -27"><span class='ocrx_word' id='word_1_715' title='bbox 576 5233 679 5273; x_wconf 90' lang='lat' dir='ltr'><strong>suo</strong></span> <span class='ocrx_word' id='word_1_716' title='bbox 727 5219 906 5290; x_wconf 86' lang='lat' dir='ltr'><strong>capite</strong></span> <span class='ocrx_word' id='word_1_717' title='bbox 960 5221 1198 5276; x_wconf 91' lang='lat' dir='ltr'><strong>mirabili</strong></span> <span class='ocrx_word' id='word_1_718' title='bbox 1238 5225 1518 5279; x_wconf 88' lang='lat' dir='ltr'><strong>celeritate</strong></span> <span class='ocrx_word' id='word_1_719' title='bbox 1562 5226 1825 5298; x_wconf 75' lang='lat' dir='ltr'><strong>diffugere</strong></span> <span class='ocrx_word' id='word_1_720' title='bbox 1872 5229 2165 5299; x_wconf 87' lang='lat' dir='ltr'><strong>cognovit:</strong></span> 
     </span>
    </p>
   </div>
   <div class='ocr_carea' id='block_1_100' title="bbox 575 5310 2163 5387">
    <p class='ocr_par' dir='ltr' id='par_1_100' title="bbox 575 5310 2163 5387">
     <span class='ocr_line' id='line_1_100' title="bbox 575 5310 2163 5387; baseline 0.008 -28"><span class='ocrx_word' id='word_1_721' title='bbox 575 5315 629 5360; x_wconf 90' lang='lat' dir='ltr'><strong>et</strong></span> <span class='ocrx_word' id='word_1_722' title='bbox 657 5310 841 5364; x_wconf 88' lang='lat' dir='ltr'><strong>statim</strong></span> <span class='ocrx_word' id='word_1_723' title='bbox 873 5311 1076 5380; x_wconf 88' lang='lat' dir='ltr'><strong>apertis</strong></span> <span class='ocrx_word' id='word_1_724' title='bbox 1128 5314 1214 5368; x_wconf 92' lang='lat' dir='ltr'><strong>vel</strong></span> <span class='ocrx_word' id='word_1_725' title='bbox 1254 5314 1432 5380; x_wconf 90' lang='lat' dir='ltr'><strong>ostiis,</strong></span> <span class='ocrx_word' id='word_1_726' title='bbox 1482 5316 1566 5370; x_wconf 88' lang='lat' dir='ltr'><strong>vel</strong></span> <span class='ocrx_word' id='word_1_727' title='bbox 1604 5310 2120 5374; x_wconf 26' lang='lat' dir='ltr'><strong>fenestris’cubiculi</strong></span> <span class='ocrx_word' id='word_1_728' title='bbox 2148 5362 2163 5387; x_wconf 90' lang='lat'><strong>,</strong></span> 
     </span>
    </p>
   </div>
   <div class='ocr_carea' id='block_1_101' title="bbox 575 5403 2141 5482">
    <p class='ocr_par' dir='ltr' id='par_1_101' title="bbox 575 5403 2141 5482">
     <span class='ocr_line' id='line_1_101' title="bbox 575 5403 2141 5482; baseline 0.009 -29"><span class='ocrx_word' id='word_1_729' title='bbox 575 5416 697 5470; x_wconf 72' lang='lat' dir='ltr'><strong>qua:</strong></span> <span class='ocrx_word' id='word_1_730' title='bbox 725 5403 837 5472; x_wconf 91' lang='lat' dir='ltr'><strong>jam</strong></span> <span class='ocrx_word' id='word_1_731' title='bbox 876 5419 972 5473; x_wconf 91' lang='lat' dir='ltr'><strong>per</strong></span> <span class='ocrx_word' id='word_1_732' title='bbox 1019 5405 1228 5476; x_wconf 90' lang='lat' dir='ltr'><strong>aliquot</strong></span> <span class='ocrx_word' id='word_1_733' title='bbox 1256 5408 1374 5463; x_wconf 91' lang='lat' dir='ltr'><strong>dies</strong></span> <span class='ocrx_word' id='word_1_734' title='bbox 1420 5409 1737 5481; x_wconf 87' lang='lat' dir='ltr'><strong>diligentius</strong></span> <span class='ocrx_word' id='word_1_735' title='bbox 1777 5411 1898 5481; x_wconf 88' lang='lat' dir='ltr'><strong>ejus</strong></span> <span class='ocrx_word' id='word_1_736' title='bbox 1948 5412 2141 5482; x_wconf 71' lang='lat' dir='ltr'><strong>aegritu</strong></span> 
     </span>
    </p>
   </div>
   <div class='ocr_carea' id='block_1_102' title="bbox 645 5553 2157 5625">
    <p class='ocr_par' dir='ltr' id='par_1_102' title="bbox 645 5553 2157 5625">
     <span class='ocr_line' id='line_1_102' title="bbox 645 5553 2157 5625; baseline 0.011 -18"><span class='ocrx_word' id='word_1_737' title='bbox 645 5553 758 5625; x_wconf 82' lang='lat'><strong>(56)</strong></span> <span class='ocrx_word' id='word_1_738' title='bbox 825 5556 1075 5616; x_wconf 87' lang='lat' dir='ltr'><strong>Goslaria</strong></span> <span class='ocrx_word' id='word_1_739' title='bbox 1116 5561 1247 5617; x_wconf 89' lang='lat' dir='ltr'><strong>urbs</strong></span> <span class='ocrx_word' id='word_1_740' title='bbox 1295 5563 1468 5620; x_wconf 90' lang='lat' dir='ltr'><strong>libera</strong></span> <span class='ocrx_word' id='word_1_741' title='bbox 1532 5564 1809 5621; x_wconf 88' lang='lat' dir='ltr'><strong>inferioris</strong></span> <span class='ocrx_word' id='word_1_742' title='bbox 1882 5565 2157 5623; x_wconf 72' lang='lat' dir='ltr'><strong>Saxonite.</strong></span> 
     </span>
    </p>
   </div>
   <div class='ocr_carea' id='block_1_103' title="bbox 578 5620 2163 5698">
    <p class='ocr_par' dir='ltr' id='par_1_103' title="bbox 578 5620 2163 5698">
     <span class='ocr_line' id='line_1_103' title="bbox 578 5620 2163 5698; baseline 0.011 -23"><span class='ocrx_word' id='word_1_743' title='bbox 578 5620 819 5698; x_wconf 73' lang='lat' dir='ltr'><strong>Ecclesia</strong></span> <span class='ocrx_word' id='word_1_744' title='bbox 855 5644 1039 5698; x_wconf 93' lang='lat' dir='ltr'><strong>_quam</strong></span> <span class='ocrx_word' id='word_1_745' title='bbox 1090 5631 1162 5685; x_wconf 89' lang='lat' dir='ltr'><strong>ibi</strong></span> <span class='ocrx_word' id='word_1_746' title='bbox 1201 5643 1425 5690; x_wconf 90' lang='lat' dir='ltr'><strong>sanctus</strong></span> <span class='ocrx_word' id='word_1_747' title='bbox 1467 5620 1824 5693; x_wconf 84' lang='lat' dir='ltr'><strong>Godehardus</strong></span> <span class='ocrx_word' id='word_1_748' title='bbox 1854 5620 2163 5694; x_wconf 71' lang='lat' dir='ltr'><strong>construxit</strong></span> 
     </span>
    </p>
   </div>
   <div class='ocr_carea' id='block_1_104' title="bbox 574 5693 2161 5766">
    <p class='ocr_par' dir='ltr' id='par_1_104' title="bbox 574 5693 2161 5766">
     <span class='ocr_line' id='line_1_104' title="bbox 574 5693 2161 5766; baseline 0.011 -21"><span class='ocrx_word' id='word_1_749' title='bbox 574 5708 618 5766; x_wconf 9' lang='lat' dir='ltr'><strong>a7</strong></span> <span class='ocrx_word' id='word_1_750' title='bbox 654 5693 812 5749; x_wconf 83' lang='lat' dir='ltr'><strong>beato</strong></span> <span class='ocrx_word' id='word_1_751' title='bbox 854 5693 1034 5753; x_wconf 74' lang='lat' dir='ltr'><strong>Leone</strong></span> <span class='ocrx_word' id='word_1_752' title='bbox 1064 5700 1134 5754; x_wconf 80' lang='lat' dir='ltr'><strong>lX</strong></span> <span class='ocrx_word' id='word_1_753' title='bbox 1193 5719 1412 5759; x_wconf 87' lang='lat' dir='ltr'><strong>summo</strong></span> <span class='ocrx_word' id='word_1_754' title='bbox 1460 5706 1720 5763; x_wconf 73' lang='lat' dir='ltr'><strong>pontifice</strong></span> <span class='ocrx_word' id='word_1_755' title='bbox 1783 5693 2030 5764; x_wconf 72' lang='lat' dir='ltr'><strong>dedicata</strong></span> <span class='ocrx_word' id='word_1_756' title='bbox 2077 5718 2161 5766; x_wconf 87' lang='lat' dir='ltr'><strong>est</strong></span> 
     </span>
    </p>
   </div>
   <div class='ocr_carea' id='block_1_105' title="bbox 575 5765 1140 5826">
    <p class='ocr_par' dir='ltr' id='par_1_105' title="bbox 575 5765 1140 5826">
     <span class='ocr_line' id='line_1_105' title="bbox 575 5765 1140 5826; baseline 0.012 -7"><span class='ocrx_word' id='word_1_757' title='bbox 575 5765 719 5820; x_wconf 74' lang='lat' dir='ltr'><strong>circa</strong></span> <span class='ocrx_word' id='word_1_758' title='bbox 744 5782 949 5823; x_wconf 90' lang='lat' dir='ltr'><strong>annum</strong></span> <span class='ocrx_word' id='word_1_759' title='bbox 984 5768 1140 5826; x_wconf 70' lang='grc'><strong>1049.</strong></span> 
     </span>
    </p>
   </div>
   <div class='ocr_carea' id='block_1_106' title="bbox 2275 4595 3869 4665">
    <p class='ocr_par' dir='ltr' id='par_1_106' title="bbox 2275 4595 3869 4665">
     <span class='ocr_line' id='line_1_106' title="bbox 2275 4595 3869 4665; baseline 0.004 -16"><span class='ocrx_word' id='word_1_760' title='bbox 2275 4595 2460 4661; x_wconf 84' lang='lat' dir='ltr'><strong>nebat,</strong></span> <span class='ocrx_word' id='word_1_761' title='bbox 2492 4596 2791 4662; x_wconf 90' lang='lat' dir='ltr'><strong>mandavit,</strong></span> <span class='ocrx_word' id='word_1_762' title='bbox 2826 4596 3117 4651; x_wconf 86' lang='lat' dir='ltr'><strong>assedente</strong></span> <span class='ocrx_word' id='word_1_763' title='bbox 3161 4598 3325 4652; x_wconf 90' lang='lat' dir='ltr'><strong>etiam</strong></span> <span class='ocrx_word' id='word_1_764' title='bbox 3381 4599 3500 4653; x_wconf 90' lang='lat' dir='ltr'><strong>viro</strong></span> <span class='ocrx_word' id='word_1_765' title='bbox 3545 4603 3869 4665; x_wconf 81' lang='lat' dir='ltr'><strong>venerabili,</strong></span> 
     </span>
    </p>
   </div>
   <div class='ocr_carea' id='block_1_107' title="bbox 2276 4688 3874 4759">
    <p class='ocr_par' dir='ltr' id='par_1_107' title="bbox 2276 4688 3874 4759">
     <span class='ocr_line' id='line_1_107' title="bbox 2276 4688 3874 4759; baseline 0.005 -15"><span class='ocrx_word' id='word_1_766' title='bbox 2276 4704 2379 4744; x_wconf 91' lang='lat' dir='ltr'><strong>suo</strong></span> <span class='ocrx_word' id='word_1_767' title='bbox 2404 4703 2475 4743; x_wconf 82' lang='lat' dir='ltr'><strong>ex</strong></span> <span class='ocrx_word' id='word_1_768' title='bbox 2512 4704 2703 4744; x_wconf 83' lang='lat' dir='ltr'><strong>sorore</strong></span> <span class='ocrx_word' id='word_1_769' title='bbox 2739 4698 2953 4759; x_wconf 89' lang='lat' dir='ltr'><strong>nepote.</strong></span> <span class='ocrx_word' id='word_1_770' title='bbox 2998 4688 3349 4747; x_wconf 85' lang='lat' dir='ltr'><strong>Rathmundo</strong></span> <span class='ocrx_word' id='word_1_771' title='bbox 3389 4693 3720 4753; x_wconf 82' lang='lat' dir='ltr'><strong>Altahensis</strong></span> <span class='ocrx_word' id='word_1_772' title='bbox 3760 4713 3874 4752; x_wconf 84' lang='lat' dir='ltr'><strong>mo-</strong></span> 
     </span>
    </p>
   </div>
   <div class='ocr_carea' id='block_1_108' title="bbox 2276 4782 3872 4857">
    <p class='ocr_par' dir='ltr' id='par_1_108' title="bbox 2276 4782 3872 4857">
     <span class='ocr_line' id='line_1_108' title="bbox 2276 4782 3872 4857; baseline 0.006 -21"><span class='ocrx_word' id='word_1_773' title='bbox 2276 4783 2503 4836; x_wconf 85' lang='lat' dir='ltr'><strong>nasterii</strong></span> <span class='ocrx_word' id='word_1_774' title='bbox 2545 4782 2763 4848; x_wconf 89' lang='lat' dir='ltr'><strong>abbate,</strong></span> <span class='ocrx_word' id='word_1_775' title='bbox 2801 4793 3073 4852; x_wconf 66' lang='lat' dir='ltr'><strong>praesente</strong></span> <span class='ocrx_word' id='word_1_776' title='bbox 3116 4785 3310 4839; x_wconf 88' lang='lat' dir='ltr'><strong>eodem</strong></span> <span class='ocrx_word' id='word_1_777' title='bbox 3371 4787 3731 4857; x_wconf 80' lang='lat' dir='ltr'><strong>presbytero,</strong></span> <span class='ocrx_word' id='word_1_778' title='bbox 3754 4805 3872 4845; x_wconf 77' lang='lat' dir='ltr'><strong>om-</strong></span> 
     </span>
    </p>
   </div>
   <div class='ocr_carea' id='block_1_109' title="bbox 2276 4874 3872 4947">
    <p class='ocr_par' dir='ltr' id='par_1_109' title="bbox 2276 4874 3872 4947">
     <span class='ocr_line' id='line_1_109' title="bbox 2276 4874 3872 4947; baseline 0.006 -19"><span class='ocrx_word' id='word_1_779' title='bbox 2276 4874 2441 4929; x_wconf 90' lang='lat' dir='ltr'><strong>nibus</strong></span> <span class='ocrx_word' id='word_1_780' title='bbox 2487 4874 2583 4944; x_wconf 90' lang='lat' dir='ltr'><strong>qui</strong></span> <span class='ocrx_word' id='word_1_781' title='bbox 2656 4890 2718 4930; x_wconf 87' lang='lat' dir='ltr'><strong>se</strong></span> <span class='ocrx_word' id='word_1_782' title='bbox 2777 4875 2847 4929; x_wconf 91' lang='lat' dir='ltr'><strong>ab</strong></span> <span class='ocrx_word' id='word_1_783' title='bbox 2895 4890 2961 4930; x_wconf 90' lang='lat' dir='ltr'><strong>eo</strong></span> <span class='ocrx_word' id='word_1_784' title='bbox 3019 4876 3181 4932; x_wconf 70' lang='lat' dir='ltr'><strong>laesos</strong></span> <span class='ocrx_word' id='word_1_785' title='bbox 3223 4879 3641 4947; x_wconf 64' lang='lat' dir='ltr'><strong>quaerebantur,</strong></span> <span class='ocrx_word' id='word_1_786' title='bbox 3686 4898 3872 4938; x_wconf 76' lang='lat' dir='ltr'><strong>coram</strong></span> 
     </span>
    </p>
   </div>
   <div class='ocr_carea' id='block_1_110' title="bbox 2275 4962 3871 5038">
    <p class='ocr_par' dir='ltr' id='par_1_110' title="bbox 2275 4962 3871 5038">
     <span class='ocr_line' id='line_1_110' title="bbox 2275 4962 3871 5038; baseline 0.004 -19"><span class='ocrx_word' id='word_1_787' title='bbox 2275 4964 2549 5020; x_wconf 90' lang='lat' dir='ltr'><strong>licentiam</strong></span> <span class='ocrx_word' id='word_1_788' title='bbox 2614 4962 2764 5018; x_wconf 78' lang='lat' dir='ltr'><strong>fandi</strong></span> <span class='ocrx_word' id='word_1_789' title='bbox 2828 4963 3074 5019; x_wconf 90' lang='lat' dir='ltr'><strong>donavit.</strong></span> <span class='ocrx_word' id='word_1_790' title='bbox 3142 4965 3469 5038; x_wconf 81' lang='lat' dir='ltr'><strong>Statimque</strong></span> <span class='ocrx_word' id='word_1_791' title='bbox 3522 4968 3651 5024; x_wconf 86' lang='lat' dir='ltr'><strong>sine</strong></span> <span class='ocrx_word' id='word_1_792' title='bbox 3721 4985 3871 5025; x_wconf 79' lang='lat' dir='ltr'><strong>mora</strong></span> 
     </span>
    </p>
   </div>
   <div class='ocr_carea' id='block_1_111' title="bbox 2272 5054 3870 5126">
    <p class='ocr_par' dir='ltr' id='par_1_111' title="bbox 2272 5054 3870 5126">
     <span class='ocr_line' id='line_1_111' title="bbox 2272 5054 3870 5126; baseline 0.005 -17"><span class='ocrx_word' id='word_1_793' title='bbox 2272 5055 2427 5124; x_wconf 89' lang='lat' dir='ltr'><strong>plura</strong></span> <span class='ocrx_word' id='word_1_794' title='bbox 2478 5054 2712 5123; x_wconf 73' lang='lat' dir='ltr'><strong>querela:</strong></span> <span class='ocrx_word' id='word_1_795' title='bbox 2745 5069 2964 5124; x_wconf 84' lang='lat' dir='ltr'><strong>genera,</strong></span> <span class='ocrx_word' id='word_1_796' title='bbox 3009 5064 3121 5110; x_wconf 88' lang='lat' dir='ltr'><strong>tam</strong></span> <span class='ocrx_word' id='word_1_797' title='bbox 3179 5056 3250 5110; x_wconf 90' lang='lat' dir='ltr'><strong>ab</strong></span> <span class='ocrx_word' id='word_1_798' title='bbox 3302 5057 3423 5126; x_wconf 90' lang='lat' dir='ltr'><strong>ipso</strong></span> <span class='ocrx_word' id='word_1_799' title='bbox 3470 5058 3679 5116; x_wconf 84' lang='lat' dir='ltr'><strong>abbate</strong></span> <span class='ocrx_word' id='word_1_800' title='bbox 3730 5062 3870 5116; x_wconf 78' lang='lat' dir='ltr'><strong>suis-</strong></span> 
     </span>
    </p>
   </div>
   <div class='ocr_carea' id='block_1_112' title="bbox 2272 5145 3869 5218">
    <p class='ocr_par' dir='ltr' id='par_1_112' title="bbox 2272 5145 3869 5218">
     <span class='ocr_line' id='line_1_112' title="bbox 2272 5145 3869 5218; baseline 0.004 -19"><span class='ocrx_word' id='word_1_801' title='bbox 2272 5161 2379 5216; x_wconf 91' lang='lat' dir='ltr'><strong>que</strong></span> <span class='ocrx_word' id='word_1_802' title='bbox 2439 5146 2535 5215; x_wconf 89' lang='lat' dir='ltr'><strong>qui</strong></span> <span class='ocrx_word' id='word_1_803' title='bbox 2592 5145 2837 5215; x_wconf 87' lang='lat' dir='ltr'><strong>hospites</strong></span> <span class='ocrx_word' id='word_1_804' title='bbox 2886 5146 3206 5214; x_wconf 87' lang='lat' dir='ltr'><strong>intererant,</strong></span> <span class='ocrx_word' id='word_1_805' title='bbox 3259 5164 3425 5218; x_wconf 83' lang='lat' dir='ltr'><strong>quam</strong></span> <span class='ocrx_word' id='word_1_806' title='bbox 3469 5159 3528 5205; x_wconf 92' lang='lat' dir='ltr'><strong>et</strong></span> <span class='ocrx_word' id='word_1_807' title='bbox 3571 5166 3604 5205; x_wconf 87' lang='lat' dir='ltr'><strong>a</strong></span> <span class='ocrx_word' id='word_1_808' title='bbox 3666 5154 3869 5208; x_wconf 81' lang='lat' dir='ltr'><strong>nostris</strong></span> 
     </span>
    </p>
   </div>
   <div class='ocr_carea' id='block_1_113' title="bbox 2269 5235 3865 5309">
    <p class='ocr_par' dir='ltr' id='par_1_113' title="bbox 2269 5235 3865 5309">
     <span class='ocr_line' id='line_1_113' title="bbox 2269 5235 3865 5309; baseline 0.006 -20"><span class='ocrx_word' id='word_1_809' title='bbox 2269 5235 2643 5307; x_wconf 83' lang='lat' dir='ltr'><strong>proferuntur,</strong></span> <span class='ocrx_word' id='word_1_810' title='bbox 2693 5252 2817 5307; x_wconf 80' lang='lat' dir='ltr'><strong>quae</strong></span> <span class='ocrx_word' id='word_1_811' title='bbox 2864 5246 3054 5293; x_wconf 90' lang='lat' dir='ltr'><strong>contra</strong></span> <span class='ocrx_word' id='word_1_812' title='bbox 3111 5254 3238 5293; x_wconf 91' lang='lat' dir='ltr'><strong>eum</strong></span> <span class='ocrx_word' id='word_1_813' title='bbox 3286 5241 3502 5309; x_wconf 86' lang='lat' dir='ltr'><strong>publice</strong></span> <span class='ocrx_word' id='word_1_814' title='bbox 3568 5259 3598 5297; x_wconf 85' lang='lat' dir='ltr'><strong>a</strong></span> <span class='ocrx_word' id='word_1_815' title='bbox 3656 5246 3865 5299; x_wconf 76' lang='lat' dir='ltr'><strong>cunctis</strong></span> 
     </span>
    </p>
   </div>
   <div class='ocr_carea' id='block_1_114' title="bbox 2269 5328 3862 5398">
    <p class='ocr_par' dir='ltr' id='par_1_114' title="bbox 2269 5328 3862 5398">
     <span class='ocr_line' id='line_1_114' title="bbox 2269 5328 3862 5398; baseline 0.007 -17"><span class='ocrx_word' id='word_1_816' title='bbox 2269 5328 2427 5398; x_wconf 90' lang='lat' dir='ltr'><strong>quasi</strong></span> <span class='ocrx_word' id='word_1_817' title='bbox 2465 5343 2576 5381; x_wconf 93' lang='lat' dir='ltr'><strong>uno</strong></span> <span class='ocrx_word' id='word_1_818' title='bbox 2611 5343 2707 5383; x_wconf 85' lang='lat' dir='ltr'><strong>ore</strong></span> <span class='ocrx_word' id='word_1_819' title='bbox 2748 5328 3026 5384; x_wconf 88' lang='lat' dir='ltr'><strong>dicuntur.</strong></span> <span class='ocrx_word' id='word_1_820' title='bbox 3061 5328 3459 5396; x_wconf 76' lang='lat' dir='ltr'><strong>Quaerebantur</strong></span> <span class='ocrx_word' id='word_1_821' title='bbox 3484 5335 3636 5390; x_wconf 88' lang='lat' dir='ltr'><strong>enim</strong></span> <span class='ocrx_word' id='word_1_822' title='bbox 3675 5351 3862 5391; x_wconf 77' lang='lat' dir='ltr'><strong>omnes</strong></span> 
     </span>
    </p>
   </div>
   <div class='ocr_carea' id='block_1_115' title="bbox 2269 5406 3859 5497">
    <p class='ocr_par' dir='ltr' id='par_1_115' title="bbox 2269 5406 3859 5497">
     <span class='ocr_line' id='line_1_115' title="bbox 2269 5406 3859 5497; baseline 0.005 -23"><span class='ocrx_word' id='word_1_823' title='bbox 2269 5419 2454 5485; x_wconf 90' lang='lat' dir='ltr'><strong>simul,</strong></span> <span class='ocrx_word' id='word_1_824' title='bbox 2508 5406 2688 5490; x_wconf 82' lang='lat' dir='ltr'><strong>primo</strong></span> <span class='ocrx_word' id='word_1_825' title='bbox 2731 5420 2985 5489; x_wconf 85' lang='lat' dir='ltr'><strong>generale</strong></span> <span class='ocrx_word' id='word_1_826' title='bbox 3016 5420 3277 5478; x_wconf 73' lang='lat' dir='ltr'><strong>Ecclesiae</strong></span> <span class='ocrx_word' id='word_1_827' title='bbox 3316 5433 3373 5478; x_wconf 89' lang='lat' dir='ltr'><strong>et</strong></span> <span class='ocrx_word' id='word_1_828' title='bbox 3411 5425 3744 5497; x_wconf 83' lang='lat' dir='ltr'><strong>episcopalis</strong></span> <span class='ocrx_word' id='word_1_829' title='bbox 3764 5429 3859 5482; x_wconf 77' lang='lat' dir='ltr'><strong>lio-</strong></span> 
     </span>
    </p>
   </div>
   <div class='ocr_carea' id='block_1_116' title="bbox 2338 5572 3853 5652">
    <p class='ocr_par' dir='ltr' id='par_1_116' title="bbox 2338 5572 3853 5652">
     <span class='ocr_line' id='line_1_116' title="bbox 2338 5572 3853 5652; baseline 0.002 -22"><span class='ocrx_word' id='word_1_830' title='bbox 2338 5574 2452 5652; x_wconf 83' lang='lat' dir='ltr'><strong>(_5&#39;_l)</strong></span> <span class='ocrx_word' id='word_1_831' title='bbox 2495 5574 2630 5629; x_wconf 92' lang='lat' dir='ltr'><strong>Cod.</strong></span> <span class='ocrx_word' id='word_1_832' title='bbox 2663 5572 2886 5652; x_wconf 74' lang='lat' dir='ltr'><strong>Bod_ec.,</strong></span> <span class='ocrx_word' id='word_1_833' title='bbox 2913 5577 3006 5652; x_wconf 76' lang='lat' dir='ltr'><strong>_dc</strong></span> <span class='ocrx_word' id='word_1_834' title='bbox 3051 5579 3239 5652; x_wconf 79' lang='lat' dir='ltr'><strong>arbore</strong></span> <span class='ocrx_word' id='word_1_835' title='bbox 3256 5595 3376 5651; x_wconf 67' lang='lat' dir='ltr'><strong>qui:</strong></span> <span class='ocrx_word' id='word_1_836' title='bbox 3409 5581 3657 5652; x_wconf 71' lang='lat' dir='ltr'><strong>[mritis</strong></span> <span class='ocrx_word' id='word_1_837' title='bbox 3677 5583 3853 5652; x_wconf 71' lang='lat' dir='ltr'><strong>lingua</strong></span> 
     </span>
    </p>
   </div>
   <div class='ocr_carea' id='block_1_117' title="bbox 2266 5644 3854 5716">
    <p class='ocr_par' dir='ltr' id='par_1_117' title="bbox 2266 5644 3854 5716">
     <span class='ocr_line' id='line_1_117' title="bbox 2266 5644 3854 5716; baseline 0.006 -17"><span class='ocrx_word' id='word_1_838' title='bbox 2266 5644 2520 5716; x_wconf 83' lang='lat' dir='ltr'><strong>Belgica;</strong></span> <span class='ocrx_word' id='word_1_839' title='bbox 2562 5653 2618 5700; x_wconf 89' lang='lat' dir='ltr'><strong>et</strong></span> <span class='ocrx_word' id='word_1_840' title='bbox 2650 5646 2872 5716; x_wconf 84' lang='lat' dir='ltr'><strong>quidem</strong></span> <span class='ocrx_word' id='word_1_841' title='bbox 2913 5648 3057 5704; x_wconf 86' lang='lat' dir='ltr'><strong>hanc</strong></span> <span class='ocrx_word' id='word_1_842' title='bbox 3092 5644 3346 5707; x_wconf 76' lang='lat' dir='ltr'><strong>arborein</strong></span> <span class='ocrx_word' id='word_1_843' title='bbox 3398 5644 3542 5708; x_wconf 71' lang='lat' dir='ltr'><strong>fusis</strong></span> <span class='ocrx_word' id='word_1_844' title='bbox 3586 5644 3854 5708; x_wconf 61' lang='lat' dir='ltr'><strong>fabrican-</strong></span> 
     </span>
    </p>
   </div>
   <div class='ocr_carea' id='block_1_118' title="bbox 2268 5714 2899 5789">
    <p class='ocr_par' dir='ltr' id='par_1_118' title="bbox 2268 5714 2899 5789">
     <span class='ocr_line' id='line_1_118' title="bbox 2268 5714 2899 5789; baseline -0.002 -18"><span class='ocrx_word' id='word_1_845' title='bbox 2268 5716 2354 5772; x_wconf 89' lang='lat' dir='ltr'><strong>dis</strong></span> <span class='ocrx_word' id='word_1_846' title='bbox 2372 5714 2560 5789; x_wconf 84' lang='lat' dir='ltr'><strong>aptam</strong></span> <span class='ocrx_word' id='word_1_847' title='bbox 2582 5730 2704 5771; x_wconf 83' lang='lat' dir='ltr'><strong>esse</strong></span> <span class='ocrx_word' id='word_1_848' title='bbox 2727 5714 2899 5772; x_wconf 84' lang='lat' dir='ltr'><strong>aiunt.</strong></span> 
     </span>
    </p>
   </div>
  </div>
