4018 6384
202 350 369 408 ’1189

1754 340 1936 400 Vl'l’A.

3377 347 3515 404 “90

230 467 383 523 noris
428 463 789 532 scandalum;
833 459 1028 520 deinde
1069 457 1238 516 eives'
1261 467 1316 515 et
1362 459 1606 529 hospites
1657 460 1815 530 quis-
1848 463 1893 522 Α
1924 455 2167 513 valenter
2214 458 2474 523 surrexit,
2521 456 2892 514 (alceameota
2943 459 3109 516 citius
3169 461 3366 530 induit,
3417 464 3512 518 sed

229 572 337 627 que
371 556 604 626 speciale
650 555 978 626 injuriarum
1011 552 1097 608 sui
1154 552 1560 607 detrimentum.
1607 549 1818 617 Quibus

231 645 319 703 ille
356 646 578 712 auditis,
603 647 760 716 quasi
782 645 1118 711 insultando,
1156 653 1215 698 ut
1250 651 1368 699 erat
1404 643 1815 708 callidissimus,

228 738 474 805 subrisit,
511 747 565 793 et
607 739 755 793 velut
793 738 1093 801 admirans,
1138 751 1260 806 qua:
1308 736 1426 790 hate
1485 742 1670 791 essent
1729 734 1817 790 in-

227 827 497 900 quisivit:
542 845 607 885 ac
644 829 840 884 deinde
879 827 1206 884 commentis
1244 827 1536 882 mundanas
1577 842 1690 881 sure
1730 841 1819 880 sa-

216 902 493 991 Ipientize,
566 935 674 991 qua
717 921 877 991 plane
920 920 1115 991 plenus
1166 926 1303 986 erat,
1345 933 1469 989 quae
1521 933 1649 972 vere
1692 927 1818 973 ante

227 1011 404 1067 Deum
447 1011 679 1068 stultitia
717 1019 1086 1082 computatur,
1132 1019 1191 1065 ut
1233 1011 1290 1064 in
1356 1010 1476 1080 ipso
1527 1008 1818 1065 manifeste

226 1104 424 1172 patuit,
469 1103 682 1173 objecta
724 1117 956 1173 quaeque
985 1101 1304 1171 eloquenter
1338 1099 1560 1169 repulit,
1593 1113 1816 1154 omnes-

225 1209 336 1264 que
384 1194 491 1251 sibi
530 1194 886 1250 adversantes
932 1191 1259 1247 mirabiliter
1300 1191 1459 1262 quasi
1530 1198 1714 1245 mutos
1763 1197 1819 1245 et

219 1285 475 1355 elingues
519 1284 774 1339 reddidit.

295 1374 384 1429 56.
428 1373 560 1429 Pius
618 1373 817 1444 praesul
870 1372 1090 1427 tandem
1160 1369 1365 1441 Spiritu
1434 1377 1629 1425 saneto
1689 1383 1817 1424 vere

216 1474 609 1537 compunctus,
661 1473 715 1519 et
743 1464 966 1535 insuper
1014 1464 1179 1519 etiam
1211 1461 1449 1517 mirabili
1479 1461 1659 1517 studio
1695 1476 1818 1530 per-

221 1567 430 1624 motus,
482 1557 840 1612 considerans
883 1555 1088 1626 pariter
1130 1564 1184 1610 et
1225 1552 1573 1609 manifestam
1628 1568 1817 1608 rerum

212 1650 509 1706 veritatem
552 1658 607 1704 et
647 1649 955 1705 fiducialem
1019 1648 1203 1704 cordis
1250 1649 1372 1718 ejus
1413 1648 1775 1704 temeritatem
1799 1691 1814 1716 ,

216 1741 370 1795 illico
410 1740 656 1795 omnium
680 1755 843 1795 voces
865 1740 1222 1810 compescuit,
1267 1748 1321 1794 et
1356 1739 1672 1795 modiﬁcato
1699 1756 1817 1796 ser-

215 1846 385 1889 mone
408 1833 621 1887 cunctis
647 1831 1047 1887 admirantibus
1076 1832 1150 1887 ita
1175 1832 1397 1901 inempit
1432 1850 1444 1884 :
1471 1850 1489 1881 ‹
1525 1830 1814 1898 Hildevvin,

214 1925 421 1995 inquit,
465 1923 545 1979 sic
587 1924 735 1979 enim
778 1924 1098 1990 vocabatur,
1122 1939 1252 1978 ecce
1289 1923 1436 1978 enim
1469 1938 1662 1979 omnes
1703 1923 1815 1978 cir-

216 2024 583 2084 cumstantes,
628 2024 689 2070 ut
732 2015 831 2071 tibi
905 2016 1142 2083 videtur,
1185 2015 1407 2082 vicisti;
1453 2030 1581 2070 ecce
1622 2030 1815 2070 omnes

211 2106 522 2161 subtilitate
563 2116 677 2173 tua,
738 2104 851 2161 Deo
891 2108 1178 2161 veritatem
1252 2106 1599 2177 inspiciente,
1655 2108 1815 2176 quasi

214 2199 512 2255 mendaces
558 2198 847 2255 ostendisti
896 2216 908 2253 :
948 2199 1064 2268 jam
1100 2198 1263 2253 modo
1303 2199 1371 2253 ad
1434 2213 1522 2252 me
1580 2212 1813 2253 conver-

216 2298 354 2357 tere,
393 2299 447 2345 et
488 2291 590 2345 soli
610 2290 746 2345 mihi
788 2305 885 2360 per
917 2288 1199 2345 Christum
1224 2290 1507 2361 adjuratus
1528 2290 1813 2345 veritatem

218 2382 508 2452 responde.
553 2380 899 2453 Evangelica,
942 2381 1141 2453 inquit,
1182 2389 1237 2436 te
1279 2382 1548 2436 sententia
1618 2398 1810 2452 aggre-

215 2474 362 2541 dior,
407 2484 462 2529 et
498 2474 627 2546 quia
667 2488 891 2529 sensum
937 2473 1316 2545 evangelicum
1360 2489 1473 2529 non
1534 2473 1693 2543 plene
1732 2489 1815 2528 sa-

217 2566 326 2637 pis,
366 2574 419 2621 te
444 2565 786 2621 Theutonico
828 2579 1082 2620 sermone
1143 2565 1414 2634 alloquor.
1500 2561 1766 2619 Hildcvvin
1795 2605 1809 2629 ,

226 2661 439 2731 inquit,
503 2660 686 2733 diligis
728 2659 857 2714 me?
920 2657 990 2712 At
1052 2658 1143 2713 ille
1214 2657 1397 2713 statim
1447 2655 1809 2712 fiduliaciter:

226 2770 248 2804 4
286 2751 449 2820 Vere,
504 2751 600 2819 ait,
648 2751 814 2821 diligo
854 2758 926 2805 te.
961 2769 979 2801 ι
1045 2748 1177 2803 Item
1246 2748 1537 2817 episcopus
1582 2765 1595 2801 :
1647 2765 1665 2798 ι
1700 2744 1816 2799 [lil-

216 2841 420 2907 devvin,
467 2840 665 2911 inquit,
721 2840 902 2912 diligis
926 2839 1056 2895 me?
1094 2858 1112 2891 ι
1146 2839 1217 2893 At
1259 2838 1393 2893 ille:
1435 2856 1454 2888 ι
1507 2836 1688 2903 Certe,
1713 2837 1810 2905 ait,

219 2933 388 3004 diligo
434 2941 507 2988 te.
575 2953 592 2985 ο
641 2931 776 2987 Item
812 2932 1105 3002 episcopus
1149 2929 1309 2986 tertio
1362 2948 1376 2984 :
1428 2948 1447 2980 ι
1499 2926 1810 2996 llildewin,

214 3023 416 3095 inquit,
455 3025 636 3096 diligis
680 3025 813 3079 me?
845 3043 862 3075 ι
903 3022 1144 3078 Tandem
1181 3022 1272 3077 ille
1304 3021 1472 3077 miser
1500 3021 1814 3091 evangelica

218 3113 312 3168 illo
355 3114 604 3185 exemplo
640 3110 997 3183 stupefactus,
1026 3113 1122 3167 sed
1159 3128 1268 3167 non
1316 3111 1439 3177 rite,
1462 3110 1601 3180 proh
1630 3110 1805 3166 dolor!

215 3175 615 3275 Compunctus,
668 3175 811 3261 irato
856 3175 1061 3274 pariter
1101 3212 1156 3258 et
1194 3202 1359 3258 ﬂebili
1405 3175 1658 3258 sermone
1719 3217 1809 3256 re-
1837 3175 1882 3237 (ἶ

215 3293 476 3363 spondit:
516 3312 533 3343 ι
576 3292 738 3359 Deus,
776 3294 979 3364 inquit,
1024 3293 1121 3363 qui
1156 3291 1341 3349 omnia
1365 3291 1471 3347 scit
1497 3291 1666 3360 ,.ipse
1709 3291 1813 3346 scit

216 3383 349 3454 quia
392 3400 517 3440 vere
554 3384 720 3456 diligo
760 3393 831 3439 te.
892 3404 910 3435 ›
965 3384 1121 3439 Tunc
1155 3382 1395 3454 praesul:
1447 3401 1465 3434 ι
1513 3382 1674 3449 Ecce,
1728 3382 1811 3437 in-

215 3475 370 3544 quit,
414 3475 682 3546 siquidcm
722 3492 909 3531 verum
937 3476 1074 3532 dicis
1098 3518 1114 3543 ,
1159 3476 1295 3530 mihi
1333 3473 1689 3542 satisfecisti;
1724 3475 1809 3530 sin

215 3574 403 3620 autem
444 3567 666 3638 desipis,
712 3568 1058 3638 temetipsum
1103 3567 1489 3624 miserabiliter
1530 3566 1805 3639 obligasti.

217 3658 330 3714 Sed
371 3659 420 3715 si
458 3674 565 3726 me,
614 3668 676 3715 ut
718 3659 879 3728 dicis,
930 3660 1160 3716 fideliter
1196 3660 1378 3732 diligis
1402 3701 1417 3726 ,
1460 3675 1625 3730 pasce
1679 3674 1809 3713 oves

185 3765 392 3826 _meas,
437 3751 490 3806 id
523 3759 626 3819 est,
675 3751 838 3823 dilige
878 3750 1076 3807 fratres
1117 3760 1171 3806 et
1210 3751 1419 3807 amicos
1442 3766 1615 3816 meos,
1642 3750 1806 3805 etiam

216 3842 467 3912 hospites
513 3852 567 3898 et
605 3858 873 3914 pauperes
933 3859 1122 3911 meos;
1187 3843 1353 3915 dilige
1416 3857 1712 3898 conservos
1755 3850 1809 3896 et

216 3931 552 3990 domesticos
599 3942 743 3990 tuos.
787 3932 941 3989 Unde
991 3942 1045 3989 et
1089 3950 1183 4004 per
1224 3933 1396 3988 Deum
1447 3943 1500 3989 te
1559 3948 1805 3989 commo-

215 4037 346 4091 neo,
395 4032 457 4078 ut
507 4025 554 4079 si
598 4039 722 4079 vere
759 4024 980 4095 jurast‘,
1022 4033 1076 4080 te
1124 4026 1180 4079 in
1236 4025 1465 4080 veritate
1503 4025 1804 4092 custodias;

215 4114 272 4169 si
312 4115 629 4185 quominus,
674 4116 837 4188 digne
898 4117 1285 4188 pteniteas,et
1332 4118 1436 4173 sub
1484 4118 1590 4173 hoc
1647 4127 1807 4187 pacto

210 4206 333 4276 jam
375 4208 598 4263 domum
637 4205 941 4280 regredere,
999 4218 1054 4265 et
1094 4211 1360 4281 dignitate
1385 4211 1591 4280 pariter
1624 4219 1680 4264 et
1708 4210 1807 4265 bc-

218 4296 417 4355 neficio
470 4315 535 4355 ac
571 4300 899 4370 proprietate
940 4310 1029 4356 tua
1071 4301 1123 4355 in
1157 4303 1330 4373 gratia
1370 4318 1511 4366 mea,
1535 4302 1805 4373 siquidem

218 4385 368 4442 Deus
410 4390 684 4456 annuerit,
731 4398 903 4445 utere.
950 4410 968 4442 ι
1006 4389 1209 4462 Sicque
1255 4400 1585 4447 conventum
1651 4393 1803 4447 illum

1923 549 1990 603 ad
2032 548 2336 603 induendas
2362 549 2577 604 tunicas
2628 564 2925 621 assurgens
2974 553 3221 608 concitus
3266 554 3508 618 corruit,

1920 633 1975 694 et
2010 640 2249 694 mirabili
2311 639 2589 696 celeritate
2648 650 3064 711 praeoccupatus
3132 644 3511 700 miserabiliter

1918 731 2243 802 exspiravit.
2305 730 2496 787 Plures
2546 741 2727 786 tamen
2761 742 2816 787 et
2886 733 3256 804 amplissimas
3307 734 3483 808 [opes

1919 820 1975 877 in
2020 839 2119 878 sua
2160 823 2517 894 proprietate,
2565 825 2619 879 in
2667 825 2973 883 innumeris
3017 835 3073 883 et
3112 830 3370 898 pretiosis
3415 846 3513 887 ve-

1919 914 2119 979 stibus,
2167 922 2221 969 et
2259 913 2365 968 alia
2411 915 2642 984 pecunia
2685 924 2739 971 et
2778 916 2943 971 etiam
2985 919 3202 988 peculio
3262 919 3512 987 dimisit;

1918 1020 2059 1076 quas
2101 1014 2284 1059 tamen
2337 1005 2533 1062 beatus
2592 1008 2813 1077 pratsul,
2866 1010 2934 1064 de
2982 1010 3103 1079 ejus
3144 1021 3319 1068 morte
3374 1013 3515 1069 ultra

1922 1112 2092 1166 quam
2153 1096 2301 1152 credi
2351 1107 2532 1168 potest
2570 1099 2892 1156 .condolens
2920 1143 2935 1167 ,
2979 1110 3123 1157 totas
3165 1118 3265 1172 pro
3318 1101 3517 1160 animat

1917 1186 2066 1242 illius
2107 1188 2350 1243 remedio
2394 1188 2729 1259 pauperibus
2777 1192 2993 1263 erogari
3050 1194 3347 1265 prtecepit,
3421 1210 3514 1250 re-

1919 1278 2350 1350 missionemque
2392 1281 2444 1336 ei
2488 1291 2841 1352 peccatorum
2882 1300 2949 1340 ex
2985 1286 3169 1351 corde,
3236 1287 3338 1343 etsi
3388 1303 3515 1343 sero

1917 1368 2165 1435 indulsit,
2211 1380 2265 1425 et
2336 1387 2434 1441 pro
2498 1372 2645 1429 illius
2696 1374 2894 1428 anima:
2935 1376 3236 1445 ereptione,
3286 1376 3515 1446 jejuniis

1919 1473 1974 1519 et
2007 1465 2480 1522 obsecrationibus
2531 1468 2733 1537 saepius
2803 1468 3067 1523 insudare
3112 1484 3223 1523 non
3279 1470 3510 1526 destitit.

1919 1552 2059 1620 Quia
2095 1571 2226 1627 ergo
2255 1572 2359 1611 nos
2400 1573 2526 1612 eum
2578 1559 2742 1614 modo
2783 1559 2926 1614 ultra
2964 1560 3213 1615 debitum
3256 1561 3382 1631 plus
3426 1577 3514 1617 nc-

1920 1645 2177 1699 cessaria:
2217 1645 2465 1702 veritatis
2508 1663 2671 1718 quam
2704 1648 2922 1703 invidiae
2964 1650 3049 1704 vel
3083 1650 3194 1705 odii
3238 1667 3514 1707 causare-

1921 1737 2332 1806 prehendimus,
2379 1749 2434 1795 et
2475 1740 2596 1809 ejus
2641 1742 3021 1814 negligcntiam
3047 1753 3234 1800 nostra
3281 1745 3515 1803 fortasse

1850 1814 1890 1872 Β
1920 1828 2185 1885 minorem
2220 1830 2288 1886 de
2332 1830 2580 1905 pluribus
2624 1834 3010 1903 patefecimus,
3056 1837 3439 1904 obsecramus,
3480 1855 3514 1894 o

1918 1919 2173 1992 lectores,
2197 1931 2433 1977 vestram
2486 1924 2856 1993 dilectionem,
2913 1936 2969 1981 ut
3019 1942 3145 1982 cum
3201 1929 3316 1983 haec
3368 1930 3514 2003 lege-

1917 2009 2070 2075 retis,
2110 2009 2504 2080 indulgentiam
2547 2011 2599 2067 ei
2639 2021 2693 2067 et
2748 2015 3129 2071 remissionem
3162 2027 3511 2086 peccatorum

1914 2116 2015 2171 pro
2054 2110 2237 2157 vestra
2277 2102 2453 2174 [edit.,
2492 2104 2706 2177 nostra]
2736 2114 2882 2161 certe
2917 2105 3175 2162 felicitate
3204 2123 3235 2161 a
3280 2106 3514 2163 Domino

1913 2191 2219 2263 imploretis
2245 2204 2299 2249 et
2329 2194 2408 2250 sic
2434 2193 2572 2250 forte
2613 2197 2731 2250 haec
2754 2197 3110 2267 reprehensio
3146 2197 3240 2253 fiet
3280 2197 3358 2251 illi
3386 2207 3514 2252 ante

1914 2283 2349 2339 misericordiam
2379 2285 2584 2353 judicis
2612 2287 2845 2342 venialis
2866 2288 3145 2361 remissio.

1984 2373 2072 2429 58.
2116 2373 2247 2429 Erat
2273 2391 2494 2446 quoque
2525 2377 2581 2430 in
2608 2377 3253 2448 nostra'cougregatione
3283 2376 3367 2432 vir
3392 2379 3514 2434 vitze

1911 2466 2261 2531 venerabilis,
2304 2483 2369 2522 ac
2419 2469 2474 2521 in
2522 2468 2670 2522 omni
2722 2469 3002 2524 canonicm
3031 2470 3231 2541 regul:e
3256 2471 3513 2527 observa-

1914 2558 2061 2612 tione
2084 2558 2210 2627 jure
2241 2560 2547 2625 laudabilis,
2594 2561 2813 2615 nomine
2857 2559 3065 2628 Tadilo,
3115 2563 3181 2617 de
3213 2578 3323 2632 quo
3346 2561 3510 2617 etiam

1913 2666 2078 2719 supra
2112 2667 2284 2721 pauca
2312 2654 2495 2719 retuli,
2544 2654 2721 2722 primo
2773 2653 2876 2708 sub
2919 2654 3142 2709 domino
3181 2654 3512 2710 Bermvardo

1913 2756 2013 2810 pro
2041 2741 2164 2797 fidei
2193 2753 2247 2797 ct
2276 2744 2561 2801 industriae
2588 2745 2947 2815 praerogativa
2976 2745 3371 2814 vicedominus,
3416 2747 3512 2805 scd

1914 2833 1982 2886 ab
2010 2833 2114 2889 hoc
2143 2834 2301 2889 beato
2328 2836 2581 2905 pontilice
2606 2852 2704 2907 pro
2736 2837 2968 2892 utilitate
2990 2837 3250 2894 Ecclesia:
3269 2838 3512 2896 deeanize

1914 2937 1980 2977 ac
2014 2925 2254 2980 scholari
2290 2927 2609 2998 magisterio
2636 2929 3015 2999 przestitutus;
3051 2939 3105 2986 et
3149 2930 3279 3002 quia
3324 2931 3375 2986 ei
3412 2948 3513 3002 pro

1914 3013 2195 3085 religionis
2248 3025 2303 3071 et
2348 3018 2631 3075 charitatis
2680 3019 2848 3092 [Bol.,
2902 3020 3119 3090 pictatis
3141 3022 3513 3095 ctcastilatis]

1914 3108 2110 3162 merito
2140 3109 2305 3164 corde
2348 3118 2506 3166 tenus
2548 3112 2898 3182 complacuit,
2939 3130 3064 3171 cum
3096 3115 3199 3170 sibi
3234 3116 3289 3169 in
3314 3131 3512 3171 conse-

1913 3199 2172 3253 cretalem
2202 3208 2257 3254 et
2287 3209 2642 3272 symmystam
2674 3202 2727 3255 in
2752 3201 2847 3257 Dei
2875 3203 3168 3258 servitniue
3212 3204 3508 3274 adoptavit.

1913 3289 2045 3345 Erat
2074 3292 2243 3357 enim,
2279 3300 2389 3346 tota
2441 3292 2682 3348 Ecclesia
2738 3309 2862 3364 quae
2906 3311 3035 3349 cum
3063 3304 3310 3362 noverat,
3351 3306 3510 3363 teste,

1912 3383 2238 3452 grandtevus
2295 3391 2351 3437 et
2408 3384 2703 3451 emeritus,
2760 3385 3069 3441 humilitate
3125 3395 3180 3441 et
3224 3386 3513 3442 dilectione

1912 3476 2228 3543 pratclarus,
2261 3474 2317 3529 in
2348 3475 2602 3545 regendis
2624 3491 2753 3530 vero
2781 3492 2845 3533 ac
2868 3477 3283 3534 commonendis
3324 3477 3509 3532 fratri-

1912 3567 2014 3622 bus
2054 3567 2231 3621 media
2279 3566 2542 3622 eharitate
2583 3582 2829 3635 severus,
2878 3577 2932 3623 et
2974 3569 3030 3623 in
3088 3578 3200 3624 toto
3248 3570 3510 3623 virtutum

1911 3656 2172 3713 exercitio
2202 3674 2389 3713 coram
2422 3657 2533 3713 Deo
2559 3659 2846 3716 sollicitus.
2879 3658 3014 3715 Nam
3048 3661 3101 3715 in
3137 3660 3511 3716 admonitione

1911 3766 2008 3804 sua
2069 3750 2163 3804 illo
2220 3750 2517 3806 ridiculoso
2573 3751 2865 3821 proverbio
2939 3752 3139 3821 sazpius
3208 3753 3505 3809 utebatur:

1917 3860 1935 3892 σ
1982 3839 2236 3913 Diligant,
2279 3842 2473 3912 inquit,
2525 3842 2798 3909 homines,
2834 3844 3051 3899 oderint
3084 3844 3234 3899 vitia.
3301 3865 3318 3897 ι
3371 3843 3509 3901 lluic

1910 3932 2103 3989 beatus
2138 3934 2381 4003 pontifex
2428 3944 2553 3988 ante
2599 3936 2809 4006 aliquot
2838 3951 3014 3990 annos
3043 3936 3155 4006 (58)
3187 3937 3408 4005 szepius,
3451 3948 3510 3992 ut

1910 4026 2069 4081 nobis
2104 4027 2409 4093 videbatur,
2428 4027 2667 4098 jocando
2710 4028 2960 4098 praedixit
3003 4029 3149 4098 quod
3198 4038 3292 4083 aut
3320 4044 3506 4085 secum

1910 4126 2004 4173 aut
2032 4119 2195 4190 paulo
2240 4129 2366 4174 ante
2412 4136 2472 4176 se
2519 4136 2586 4175 ex
2635 4120 2736 4176 hac
2781 4121 2890 4175 vita
2946 4130 3091 4176 esset
3118 4120 3505 4191 cmigraturus.

1907 4206 2217 4266 Novissime
2272 4226 2402 4266 vero
2450 4211 2501 4267 ei
2551 4211 2608 4265 in
2656 4211 2949 4281 postremis
3000 4212 3366 4277 decumbenti,
3412 4228 3510 4283 per

1908 4303 2228 4371 praedictum
2261 4303 2514 4359 abbatem
2564 4313 2817 4373 nepotem
2872 4320 3056 4372 suum,
3090 4319 3251 4374 quem
3283 4303 3349 4358 ad
3381 4319 3505 4359 eum

1908 4392 2237 4449 visitationis
2262 4394 2458 4465 gratia,
2483 4411 2582 4450 sua
2618 4396 2736 4450 vice
2777 4395 2996 4464 direxit,
3041 4397 3187 4451 serio
3230 4395 3510 4451 mandavit

215 4479 437 4534 cunctis
486 4480 887 4536 admirantibus
942 4482 1143 4552 pariter
1200 4498 1264 4537 ac
1339 4482 1666 4552 paventibus
1716 4482 1803 4539 di-
1836 4486 2055 4571 unod
2105 4502 2319 4540 sacram
2372 4485 2473 4540 olei
2522 4487 2837 4542 unctionem
2891 4503 3018 4542 vere
3067 4487 3401 4557 pmuitcndo,
3454 4497 3510 4544 et

217 4571 391 4626 misit.
1352 4614 1361 4623 -

285 4662 379 4717 37.
429 4661 555 4719 Illos
621 4675 802 4720 tamen
869 4665 1071 4735 pariter
1134 4665 1209 4720 ibi
1243 4666 1527 4721 charitatis
1601 4666 1812 4722 exhibi-

216 4756 427 4811 tionem
474 4757 773 4828 suscipere,
817 4768 871 4813 et
930 4757 1011 4813 sic
1049 4756 1105 4812 in
1144 4774 1278 4828 pare
1341 4758 1623 4814 discedere
1668 4775 1807 4830 prae-

220 4844 383 4915 cepit.
437 4843 581 4900 Inter
627 4861 767 4916 quos
808 4844 1144 4902 Hildevvinus
1192 4846 1350 4902 laetus
1407 4856 1462 4903 et
1503 4848 1716 4914 hilaris,
1752 4856 1806 4902 et

219 4935 381 5004 quasi
424 4935 492 4991 de
523 4935 754 4992 victoria
807 4952 903 4992 sua
973 4939 1298 5005 exsultans,
1370 4939 1438 4994 ad
1513 4940 1802 5010 prandium

218 5027 486 5094 consedit,
538 5036 594 5084 et
647 5029 773 5084 inde
831 5028 1123 5085 incolumis
1158 5030 1340 5085 rediit.
1384 5030 1468 5086 Ad
1513 5049 1799 5103 vesperum

219 5130 349 5171 vero
401 5131 528 5172 cum
576 5118 695 5173 suis
738 5117 888 5174 domi
945 5119 1194 5174 consedit
1240 5118 1520 5190 jucundus
1558 5129 1613 5176 et
1666 5137 1800 5192 epu-

218 5205 360 5274 lans,
403 5215 459 5264 et
511 5208 569 5263 in
608 5225 703 5265 eos
740 5224 874 5265 sane
913 5225 944 5264 a
991 5210 1192 5280 quibus
1238 5226 1299 5266 se
1326 5212 1517 5267 lassum
1558 5214 1794 5283 dolebat,

219 5297 468 5353 convicia
520 5307 577 5354 et
609 5299 788 5354 minas
838 5299 1142 5367 intentans,
1198 5301 1279 5357 sic
1329 5302 1533 5358 lectum
1594 5305 1793 5374 petiit,

217 5398 275 5444 et
327 5405 538 5461 sospes,
575 5399 635 5446 ut
691 5392 796 5447 sibi
825 5392 1130 5460 videbatur,
1183 5393 1421 5464 quievit.
1455 5394 1612 5451 Mane
1649 5397 1794 5451 dilu-

217 5478 343 5535 culo
381 5481 450 5535 ad
491 5481 885 5551 providendum
953 5498 1115 5539 suum
1200 5484 1566 5541 ministerium
1621 5487 1797 5543 itm-us

440 5611 602 5697 Editio,
640 5631 868 5700 nienses;
888 5614 1059 5700 Paulo
1088 5615 1244 5700 aliter
1272 5617 1442 5673 codex
1477 5617 1760 5700 Bamberg.
1784 5639 1797 5673 :

217 5679 509 5759 Pontifex,
541 5685 680 5738 sicut
728 5702 793 5740 ea:
828 5684 1034 5759 Spiritu
1075 5697 1257 5759 sancto
1286 5698 1614 5759 cognoverat,
1663 5679 1804 5743 dicm

215 5754 390 5808 exitus
427 5755 509 5809 sui
547 5772 682 5826 sape
707 5754 1050 5826 pradixerat,
1097 5756 1295 5813 scilicet
1344 5754 1482 5829 quod
1530 5760 1639 5829 ipse
1684 5768 1804 5814 ante

1914 4576 2209 4631 commissa
2237 4590 2334 4630 sua
2362 4576 2692 4644 confitendo,
2742 4578 2900 4646 plena
2949 4577 3054 4632 ﬁde
3085 4578 3404 4647 susciperet,
3453 4588 3510 4633 ct

1914 4666 2161 4736 corporis
2197 4666 2591 4736 sanguinisque
2639 4666 2843 4722 Christi
2877 4678 3221 4724 sacramento
3259 4669 3507 4725 munitus

1908 4753 2215 4827 intrepidus
2263 4757 2653 4829 prannigraret,
2696 4759 3021 4828 promittens
3048 4759 3099 4815 ei
3141 4761 3409 4816 veraciter
3446 4777 3506 4817 sc

1910 4850 2259 4920 superstitem
2307 4865 2406 4919 pro
2457 4849 2577 4920 ejus
2616 4851 2813 4906 animae
2851 4852 3094 4907 remedio
3126 4850 3221 4907 Dei
3268 4853 3501 4925 gratiam

1908 4939 2278 4997 indesinenter
2297 4942 2734 5010 obsecraturum,
2758 4952 2812 4999 et
2837 4960 2963 5000 eum
2992 4943 3046 4998 in
3078 4944 3328 5014 proximo
3359 4961 3505 5002 anno

1907 5033 1965 5088 in
2014 5050 2146 5105 pace
2187 5033 2391 5089 Christi
2433 5033 2875 5092 subsecuturum.
2918 5036 3022 5102 Qui
3060 5036 3229 5092 abbas
3249 5036 3503 5094 eumdem

1905 5126 2165 5182 dilectum
2212 5134 2268 5183 et
2305 5125 2430 5196 jure
2473 5143 2690 5198 semper
2718 5128 3134 5184 memorandum
3178 5130 3502 5201 magistrum

1906 5227 2154 5274 nostrum
2196 5234 2323 5274 cum
2366 5220 2674 5275 astantibus
2706 5219 2968 5277 fratribus
2990 5235 3149 5276 sacro
3199 5221 3321 5276 oleo
3373 5237 3500 5291 per-

1906 5311 2082 5377 unxit,
2114 5310 2273 5382 eique
2294 5326 2358 5365 ex
2382 5319 2649 5381 potestate
2672 5321 2726 5368 et
2742 5313 2993 5383 jussione
3020 5313 3260 5384 episcopi
3286 5313 3501 5383 plenam

1902 5403 2284 5459 remissionem
2305 5403 2547 5471 indulsit,
2578 5404 2675 5474 qui
2698 5414 2824 5475 post
2844 5405 3070 5461 biduum
3107 5420 3234 5460 vere
3265 5405 3396 5461 felix
3431 5405 3502 5461 ad

1900 5494 2188 5550 Christum
2217 5490 2500 5566 migravit;
2538 5496 2699 5567 cujus
2728 5506 2908 5553 tamen
2944 5498 3128 5554 obitus
3154 5498 3256 5554 nos
3303 5497 3503 5553 acriter

1909 5633 2105 5671 mutum
2139 5627 2190 5671 et
2236 5635 2329 5673 sea:
2371 5636 2568 5675 menses
2601 5624 2886 5677 transitum
2927 5623 3065 5679 beati
3110 5598 3297 5680 f’atris
3331 5623 3500 5679 nostri

1911 5688 2211 5742 (Iade/tardi
2231 5699 2365 5745 esset
2384 5707 2757 5760 prmcessurus.
