4056 5360
489 251 623 306 H91

1381 251 1438 305 S.
1477 248 1878 306 GODEIIARDI
1909 245 2220 303 EPISCOPI
2258 205 2880 300 HILDESHEIMENSIS

3659 251 3790 307 ΗΒ

481 365 846 432 contristavit,
889 365 1039 438 quia
1097 367 1574 438 congregationem
1631 373 1877 419 nostram
1933 363 2079 437 [imo
2111 371 2156 428 Α
2255 361 2344 416 40.
2387 359 2516 416 Post
2547 361 2710 417 Albas
2747 361 2858 433 (63)
2886 362 3068 432 itaque
3093 363 3304 419 anobis
3325 363 3634 436 digressus,
3664 381 3790 420 cum

481 463 656 510 totam
686 463 933 512 nostram
961 455 1290 528 Ecclesiaml
1333 455 1469 511 tanti
1523 455 1624 509 viri
1673 455 1979 524 patrocinio
2032 464 2086 510 et

482 547 720 604 concilio
768 547 1196 620 magisterioque
1237 547 1489 618 privavit.
1546 545 1747 602 Verum
1801 555 1979 611 certe,
2031 555 2086 602 et

481 639 631 695 clero
665 647 720 694 et
763 639 967 710 populo
995 649 1154 704 teste,
1196 639 1434 695 dicimus
1468 639 1598 709 quia
1624 655 1909 710 nunquam
1963 639 2084 708 ejus

480 731 697 786 ordinis
746 732 925 786 virum
983 731 1038 786 in
1095 731 1244 786 omni
1292 730 1662 786 ecclesiastica
1703 729 2086 800 probabilitate

483 823 856 899 honestiorem
879 823 962 879 vel
988 823 1248 889 vidimus,
1277 824 1363 879 vel
1389 823 1717 879 videbimus.
1751 823 1922 894 Cujus
1939 832 2085 879 certe

483 915 808 970 memoriam
829 915 954 986 jure
974 930 1076 971 nos
1115 916 1280 970 corde
1311 923 1472 996 tenus
1518 915 1752 971 retinere
1799 916 2080 982 debemus,

482 1021 650 1077 quem
675 1021 801 1062 vere
821 1013 948 1062 ante
965 1015 1321 1078 conspectum
1359 1017 1676 1064 sanctorum
1704 1009 1881 1064 nostri
1901 1025 2085 1064 recor-

483 1097 604 1154 dari
653 1113 766 1154 non
817 1097 1152 1155 dubitamus.
1216 1098 1308 1156 Sic
1357 1115 1490 1171 ergo
1547 1100 1889 1172 prophetiam
1939 1101 2081 1156 beati

483 1187 734 1258 prmsulis
782 1187 991 1259 liquido
1034 1187 1179 1244 Deus
1213 1189 1476 1259 implevit,
1503 1190 1598 1261 qui
1647 1207 1772 1246 eum
1817 1199 1940 1262 post
1969 1192 2082 1263 (59)

484 1292 690 1332 annum
715 1285 770 1333 et
790 1286 902 1334 tres
925 1285 1142 1333 tantum
1196 1295 1415 1335 menses
1437 1295 1506 1336 ex
1555 1281 1658 1336 hac
1705 1281 1815 1336 vita
1854 1279 2084 1362 feliciter

483 1369 706 1425 exemit.

555 1462 643 1517 59.
684 1459 808 1517 Jam
840 1464 1020 1518 autem
1066 1463 1210 1518 beati
1244 1463 1426 1519 Patris
1452 1461 1762 1520 Cozlehardi
1791 1466 2082 1536 appropin-

481 1563 686 1626 quante
719 1555 1066 1611 manifestius
1091 1557 1215 1623 (ine,
1271 1573 1486 1628 semper
1533 1573 1762 1628 operum
1812 1559 2082 1613 bonorum

482 1642 790 1717 augmentis
813 1646 880 1702 de
909 1647 1112 1702 virtute
1141 1647 1196 1702 in
1245 1648 1502 1704 virtutem
1543 1651 1855 1717 anhelabat,
1901 1660 1962 1705 ut
2001 1651 2084 1706 vi-

481 1739 612 1794 dere
649 1747 952 1794 mereretur
974 1739 1146 1795 Deum
1191 1741 1419 1796 deorum
1468 1743 1524 1796 in
1547 1740 1700 1811 Sion,
1748 1753 1802 1798 et
1825 1743 1942 1814 jam
1973 1758 2085 1800 ces-
2117 1711 2158 1770 Β

483 1835 640 1882 sante
667 1828 923 1898 practicae
953 1829 1150 1899 plurali
1175 1829 1372 1896 cilicio,
1400 1831 1453 1884 in
1479 1830 1596 1885 solo
1619 1847 1678 1886 se
1714 1831 2087 1887 indesinenter

481 1920 710 1975 theoriae
764 1919 932 1975 allixit
980 1922 1262 1988 exercitio,
1317 1923 1420 1978 tria
1473 1934 1685 1980 tantum
1735 1925 1802 1980 de
1849 1928 2087 1997 generali

483 2012 794 2082 specialiter
842 2013 1109 2077 eximcns,
1162 2015 1504 2084 psalterium,
1557 2010 1980 2088 elcemosynam,
2034 2027 2086 2071 et

481 2118 595 2174 pra:
641 2103 898 2159 omnibus
929 2102 1137 2176 jugiter
1177 2105 1284 2160 sibi
1319 2106 1526 2160 sociam
1568 2115 1622 2160 et
1653 2106 1888 2162 amicam
1918 2107 2088 2162 absti—

484 2195 750 2262 nentiam,
791 2195 928 2250 adeo
971 2205 1034 2250 ut
1060 2197 1104 2252 si
1133 2213 1254 2252 rare
1283 2196 1548 2253 festiviori
1599 2207 1842 2270 tempore
1887 2214 2085 2270 cogen-

482 2286 630 2342 tibus
677 2303 776 2357 per
820 2288 1190 2344 obedientiam
1250 2289 1533 2353 fratribus,
1584 2291 1790 2362 aliquid
1839 2291 2088 2347 lautioris

482 2378 592 2434 cibi
611 2381 696 2434 vel
734 2378 980 2435 fortioris
1004 2391 1168 2452 potus
1193 2391 1389 2438 contra
1420 2399 1631 2438 morem
1657 2383 1928 2438 stmnachi
1960 2399 2087 2455 per-

483 2471 646 2542 cepit,
676 2473 942 2529 molestia:
966 2473 1142 2545 magis
1174 2474 1394 2545 corpori
1422 2490 1590 2544 quam
1638 2473 1925 2532 refectioni
1971 2474 2090 2530 fuc-

481 2563 574 2618 rit.
633 2561 702 2618 Et
745 2573 879 2622 tunc
945 2581 1266 2636 supremum
1321 2567 1606 2637 praesentis
1663 2567 1790 2622 vitae
1843 2565 2088 2622 Natalem

483 2653 711 2722 Christi,
735 2671 883 2710 anno
905 2657 1113 2712 scilicet
1153 2657 1264 2729 (60)
1305 2659 1460 2722 1056,
1492 2659 1822 2728 imperatore
1865 2657 2090 2714 Goslarc

485 2745 726 2811 sedente,
773 2746 888 2816 ipse
941 2746 1241 2803 lloltlmscn
1290 2749 1467 2803 votive
1517 2750 1829 2815 celebravit,
1876 2751 2092 2806 solvens

485 2845 655 2903 certe,
713 2841 1015 2894 secundum
1076 2838 1453 2912 Evangelium,
1509 2857 1631 2912 qua:
1684 2851 1812 2898 sunt
1858 2835 2091 2899 Caesaris

483 2927 690 2986 Caesari
717 2971 756 3010 ,.
781 2939 836 2985 et
876 2947 999 3002 qua:
1053 2930 1144 2985 Dei
1192 2931 1344 3000 Deo;
1373 2943 1545 2988 semet
1587 2933 1788 3005 quippe
1832 2935 2090 3006 pracdicto

489 3038 642 3077 more
661 3023 886 3078 Christo
935 3024 1220 3094 spirituale
1265 3023 1597 3082 sacriﬁcium
1648 3026 1962 3093 immolans,
1993 3029 2088 3083 sed

481 3123 540 3171 et
559 3115 674 3172 suis
722 3115 1080 3172 nihilominus
1101 3117 1248 3173 clero
1271 3133 1402 3174 sane
1428 3127 1482 3173 et
1509 3119 1710 3189 p0pulo
1731 3119 1788 3174 in
1814 3118 2014 3176 divinis
2036 3128 2090 3175 et

483 3207 744 3264 humanis
774 3223 874 3279 pro
904 3208 1015 3264 ritu
1043 3218 1097 3265 et
1117 3209 1282 3266 etiam
1310 3209 1665 3282 debitojuxta
1693 3211 1836 3268 vires
1860 3228 2093 3284 congra-

485 3302 688 3368 tulans,
715 3301 1122 3359 sacratissimos
1161 3315 1343 3359 autem
1384 3303 1502 3360 dies
1544 3301 2008 3376 Quadragcsimm,
2037 3316 2092 3362 et

487 3405 548 3450 ut
569 3394 685 3464 ipse
706 3395 1270 3465 srepiusjucundando
1287 3395 1658 3468 proclamabat
1677 3397 2088 3465 saluberrimos,

487 3501 706 3542 summo
732 3485 914 3542 cordis
935 3502 1000 3542 ac
1030 3487 1229 3543 mentis
1253 3487 1449 3542 atl’ectu
1483 3487 1675 3544 hilaris
1715 3489 2088 3560 exspectabat,

481 3595 629 3648 quos
674 3578 1034 3649 corporaliter
1089 3581 1249 3650 quasi
1309 3590 1465 3636 extra
1515 3596 1715 3652 corpus
1771 3581 2092 3638 mirabiliter

483 3669 782 3737 transiens,
811 3670 900 3725 vix
931 3671 1331 3728 coluerentibus
1356 3672 1556 3739 nervis,
1585 3675 1652 3729 ad
1678 3685 2089 3731 sacrosanctum

485 3759 697 3818 Pascha
760 3772 1100 3833 pervenerat.
1165 3763 1422 3819 Attamen
1477 3764 1818 3822 Dominicam
1871 3765 2090 3824 Palma-

490 3871 614 3910 rum
650 3853 786 3927 (61),
816 3853 1156 3926 Ctenamque
1191 3853 1430 3924 Domini,
1473 3865 1528 3912 et
1577 3855 1778 3914 festum
1817 3857 2086 3915 Rcsurre—

483 3945 690 4002 ctionis
723 3945 928 4001 Christi
963 3945 1148 4001 debito
1167 3945 1478 4017 episcopali.
1501 3946 1706 4015 ollicio,
1760 3949 1903 4004 ultra
1948 3949 2092 4006 vires

484 4037 718 4094 collecto
750 4039 968 4106 robore,
1015 4038 1262 4110 peregit;
1314 4038 1502 4113 sicque
1522 4039 1746 4096 Pascha!
1784 4039 1951 4097 ferias
1997 4057 2092 4112 per

491 4127 912 4199 circumpositas
964 4128 1231 4184 stationes
1280 4129 1436 4199 juxta
1505 4129 1721 4185 solitam
1775 4131 2090 4204 religionem

487 4218 838 4279 admonendo
869 4218 1054 4276 ﬁdeles
1085 4219 1344 4286 visitavit,
1387 4220 1443 4274 in
1477 4221 1677 4292 quibus
1709 4223 1873 4277 etiam
1899 4223 2091 4278 diebus

490 4310 694 4380 sapius
731 4309 944 4380 publice
973 4309 1316 4366 denuntiavit
1347 4327 1406 4367 se
1436 4313 1598 4368 modo
1621 4329 1747 4369 cum
1772 4314 1878 4370 illis
1899 4316 2090 4372 ultima

2187 469 2288 509 suo
2315 454 2571 524 praedicto
2613 463 2806 524 nepote
2853 452 3176 510 Radmundo
3229 455 3442 522 abbate,
3507 457 3792 513 Adeustad

2187 543 2310 616 [al.,
2343 543 2560 617 Eistat],
2608 559 2718 614 quo
2743 545 3037 616 incoeptam
3073 545 3188 617 jam
3237 547 3450 603 noviter
3498 547 3793 604 ecclesiam

2187 651 2571 693 consummare
2635 637 2917 703 studebat,
2989 638 3241 704 devenit,
3307 654 3411 694 nec
3481 637 3793 696 inﬁrmitati

2185 727 2392 784 diutius
2422 729 2678 784 reluctari
2734 729 2938 795 valens,
2976 729 3260 786 deﬁciente
3300 747 3466 786 carne
3506 732 3788 788 decubuit.

2187 821 2307 888 Quo
2332 820 2496 876 ﬂebiii
2530 837 2752 878 rumore
2787 830 3090 892 comperto,
3141 823 3438 894 praedictus
3473 822 3796 880 Rathmun-

2186 913 2290 970 dus
2343 913 2456 986 (64)
2511 913 2710 981 abbas,
2749 914 2834 970 vir
2871 923 3019 970 certe
3071 915 3235 972 corde
3272 924 3326 971 et
3369 917 3562 971 animo
3598 915 3798 972 divina

2187 1004 2434 1060 servituti
2456 1006 2818 1076 mancipatus,
2843 1015 2898 1060 et
2913 1006 3238 1077 prtepositus
3256 1017 3441 1063 noster
3461 1023 3528 1063 ac
3549 1001 3798 1064 decanus

2186 1112 2310 1150 cum
2337 1097 2612 1167 prioribus
2642 1098 2710 1153 ad
2745 1114 2873 1153 eum
2919 1097 3253 1154 visitationis
3294 1098 3469 1170 gratia
3517 1113 3799 1155 convene-

2186 1199 2336 1254 runt,
2360 1204 2522 1258 quem
2557 1198 2738 1243 tamen
2773 1187 3120 1244 dissimulato
3153 1190 3416 1260 languore
3443 1190 3612 1246 solito
3640 1205 3800 1246 more

2185 1279 2557 1336 ecclesiastico
2605 1281 2779 1337 labori
2810 1281 3163 1348 assidentem,
3201 1282 3800 1354 circumstantiumque

2187 1372 2442 1428 inanibus
2471 1381 2838 1429 sustentatum
2864 1375 3208 1429 invenerunt.
3253 1373 3402 1443 Quos
3435 1375 3800 1432 advenientes

2186 1448 2302 1519 sola
2351 1466 2639 1522 charitatis
2689 1466 2968 1522 hilaritate
3013 1467 3175 1522 lactus
3221 1466 3484 1538 suscepit,
3545 1475 3602 1523 et
3629 1471 3800 1538 quasi

2185 1555 2350 1612 oblita
2375 1558 2648 1624 molestia,
2675 1559 2940 1615 adventus
2983 1573 3174 1614 eorum
3203 1574 3428 1614 causam
3461 1558 3801 1614 admirando

2185 1648 2530 1718 perquirens,
2589 1649 2861 1718 reportari
2917 1664 2978 1705 se
3031 1648 3100 1704 ad
3146 1649 3457 1705 cubiculum
3507 1651 3797 1720 praeceﬁg

2187 1738 2264 1793 lbi
2290 1740 2529 1794 adunato
2551 1738 2840 1814 [admisso]
2867 1741 3175 1810 specialiter
3199 1741 3365 1807 clero,
3397 1740 3579 1810 primo
3600 1739 3802 1810 singu-

2185 1829 2270 1886 los
2293 1847 2542 1902 quosque
2565 1831 2632 1886 de
2653 1847 2768 1887 sua:
2795 1831 3116 1887 obcdientia:
3139 1831 3522 1901 procuratione
3562 1830 3804 1886 solerter

2185 1921 2533 1987 admonebat,
2567 1937 2630 1976 ac
2665 1923 2920 1992 deinceps
2951 1937 3141 1977 omnes
3165 1921 3489 1992 generaliter
3512 1921 3581 1976 de
3619 1937 3804 1976 sacra:

2187 2013 2310 2068 ﬁdei
2336 2023 2391 2068 et
2412 2015 2688 2085 religionis
2729 2015 3111 2069 observatione
3141 2023 3252 2068 tam
3295 2013 3590 2068 salubriter
3624 2029 3802 2082 quam

2186 2114 2242 2160 et
2272 2105 2588 2161 terribiliter
2622 2105 2964 2160 obsecrando
3007 2105 3171 2161 simul
3215 2116 3268 2160 et
3307 2105 3590 2176 arguendo
3617 2103 3804 2162 infor-

2189 2196 2392 2250 mabat.
2428 2195 2634 2251 Deinde
2679 2211 2738 2252 se
2781 2195 3124 2251 orationibus
3156 2211 3347 2252 eorum
3373 2205 3567 2250 contra
3603 2197 3800 2251 caKidi

2191 2287 2478 2342 tentatoris
2509 2287 2737 2344 insidias
2771 2297 2826 2343 et
2866 2286 3086 2344 fraudes
3121 2287 3418 2354 commisit,
3446 2287 3644 2358 eisque
3696 2290 3803 2344 ob-

2191 2376 2302 2434 itus
2335 2379 2419 2434 sui
2469 2379 2611 2434 diem
2655 2387 2710 2433 et
2755 2387 2990 2449 tempus,
3042 2378 3358 2449 funerisque
3382 2380 3804 2450 exsequiarum,

2190 2480 2242 2526 et
2263 2472 2426 2526 etiam
2456 2471 2754 2542 sepulturae
2779 2471 3050 2538 ordinem,
3084 2481 3143 2526 ut
3181 2481 3369 2542 postea
3399 2471 3608 2540 evenit,
3637 2481 3804 2544 quasi

2191 2562 2438 2618 aliudcns
2467 2562 2676 2632 liquido
2698 2562 2965 2632 praedixit.
2999 2582 3016 2613 ε
3055 2562 3148 2627 lte,
3193 2563 3393 2636 inquit,
3419 2572 3474 2618 et
3513 2565 3583 2620 ad
3615 2580 3804 2635 super-

2191 2663 2476 2710 venturam
2517 2653 2815 2709 Dominicae
2835 2653 3192 2710 Ascensionis
3225 2655 3467 2709 lmtitiam
3511 2671 3614 2712 vos
3654 2658 3809 2726 quis-

2191 2763 2317 2818 que,
2343 2760 2442 2817 pro
2475 2763 2590 2802 sua:
2617 2745 2941 2802 obedientiae
2962 2743 3242 2817 qualitate,
3269 2755 3324 2802 et
3351 2747 3517 2802 etiam
3549 2763 3657 2820 pro
3691 2749 3807 2820 spio

2191 2838 2408 2894 ritualls
2436 2838 2810 2910 praerogativa:
2841 2839 3144 2910 quantitate
3168 2849 3492 2910 praeparate,
3531 2850 3592 2896 et
3616 2857 3804 2897 meum

2193 2930 2484 2985 adv-ratum
2522 2929 2650 2994 beti,
2682 2937 2738 2984 et
2758 2930 2918 3000 quasi
2953 2945 3078 2984 vere
3101 2946 3314 2986 mecum
3337 2931 3432 2986 bic
3454 2932 3591 2986 etin
3613 2929 3806 2989 futuro

2193 3021 2619 3092 congratulatum
2641 3031 2968 3091 exspectate.
2995 3021 3130 3077 Nam
3158 3023 3210 3076 in
3234 3021 3420 3093 vigilia
3441 3024 3803 3088 Ascensionig

2193 3113 2250 3168 in
2278 3125 2518 3170 montem
2549 3113 2616 3170 ad
2651 3121 2899 3168 sanctum
2933 3129 3114 3169 meum
3147 3123 3442 3184 patronum
3467 3113 3800 3176 Mam-icium

2192 3204 2504 3270 adveniam,
2555 3213 2610 3260 et
2637 3205 2710 3260 ibi
2743 3213 2956 3260 noctem
2993 3204 3249 3274 diemque
3291 3197 3543 3262 sanctam
3594 3223 3799 3279 agam:

2193 3296 2443 3351 abbatem
2464 3301 2648 3350 tamen
2691 3295 2866 3362 vobis,
2911 3294 3008 3366 qui
3046 3295 3164 3350 vice
3189 3310 3311 3350 mea
3342 3298 3722 3366 processionis
3747 3309 3803 3353 et

2193 3385 2487 3439 missarum
2523 3383 2782 3439 solemnia
2837 3395 3061 3456 peragat
3091 3384 3344 3451 mittam;
3395 3405 3415 3438 ι
3458 3395 3516 3442 et
3556 3388 3643 3444 sic
3685 3389 3798 3444 ele-

2187 3471 2333 3528 vatis
2362 3472 2537 3526 oculis
2562 3473 2833 3544 altiusque
2865 3473 3171 3544 suspirans,
3216 3475 3376 3544 quasi
3429 3483 3616 3532 tamen
3655 3479 3796 3538 arri-

2192 3563 2363 3620 dens:
2413 3583 2432 3616 ‹
2478 3561 2683 3631 Nocte,
2737 3563 2956 3634 inquit,
3005 3565 3092 3619 illa
3149 3573 3208 3618 ut
3259 3563 3516 3623 Christus
3564 3569 3798 3626 voluerit

2195 3663 2432 3724 peracta,
2460 3654 2512 3709 in
2548 3653 2681 3711 feria
2709 3663 2862 3711 sexta
2887 3657 3129 3712 diluculo
3163 3656 3231 3712 ad
3271 3667 3530 3714 sanctum
3557 3659 3796 3716 Michae-

2204 3746 2309 3800 lcm
2331 3747 2570 3813 veniam,
2610 3764 2733 3804 cum
2757 3748 2953 3804 abbate
2995 3760 3048 3804 et
3070 3750 3329 3808 fratribus
3350 3762 3789 3823 pernoctaturns,

2194 3837 2319 3894 inde
2343 3837 2582 3896 Sabbato
2611 3842 2676 3896 ad
2701 3852 2950 3898 sanetum
2981 3842 3251 3899 Andream
3277 3854 3559 3914 oraturus,
3590 3855 3649 3902 et
3673 3848 3792 3902 inde

2192 3947 2292 3989 vos
2329 3934 2543 4000 adeam,
2599 3935 2884 3990 vobiscum
2926 3937 3142 4006 penitus
3177 3953 3600 4007 permansuros.
3643 3938 3788 3994 Diem

2191 4040 2323 4080 vero
2385 4023 2723 4082 Dominicam
2783 4029 3096 4084 convocatis
3162 4028 3424 4085 fratribus
3481 4039 3540 4097 et
3603 4033 3791 4088 amicis

2193 4115 2513 4172 solemniter
2565 4115 2925 4185 celebremus,
2972 4128 3027 4174 et
3081 4119 3152 4173 ita
3209 4120 3380 4176 totius
3436 4120 3566 4182 [esti
3623 4123 3792 4184 nostri

2189 4207 2586 4278 iucunditatem
2617 4210 2836 4280 penitus
2861 4211 3236 4264 terminemus.
3279 4231 3296 4262 ι
3347 4211 3413 4265 Et
3435 4211 3558 4270 haec
3581 4213 3792 4277 dicens,

2195 4300 2624 4356 benedictionem
2657 4301 2836 4367 dedit;
2863 4302 3050 4372 sicque
3080 4321 3180 4358 nos
3212 4303 3478 4359 mirantes
3507 4306 3717 4375 pariter
3744 4314 3796 4360 et

486 4399 794 4471 corporalis
815 4400 1077 4456 consortii
1112 4399 1296 4456 laztitia
1337 4401 1650 4471 jucundari,
1687 4411 1741 4458 et
1783 4402 1836 4458 in
1883 4404 2092 4460 Ascen-
2123 4417 2166 4476 ι)
2195 4401 2475 4463 stupentes
2495 4393 2721 4450 dimisu-

488 4492 706 4549 sionem
761 4491 980 4547 Domini
1028 4491 1163 4560 (62),
1217 4506 1328 4564 quo
1361 4492 1502 4550 Dens
1542 4493 1790 4564 jusserit,
1843 4494 2082 4551 invitari.

492 4583 604 4644 Nos
633 4600 764 4642 vero
783 4584 899 4641 [nec
925 4586 1210 4642 audientes
1237 4588 1396 4658 quasi
1427 4588 1741 4655 derisimus,
1799 4591 1926 4661 quia
1959 4605 2084 4646 eum

485 4677 606 4754 jam
651 4677 978 4748 quantocius
1030 4677 1180 4752 ['edit.
1209 4721 1224 4744 ,
1273 4680 1608 4754 quantoties]
1642 4683 1709 4738 de
1749 4683 2088 4752 regressione

491 4771 732 4840 antiqua:
762 4786 876 4826 sum
896 4771 1106 4840 patriae,
1136 4771 1386 4832 videlicet
1419 4770 1706 4844 Bajoariae,
1731 4774 1890 4830 nobis
1923 4774 2086 4834 mini-

493 4871 701 4920 tantem
724 4859 1052 4922 audivimus.

533 4999 684 5120 Ἰ(εἰθ)
723 4997 1033 5071 Bamberg.,
1069 5001 1160 5070 qui
1193 5016 1313 5054 eum
1343 5009 1465 5054 ante
1496 5017 1550 5055 se
1577 5016 1714 5055 anno
1743 5009 1793 5054 et
1826 5017 1919 5056 sex
1949 5018 2092 5056 merv-

533 5085 666 5120 nus.

551 5085 666 5122 vus.

495 5086 545 5124 ω
574 5137 685 5198 (60)
725 5136 1102 5196 llensehenius
1145 5141 1390 5198 reposuit
1437 5157 1566 5196 ann.
1605 5141 1760 5196 1058.
1807 5141 2093 5196 Conradus

2262 4483 2352 4537 41.
2395 4481 2638 4538 Habebat
2693 4499 2910 4556 quoque
2943 4485 3131 4540 beatus
3157 4485 3314 4563 Pater
3351 4487 3405 4541 in
3447 4487 3668 4558 privato
3698 4506 3797 4546 suo

2195 4575 2764 4644 ministeriojuvenem
2786 4579 3074 4646 quemdam
3096 4578 3380 4646 illustrem,
3400 4579 3576 4634 tilium
3596 4580 3794 4646 vidum,

2194 4667 2434 4736 pictorire
2479 4669 2612 4724 artis
2657 4668 2928 4738 opiﬁcem,
2983 4669 3075 4739 qui
3127 4669 3255 4723 vilia
3301 4669 3423 4740 ejus
3468 4671 3796 4727 vestimenta

2196 4761 2670 4830 calcezuacmaqne
2720 4762 3001 4826 servabat,
3053 4761 3273 4816 nomine
3313 4760 3604 4818 Bunonem
3659 4765 3790 4836 (65),

2197 4853 2306 4917 cui,
2351 4852 2420 4907 ab
2457 4852 2614 4908 initio
2655 4852 2899 4923 ejusdem
2949 4853 3098 4919 anni,
3124 4853 3270 4926 quod
3321 4868 3509 4908 secum
3559 4855 3794 4924 patriam

2192 4987 2528 5042 Domim‘mm
2558 4985 2890 5052 Palmarum,
2923 4995 3028 5045 etc.

2265 5059 2376 5129 (ϐξ)
2412 5057 2720 5129 Baniberg.,
2769 5058 3023 5129 quoniam
3061 5064 3318 5129 oportere;
3356 5071 3473 5110 eum
3516 5055 3591 5110 at
3622 5055 3792 5109 alium

2191 5125 2365 5182 locum
2394 5129 2452 5180 in
2473 5125 2790 5180 Ascensione
2811 5125 3024 5180 Domini
3044 5125 3350 5198 proﬁciat,
