4018 6386
196 340 347 398 {193
1775 334 1783 359 ¹

1902 336 1953 389 Α.
3353 335 3489 392 1194

193 466 383 518 suam,
435 447 491 506 id
534 457 622 506 est
677 446 1008 521 Bajoariam,
1059 454 1413 519 perrecturus
1459 453 1607 504 esset
1658 461 1802 517 srcpe
1831 460 1874 511 Α
1906 446 2069 501 Pater
2116 444 2338 514 dilecte,
2384 445 2575 502 taudiu
2630 447 2741 501 vita
2790 455 2968 501 vestra
3018 446 3179 501 nobis
3216 454 3486 515 supersn,

194 543 478 617 praecepit.
514 539 674 608 Nam,
700 551 762 595 ut
781 539 1158 611 praediximus,
1182 539 1342 611 longe
1364 548 1490 595 ante
1515 540 1716 609 smpius
1746 554 1806 596 se
1906 538 2083 594 donec
2103 538 2208 593 hoc
2227 546 2445 608 tempus
2464 538 2693 592 venerit.
2716 558 2734 588 ι
2753 536 2845 591 ille
2862 552 2991 591 vero
3012 536 3224 591 fortiter
3247 537 3488 593 collecti-

195 637 437 696 oatriam
459 649 617 690 suam
641 633 1057 687 revisitaturum
1091 632 1239 687 serio
1260 631 1533 703 promisit,
1558 640 1614 685 et
1632 629 1805 700 pluri-
1892 629 2137 699 ‘viribus,
2180 630 2491 700 apertisque
2517 630 2715 695 oculis,
2746 638 2800 683 et
2827 629 3083 685 omnibus
3122 629 3217 684 diu
3255 628 3491 683 circum—

199 725 308 784 bus
339 727 610 797 cujusque
643 725 854 780 ordinis
899 739 960 780 se
1011 724 1277 780 ultroneis
1311 723 1688 787 offerentibus,
1740 737 1806 778 ac
1905 722 2127 791 spectis,
2171 723 2248 776 ait
2291 742 2304 776 ε
2338 740 2356 775 ‹
2389 721 2447 775 in
2473 730 2740 791 potestate
2761 722 2980 792 quidem
3016 720 3111 775 Dei
3154 722 3262 775 vita
3303 728 3489 775 nostra

196 820 408 892 pariter
430 833 561 874 cum
598 831 665 873 eo
682 815 973 887 proficisci
1023 815 1394 886 cupientibus,
1417 823 1598 885 grates
1636 815 1804 869 devo-
1904 814 2193 884 exitusque
2213 830 2340 870 vere
2361 815 2641 882 consistit;
2663 815 2716 868 in
2730 814 2956 869 veritate
2979 823 3181 879 tamen,
3201 828 3323 882 qua:
3346 811 3490 867 Deus

195 910 340 966 noni
360 926 551 967 eorum
571 909 776 975 retulit,
799 917 853 964 et
876 908 1053 965 solum
1078 917 1289 964 tantum
1313 908 1595 963 Bunonem
1617 922 1805 963 secum
1903 914 2009 973 est,
2072 907 2197 963 dico
2245 907 2404 962 vobis
2445 907 2573 978 quia
2606 907 2661 961 in
2704 905 2997 961 festivitate
3042 914 3245 965 sancta:
3284 902 3490 969 Mariae,

196 1004 414 1060 iturum
446 1003 741 1074 praeelegit.
782 1001 988 1057 Eodem
1022 1001 1223 1071 quippe
1243 1001 1330 1057 die
1353 1008 1480 1056 ante
1510 1000 1803 1055 adventum
1906 1000 1999 1055 ubi
2029 998 2174 1056 Deus
2222 1000 2475 1065 voluerit,
2509 1008 2659 1055 certe
2701 999 2867 1054 simul
2909 998 3136 1066 erimus,
3182 997 3493 1066 ibidemque

212 1097 372 1165 cieri,
399 1106 464 1153 ut
494 1096 820 1167 praedixerat
846 1094 982 1167 (66),
1016 1095 1147 1151 dum
1191 1109 1344 1149 more
1377 1109 1480 1149 suo
1509 1094 1564 1147 in
1607 1093 1807 1147 abditis
1902 1107 2092 1147 coram
2114 1094 2295 1147 veraci
2334 1092 2649 1149 testimonio
2679 1101 2734 1146 ct
2766 1092 2832 1147 de
2873 1091 2981 1159 his,
3012 1100 3066 1146 ct
3093 1091 3160 1146 de
3182 1090 3301 1145 aliis
3324 1088 3489 1144 etiam

192 1190 529 1246 vestimenta
557 1204 656 1245 sua
686 1197 947 1255 mutaret,
998 1187 1176 1242 eidem
1215 1187 1403 1256 juveni
1447 1186 1707 1257 prtecepit
1744 1195 1804 1240 ut
1903 1185 2182 1254 qureinter
2196 1201 2297 1239 nos
2312 1186 2598 1251 dissident,
2622 1185 2997 1240 tractabimus.
3022 1182 3123 1237 ibit
3147 1184 3261 1237 haec
3280 1181 3490 1244 dicens,

189 1282 398 1338 eadem
415 1283 737 1338 vestimenta
764 1296 887 1352 quae
907 1280 1163 1350 deposuit
1184 1280 1456 1346 indueret,
1496 1287 1550 1334 et
1570 1278 1640 1333 ad
1673 1293 1801 1333 eum
1902 1278 2237 1347 compressis
2277 1278 2452 1334 oculis
2508 1277 2746 1332 reticuit.
2789 1277 2856 1332 At
2896 1278 3012 1348 ipsa
3055 1276 3225 1330 nimio
3267 1284 3492 1344 stupore

192 1373 452 1430 concitus
478 1374 709 1429 veniret.
752 1372 885 1440 Quae
925 1372 1089 1428 verba
1125 1373 1214 1427 ille
1258 1372 1414 1443 quasi
1443 1371 1803 1437 deliramenta
1902 1367 2217 1439 pavefacta,
2267 1359 2493 1425 silenter
2527 1368 3018 1425 circumstantibus
3055 1368 3166 1422 ait:
3198 1386 3217 1420 ‹
3246 1364 3363 1421 iieu
3403 1380 3492 1419 me

192 1466 288 1520 vel
314 1465 573 1521 irrisione
613 1466 774 1536 plena
803 1464 1150 1535 contempsit.
1208 1463 1416 1520 Praesul
1458 1479 1591 1519 vero
1640 1476 1705 1517 ac
1752 1461 1801 1519 si
1902 1460 2195 1517 miseram!
2228 1462 2606 1533 nunquidnam
2649 1478 2773 1518 sum
2811 1462 3099 1527 moritura,
3145 1474 3382 1531 eumque
3433 1458 3490 1514 in

189 1557 543 1629 dedignanda
563 1557 915 1613 cubiculariis
937 1557 1100 1612 dixit:
1122 1576 1141 1609 ‹
1159 1556 1235 1613 ite
1258 1566 1314 1611 et
1332 1556 1658 1612 vestimenta
1679 1570 1802 1625 quae
1901 1553 2153 1622 prox-imo
2176 1555 2574 1611 subsccutura?
2600 1575 2619 1606 ι
2648 1552 2761 1611 Nec
2788 1562 2969 1611 tamen
2992 1554 3230 1624 amplius
3251 1567 3380 1608 eum
3401 1551 3490 1606 in-

187 1648 429 1719 dcposui
459 1649 667 1705 induite
708 1650 783 1717 ei,
818 1658 875 1705 et
900 1649 969 1705 ad
1005 1664 1094 1706 me
1118 1648 1389 1704 deducite.
1426 1667 1446 1701 ι
1479 1646 1582 1714 Qui
1614 1648 1799 1703 statim
1900 1647 2150 1716 quietare
2173 1649 2543 1718 pnesumpsit,
2571 1648 2665 1703 sed
2688 1648 2972 1704 humiliter
2994 1647 3099 1704 sibi
3122 1648 3192 1703 ab
3213 1662 3280 1701 eo
3309 1643 3491 1701 indul-

185 1757 326 1798 cum
356 1750 480 1813 post
504 1742 687 1797 velum
719 1742 959 1798 cubiculi
994 1742 1275 1796 trahentes
1302 1740 1616 1807 induerunt,
1648 1749 1702 1795 et
1743 1740 1800 1794 in
1898 1739 2138 1809 gentiam
2182 1740 2347 1796 simul
2389 1750 2444 1795 et
2466 1741 2750 1796 iicentiam
2776 1742 2948 1810 petiit.
2979 1739 3112 1795 item
3161 1740 3250 1795 ille
3288 1737 3489 1809 apertis

186 1840 554 1902 conspectum
580 1832 728 1887 velut
762 1832 1053 1888 irridentes
1081 1832 1443 1895 deduxerunt.
1495 1829 1669 1897 Quem
1712 1830 1804 1886 ille
1832 1839 1878 1901 Β
1906 1831 2083 1887 oculis
2106 1847 2228 1887 eam
2259 1832 2516 1900 breviter,
2543 1832 2654 1888 imo
2674 1841 2728 1888 et
2748 1833 3039 1888 salubriter
3065 1832 3132 1888 de
3155 1846 3323 1887 sacra:
3362 1830 3489 1885 reli-

190 1925 297 1981 diu
322 1926 561 1993 intuens,
604 1926 718 1980 ait:
761 1945 780 1978 ι
814 1924 952 1981 Vere
981 1925 1125 1982 scias
1161 1925 1290 1995 quia
1343 1924 1399 1979 in
1427 1924 1620 1979 eadem
1650 1931 1802 1980 veste
1902 1923 2081 1994 gionis
2108 1925 2492 1981 observatione
2539 1924 2899 1993 commonuit,
2926 1941 2992 1980 ac
3037 1924 3105 1981 de
3152 1925 3348 1994 plurali
3375 1940 3490 1979 suae

188 2032 481 2073 rumorem
507 2018 624 2089 (67)
654 2017 924 2074 invenies.
956 2037 975 2069 ι
1005 2017 1102 2073 iiis
1123 2017 1284 2073 dictis
1304 2032 1440 2087 puer
1458 2016 1647 2083 exivit,
1667 2023 1722 2071 et
1743 2016 1801 2071 in
1902 2015 2229 2070 obedientia:
2251 2016 2567 2086 provisione
2589 2016 2859 2087 coarguit,
2884 2024 2939 2071 et
2960 2015 3040 2071 sic
3058 2016 3266 2071 elevata
3299 2015 3487 2069 dextra

189 2108 324 2180 ipso
341 2119 620 2166 momento
640 2110 980 2167 intolerabile
1000 2126 1127 2166 eum
1150 2110 1325 2181 frigus
1344 2109 1563 2175 invasit,
1588 2116 1643 2163 et
1666 2109 1802 2164 hora
1902 2124 2025 2164 eam
2064 2111 2449 2167 benedictione
2484 2112 2744 2178 munivit,
2790 2110 2950 2181 eique
2984 2125 3084 2181 pro
3120 2118 3365 2181 tempore
3408 2125 3491 2163 re-

189 2201 393 2256 cadem
434 2211 708 2274 aegrotans
755 2203 897 2259 lecto
940 2204 1252 2274 procubuit.
1290 2202 1465 2271 Quem
1504 2219 1633 2259 eum
1677 2210 1804 2273 post
1903 2202 2540 2275 missionemindulgens
2562 2220 2669 2260 non
2701 2204 2821 2260 sine
2842 2219 3074 2275 magno,
3100 2213 3160 2260 ut
3204 2204 3322 2274 ipsa
3351 2202 3489 2258 fate-
3581 2224 3587 2229 -

189 2292 505 2351 discessum
537 2294 769 2351 fratrum
792 2297 1084 2368 episcopus
1111 2298 1437 2369 requireret,
1478 2296 1685 2353 dictum
1718 2305 1802 2352 est
1901 2292 2085 2361 batur,
2112 2294 2310 2351 timore
2330 2294 2557 2351 dimisit.

190 2385 350 2456 quod
390 2396 699 2459 aegrotaret.
752 2387 857 2457 Qui
898 2390 1083 2444 statim
1126 2390 1394 2446 accersito
1424 2399 1797 2460 procuratore,
1972 2386 2063 2440 45.
2105 2384 2409 2443 Transaeta
2434 2396 2619 2442 autem
2666 2387 3028 2454 hebdomada,
3072 2388 3266 2442 beatus
3301 2385 3484 2451 Pater,

190 2479 455 2551 praecepit
496 2480 548 2536 ei
592 2481 829 2537 dicens:
869 2501 888 2535 ι
928 2482 1168 2539 Puerum
1203 2484 1357 2539 illum
1386 2492 1547 2539 caute
1583 2492 1638 2538 et
1682 2484 1802 2538 sine
1895 2476 2013 2547 jam
2033 2479 2320 2535 deficiente
2363 2480 2611 2535 funditus
2657 2495 2926 2549 corpore,
2968 2480 3038 2535 ab
3080 2480 3274 2535 abbate
3328 2488 3488 2534 caete-

192 2572 451 2628 molestia
501 2566 590 2629 fac
627 2573 698 2628 ad
741 2583 971 2631 matrem
998 2592 1157 2632 suam
1186 2577 1401 2643 deduci,
1431 2585 1492 2630 ut
1518 2577 1572 2630 in
1605 2591 1800 2631 oceur-
1900 2571 2088 2641 risque
2118 2570 2384 2629 fratribus
2407 2573 2552 2628 sacri
2575 2573 2681 2628 olei
2705 2573 2915 2643 liquore
2934 2573 3306 2629 ecclesiastico
3334 2587 3489 2628 more

191 2678 328 2719 sum
363 2680 546 2721 meum
580 2674 808 2737 paratus
847 2683 1063 2723 mecum
1107 2667 1285 2739 possit
1306 2669 1599 2739 prolicisei.
1641 2688 1660 2721 ι
1690 2667 1799 2735 Qui
1900 2664 2242 2734 perungitur,
2267 2673 2343 2732 et,
2368 2666 2441 2720 ita
2468 2674 2529 2721 ut
2549 2666 2819 2736 praedixit,
2844 2665 2900 2720 in
2924 2666 3110 2737 vigilia
3133 2665 3489 2723 Ascensionis

190 2756 387 2813 statim
421 2757 727 2827 deducitur,
754 2767 809 2814 et
826 2759 1270 2817 decrescentibus
1290 2760 1477 2817 dietim
1500 2761 1709 2817 viribus
1731 2760 1800 2816 ad
1852 2744 1881 2759 ”
1900 2752 2120 2810 Domini
2150 2756 2206 2812 in
2248 2766 2491 2815 montem
2532 2758 2711 2814 sancti
2759 2757 3008 2813 Mauricii
3036 2758 3146 2830 (70)
3189 2758 3493 2814 transvehi-

188 2853 446 2901 extrema
481 2857 820 2918 praeparatur
851 2848 986 2920 (68).
1900 2853 2010 2902 tur.
2035 2847 2114 2904 ibi
2137 2850 2323 2906 statim
2342 2851 2414 2906 ad
2430 2866 2556 2905 eum
2580 2850 2759 2906 ﬂendo
2780 2849 2978 2907 fratres
2998 2850 3153 2923 [cum
3176 2852 3490 2907 innumera-

274 2937 366 2995 42.
420 2937 626 2998 Deinde
681 2941 883 3012 praesul
943 2948 1132 2998 noster
1192 2942 1604 3015 ingravescente
1647 2941 1799 2999 febre
1899 2939 1996 2995 bili
2046 2942 2154 2997 alia
2195 2944 2549 3000 multitudine
2607 2943 2875 3017 ﬁdelium]
2930 2951 3331 3014 convenerunt,
3389 2958 3493 3001 nec

196 3028 543 3103 Hoithusen,
582 3034 677 3089 ubi
731 3034 1042 3090 conﬂuente
1097 3036 1474 3092 ecclesiastico
1526 3051 1683 3091 more
1728 3037 1798 3092 ad
1898 3035 2140 3105 amplius
2197 3036 2621 3093 amaritudinem
2670 3037 2907 3105 doloris,
2951 3052 3065 3108 quo
3112 3037 3274 3092 corde
3329 3045 3492 3094 tenus

196 3130 574 3188 visitationem
600 3132 743 3187 tanti
771 3131 875 3188 viri
920 3133 1263 3188 multitudini
1315 3133 1591 3190 sufﬁciens
1624 3134 1794 3189 aediﬁ-
1828 3185 1864 3195 ,
1898 3128 2269 3195 vexabantur,
2331 3130 2669 3186 abscondere
2731 3130 3041 3185 valuerunt.
3090 3129 3303 3184 Cretera
3356 3144 3492 3185 vero

196 3224 417 3282 ciorum
458 3233 577 3281 erat
626 3225 800 3296 copia,
838 3225 1176 3295 provehitur.
1233 3224 1311 3280 ibi
1362 3225 1507 3280 inter
1559 3225 1791 3280 multam
1820 3185 1865 3248 ς·
1897 3217 2317 3276 innumerabilis
2367 3222 2631 3277 conﬂuxit
2672 3222 2912 3277 ﬁdelium
2964 3221 3276 3289 multitudo,
3320 3237 3489 3291 quam

199 3316 335 3372 cieri
365 3316 661 3387 populique
711 3314 1111 3387 frequentiam,
1153 3316 1391 3387 quadam
1428 3316 1515 3371 die
1559 3332 1791 3372 venera-
1894 3324 2005 3365 non
2048 3312 2232 3367 minor
2287 3327 2389 3383 pro
2441 3314 2595 3369 obitu
2643 3313 2955 3370 cbarissimi
3003 3314 3242 3384 pastoris
3297 3314 3491 3369 afiiixit

200 3408 332 3465 bilis
356 3388 577 3464 domina
601 3407 806 3479 Sophia
844 3409 912 3463 de
941 3407 1338 3465 Gandersbeim
1377 3408 1618 3476 advenit,
1668 3425 1794 3480 quae
1894 3403 2224 3459 amaritudo.
2273 3406 2425 3472 Quos
2472 3414 2658 3461 tamen
2704 3406 2815 3473 ille,
2859 3406 2986 3461 licet
3049 3406 3337 3463 deficiente
3370 3407 3490 3477 jam

199 3500 445 3567 tandem,
460 3508 523 3555 ut
545 3501 601 3555 in
620 3515 754 3571 pace
773 3501 990 3571 loquar,
1009 3501 1255 3571 deposita
1273 3502 1441 3572 priori
1468 3502 1791 3573 pertinacia,
1892 3509 2031 3566 pene
2048 3496 2257 3569 lingua,
2288 3499 2520 3577 benigne
2542 3500 2881 3555 consolando
2904 3499 3132 3568 dimisit,
3160 3508 3216 3555 et
3244 3499 3488 3582 diluc.uio

200 3595 366 3665 plena
391 3608 450 3649 se
479 3592 584 3649 ﬁde
607 3602 663 3649 et
694 3594 1003 3662 devotione,
1030 3594 1097 3649 ad
1124 3594 1268 3649 beati
1317 3595 1419 3649 viri
1448 3593 1795 3651 familiaria-
1892 3587 2095 3643 iterum
2117 3591 2376 3646 advenire
2399 3591 2700 3647 mandavit.
2726 3589 2938 3659 Quibus
2969 3592 3403 3658 discedentibus,
3428 3601 3486 3648 et

198 3692 315 3740 tem
351 3685 640 3753 convertit,
677 3699 803 3756 qua:
832 3685 944 3759 (69)
973 3686 1441 3753 tunc,occasionc
1468 3687 1709 3752 inventa,
1740 3697 1795 3743 et
1895 3696 2111 3737 sacram
2142 3692 2360 3739 noctem
2385 3684 2535 3738 illam
2564 3684 2621 3738 in
2660 3699 2861 3755 magno
2905 3684 3096 3741 dolore
3136 3685 3486 3754 ducentibus,

197 3777 457 3850 populari
516 3778 677 3833 turba
710 3786 941 3846 remota,
979 3786 1194 3834 astante
1245 3779 1414 3846 clero,
1471 3779 1540 3835 de
1598 3780 1794 3837 frivola
1894 3761 2090 3830 beatus
2118 3774 2280 3830 Pater
2325 3786 2593 3833 consueto
2635 3793 2817 3844 more,
2854 3778 2958 3834 sibi
2986 3778 3229 3849 psalmos
3267 3793 3488 3850 semper

197 3870 444 3940 Quadam
487 3870 806 3941 pertinacia,
862 3884 987 3940 quae
1019 3870 1087 3925 de
1133 3885 1249 3926 sua:
1282 3870 1529 3926 ecclesiae
1578 3871 1793 3928 clericis
1893 3868 2055 3936 quasi
2075 3883 2176 3937 pro
2198 3868 2343 3924 dulci
2366 3869 2662 3926 refectione
2698 3870 3032 3938 ruminabat,
3056 3872 3186 3926 etin
3231 3871 3328 3927 tali
3364 3885 3485 3926 me-

196 3968 399 4017 contra
428 3961 649 4016 beatum
700 3961 882 4016 virum
939 3961 1202 4028 increvit,
1248 3962 1534 4017 exordium
1567 3961 1699 4018 fecit
1738 3972 1796 4020 et
1892 3959 2163 4015 ditatione
2186 3975 2412 4017 cursum
2437 3977 2598 4017 suum
2621 3976 3037 4030 consummans,
3052 3963 3293 4018 animam
3322 3978 3483 4021 suam

192 4050 448 4107 debitam
483 4052 915 4108 satisfactionem
963 4053 1283 4123 promittere
1307 4053 1492 4124 erepit.
1523 4054 1604 4109 Ad
1633 4055 1792 4126 cujus
1893 4054 2157 4110 attentius
2193 4052 2307 4110 Deo
2331 4055 2735 4111 commendavit
2765 4056 2898 4127 (7i).
2926 4054 3155 4111 Summo
3175 4071 3306 4112 vero
3339 4056 3487 4112 dilu-

198 4143 375 4198 vcrba
406 4143 519 4211 ille,
557 4144 757 4215 partim
783 4143 979 4200 morbo
1013 4153 1271 4215 cogente,
1296 4145 1498 4215 partim
1532 4160 1683 4213 vero,
1731 4155 1794 4202 ut
1893 4146 2019 4201 culo
2040 4146 2239 4202 iterum
2262 4148 2442 4204 clerus
2460 4148 2703 4217 peractis
2730 4148 3015 4204 matutinis
3055 4148 3293 4217 advenit,
3317 4165 3484 4220 quem

200 4234 369 4292 nobis
399 4236 704 4304 videbatur,
727 4236 1100 4309 indignatione
1129 4247 1504 4308 permovente,
1530 4239 1793 4295 iracunde
1893 4238 2012 4309 ipse
2057 4239 2223 4295 affatu
2266 4249 2401 4296 tunc
2444 4256 2725 4312 supremo,
2756 4241 3013 4308 breviter,
3062 4250 3303 4298 attamen
3338 4243 3487 4299 salu-

196 4330 508 4400 respondit,
537 4331 670 4385 etin
700 4328 947 4386 futurum
983 4330 1114 4385 talia
1143 4330 1403 4401 suspendi
1435 4332 1666 4403 rogavit.
1693 4331 1790 4388 illa
1893 4330 2082 4397 briter,
2107 4333 2174 4387 de
2198 4347 2370 4388 sacrae
2396 4334 2677 4405 religionis
2699 4341 2753 4389 et
2779 4332 3102 4389 obedientiae
3133 4334 3484 4392 observantia

197 4434 339 4477 vero
369 4421 794 4479 commotionem
818 4421 939 4492 ejus
968 4421 1344 4487 dissimulans,
1365 4429 1420 4477 et
1438 4423 1649 4478 obitum
1671 4423 1792 4494 ejus
1891 4426 2262 4491 commonuit,
2313 4425 2502 4495 sicque
2560 4424 2929 4483 confessionis
2994 4441 3157 4483 versu
3213 4442 3343 4483 eum
3402 4427 3484 4484 eis

201 4513 528 4569 celeriorem
570 4513 891 4581 formidans,
933 4513 1061 4569 item
1105 4513 1345 4584 itemque
1384 4514 1441 4568 in
1484 4529 1585 4570 sua
1627 4516 1792 4571 satis-
1823 4541 1867 4598 ι)
1893 4515 2257 4570 communiter
2302 4516 2516 4585 prolato
2540 4559 2555 4584 ,
2604 4518 2673 4573 ad
2711 4517 3038 4573 celebranda
3094 4533 3220 4573 cum
3284 4518 3483 4573 abbate

200 4603 444 4661 factione
499 4606 665 4661 etiam
718 4605 1073 4679 iacrymando
1120 4606 1393 4676 perstitit,
1441 4621 1673 4678 eamque
1730 4618 1802 4663 ut
1892 4606 2187 4662 missarum
2244 4608 2508 4664 solemnia
2581 4609 2940 4665 valedictione
3000 4609 3192 4665 ultima
3247 4607 3475 4665 dimisit.

202 4697 449 4768 recipere
472 4697 790 4769 dignaretur
829 4697 1169 4753 obsecrando
1210 4698 1531 4769 postulavit.
1555 4701 1626 4755 At
1656 4700 1746 4756 ille
1764 4719 1785 4756 ς
1890 4698 2099 4756 Prcesnl
2122 4708 2304 4755 autem
2330 4701 2595 4767 clemens,
2619 4718 2726 4756 non
2755 4702 3042 4756 immemor
3086 4716 3202 4757 suae
3236 4698 3478 4772 promis-

207 4806 231 4840 α
250 4786 503 4855 Domina,
527 4788 724 4859 inquit,
746 4804 845 4859 per
862 4787 1031 4844 Deum
1049 4789 1326 4860 paulisper
1346 4789 1653 4860 reticete,et
1675 4793 1792 4849 haec
1893 4792 2091 4858 sionis,
2132 4792 2199 4848 de
2222 4792 2482 4862 praedicto
2507 4808 2611 4848 suo
2655 4793 2994 4849 cubiculario
3023 4794 3252 4849 Bunone
3290 4794 3478 4866 requi-

200 4879 379 4938 donec
437 4882 495 4936 in
548 4880 843 4938 festivitate
899 4891 1102 4937 sanctae
1150 4880 1335 4938 Maria:
1373 4886 1787 4953 conveniamus,
1894 4884 2022 4940 sivit
2083 4884 2348 4952 sollicite;
2404 4901 2569 4958 quem
2624 4886 2719 4942 ubi
2779 4886 3059 4956 desperari
3120 4886 3477 4958 corporaliter

200 4974 539 5043 suspendite.
560 4992 581 5027 ο
598 4973 720 5045 ipsa
740 4983 943 5038 autem,
958 4984 1018 5030 ut
1037 4975 1609 5045 videbaturomnibus,
1625 4978 1787 5034 finem
1892 4975 2167 5047 cognovit,
2191 4975 2239 5031 ei
2264 4991 2361 5047 per
2382 4976 2637 5032 nuntium
2660 4978 2961 5044 mandavit,
2984 4974 3200 5033 dicens:
3224 4996 3242 5030 ι
3257 4976 3474 5033 Conso-

194 5064 324 5134 ejus
350 5066 512 5123 citius
540 5068 902 5122 adventorum
943 5068 1269 5138 intelligens,
1300 5077 1354 5124 et
1394 5078 1577 5125 tamen
1620 5071 1787 5127 verba
1888 5067 2024 5133 lare,
2051 5083 2186 5138 puer
2207 5084 2385 5136 meus,
2414 5069 2469 5125 in
2505 5069 2740 5125 Domino
2776 5079 2832 5125 et
2852 5068 3180 5135 confortare,
3206 5069 3334 5140 quia
3358 5068 3473 5140 jam

190 5155 323 5226 ejus
358 5159 706 5215 vehementer
746 5175 1113 5230 expavescens
1144 5176 1156 5214 :
1192 5179 1209 5212 ι
1239 5159 1482 5229 Utinam,
1515 5163 1710 5234 inquit,
1755 5179 1789 5220 ο
1890 5170 2106 5232 tempus
2135 5161 2323 5230 instat,
2348 5177 2458 5233 quo
2481 5178 2697 5219 mecum
2719 5163 2787 5218 ad
2830 5161 3064 5234 patriam
3090 5168 3306 5218 :eternze
3344 5163 3475 5218 beav

273 5380 388 5523 (66)
427 5382 519 5439 Sic
538 5381 860 5456 Bamberg.;
890 5386 978 5440 alii
1004 5401 1135 5441 vero
1157 5386 1527 5455 prazdiximus.
1884 5389 2258 5459 inIerpellavit,
2280 5406 2585 5460 omnemque
2607 5389 2668 5444 dc
2693 5390 2893 5461 reliquo
2915 5390 3310 5459 subjectioncm,
3333 5398 3381 5443 et
3404 5390 3470 5444 de

297 5452 367 5506 67
426 5451 723 5510 Bollandus
755 5472 819 5510 ea
869 5471 1001 5511 voce
1031 5458 1258 5511 rheuma
1286 5456 1560 5523 designari
1584 5463 1737 5523 putat
1763 5476 1776 5510 :
1882 5461 2153 5523 pra'tcrito
2177 5476 2350 5515 errore
2372 5460 2790 5523 satisfactionem
2811 5462 3133 5523 promittere,
3156 5471 3260 5517 etc.

297 5451 390 5531 67)_
426 5451 723 5531 Bollandus
755 5451 819 5510 ea
869 5471 1001 5511 voce
1031 5451 1258 5511 rheuma
1286 5456 1560 5527 designari
1584 5463 1737 5526 putat
1763 5476 1776 5510 :
1882 5451 2153 5531 pra'tcrito
2177 5451 2350 5515 errore
2372 5451 3133 5531 satisfactionempromittere,
3156 5471 3260 5517 etc.

197 5521 489 5601 legeridum
512 5523 651 5601 forte
672 5525 963 5601 humorem.
1016 5598 1026 5601 _
1077 5595 1117 5601 _
1283 5596 1311 5601 ﬂ
1407 5521 1433 5527 ⁷
1550 5521 1599 5601 ,⁷
1882 5521 1892 5528 ⁷
1954 5530 2073 5601 (76)
2110 5529 2183 5583 De
2204 5531 2307 5601 hoc
2339 5521 2521 5586 monte
2542 5521 2875 5588 Chronicum
2907 5521 3239 5586 Saxonicum
3267 5545 3371 5587 ms.
3397 5530 3467 5588 ad

274 5594 386 5665 (68)
425 5593 1153 5672 Bambergn‘proﬁciscLEat
1173 5614 1234 5651 ea
1257 5596 1343 5651 die
1364 5596 1561 5666 praesul
1582 5605 1777 5664 noster,
1881 5593 1971 5654 an.
2020 5600 2198 5653 1023:
2250 5600 2480 5655 Montem
2524 5603 2818 5672 speciosum
2859 5604 2913 5656 in
2954 5602 3273 5656 occidentali
3315 5612 3467 5672 parte

199 5660 819 5744 decrescentibusdfietim
836 5660 1147 5744 iiir_ib_us,ad
1168 5660 1401 5723 extremo
1421 5660 1777 5738 praeparatur,
1882 5687 1993 5726 suae
2016 5672 2247 5744 ciuitatis
2270 5672 2517 5744 incolere
2551 5660 2743 5742 coepit,
2787 5690 2939 5743 quem
2978 5682 3162 5744 postea
3205 5660 3363 5744 titulo
3404 5690 3467 5729 ac

191 5756 246 5800 ιε
272 5762 304 5815 α
326 5737 557 5815 μνωίαια
580 5737 709 5790 villa
733 5738 802 5790 ad
821 5736 1140 5815 _I_Ioltfzusen,
1168 5749 1273 5815 etc.
1373 5808 1384 5815 Δ
1423 5736 1462 5815 '_
1884 5741 2084 5815 nomini
2110 5743 2277 5815 structi
2308 5743 2561 5815 Mauricii
2583 5736 2666 5797 ,ςιὶί
2695 5736 2886 5798 summi
2923 5736 3133 5814 pdtroni
3174 5743 3460 5815 dedicavit.

263 5808 378 5890 (69)
415 5812 564 5871 ldem
588 5831 601 5867 ;
625 5824 719 5880 pro
741 5810 1056 5876 quibusdam
1079 5810 1254 5864 causis
1276 5808 1510 5866 ecclesia:
1530 5826 1640 5866 sum
1661 5824 1779 5864 eum
1850 5859 1870 5881 κ
1982 5812 2067 5870 71)
2106 5811 2196 5867 Sic
2229 5813 2415 5869 Bamb.
2437 5831 2450 5882 ;
2476 5814 2566 5869 alii
2612 5808 2981 5869 consummans
3003 5812 3367 5885 pernoctabat.

562 5911 834 5973 PtTnOL.
870 5901 1083 5964 CXLI.
3062 5906 3142 5969 38
