4018 6396
573 345 603 399 Ἰ
620 344 720 401 195

1470 341 1525 397 S.
1569 339 1965 399 GODEHARDI
2001 338 2311 395 EPISCOP:
2346 337 2966 398 HiLDESHEiMENSIS

3724 336 3860 397 υςο

567 458 827 517 ’titudinis
841 459 1143 516 debesvere
1164 457 1469 529 pervenire.
1494 456 1661 524 :Quae
1680 457 1842 511 verba
1865 454 2169 525 pueriaetus
2200 460 2243 515 Α
2274 463 2603 523 aspcxerunt
2627 496 2643 521 ,
2707 468 2871 524 quem
2928 452 3075 509 illico
3133 458 3308 508 stratu
3361 453 3712 523 deponebant
3736 495 3752 519 ,
3808 463 3860 509 et

580 553 809 619 audivit,
855 558 911 606 et
966 549 1188 619 niljam
1222 548 1290 603 dc
1328 547 1439 603 vita
1491 545 1746 616 praesenti
1789 544 2079 610 meditans,
2109 544 2164 599 in

581 644 701 714 ipsa
728 654 888 698 sacra
938 637 1297 695 Ascensionis
1336 635 1553 690 Domini
1583 633 1669 688 die
1709 633 1972 688 viaticum
2018 632 2165 686 salu-

570 741 696 789 ‘tare
729 731 939 803 petivit,
970 744 1081 800 quo
1127 736 1404 798 percepto,
1446 725 1691 796 gaudens
1742 723 2166 794 promissionem

576 825 728 881 beati
758 823 1014 896 praesulis
1042 818 1399 891 exspectavit.

651 918 742 972 id.
783 915 1077 971 biissarum
1096 913 1261 984 igitur
1288 910 1433 981 apud
1457 924 1560 964 nos
1587 908 1900 963 celebritate
1922 914 2164 977 peracta,

580 1005 987 1077 refectioneque
1018 1005 1217 1060 festiue
1241 1000 1481 1075 [festive]
1506 1008 1781 1070 percepta,
1813 998 2012 1053 fratres
2061 998 2165 1052 ite-

581 1101 841 1171 rumjam
873 1101 1003 1155 hora
1045 1098 1152 1153 dici
1195 1097 1407 1151 decima
1438 1095 1506 1149 ad
1551 1093 1809 1149 dilectum
1854 1090 2166 1162 pontificem

581 1199 928 1257 revenerunt,
956 1197 1011 1245 et
1051 1188 1228 1243 ofﬁcio
1269 1202 1408 1258 pene
1450 1186 1651 1256 linguae
1693 1192 1961 1250 cessante,
2005 1182 2167 1237 corde

582 1300 732 1350 vero,
753 1284 910 1354 juxta
935 1281 1258 1352 Apostolum
1286 1277 1341 1351 (I
1369 1277 1492 1334 Cor.
1518 1277 1653 1349 xw),
1675 1276 1872 1346 spiritu
1892 1283 1947 1330 et
1984 1279 2167 1328 mente

582 1378 868 1449 psallente,
918 1375 1161 1446 psalmos
1196 1372 1253 1427 in
1302 1372 1420 1427 solo
1475 1378 1693 1441 pectore
1726 1368 2011 1423 difﬁculter
2066 1380 2165 1419 ru-

584 1466 884 1521 minantem
925 1466 1269 1519 invenerunt.
1317 1460 1471 1516 Tunc
1512 1461 1648 1515 inito
1679 1459 1929 1526 consilio,
1967 1471 2167 1528 pueros

581 1562 821 1625 quatuor
854 1554 1138 1610 scholares
1158 1567 1227 1607 ex
1262 1559 1497 1621 utraque
1540 1550 1727 1604 lectuli
1767 1557 1919 1619 parte
1961 1556 2169 1603 statue-

582 1652 733 1711 runt,
756 1659 899 1715 quos
919 1642 1245 1714 psalterium
1273 1656 1305 1696 a
1328 1640 1599 1711 principio
1621 1647 1807 1709 aperte
1829 1646 1884 1693 et
1913 1638 2169 1694 distincte

580 1736 814 1791 recitare
834 1735 1101 1790 fecerunt.
1128 1732 1341 1800 Quibus
1364 1732 1525 1787 Pater
1548 1731 1743 1787 beatus
1765 1730 1987 1798 auditis,
2008 1726 2169 1801 quasi

2268 547 2476 601 omisso
2501 546 2651 612 fietu,
2693 561 2820 600 eum
2862 545 3011 616 quod
3054 552 3337 617 optaverat
3363 545 3701 613 obtinuisse,
3735 562 3860 618 gau-

2267 638 2487 693 debant.
3839 641 3847 646 ’

2337 729 2424 784 46.
2453 728 2675 784 Fratres
2703 745 2831 784 vero
2857 729 2912 782 in
2957 728 3305 784 monasteriis
3331 730 3731 800 exsequiarum
3769 729 3860 785 de-

2266 821 2381 878 bito
2422 821 2840 891 matutinaiique
2874 820 3051 876 officio
3089 829 3332 891 peracto,
3370 821 3678 877 missarum
3723 821 3861 876 cele-

2266 913 2551 979 bratione,
2600 914 3049 983 psalmorumque
3098 911 3542 983 frequentatione
3582 923 3860 984 pastorem

2269 1021 2430 1060 suum
2460 1006 2658 1061 divinae
2686 1004 3027 1061 miserationi
3048 1013 3200 1060 tanto
3228 1006 3480 1061 devotius
3505 1007 3861 1062 commenda-

2267 1098 2418 1165 bant,
2442 1108 2652 1169 quanto
2698 1114 2756 1154 se
2779 1099 2849 1153 ab
2884 1099 3004 1168 ipso
3046 1098 3513 1154 commendandos
3547 1098 3860 1154 fiduciaiius

2268 1188 2579 1258 sperabant.
2627 1188 2963 1243 Adveniente
2988 1195 3171 1243 autem
3198 1186 3371 1243 felicis
3418 1189 3711 1243 memoria:
3735 1188 3865 1242 Bru-

2267 1294 2430 1345 none,
2451 1278 2823 1334 Mindonensis
2845 1278 3103 1334 Ecclesia:
3124 1277 3402 1348 episcopo,
3430 1295 3600 1349 quem
3630 1279 3750 1348 ipse
3770 1278 3864 1333 Pa—

2270 1380 2352 1427 ter
2375 1371 2705 1427 venerabilis
2742 1371 2850 1427 sibi
2899 1371 2955 1425 in
2990 1371 3331 1441 Spiritualem
3359 1372 3536 1425 filium
3565 1371 3863 1441 adoptave-

2267 1472 2372 1531 rat,
2411 1464 2507 1534 qui
2535 1464 2723 1529 etiam,
2771 1463 2991 1534 cognita
3034 1463 3155 1532 ejus
3200 1462 3538 1529 inﬁrmitate,
3567 1463 3731 1533 juxta
3764 1477 3866 1517 no-

2270 1565 2383 1611 stra
2408 1556 2644 1611 conﬁnia
2666 1554 2970 1619 habitabat,
3001 1554 3138 1608 hora
3165 1553 3411 1624 ejusdem
3441 1554 3551 1609 diei
3579 1554 3747 1609 tertia
3783 1563 3866 1609 to-

2271 1655 2359 1703 tus
2380 1648 2560 1703 clerus
2590 1662 2714 1701 cum
2752 1646 2955 1715 populo
2983 1645 3193 1700 militia:
3213 1653 3363 1700 certe
3401 1655 3458 1701 et
3513 1646 3762 1711 familia,
3811 1655 3866 1701 et

2269 1739 2468 1810 plurali
2519 1739 2721 1793 civium
2771 1737 3455 1809 comprovincialiumque,
3514 1747 3571 1793 et
3624 1739 3865 1793 maxime

584 1826 689 1883 hac
730 1828 964 1883 melodis
998 1826 1322 1891 delectatus,
1368 1823 1769 1893 aliquantulum
1810 1823 2035 1893 quievit,
2079 1823 2167 1876 in-
2200 1823 2242 1877 B
2269 1844 2568 1900 pauperum
2614 1827 2945 1898 frequentia,
2975 1828 3043 1883 ad
3068 1836 3313 1882 montem
3356 1829 3449 1883 ubi
3476 1829 3740 1900 specialis
3766 1844 3866 1883 no-

583 1920 799 1975 terdum
822 1928 877 1976 et
910 1920 1076 1975 simul
1107 1933 1233 1974 cum
1266 1918 1374 1973 illis
1410 1917 1643 1987 psallere
1679 1916 1915 1987 gestivit.
1962 1914 2169 1972 Versus

581 2018 769 2066 tamen
816 2009 940 2064 illos
966 2008 1295 2079 praecipuos,
1323 2007 1418 2077 qui
1464 2006 1774 2076 specialiter
1819 2005 2053 2060 Domino
2101 2005 2171 2061 ad

583 2101 1000 2171 supplicandum
1011 2099 1373 2170 pertinebant,
1389 2098 1592 2168 apertis
1613 2098 1949 2169 eievatisque
1971 2097 2168 2165 oculis,

581 2193 749 2248 altius
796 2192 1113 2247 ructitabat.
1158 2190 1332 2246 Media
1378 2198 1561 2245 autem
1604 2199 1797 2256 nocte,
1842 2190 1957 2260 jam
2012 2189 2169 2245 finito

578 2284 861 2352 psalterio,
872 2283 984 2353 jam
1002 2283 1322 2338 imminente
1334 2281 1684 2338 manifestius
1705 2282 1834 2349 fine,
1850 2282 2171 2338 matutinale

581 2373 820 2429 ofﬁcium
843 2374 1218 2445 incmperunt;
1247 2381 1301 2429 et
1321 2374 1451 2428 dum
1474 2374 1541 2428 ad
1563 2374 1838 2443 psalmum
1854 2373 2169 2431 Benedictus

580 2464 839 2520 Dominus
864 2466 1007 2522 Deus
1041 2465 1214 2521 Israel
1233 2474 1619 2538 pervenerunt,
1650 2466 1735 2522 vir
1768 2467 1962 2522 beatus
1987 2466 2044 2520 in
2086 2467 2172 2521 ui-

579 2558 717 2615 timo
758 2567 893 2615 tunc
925 2575 1100 2632 agone
1139 2559 1447 2626 desudans,
1470 2560 1561 2615 vix
1583 2560 1715 2614 dum
1745 2560 1949 2630 apertis
1971 2561 2168 2629 oculis,

580 2653 728 2707 clero
749 2661 1027 2719 cantante,
1046 2651 1363 2707 Illuminare
1384 2651 1466 2706 his
1486 2653 1576 2723 qui
1597 2653 1654 2706 in
1677 2651 1899 2706 tenebris
1909 2661 1959 2706 et
1982 2653 2038 2706 in
2061 2670 2173 2707 um-

571 2741 677 2795 -bra
717 2742 903 2796 mortis
941 2741 1140 2809 sedent,
1171 2742 1281 2808 ille,
1313 2742 1397 2795 Ad
1423 2742 1747 2813 dirigeudos,
1791 2743 1989 2813 inquit,
2016 2743 2169 2815 pedes

540 2867 543 2871 ν
580 2842 786 2887 nostros
810 2834 867 2888 in
885 2834 1023 2887 viam
1041 2835 1189 2905 pacis
1206 2834 1358 2905 (Luc.
1383 2832 1444 2904 ι).
1469 2834 1535 2890 Ει
1564 2835 1620 2889 in
1653 2836 1759 2891 hoc
1778 2836 1964 2902 verbo,
1984 2836 2116 2891 dum
2138 2851 2170 2891 a

580 2925 727 2981 cie'ro
750 2924 936 2980 Gloria
948 2925 1106 2979 Patri
1131 2942 1256 2980 cum
1280 2927 1578 2997 antiphoua
1600 2926 1838 2982 Ascendo
1860 2928 1929 2982 ad
1951 2927 2171 2984 Patrem

574 3033 754 3072 meum
774 3027 825 3072 et
844 3017 1062 3073 Patrem
1090 3027 1319 3072 vestrum
1359 3019 1685 3087 cauebatur,
1709 3021 1827 3090 ipse
1874 3021 1943 3075 ab
1985 3030 2171 3076 astan-

571 3111 731 3195 tibus
752 3113 820 3168 de
842 3113 984 3168 lecto
1010 3113 1311 3179 levabatur,
1337 3114 1527 3184 sicque
1550 3112 1679 3169 felix
1700 3130 1826 3170 vere
1847 3115 1938 3169 illa
1961 3116 2166 3183 anima,

2268 1926 2381 1973 ster
2402 1920 2693 1974 thesaurus
2715 1919 3039 1973 servabatur
3065 1919 3354 1988 processit,
3375 1934 3621 1991 eumque
3648 1921 3717 1975 ad
3746 1935 3866 1975 mo-

2269 2010 2572 2065 nasterium
2597 2009 2780 2065 Sancti
2805 2009 3107 2076 Michaelis,
3130 2018 3192 2064 ut
3215 2011 3329 2080 ipse
3355 2011 3543 2067 vivens
3577 2014 3866 2083 praedesti-

2269 2103 2438 2169 navit,
2470 2103 2712 2158 deduxit.
2748 2101 2869 2169 Quo
2916 2103 3048 2157 dum
3079 2103 3452 2173 appropiatur,
3502 2114 3633 2159 ante
3671 2116 3865 2175 portas

2269 2195 2396 2249 atrii
2418 2193 2584 2249 funus
2606 2193 2848 2269 defuncti
2866 2194 3105 2264 juvenis,
3133 2210 3259 2249 cum
3283 2209 3393 2249 non
3419 2196 3639 2251 modica
3661 2212 3866 2266 paren-

2268 2296 2386 2343 tum
2422 2282 2736 2359 civiumque
2756 2289 2916 2343 turba
2949 2287 3247 2358 profertur,
3278 2288 3425 2359 quod
3458 2297 3515 2343 et
3542 2298 3670 2344 ante
3695 2289 3868 2359 pedes

2266 2377 2511 2448 episcopi
2538 2393 2632 2447 per
2661 2378 2957 2448 dispositas
2981 2378 3242 2432 ecclesias
3264 2394 3294 2431 a
3318 2377 3591 2433 ministris
3620 2378 3865 2433 circum-

2269 2466 2462 2524 fertur.
2524 2467 2776 2535 Quantus
2825 2483 2959 2523 vero
3001 2469 3252 2538 planctus
3292 2477 3349 2523 et
3389 2470 3747 2537 lamentatio,
3782 2470 3866 2524 vel

2269 2557 2423 2624 cieri,
2470 2558 2556 2612 vel
2579 2557 2785 2628 populi,
2811 2558 2897 2611 vel
2919 2558 3086 2612 etiam
3114 2574 3416 2629 pauperum
3457 2559 3656 2614 ibidem
3684 2560 3864 2615 exsti-

2271 2647 2419 2714 terit,
2450 2647 2654 2718 ingenii
2682 2647 2859 2704 nostri
2909 2647 3165 2704 facundia
3194 2657 3341 2704 certe
3383 2649 3452 2703 ad
3484 2652 3864 2705 enarrandum

2270 2755 2382 2795 non
2418 2727 2635 2808 suiiicit,
2667 2741 2797 2812 quia
2829 2741 2886 2796 in
2917 2757 3027 2797 una
3057 2742 3356 2813 cujuslibet
3392 2752 3575 2799 mente
3607 2745 3696 2799 vel
3728 2760 3866 2799 voce

2270 2831 2451 2888 luctus
2472 2833 2728 2888 etlaetitia
2770 2833 2975 2904 pariter
3024 2835 3209 2891 sonuit
3244 2835 3416 2890 :dum
3469 2844 3691 2905 pectora
3724 2835 3863 2892 ﬁde-

2269 2927 2406 2984 lium
2434 2928 2502 2983 de
2530 2928 2786 2999 praesenti
2829 2943 3058 2996 maeror,
3113 2928 3180 2983 de
3218 2925 3407 2983 futuro
3442 2928 3666 2998 pertulit
3723 2946 3863 2999 gau-

2270 3020 2453 3087 dium;
2483 3021 2634 3092 quia,
2680 3021 2844 3077 sicuti
2895 3030 3089 3078 sancto
3135 3020 3373 3077 Martino
3425 3022 3661 3088 canitur,
3706 3022 3863 3093 pium

2271 3120 2391 3167 erat
2415 3110 2566 3179 ﬂere,
2597 3119 2654 3168 et
2693 3111 2847 3183 pium
2891 3111 3147 3183 gaudere.
3181 3109 3377 3166 Merito
3425 3126 3557 3183 ergo
3581 3110 3862 3178 flevimus,

568 3190 740 3273 quasi
765 3204 1142 3261 obdormiente
1165 3220 1415 3276 corpore,
1438 3206 1646 3261 carnali
1675 3209 1954 3278 ergastulo
1993 3205 2172 3264 soive-
2197 3185 2239 3243 (ἶ
2272 3203 2403 3273 Quia
2427 3203 2592 3259 talem
2622 3211 2897 3276 pastorem
2928 3203 3250 3272 amisimus;
3292 3204 3389 3260 sed
3418 3212 3477 3259 et
3502 3204 3626 3274 jure
3646 3203 3862 3275 gaude-

576 3294 759 3352 batur.
783 3295 1230 3353 Consouantibus
1260 3297 1445 3353 statim
1478 3297 1691 3354 ibidem
1732 3300 2037 3370 campanis,
2064 3299 2170 3356 fra-

579 3396 692 3444 tres
732 3388 907 3459 quiin
947 3389 1299 3446 monasteriis
1331 3389 1547 3446 felicem
1576 3391 1698 3461 ejus
1719 3391 1932 3448 obitum
1979 3392 2170 3448 solerti

575 3479 858 3570 vigilantia
884 3481 1292 3551 exspectabant,
1316 3496 1417 3551 pro
1438 3489 1550 3535 tam
1586 3481 1799 3537 dilectae
1830 3482 2039 3537 anima:
2081 3497 2169 3538 re-

569 3570 763 3627 .medio
784 3573 1343 3644 precesexsequiales
1364 3572 1789 3644 frequentabant
1809 3574 2022 3630 devote.

648 3664 737 3719 45.
778 3661 901 3718 Non
929 3679 1061 3735 ergo
1118 3680 1268 3720 nunc
1309 3664 1523 3720 aestimo
1554 3664 1788 3721 silentio
1837 3675 2170 3735 praetereun-

568 3757 712 3815 dum
752 3755 992 3827 primum
1037 3755 1220 3810 meriti
1263 3755 1385 3825 ejus
1415 3754 1712 3821 indicium,
1741 3755 1798 3809 in
1840 3756 1964 3825 ipso
2007 3754 2169 3810 beato

574 3847 730 3904 obitu
755 3846 868 3903 Deo
896 3854 1036 3903 teste
1066 3844 1424 3902 declaratum.
1462 3844 1598 3902 Nam
1637 3862 1781 3917 saepe
1820 3847 2003 3903 dictus
2032 3862 2170 3917 puer

571 3939 736 3997 .Buno
765 3939 824 3995 in
848 3941 1014 3996 domo
1060 3939 1254 3995 matris
1294 3954 1409 3994 suae
1453 3938 1613 4009 juxta
1656 3939 1949 3995 ecclesiam
1980 3937 2169 3994 Sancti

570 4031 881 4100 Michaelis,
924 4032 1118 4088 eodem
1160 4040 1441 4086 momento
1481 4031 1743 4088 membris
1783 4032 2167 4103 praemortuis,

574 4133 825 4181 extremo
848 4132 1058 4179 tantum
1085 4123 1281 4195 spiritu
1308 4123 1363 4177 in
1392 4132 1612 4193 pectore
1636 4124 1956 4194 paipitante,
1979 4124 2171 4194 despe-

575 4224 734 4271 ratus
782 4215 1037 4286 jacebat:
1089 4214 1185 4286 qui
1230 4214 1616 4271 resonantibus
1661 4215 1807 4269 illico
1851 4216 2165 4285 campanis,

578 4304 745 4377 quasi
790 4319 823 4360 a
863 4320 1058 4361 somno
1103 4304 1391 4376 evigilans,
1440 4303 1575 4374 quid
1600 4304 1707 4360 hoc
1753 4314 1903 4361 esset
1939 4315 2167 4375 stupens

577 4394 895 4466 quuisivit.
927 4393 1031 4450 Cui
1057 4410 1184 4450 cum
1225 4402 1399 4448 mater
1443 4394 1804 4450 dissimulans
1845 4395 2168 4451 matutinale

574 4486 820 4545 officium
840 4486 1048 4560 signari
1066 4486 1291 4554 diceret,
1322 4486 1437 4557 ipse
1460 4502 1524 4542 ac
1549 4487 1599 4543 si
1640 4486 1932 4560 indignans
1972 4489 2167 4543 matris

572 4579 989 4650 astantiumque
1018 4578 1331 4635 fallaciam:
1362 4597 1381 4630 ‹
1427 4577 1540 4634 Cur
1583 4594 1691 4647 me,
1716 4580 1913 4651 inquit,
1940 4578 2169 4635 fallitis?

578 4671 691 4728 Cur
712 4672 998 4729 veritatem
1018 4671 1244 4728 celatis?
1274 4670 1414 4726 Vere
1437 4687 1563 4727 cum
1606 4672 1711 4728 hoc
1752 4672 1909 4743 signo
1938 4673 2169 4729 dilectus

577 4762 848 4820 Dominus
899 4779 1056 4820 meus
1104 4762 1305 4820 caelum
1335 4763 1584 4830 scandit,
1626 4772 1683 4819 et
1738 4764 2169 4835 promissionum

579 4871 830 4921 suarum,
861 4856 963 4910 ah!
1006 4856 1107 4910 ah!
1151 4855 1442 4911 immemor
1490 4850 1757 4912 miserum
1799 4871 1888 4914 me
1923 4857 2166 4927 reliquit.

550 4946 821 5020 Surgite,
845 4947 942 5015 ait,
971 4955 1026 5003 et
1064 4946 1292 5003 elevatis
1329 4946 1588 5003 manibus
1624 4947 2013 5019 cordibusque,
2049 4949 2170 5019 ejus

541 5039 832 5096 .diiectam
853 5039 1096 5094 animam
1129 5038 1328 5094 divina:
1355 5038 1657 5095 clementia:
1694 5040 2095 5106 commendato,
2119 5048 2174 5096 et

574 5140 640 5187 ut
682 5130 791 5195 mei
829 5130 993 5186 modo
1038 5130 1350 5205 meminerit
1400 5130 1710 5187 obsecrate.
1760 5150 1780 5184 ι
1826 5130 1895 5186 Et
1941 5133 2172 5189 elevatis

575 5222 705 5278 nisu
731 5237 844 5293 quo
868 5221 1046 5292 potuit
1068 5221 1139 5276 ad
1165 5221 1368 5277 ccelum
1409 5222 1587 5277 oculis
1614 5240 1627 5276 :
1674 5241 1693 5274 ι
1737 5220 1783 5278 Ο
1810 5223 2034 5293 praesul,
2081 5223 2134 5278 in
2155 5252 2170 5268 -

564 5308 717 5383 ‘quit,
742 5321 949 5380 sancte,
979 5329 1013 5369 ο
1054 5311 1219 5368 Pater
1263 5313 1716 5381 clementissime,
1760 5330 1856 5385 per
1891 5316 2075 5385 ipsum
2116 5324 2172 5370 te

550 5405 771 5475 adjuro
796 5406 866 5460 ad
891 5422 1056 5476 quem
1097 5405 1277 5473 vadis,
1303 5413 1364 5461 ut
1403 5422 1551 5462 nunc
1578 5407 1894 5463 memineris
1940 5407 2071 5474 mei,
2116 5415 2170 5463 et

576 5511 649 5551 ne
675 5512 762 5551 mc
785 5497 840 5550 in
862 5512 1027 5552 carne
1044 5497 1160 5567 jam
1187 5506 1313 5568 post
1344 5506 1396 5553 te
1430 5499 1740 5569 relinquas,
1788 5514 1955 5569 quem
1984 5506 2166 5554 tecum

508 5588 509 5591 “
578 5588 649 5645 ad
668 5588 902 5658 patriam
925 5589 1131 5645 iturum
1163 5590 1364 5659 saepius
1385 5591 1738 5660 promiseras.
1790 5611 1808 5643 ι
1838 5590 1921 5645 iiii
1942 5600 2168 5661 stupen-

578 5680 892 5752 tes.pariter
919 5697 983 5736 ac
1004 5690 1320 5748 maerentes,
1352 5682 1484 5737 dum
1505 5682 1748 5753 jussioni
1786 5681 1908 5753 ejus
1948 5683 2167 5737 obtem-

578 5783 806 5848 perant,
849 5772 939 5831 vix
981 5788 1109 5830 eum
1150 5773 1365 5832 reﬂexis
1401 5774 1577 5831 oculis
1620 5775 1805 5831 statim
1852 5773 2163 5831 exanimem

2270 3295 2489 3361 bamus,
2522 3297 2670 3367 quod
2698 3296 2864 3352 talem
2887 3295 3306 3352 intercessorem
3336 3296 3731 3366 praemisimus.

2339 3388 2431 3443 47.
2458 3386 2672 3463 νὶεξιιίἱε
2707 3387 2874 3459 igitur
2898 3387 2971 3442 ibi
2994 3403 3095 3458 pro
3117 3396 3307 3443 nostro
3343 3388 3566 3443 modulo
3584 3389 3863 3460 condigne

2268 3478 2527 3551 peractis,
2543 3481 2763 3536 beatum
2795 3496 2996 3551 corpus
3022 3495 3181 3535 mane
3207 3479 3276 3534 ad
3298 3478 3559 3535 Sanctum
3580 3480 3858 3537 Andream

2269 3571 2569 3628 honorifice
2616 3580 2701 3628 est
2754 3572 3018 3638 delatum,
3070 3570 3254 3642 ibique
3295 3571 3495 3627 oblatis
3542 3573 3860 3640 sacriﬁciis,

2268 3662 2395 3719 inde
2426 3665 2484 3719 in
2513 3665 2802 3735 principali
2837 3674 3025 3720 nostra
3059 3664 3290 3720 ecclesia
3326 3681 3455 3720 cum
3478 3665 3663 3721 debita
3692 3683 3851 3723 vene

2268 3754 2481 3810 ratione
2502 3755 2852 3811 collocatum.
2898 3755 2957 3810 in
2981 3755 3284 3811 crastinum
3322 3771 3477 3824 vero,
3506 3758 3864 3815 illucescente

2268 3844 2574 3914 Dominica,
2614 3864 2683 3903 ex
2705 3848 2937 3903 diversis
2972 3864 3070 3918 per
3118 3846 3417 3903 Saxoniam
3445 3850 3729 3906 cmnobiis
3752 3849 3861 3907 fra-

2268 3947 2378 3995 tres
2403 3947 2458 3994 et
2479 3955 2702 3995 sorores
2727 3940 2786 3994 in
2816 3939 3143 4010 obsequium
3165 3940 3301 3995 tanti
3339 3942 3557 4010 patroni
3585 3957 3865 4001 convene-

2265 4039 2412 4098 rant,
2441 4032 2537 4102 qui
2559 4031 2965 4087 destitutionem
2991 4032 3125 4088 cieri
3146 4041 3202 4087 et
3230 4033 3628 4090 desolationem
3653 4037 3861 4107 populi,

2265 4137 2331 4176 ac
2355 4122 2605 4192 generale
2631 4120 3039 4177 Christianismi
3061 4123 3232 4178 totius
3252 4123 3541 4191 damnum,
3571 4126 3763 4182 debita
3790 4129 3866 4183 ia-

2265 4214 2601 4268 mentatione
2624 4205 2955 4268 defleverant
2987 4231 3001 4267 :
3050 4214 3241 4285 sicque
3276 4215 3347 4279 ab
3369 4215 3633 4287 episcopo
3653 4218 3863 4274 missaii

2265 4303 2442 4359 oﬂicio
2467 4305 2819 4361 devotissime
2839 4313 3082 4375 peracto,
3109 4320 3330 4362 sacrum
3357 4307 3501 4363 beati
3532 4310 3641 4364 viri
3666 4326 3867 4382 corpus

2258 4393 2322 4448 in
2345 4395 2523 4450 medio
2544 4403 2733 4451 nostro
2756 4395 2945 4462 choro,
2973 4396 3348 4457 ecclesiastico
3382 4414 3563 4467 more,
3597 4410 3767 4457 terra
3786 4410 3867 4457 est

2268 4486 2545 4553 collatum,
2572 4487 2719 4556 quod
2747 4485 2946 4542 ibidem
2995 4503 3174 4558 usque
3205 4489 3262 4543 in
3296 4488 3631 4545 hodiernum
3658 4492 3807 4547 diem
3835 4508 3866 4546 a

2200 4538 2243 4625 ι)
2275 4538 2957 4651 neigi...'c‘r.3.fujj.1;a
2995 4538 3262 4634 iiii-Trin;
3287 4538 3866 4652 ἑιῖᾷᾇὲίίὶξᾶζρῖοζεῖωῖ

2274 4668 2503 4736 iitatem,
2527 4669 2798 4740 condigna
2819 4677 2903 4725 est
2934 4670 3239 4725 reverentia
3262 4669 3700 4742 frequentatum.
3730 4672 3867 4729 Ρινεο

2275 4760 2407 4816 dicti
2456 4769 2645 4815 autem
2694 4760 2851 4831 pueri
2891 4761 3282 4831 corpusculum
3313 4770 3438 4817 ante
3466 4763 3866 4820 occidentalem

2275 4850 2462 4922 templi
2494 4851 2802 4918 introitum,
2832 4852 2903 4906 ab
2922 4852 3115 4908 eodem
3168 4851 3429 4923 episcopo
3457 4853 3616 4924 prius
3652 4865 3747 4911 est
3768 4856 3866 4910 bu-

2277 4952 2506 4999 matum.
2563 4941 2795 5000 Domina
2824 4959 2957 5000 vero
2992 4944 3217 5016 Sophia,
3250 4946 3318 5002 de
3354 4961 3464 5017 qua
3503 4947 3681 5003 etiam
3707 4963 3867 5018 supra

2273 5036 2586 5102 retulimus,
2609 5036 2725 5106 jam
2753 5037 2821 5092 de
2867 5052 2968 5092 sua
3005 5038 3425 5108 praemonitione
3449 5041 3628 5112 magis
3669 5042 3866 5112 magis-

2273 5142 2380 5197 que
2421 5127 2673 5194 soiiicita,
2723 5141 2942 5182 sorores
2983 5142 3114 5182 suas
3141 5143 3207 5183 ac
3234 5129 3587 5201 presbyteros
3618 5131 3719 5186 illo
3745 5147 3864 5187 cum

2272 5218 2643 5275 oblationibus
2687 5218 3021 5285 transmisit,
3057 5234 3289 5290 seseque
3327 5221 3472 5275 beati
3512 5223 3619 5276 viri
3658 5223 3863 5278 meritis

2271 5319 2325 5367 et
2351 5311 2608 5381 precibus
2634 5311 2963 5385 suppiiciter
2990 5312 3269 5367 commisit
3302 5331 3314 5367 :
3339 5314 3532 5383 sicque
3568 5330 3862 5385 superven-

2275 5410 2457 5457 turam
2491 5403 2661 5457 Matac
2683 5401 2873 5457 Matris
2901 5401 3106 5458 Christi
3143 5402 3593 5475 Assumptionem
3622 5408 3861 5461 simulet

2275 5492 2627 5549 Nativitatem
2660 5510 2865 5564 pavens
2906 5496 3263 5564 exspectavit.
3309 5494 3443 5563 Quae
3484 5504 3695 5563 tamen,
3726 5499 3858 5554 inci-

2234 5586 2455 5655 _pientc
2491 5586 2739 5656 sequenti
2792 5602 2961 5653 anno,
3013 5587 3197 5641 triduo
3245 5597 3373 5642 ante
3415 5587 3857 5644 Puriﬁcationem

2274 5686 2479 5732 sancite
2502 5676 2704 5741 Mariae,
2728 5692 2795 5731 ex
2825 5676 2929 5731 hac
2966 5676 3078 5731 vita
3104 5678 3436 5748 emigravit':
3476 5678 3560 5733 sic
3595 5687 3650 5733 et
3684 5680 3741 5732 in
3762 5679 3858 5732 hoc

2275 5767 2421 5825 Deus
2445 5769 2587 5826 beati
2609 5768 2789 5825 Patris
2814 5769 3156 5840 prophetiam
3178 5769 3388 5841 liquido
3410 5770 3730 5829 declaravit.
3753 5767 3857 5825 Nos
