4018 6462
206 386 237 441 Ι
252 380 344 442 19⁸1

1739 372 1899 431 VlTA

3343 362 3482 422 “98

206 512 431 570 quoque
455 503 744 568 quantum,
776 493 890 551 Deo
913 501 1211 561 annuente,
1254 496 1573 564 possumus;
1598 490 1796 547 merito
1823 492 1875 553 Α
1972 483 2063 542 50.
2127 482 2376 540 Primum
2402 468 2671 555 "namque
2694 480 2818 550 fuit,
2863 482 3014 553 quod
3068 490 3123 540 et
3164 488 3485 551 erat,etest

206 587 459 659 ejusdem
505 585 796 642 abbatissa:
830 584 1069 638 animam
1106 582 1304 639 divinae
1333 580 1672 637 miserationi
1698 596 1801 635 saa-

209 677 337 750 pius
378 674 769 733 commendare
807 672 1091 738 debemus,
1144 686 1269 741 quae
1321 668 1800 741 congregationem

207 777 483 836 nostram,
501 768 631 824 dum
660 766 814 831 vixit,
843 764 994 819 omni
1022 777 1236 833 semper
1276 761 1567 816 dilectione
1597 775 1793 831 perco—

211 861 317 917 luit
339 860 697 932 ejusdemque
728 857 1035 914 dilectionis
1073 862 1284 911 certum
1313 853 1683 911 testimonium
1705 869 1803 924 po-

210 956 379 1013 steris
408 955 651 1026 reliquit.

286 1047 381 1102 48.
414 1046 490 1102 De
513 1045 795 1101 miraculis
825 1043 1014 1117 igitur,
1046 1058 1171 1115 qua
1192 1058 1291 1113 per
1314 1041 1462 1098 beati
1486 1038 1667 1096 Patris
1686 1055 1804 1096 me-

208 1141 345 1207 rita,
369 1148 496 1210 post
529 1138 947 1194 dissolutionem
995 1136 1248 1206 corporis
1290 1134 1435 1205 ejus,
1482 1134 1539 1189 in
1572 1134 1803 1189 salutem

211 1229 557 1287 credentium
578 1228 763 1284 divina
805 1227 981 1298 pietas
1008 1228 1308 1282 clementer
1328 1225 1586 1292 ostendit,
1609 1224 1807 1281 melius

204 1335 394 1392 pauca
422 1333 588 1389 quam
614 1318 771 1388 plura
791 1315 1083 1371 scribenda
1112 1314 1446 1385 putavimus,
1477 1329 1547 1368 ne
1569 1320 1665 1368 aut
1690 1322 1809 1369 stu-

211 1411 391 1467 diosis
417 1419 513 1465 aut
534 1398 828 1465 desidiosis
852 1406 1158 1474 fastidium,
1183 1407 1269 1462 vel
1289 1405 1454 1461 etiam
1493 1404 1807 1460 infidelibus

208 1503 622 1561 incredulitatis
644 1501 951 1572 periculum
990 1498 1324 1554 narrationis
1344 1497 1654 1567 prolixitate
1674 1511 1808 1551 con-

211 1596 522 1653 trahamus.
559 1593 842 1663 Praecipue
890 1600 1075 1647 tamen
1107 1597 1327 1662 prepter
1360 1589 1629 1659 quasdam
1655 1602 1809 1643 vanae

207 1685 421 1762 tuentis
438 1698 728 1755 personas,
758 1698 884 1753 quas
910 1682 966 1736 in
1008 1691 1199 1737 nostra
1226 1681 1400 1751 patria
1424 1680 1627 1735 usitato
1654 1692 1808 1734 more

209 1793 318 1848 per
341 1791 499 1832 sacra
521 1776 640 1831 loca
663 1775 1060 1841 discurrentes,
1097 1789 1155 1831 se
1180 1783 1277 1828 aut
1314 1788 1511 1839 caecos,
1535 1779 1631 1826 aut
1661 1771 1810 1826 debi-

210 1868 323 1936 les,
352 1876 447 1922 aut
477 1866 746 1937 elingues,
782 1866 867 1921 vel
905 1875 1054 1921 certe
1096 1864 1354 1919 obsessos
1400 1871 1603 1917 temere
1638 1862 1811 1917 simu-

212 1961 358 2027 lant,
384 1968 584 2014 etante
624 1959 821 2013 altaria
849 1958 934 2012 vel
963 1957 1216 2028 sepulcra
1258 1963 1600 2020 sanctorum,
1629 1969 1689 2009 se
1716 1967 1812 2009 co-

211 2068 343 2106 ram
382 2052 591 2122 papulo
625 2050 956 2117 volutantes,
993 2048 1302 2123 pugnisque
1354 2045 1665 2114 tundentes,
1715 2061 1810 2101 sa-

214 2152 385 2200 natos
409 2143 554 2198 illico
587 2158 648 2199 se
682 2142 1072 2214 proclamant:
1111 2155 1175 2196 ea
1206 2139 1418 2196 scilicet
1449 2138 1566 2193 sola
1608 2153 1811 2193 vesana

218 2236 518 2306 voluptate,
555 2245 617 2290 ut
639 2235 721 2291 sic
764 2242 979 2289 tantum
1007 2232 1271 2303 majorem
1300 2232 1518 2302 stipem,
1548 2230 1633 2285 vel
1658 2244 1811 2300 qua:-

215 2336 374 2383 stum
402 2343 435 2381 a
472 2328 630 2398 plebe
676 2326 1000 2398 percipiant.
1055 2324 1256 2395 Sicque
1291 2325 1351 2378 fit
1374 2365 1389 2390 ,
1423 2331 1484 2378 ut
1506 2335 1563 2379 et
1590 2323 1812 2378 beatum

219 2420 407 2476 virum
440 2422 641 2492 saepius
679 2421 749 2476 de
775 2420 978 2475 talibus
1009 2418 1219 2474 dixisse
1267 2416 1659 2487 praemisimus,
1681 2414 1811 2485 quia

218 2512 540 2579 mendaces,
573 2512 772 2582 inquit,
796 2510 1007 2567 faciunt
1030 2518 1090 2565 ut
1132 2508 1391 2565 veridicis
1415 2509 1507 2562 vix
1536 2507 1810 2562 credatur.

221 2601 298 2659 Et
344 2618 473 2659 cum
515 2604 571 2658 in
601 2603 920 2674 hujusmodi
964 2601 1182 2656 fallacia
1209 2600 1348 2655 tales
1390 2599 1600 2669 liquido
1627 2598 1816 2668 depre-

219 2694 560 2763 henduntur,
584 2696 750 2750 etiam
778 2708 922 2750 verae
963 2701 1283 2749 sanctorum
1332 2690 1563 2746 virtutes
1591 2690 1647 2745 in
1676 2689 1817 2760 peri-

222 2786 474 2842 culosam
507 2786 947 2858 desperationem
987 2785 1092 2840 hac
1112 2783 1388 2838 dubietate
1420 2782 1809 2848 retrahuntur;

224 2879 316 2933 vel
347 2886 495 2935 certe
520 2887 576 2935 et
602 2879 659 2933 hi
694 2878 789 2949 qui
824 2892 951 2933 vere
979 2885 1268 2941 sanantur,
1285 2874 1451 2929 etiam
1478 2889 1592 2928 non
1633 2874 1815 2929 solum

221 2984 265 3025 a
300 2968 543 3041 perfidis,
573 2967 669 3025 sed
699 2977 753 3024 et
806 2967 1079 3024 interdum
1123 2981 1157 3019 a
1188 2964 1441 3020 ﬁdelibus
1479 2962 1672 3018 fallere
1698 2977 1816 3017 cre-

224 3061 460 3129 duntur,
499 3062 643 3119 sicut
681 3060 870 3133 utique
895 3058 1063 3115 nobis
1102 3058 1170 3113 de
1216 3055 1456 3128 quadam
1491 3054 1815 3111 muliercula

221 3153 414 3224 palam
440 3154 610 3210 venit.

302 3247 393 3303 49.
419 3245 607 3302 Primo
632 3262 872 3318 namque
894 3245 1140 3317 praedicti
1171 3243 1348 3302 nostri
1378 3242 1639 3300 antistitis
1671 3241 1817 3298 llcli-
1843 3241 1886 3265 υ

224 3337 391 3393 zonis
421 3336 546 3409 [al.,
586 3335 889 3408 Hetelonis]
919 3335 1034 3409 (Ἱῖ)
1061 3351 1234 3401 anno,
1266 3335 1322 3389 in
1364 3334 1587 3404 speciali
1628 3342 1816 3389 nostra

178 3418 547 3495 Vestivitate,
594 3427 649 3482 id
692 3436 778 3484 est
829 3428 886 3483 in
933 3427 1325 3497 Assumptione
1360 3435 1564 3481 sanctae
1610 3425 1816 3492 Mariae,

198 3534 378 3574 ,anus
420 3518 670 3589 quaedam
705 3517 866 3572 nobis
901 3517 1108 3588 ignota,
1135 3517 1311 3572 velato
1341 3516 1539 3586 capite,
1575 3516 1819 3571 uubilata

229 3611 395 3680 facie,
429 3623 555 3668 ante
592 3612 906 3683 sepulcrum
928 3610 1077 3665 beati
1115 3610 1219 3664 viri
1251 3624 1310 3665 se
1338 3609 1585 3679 projecit,
1635 3609 1820 3679 ibique

199 3703 498 3776 ,przedicto
540 3703 840 3758 amentium
866 3719 1040 3770 more,
1082 3702 1290 3758 diutius
1317 3703 1559 3757 volutata
1598 3702 1817 3757 tandem

227 3794 532 3867 prosiliens
560 3809 618 3849 se
638 3808 739 3864 per
771 3794 974 3848 multos
1005 3808 1182 3848 annos
1220 3808 1421 3848 caecam
1460 3793 1663 3848 ibidem
1690 3803 1823 3849 tunc

231 3887 601 3944 illuminatam
626 3885 1002 3955 proclamavit.
1055 3883 1176 3951 Quo
1203 3886 1390 3940 statim
1414 3901 1636 3940 rumore
1671 3885 1824 3940 diffa-

231 3988 408 4046 mato,
429 3975 609 4033 clerus
635 3977 976 4048 populusque
1026 3977 1326 4043 concurrit,
1359 3978 1476 4048 ipse
1497 3977 1663 4032 etiam
1700 3978 1822 4047 epi-

233 4087 443 4143 scopus
488 4071 724 4126 advenit.
769 4068 1020 4140 Cumque
1057 4070 1173 4141 jam
1209 4070 1279 4125 ad
1315 4069 1555 4141 agendas
1610 4070 1825 4140 publice

232 4164 352 4220 Deo
388 4163 593 4235 gratias
620 4171 999 4233 properarent,
1027 4162 1177 4218 cives
1213 4162 1382 4228 illius,
1407 4162 1502 4232 qui
1521 4177 1639 4216 eam
1671 4162 1826 4232 prius

234 4264 527 4323 noverant,
560 4271 793 4326 eamque
813 4256 871 4309 iu
894 4255 1211 4325 hujusmodi
1239 4253 1476 4310 falsitate
1497 4254 1699 4324 saepius
1722 4269 1825 4309 no-

235 4354 509 4414 taverant,
535 4344 944 4418 venerunthqui
966 4345 1114 4400 illam
1145 4353 1198 4400 et
1219 4345 1382 4401 modo
1413 4355 1467 4400 et
1493 4361 1634 4416 saepe
1660 4346 1824 4401 etiam

232 4447 403 4495 antea
446 4438 577 4494 talia
611 4437 899 4493 mentitam
929 4438 1200 4493 veraciter
1233 4437 1509 4492 dixerunt.
1550 4436 1613 4491 lu
1659 4452 1827 4507 quam

230 4544 368 4586 cum
385 4528 501 4599 jam
521 4527 758 4600 populus
782 4528 1002 4595 merito,
1028 4536 1088 4583 ut
1111 4528 1253 4584 male
1279 4536 1626 4595 tractaretur,
1652 4528 1831 4584 insur-

230 4629 411 4695 geret,
439 4637 471 4676 a
497 4621 645 4677 clero
671 4629 852 4676 tamen
883 4636 984 4692 pro
1020 4621 1162 4677 beati
1184 4621 1459 4691 pontiﬁcis
1482 4621 1834 4677 veneratione

232 4712 489 4781 defensa,
509 4712 742 4770 confusa
767 4714 1044 4781 discessit,
1074 4726 1130 4769 et
1150 4729 1430 4785 nusquam
1453 4713 1614 4769 nobis
1644 4722 1834 4784 postea

234 4806 568 4877 comparuit.
596 4805 824 4865 Talibus
845 4822 980 4879 ergo
1004 4805 1260 4875 fallaciis,
1302 4815 1463 4863 cauta
1517 4806 1836 4863 considera-

233 4900 394 4956 tione
419 4907 544 4968 post
586 4900 704 4956 haec
726 4899 999 4967 devitatis,
1029 4899 1278 4969 pluribus
1307 4899 1620 4972 ignotorum
1652 4898 1832 4967 dictis,

232 5007 371 5062 quae
395 5000 544 5047 certe
566 5006 697 5048 vera
721 5007 847 5048 esse
885 4999 1155 5062 poterant,
1193 4990 1492 5046 dubitando
1517 4990 1835 5046 dissimula-

239 5082 336 5150 tis,
369 5084 439 5140 ad
461 5099 525 5139 ea
553 5085 936 5141 tantummodo
965 5085 1083 5141 sola
1109 5100 1234 5154 quae
1258 5093 1577 5155 praesentes,
1607 5084 1834 5139 veritate

241 5172 341 5230 Dei
365 5183 522 5259 teste,
558 5175 819 5244 vidimus,
843 5178 928 5232 vel
967 5193 1092 5247 quae
1121 5185 1268 5232 certe
1292 5177 1363 5232 ab
1384 5177 1474 5232 his
1499 5177 1832 5244 audivimus,

241 5282 387 5336 quos
415 5284 638 5324 veraces
676 5269 732 5324 in
758 5271 955 5325 timore
980 5269 1198 5324 Domini
1227 5271 1610 5342 cognovimus,
1640 5286 1835 5324 narra-

244 5358 414 5416 tionis
435 5369 637 5416 nostrte
658 5362 856 5417 seriem
876 5362 1237 5417 intendimus.

333 5532 445 5607 (72)
467 5532 518 5589 ls
539 5550 569 5589 e
595 5536 885 5606 praeposito
920 5535 1253 5591 Goslariensi
1300 5535 1354 5590 in
1384 5535 1697 5607 episcopum
1726 5536 1843 5592 llil-

256 5602 725 5677 (lesbeimens'em'
749 5617 1065 5677 assumptus
1089 5615 1173 5661 est
1208 5614 1332 5676 post
1373 5602 1604 5661 mortem
1628 5607 1839 5663 Azelini

260 5689 408 5747 anno
431 5675 595 5740 ⁸ΙΟῖὶιίς
628 5692 791 5745 quam
819 5675 1003 5732 sedem
1050 5675 1219 5732 annis,
1241 5677 1434 5747 viginti
1465 5678 1711 5747 quinque
1743 5679 1841 5733 ob-

234 5744 447 5810 _tinuit,
471 5762 535 5800 ac
557 5744 801 5816 sepultus
830 5758 915 5803 est
943 5749 997 5803 in
1028 5748 1256 5803 ecclesia
1288 5744 1463 5803 sancti
1486 5744 1736 5803 Mauricii
1784 5750 1840 5804 in

263 5826 469 5884 monte,
501 5832 664 5886 quam
699 5819 877 5887 primo
923 5835 1021 5888 pro
1046 5818 1379 5874 monialibus
1411 5835 1475 5876 ac
1515 5819 1711 5876 deinde
1737 5835 1838 5890 pro

1899 576 2159 638 omnibus
2188 573 2562 630 notissimum.
2596 571 2832 639 Quidam
2874 572 2943 627 de
2965 572 3239 641 operariis
3279 578 3486 627 nostra

1898 666 2167 732 ecclesia),
2199 666 2423 720 nomine
2473 664 2799 736 Luidgerus,
2829 679 2955 719 cum
2982 663 3038 717 in
3062 663 3311 719 ecclesiae
3342 661 3484 719 atris

1900 758 2049 829 ligna
2068 758 2424 823 collocarent,
2457 755 2695 827 graviori
2723 755 2961 825 quadam
2998 754 3150 808 trabe
3179 753 3487 819 decidente,

1898 847 2111 904 femore
2140 864 2267 903 cum
2291 847 2426 901 tibia
2448 855 2501 901 et
2522 846 2656 916 pede
2684 844 3069 901 miserabiliter
3099 845 3358 911 contrito,
3384 858 3489 914 per

1900 939 2051 996 nitus
2076 939 2392 994 debilitatus
2411 945 2513 993 est.
2543 936 2717 1003 Quem
2741 936 2935 992 beatus
2964 935 3144 1002 Pater,
3174 936 3304 1006 quia
3333 935 3489 1006 prius

1900 1049 2031 1090 eum
2066 1032 2281 1087 fidelem
2304 1040 2359 1087 et
2380 1031 2570 1086 utilem
2594 1030 2870 1100 cognovit,
2898 1038 3023 1085 ante
3050 1044 3297 1084 mensam
3328 1042 3480 1084 sua:

1900 1125 2150 1198 quotidie
2203 1140 2332 1180 cum
2382 1123 2714 1194 pauperibus
2754 1122 2827 1177 ad
2866 1122 3271 1193 eleemosyuam
3301 1120 3495 1177 sedere

1904 1218 2181 1290 praecepit.
2210 1215 2316 1282 Qui
2345 1216 2513 1271 miser
2544 1229 2712 1285 super
2744 1214 3042 1269 debilitatis
3081 1230 3196 1269 suae
3221 1213 3489 1281 dolorem,

1906 1311 2146 1383 graviori
2174 1318 2347 1365 semet
2372 1323 2609 1364 maerore
2631 1307 2832 1378 saepius
2852 1306 3062 1371 afﬂixit,
3090 1307 3221 1377 quia
3252 1306 3320 1361 ad
3349 1321 3489 1376 opus

1906 1405 1997 1462 cui
2019 1404 2363 1473 mancipatus
2390 1411 2507 1458 erat
2530 1401 2679 1457 utilis
2702 1417 2826 1456 esse
2847 1416 2957 1456 non
2978 1400 3174 1471 potuit.
3209 1399 3491 1471 Quidquid

1904 1506 2093 1553 tamen
2127 1496 2215 1551 vel
2243 1493 2484 1549 sedendo
2519 1494 2601 1548 vel
2625 1492 2989 1563 proreptando
3015 1508 3176 1564 agere
3204 1494 3400 1562 potuit,
3434 1493 3490 1547 in

1908 1589 2016 1644 hoc
2059 1603 2120 1643 se
2158 1586 2469 1643 voluntaria
2516 1586 2748 1641 utilitate
2781 1585 3063 1641 studiosus
3092 1585 3356 1653 exercuit,
3390 1600 3495 1641 nec

1906 1697 2140 1753 prorsus
2177 1679 2404 1751 aliquod
2443 1689 2683 1751 tempus,
2720 1680 2832 1735 nisi
2865 1696 2992 1735 cum
3030 1696 3287 1736 somnum
3317 1681 3401 1735 vel
3423 1681 3499 1737 ci-

1910 1772 2041 1827 bum
2066 1779 2303 1841 caperet,
2336 1771 2571 1826 transire
2601 1770 2706 1826 sibi
2734 1756 3063 1840 patiebatur,
3095 1772 3231 1842 quin
3281 1787 3497 1842 semper

1837 1850 1883 1908 Β
1910 1863 1968 1917 in
1999 1864 2185 1933 aliquo
2207 1862 2358 1917 utilis
2381 1878 2503 1919 esse
2524 1863 2819 1918 videretur.
2860 1863 3215 1919 Consuetudo
3259 1880 3499 1935 namque

1908 1954 2109 2010 dilecto
2125 1962 2313 2009 nostro
2328 1954 2570 2024 pontifici
2593 1954 2696 2009 fuit
2717 1963 2775 2009 ut
2790 1956 3166 2025 puerulos,vel
3181 1955 3344 2011 etiam
3362 1971 3500 2027 pau-

1906 2062 2069 2117 peres
2079 2047 2389 2113 validiores,
2405 2047 2603 2117 saepius
2621 2063 2716 2118 per
2736 2048 2942 2118 plateas
2953 2049 3036 2104 vel
3058 2048 3303 2105 defossas
3328 2057 3504 2119 petra-

1905 2155 2035 2196 rum
2062 2138 2249 2195 foveas
2273 2141 2587 2211 ageret,qui
2614 2140 2718 2196 sibi
2739 2141 2952 2210 lapillos
2974 2142 3213 2197 minutos
3232 2142 3501 2212 quosdam

1911 2231 2057 2287 nivei
2083 2231 2283 2287 coloris
2302 2274 2318 2298 ,
2340 2231 2423 2286 vel
2448 2231 2616 2303 nigri,
2643 2233 2725 2288 vel
2761 2233 2933 2299 rubri,
2962 2234 3233 2288 interdum
3256 2235 3340 2289 vel
3363 2234 3503 2289 varii

1909 2323 2205 2391 deferrent,
2218 2339 2359 2395 quos
2374 2324 2487 2395 ipse
2502 2326 2754 2381 elimatos
2774 2334 2828 2380 et
2842 2326 3055 2395 politos,
3069 2326 3328 2396 variaque
3349 2326 3506 2383 colli-

1906 2417 2087 2484 sione,
2103 2420 2184 2472 vel
2206 2416 2598 2473 confricatione
2625 2418 2680 2473 in
2703 2419 3113 2475 similitudinem
3135 2420 3503 2489 pretiosorum

1911 2508 2154 2581 lapidum
2180 2510 2452 2577 redactos,
2468 2518 2566 2565 aut
2589 2511 2644 2565 in
2674 2511 2958 2579 altaribus,
2982 2519 3077 2567 aut
3098 2512 3383 2578 libris,aut
3406 2528 3504 2568 ca-

1908 2603 2048 2672 psis,
2067 2602 2295 2658 honeste
2321 2603 2627 2658 collocavit.
2654 2601 2710 2657 in
2727 2620 2838 2674 quo
2852 2603 3110 2657 nimirum
3129 2617 3293 2674 opere
3308 2605 3506 2675 prtedi-

1914 2703 2037 2749 ctus
2072 2693 2161 2747 ille
2186 2708 2391 2763 pauper
2419 2708 2477 2749 se
2506 2693 2758 2763 privatim
2793 2694 3058 2760 exercuit,
3081 2701 3136 2748 et
3181 2702 3505 2751 czeterorum

1913 2782 2243 2839 industriam
2281 2785 2488 2839 utiliter
2510 2785 2790 2854 praevenit,
2814 2793 2866 2839 et
2897 2801 2998 2855 pro
3026 2786 3348 2841 curiositate
3387 2788 3505 2855 tali,

1913 2876 2172 2946 episcopo
2220 2876 2440 2946 penitus
2487 2877 2836 2946 complacuit.
2901 2876 3177 2933 Interdum
3227 2890 3409 2935 autem
3455 2891 3511 2937 et

1914 2968 2221 3038 pictoribus
2276 2976 2330 3023 et
2385 2968 2466 3022 eis
2525 2967 2621 3037 qui
2685 2968 2851 3034 vitro.
2885 2968 3153 3025 fenestras
3211 2986 3509 3042 compone-

1914 3061 2141 3131 bant,sc
2167 3061 2482 3130 admiscuit,
2502 3060 2643 3117 intsr
2657 3077 2796 3134 quos
2823 3062 2986 3120 etiam
3014 3064 3221 3121 utiliter
3243 3079 3512 3137 operosus

1914 3159 2141 3214 exstitit.

1991 3251 2077 3307 51.
2121 3251 2288 3306 Beato
2316 3267 2447 3307 vero
2470 3252 2726 3323 pontifice
2745 3268 2813 3309 ex
2842 3254 2945 3310 hac
2970 3254 3092 3310 luce
3121 3254 3357 3321 sublato,
3389 3252 3509 3326 ipse

1913 3341 2181 3397 detonsus
2211 3352 2263 3397 ct
2290 3343 2462 3398 laneis
2498 3343 2741 3411 indutus,
2769 3361 2935 3400 carne
2960 3354 3014 3399 et
3038 3345 3248 3416 reliqua
3276 3345 3514 3400 lautiore

1918 3432 2215 3489 refectione
2243 3436 2544 3502 abstinens,
2576 3438 2642 3491 ad
2677 3438 2991 3508 sepulcrum
3022 3436 3142 3507 ejus
3170 3438 3399 3493 contulit
3426 3451 3514 3504 se,

1920 3523 2103 3594 ibique
2148 3533 2261 3578 tam
2310 3526 2632 3582 custodibus
2672 3543 2837 3597 quam
2881 3536 2935 3582 et
2984 3528 3195 3584 caeteris
3228 3528 3512 3595 ﬁdelibus,

1919 3621 2124 3684 quanta
2140 3615 2312 3684 potuit
2336 3616 2611 3684 fidelitate,
2628 3615 2870 3687 Servivit,
2885 3628 2937 3675 et
2957 3630 3257 3690 postremo,
3279 3635 3518 3676 consen-

1921 3707 2182 3762 tientibus
2210 3708 2511 3777 magistris,
2544 3719 2714 3766 totam
2754 3713 2990 3782 sepulcri
3017 3714 3325 3769 custodiam
3354 3713 3518 3784 peni-

1923 3807 2014 3855 tus
2043 3801 2347 3870 usurpavit.
2382 3799 2487 3856 Vix
2519 3812 2703 3857 tamen
2731 3805 2896 3860 debili
2927 3821 3087 3861 crure
3113 3807 3263 3877 ligno
3290 3814 3514 3863 susten—

1923 3901 2074 3958 tato,
2126 3893 2338 3964 reliquo
2390 3909 2523 3949 vero
2558 3910 2789 3965 corpore
2837 3897 3033 3952 baculo
3085 3898 3368 3954 sublevato
3409 3898 3520 3953 tale

1923 3985 2249 4053 obsequium
2276 3986 2539 4040 exercuit.
2572 3987 2829 4042 Attamen
2874 3989 3021 4044 vires
3051 4005 3190 4059 quas
3219 3990 3520 4046 invalitudo

1924 4075 2242 4146 denegavit,
2277 4077 2564 4133 obediendi
2606 4079 2825 4136 devotio
2868 4081 3221 4137 ministravit.
3270 4081 3521 4138 Psalmo's

1922 4168 2127 4237 quippe
2156 4184 2265 4223 non
2295 4178 2540 4237 noverat,
2573 4172 2737 4227 verba
2762 4181 2940 4229 tamen
2959 4189 3089 4243 qua:
3121 4173 3362 4231 fidelium
3393 4190 3523 4229 nar-

1925 4259 2139 4317 ratione
2165 4261 2249 4316 vel
2278 4262 2654 4319 admonitione
2681 4274 3019 4336 perceperat,
3046 4266 3294 4324 devotius
3328 4267 3524 4338 invigi-

1927 4352 2110 4420 lando,
2156 4355 2469 4426 saepiusque
2514 4356 2572 4410 in
2603 4358 2827 4413 modum
2870 4358 3061 4427 veniae,
3099 4358 3337 4415 fidelium
3369 4376 3525 4416 more

1927 4444 2327 4513 decumbendo,
2359 4448 2630 4504 sollicitus
2656 4448 3058 4521 frequentabat.
3092 4451 3213 4518 Quo
3236 4452 3436 4508 ibidem
3466 4453 3523 4508 in

1859 4548 1906 4607 ί)
1933 4537 2037 4592 hac
2071 4538 2358 4594 sedulitate
2386 4539 2600 4596 firmius
2629 4543 2991 4611 perdurante,
3036 4552 3091 4598 et
3119 4543 3312 4598 altiora
3342 4559 3522 4614 quan-

1934 4635 2057 4683 tum‘
2074 4629 2147 4684 ad
2178 4644 2238 4684 se
2264 4629 2531 4699 proficere
2572 4626 2883 4704 satagente,
2914 4635 3150 4704 quadam
3180 4635 3268 4690 die
3300 4633 3526 4690 Sabbati

1929 4719 2002 4773 ad
2032 4734 2335 4789 vesperam,
2360 4721 2491 4775 dum
2516 4722 2574 4776 in
2603 4724 2774 4779 choro
2795 4725 3106 4795 vespertina
3131 4726 3253 4781 laus
3284 4727 3522 4793 canitur,

1933 4809 2050 4880 ipse
2073 4810 2230 4880 juxta
2252 4811 2567 4881 sepulcrum
2603 4814 2919 4884 pontiﬁcale
2942 4817 3332 4887 prosternitur,
3356 4825 3411 4873 et
3450 4818 3528 4874 ili

1936 4899 2145 4955 diutius
2173 4909 2268 4956 aut
2296 4916 2514 4969 somno,
2537 4912 2632 4959 aut
2650 4906 2857 4961 exstasi
2883 4906 3042 4977 quasi
3068 4906 3366 4965 immobilis
3388 4908 3529 4965 deti-

1935 4999 2117 5058 netur,
2140 5000 2216 5059 et,
2244 5000 2307 5048 ut
2334 4993 2450 5063 ipse
2472 5004 2663 5064 postea
2699 4994 2992 5066 fatebatur,
3024 4997 3354 5054 intolerabili
3384 5015 3524 5071 qua-

1932 5082 2062 5138 dam
2090 5085 2462 5141 membrorum
2490 5102 2556 5142 ac
2582 5102 2876 5144 nervorum
2903 5072 3262 5158 distensione,
3279 5093 3365 5147 vel
3395 5108 3527 5148 con-

1935 5173 2201 5230 tractione
2252 5174 2601 5232 invisibiliter
2646 5179 2943 5233 cruciatur.
3006 5177 3117 5234 Sed
3166 5179 3315 5235 finita
3365 5181 3527 5237 laude

1933 5267 2091 5335 quasi
2115 5275 2407 5337 soporatus
2438 5270 2697 5335 surrexit,
2733 5279 2788 5325 et
2824 5271 2973 5325 velut
3001 5272 3124 5341 plus
3153 5272 3317 5328 solito
3354 5290 3532 5344 tegm-

1934 5365 2078 5421 tans,
2109 5358 2197 5414 vix
2248 5360 2620 5418 habitaculum
2674 5362 2909 5434 repetiit.
2962 5356 3272 5437 Statimque
3321 5366 3526 5421 lectulo

1939 5540 2223 5596 canonicis
2246 5540 2518 5598 fundarat.
2545 5543 2716 5598 Porro
2744 5553 2930 5600 monet
2974 5543 3357 5606 Heusciienius
3385 5557 3529 5606 nen—

1940 5612 2087 5666 nulla
2110 5612 2201 5666 hic
2230 5612 2285 5670 in
2309 5614 2494 5672 codice
2518 5615 2811 5673 Graeciensi
2837 5615 2905 5673 de
2928 5619 3105 5675 tribus
3133 5620 3529 5679 S..Godeltardi

1938 5683 2697 5761 Immimisjsucccssoripus,
2729 5686 3043 5745 Thietmaro
3083 5693 3311 5761 scilicet,
3342 5693 3529 5751 Akcli—

1944 5772 2034 5824 no,
2057 5766 2109 5813 et
2132 5756 2389 5814 Helizone
2420 5774 2518 5815 seu
2551 5756 2834 5829 Ethelone,
2866 5761 3070 5821 haberi.
3106 5804 3115 5812 .

3532 5944 3533 5947 η
3563 5895 3603 5930 *-
