4018 6398
628 347 766 405 1199

624 459 928 518 collocabat
955 467 1035 528 se,
1067 454 1121 516 et
1146 472 1244 531 per
1271 467 1445 515 totam
1475 467 1689 514 noctem
1717 457 1772 515 in
1801 449 1895 518 illa
1937 457 2224 513 membro-.

626 567 750 609 rum
780 550 1135 607 distractione
1175 551 1369 606 durius
1394 550 1683 606 laborabat
1714 566 1727 602 :
1763 549 1859 605 sed
1892 550 2055 621 paulo
2088 557 2216 604 ante

642 641 957 697 natutinum
987 641 1207 696 tandem
1230 641 1442 711 sopitus
1461 640 1742 707 dormivit,
1775 648 1831 695 et
1853 639 2126 696 somnium
2157 640 2213 694 in

634 746 739 804 juo
771 748 994 811 surgere
1018 743 1074 788 et
1107 734 1174 788 ad
1195 733 1481 789 ecclesiam
1509 733 1575 787 ad
1592 732 1847 803 agendas
1870 731 1982 787 Deo
2010 731 2214 803 gratias

628 839 922 898 properare
950 825 1141 896 jussus
1164 833 1249 881 est
1278 824 1433 879 vidit.
1464 823 1671 880 Somno
1700 832 1884 878 tamen
1912 824 2033 879 cito‘
2062 823 2213 877 exci-

629 928 719 974 tus
746 917 1002 985 surrexit,
1030 932 1265 988 moxque
1290 926 1501 972 remoto
1528 916 1779 972 femorali
1808 916 2212 983 sustentaculo,

588 1004 593 1009 ’
631 1011 946 1081 rejectoque
974 1010 1191 1077 baculo,
1222 1009 1530 1065 matutinali
1560 1009 1697 1064 hora
1730 994 1784 1063 et
1816 1008 2102 1063 ecclesiam
2131 1008 2216 1062 in-

630 1100 815 1168 travit,
845 1108 899 1157 et
926 1115 1111 1156 coram
1139 1100 1396 1157 omnibus
1422 1099 1593 1156 Deum
1618 1100 1856 1155 evidenti
1880 1098 2216 1170 professione

630 1191 898 1259 laudavit,
925 1199 979 1247 et
1025 1191 1372 1263 postmodum
1424 1192 1479 1249 in
1508 1191 1672 1247 ﬁnem
1714 1191 1844 1246 vita:
1889 1191 2212 1258 incolumis,

630 1290 837 1352 quanto
864 1282 1092 1350 diutius,
1122 1284 1276 1339 tanto
1297 1283 1548 1339 devotius
1577 1282 1926 1339 ministravit.

704 1373 793 1430 52.
833 1372 1030 1429 Mulier
1056 1373 1223 1429 etiam
1261 1375 1542 1445 quaedam,
1571 1376 1794 1430 nomine
1819 1373 2073 1441 Mersvid,
2096 1390 2215 1431 om-

631 1461 793 1520 nibus
820 1464 1107 1520 nobiscum
1130 1465 1606 1521 commanentibus
1632 1464 1939 1529 notissima,
1963 1480 2086 1535 qua:
2119 1481 2216 1535 per

631 1555 834 1612 multos
861 1570 1038 1613 annos
1064 1556 1286 1612 errabat
1325 1572 1500 1625 caeca,
1530 1556 1598 1611 ad
1622 1556 1765 1611 idem
1793 1556 1938 1610 beati
1966 1556 2216 1626 praesulis

602 1646 963 1716 sepulcrum,
996 1647 1052 1702 in
1074 1649 1377 1705 crastinum
1397 1655 1525 1719 post
1543 1647 1987 1718 Aswmptionem
2014 1656 2217 1703 sancte

629 1735 836 1806 Mariae,
859 1753 1047 1795 coram
1073 1740 1222 1795 clero
1248 1748 1305 1796 et
1329 1739 1535 1810 populo
1562 1747 1648 1793 est
1673 1737 1998 1793 illuminata.

700 1829 789 1885 55.
831 1828 1067 1899 Quidam
1091 1847 1310 1903 quoque
1334 1830 1576 1887 rusticus
1598 1830 1666 1885 de
1694 1845 1834 1901 pago
1855 1829 2099 1885 ecclesia:
2122 1829 2216 1900 qui

630 1917 924 1978 Holthla‘on
953 1922 1173 1992 dicitur,
1213 1923 1436 1979 nomine
1475 1922 1648 1978 Emko
1678 1921 1968 1994 [Deniko],
2005 1922 2216 1977 diutina

604 2058 607 2061 .
630 2010 950 2069 inﬁrmitate
970 2012 1357 2071 miserabiliter
1383 2011 1660 2085 fatigatus,
1685 2014 2055 2069 contractione
2076 2014 2218 2069 lum-

631 2102 826 2158 borum
854 2118 950 2175 per
980 2104 1183 2161 multos
1217 2120 1393 2161 annos
1435 2113 1520 2161 est
1546 2119 1771 2160 crurum
1815 2104 1992 2161 ofﬁcio
2017 2106 2218 2176 spolia-

630 2206 722 2256 tus
745 2201 871 2273 :qui
893 2202 1111 2258 tandem
1135 2204 1204 2260 ad
1225 2204 1328 2259 viri
1351 2204 1525 2260 sancti
1554 2205 1873 2260 memoriam
1896 2205 2218 2268 haculorum

603 2294 1030 2350 .sustentatione
1058 2295 1151 2351 vix
1174 2296 1305 2351 dum
1341 2296 1706 2367 proreptando
1735 2296 2004 2365 pervenit,
2036 2296 2219 2366 ibique

631 2385 686 2438 in
717 2385 1093 2443 anniversario
1124 2387 1246 2458 ejus
1272 2388 1361 2444 die
1391 2389 1657 2460 integram
1692 2388 1983 2443 sanitatem
2031 2403 2218 2442 coram

631 2476 776 2533 clero
801 2485 857 2533 et
886 2479 1120 2548 populo,
1150 2479 1409 2536 omnibus
1432 2480 1592 2535 nobis
1625 2479 1965 2535 intuentibus
1994 2479 2215 2550 recepit.

702 2568 791 2623 54.
831 2567 1042 2626 Nobilis
1069 2585 1201 2627 vero
1231 2572 1484 2643 quaedam
1522 2570 1727 2627 femina
1760 2586 1872 2627 non
1910 2572 2124 2643 ignem,
2153 2573 2221 2628 de

631 2658 944 2731 episcopatu
967 2661 1332 2731 Mindonensi,
1364 2662 1531 2719 Siuve
1560 2663 1807 2729 nomine,
1837 2663 2073 2733 puellam
2104 2662 2219 2720 fra-

631 2751 731 2807 tris
758 2752 845 2807 sui
873 2750 1039 2808 ﬁliam
1065 2754 1314 2820 nutrivit,
1345 2770 1510 2827 quam
1541 2754 1598 2809 in
1631 2754 1811 2810 locum
1843 2755 1967 2810 ﬁliae
2001 2756 2223 2826 adopta—

631 2852 745 2898 tam
767 2843 959 2901 intime
986 2844 1174 2901 dilexit
1201 2864 1215 2900 :
1248 2861 1372 2917 quae
1393 2846 1714 2919 gravissima
1743 2845 2058 2903 inﬁrmitate
2083 2863 2222 2917 prte-

632 2943 814 3003 venta,
844 2935 1141 3007 periclitari
1170 2939 1368 3008 erepit,
1405 2946 1461 2993 et
1487 2938 1649 3009 quasi
1687 2947 2018 3009 praemortua
2054 2940 2221 2995 biduo

631 3028 903 3103 exanimis
938 3028 1176 3100 jacebat.
1226 3029 1557 3103 Propinquis
1594 3045 1726 3085 vero
1764 3045 1890 3084 cum
1930 3030 2139 3086 familia
2166 3039 2221 3086 et

633 3120 844 3181 civibus
872 3122 1272 3190 assidentibus,
1323 3130 1379 3178 et
1402 3130 1614 3178 tantam
1660 3122 1856 3192 puellae
1895 3122 2220 3193 elegantiam

631 3229 736 3285 pro
765 3214 1054 3286 multiplici
1092 3215 1661 3272 miseratione‘amare
1694 3213 2041 3283 dedentibus,
2080 3231 2221 3272 anus

630 3307 882 3379 quaedam
902 3348 918 3376 ,
948 3322 1073 3379 qua:
1113 3308 1183 3364 ad
1211 3307 1503 3365 ecclesiam
1529 3307 1830 3374 serviebat,
1859 3308 1927 3362 de
1957 3306 2220 3364 memoria

629 3399 809 3455 nostri
856 3400 1110 3470 praesulis
1150 3414 1461 3458 sermonem
1506 3399 1732 3467 habuit,
1780 3405 1837 3455 et
1877 3399 2112 3470 qualiter
2152 3401 2223 3456 ad

628 3491 754 3562 ejus
778 3492 1053 3547 tumulum
1086 3492 1289 3547 inﬁrmi
1318 3509 1414 3563 per
1435 3493 1677 3548 divinam
1700 3492 2109 3549 miserationem
2133 3509 2223 3548 sa-

631 3591 898 3639 narentur
940 3584 1213 3655 exposuit.
1253 3583 1829 3656 Cujusadmonitione
1851 3587 2071 3642 domina
2103 3587 2222 3657 ipsa

630 3687 960 3747 compuncta
980 3718 995 3745 ,
1038 3678 1350 3734 matutinali
1381 3687 1625 3748 tempore
1658 3679 1947 3734 ecclesiam
1976 3680 2219 3747 intravit,

630 3775 687 3823 et
715 3782 903 3823 coram
931 3768 1094 3824 altari
1135 3777 1433 3839 prostrata,
1478 3768 1723 3840 profusis
1767 3771 2046 3842 lacrymis,
2087 3771 2219 3839 Deo,

632 3869 946 3931 sanctzeqne
968 3859 1185 3927 Mariae,
1230 3869 1287 3916 et
1326 3861 1472 3916 beati
1497 3861 1664 3916 etiam
1708 3862 1961 3931 praesulis
2003 3863 2220 3929 animae,

630 3967 733 4022 pro
754 3951 942 4008 eadem
963 3967 1064 4007 sua
1086 3959 1247 4023 nepte
1268 3953 1573 4009 oblationes
1597 3952 1790 4008 intima
1812 3954 2102 4009 devotione
2124 3956 2222 4009 de-

592 4038 809 4108 ’vovit;
831 4050 887 4097 et
909 4042 1193 4110 continuo,
1236 4050 1299 4097 ut
1320 4044 1438 4114 ipsa
1464 4044 1622 4100 nobis
1664 4034 1843 4099 flendo
1878 4044 2107 4114 juravit,
2132 4062 2223 4101 re-

632 4133 888 4204 grediens
934 4134 1175 4203 puellam
1230 4134 1348 4205 jam
1388 4136 1697 4202 videntem,
1740 4136 1857 4206 jam
1911 4137 2224 4207 loquentem

631 4224 855 4294 reperit,
883 4240 1007 4294 qua:
1039 4224 1390 4282 refectionem
1421 4229 1597 4298 petiit,
1619 4237 1674 4283 et
1701 4230 2031 4298 accepit,.et,
2063 4231 2225 4287 Chri-

632 4324 720 4372 sto
742 4331 842 4385 pro
875 4316 1020 4371 beati
1042 4316 1145 4371 viri
1188 4318 1398 4373 meritis
1422 4328 1716 4386 annuente,
1756 4322 2044 4376 sanitatem
2088 4324 2226 4379 inte-

633 4422 788 4478 gram
810 4407 1033 4477 recepit.
1059 4406 1235 4491 Qua_m
1261 4410 1429 4464 amita
1452 4410 1622 4481 ipsius
1638 4452 1652 4476 ,
1677 4412 1870 4480 quinto
1892 4421 2013 4482 post
2047 4415 2134 4469 die
2157 4416 2224 4470 ad

635 4505 839 4555 sancta
876 4496 1062 4555 Mariae
1104 4501 1277 4556 altare
1316 4510 1370 4556 et
1410 4503 1477 4557 ad
1518 4503 1791 4558 tumulum
1821 4506 2072 4574 prtesulis
2095 4522 2220 4561 cum

633 4589 924 4660 promissis
951 4591 1326 4649 oblationibus
1368 4594 1622 4661 deduxit,
1672 4603 1729 4650 et
1769 4596 2006 4666 qualiter
2028 4607 2221 4655 sanata

633 4678 731 4749 sit,
751 4696 879 4737 cum
913 4682 1202 4739 sufﬁcienti
1224 4685 1427 4740 civium
1453 4702 1519 4742 ac
1539 4688 1957 4757 provincialium
1992 4705 2220 4748 suorum

632 4773 982 4842 testimonio,
1000 4789 1193 4832 coram
1218 4777 1568 4834 multitudine
1589 4780 1987 4851 comprobavit.
2116 4768 2117 4771 “

705 4947 796 5004 55.
835 4946 1030 5003 Frater
1069 4965 1291 5020 quoque
1330 4960 1519 5011 noster
1560 4969 1670 5008 non
1697 4954 1896 5025 ignotae
1919 4957 2217 5025 memoriae,

632 5034 993 5095 Veicwardus
1016 5038 1139 5113 [al.,
1162 5039 1524 5115 Folchardus]
1549 5044 1851 5117 presbyter,
1881 5062 1949 5102 eo
1979 5056 2222 5118 tempore

633 5128 1013 5186 vicedominus
1039 5173 1055 5198 ,
1085 5141 1275 5202 postea
1299 5142 1488 5190 noster
1525 5138 1851 5206 praepositus
1872 5179 1889 5206 ,
1942 5149 2222 5210 postremo

637 5218 765 5277 felix
784 5221 1289 5296 Brandeburgensis
1310 5225 1565 5282 Ecclesia:
1592 5229 1902 5301 episcopus,
1925 5232 2019 5301 qui
2045 5233 2222 5287 eidem

638 5309 783 5367 Patri
815 5321 1025 5380 nostro,
1051 5322 1114 5370 ut
1133 5317 1390 5373 omnibus
1415 5326 1606 5374 notum
1632 5328 1738 5387 est,
1760 5331 1816 5375 et
1852 5321 2081 5378 ﬁdeliter
2106 5339 2225 5378 ser—

638 5404 770 5460 vivit
804 5414 861 5461 et
892 5406 1091 5463 intime
1120 5409 1479 5480 complacuit,
1525 5426 1652 5466 cum
1683 5421 1809 5482 post
1839 5414 2051 5469 obitum
2099 5415 2220 5485 ejus

636 5561 820 5685 agit.)
859 5560 1171 5634 Bamberg.,
1232 5567 1495 5621 reverendi
1557 5569 1825 5638 pontiﬁcis
1876 5572 2045 5625 nostri
2096 5568 2222 5667 We-

713 5700 822 5773 (74)
866 5699 957 5758 Sic
979 5702 1107 5773 dicti
1136 5715 1263 5761 sunt
1287 5706 1385 5761 SS.
1410 5706 1656 5773 Cantius,
1684 5709 1986 5765 Cantianus
2007 5711 2220 5766 ctCan-

639 5770 903 5842 tianilius,
939 5774 1033 5845 qui
1059 5772 1181 5833 eum
1209 5776 1371 5832 Proto
1397 5770 1691 5853 paedagogo
1721 5796 1822 5836 suo
1851 5782 1996 5852 passi
2029 5783 2221 5837 dicun-

1500 344 1556 400 S.
1598 343 1997 401 GODEHARDI
2034 341 2343 400 EPISCOPI
2382 338 3004 398 IIILDESHEIMENSIS

2234 460 2294 518 Α
2319 454 2655 526 episcopales
2683 461 2868 510 curtes
2906 467 3059 510 more
3093 454 3255 511 solito
3292 453 3569 524 circuiret,
3601 457 3650 513 in
3685 462 3824 523 villam

3720 352 3822 411 ἔξω

2313 560 2437 616 quae
2462 544 2848 601 Eckershuson
2872 544 2997 618 [al.,
3037 545 3539 621 Aschgereshusen]
3558 550 3732 609 dicitur
3761 558 3827 613 de»

2312 638 2481 706 venit,
2518 646 2573 693 et
2607 637 2664 692 in
2697 638 2923 693 domum
2964 639 3260 709 quamdam
3298 639 3366 694 ad
3402 640 3741 709 prandendum
3765 648 3826 702 di.

2311 738 2551 796 vertens,
2582 729 2873 800 puerulum
2905 730 3105 786 misera
3139 730 3420 802 languoris
3447 732 3733 793 inﬁrmitate
3754 740 3826 795 de-

2312 828 2524 876 tentum
2572 821 2798 889 invenit,
2830 822 2924 893 qui
2958 830 3089 878 tunc
3116 839 3214 894 per
3262 824 3470 894 aliquot
3507 825 3826 897 hebdomadas,

2313 913 2465 967 omni
2493 914 2869 969 membrorum
2898 915 3077 970 oﬁicio
3120 916 3414 971 destitutus
3452 915 3670 986 iacebat,
3709 929 3752 975 et
3779 924 3828 978 ad

2315 1006 2523 1061 exitum
2547 1005 2759 1073 dietim,
2792 1014 2855 1061 ut
2875 1008 3134 1064 omnibus
3168 1008 3473 1075 videbatur,
3498 1012 3830 1082 appropinqua-

2314 1099 2426 1153 bat.
2456 1098 2628 1166 Quem
2661 1099 2805 1155 idem
2827 1101 3131 1172 presbyter,
3164 1100 3308 1157 sicut
3343 1116 3556 1171 semper
3582 1112 3687 1158 erat
3711 1120 3832 1176 super

2314 1191 2517 1247 talibus
2561 1191 2862 1259 miserans,
2906 1193 3259 1266 lacrymando
3301 1194 3509 1251 diutius
3555 1196 3830 1267 intuebatur,

2314 1281 2705 1352 languorisque
2736 1290 2953 1353 tempus
2986 1294 3041 1339 et
3072 1292 3327 1339 eventum
3361 1300 3427 1340 ex
3448 1285 3661 1341 familia
3689 1290 3832 1346 scisci-

2317 1371 2553 1427 tabatur.
2579 1372 2736 1440 Quod
2771 1384 2833 1429 ut
2854 1376 3096 1446 agnovit,
3143 1375 3293 1431 flenti
3325 1377 3507 1443 matri,
3534 1389 3593 1432 ut
3615 1379 3674 1433 ad
3695 1388 3834 1435 tum.

2316 1463 2430 1518 lum
2460 1465 2635 1520 sancti
2662 1465 2935 1536 pontiﬁcis
2961 1468 3216 1525 candelas
3254 1467 3407 1539 juxta
3437 1470 3588 1540 pueri
3610 1486 3836 1531 mensuras

2316 1557 2657 1625 promitteret
2696 1559 2972 1628 persuasit
3014 1578 3027 1613 :
3066 1560 3211 1630 quod
3249 1569 3305 1616 et
3346 1560 3466 1631 ipsa
3514 1563 3681 1618 statim
3705 1564 3835 1619 liben-

2319 1645 2528 1701 tissime
2555 1645 2701 1702 fecit.
2750 1646 2858 1703 Sed
2889 1663 3012 1703 cum
3059 1665 3269 1721 pauper
3310 1651 3403 1706 illa
3449 1666 3625 1708 ceram
3653 1654 3710 1708 ad
3742 1656 3836 1711 talia

2317 1750 2429 1791 non
2470 1737 2723 1806 haberet,
2765 1738 2883 1809 ipse
2904 1754 2972 1794 ex
3011 1739 3126 1794 lino
3161 1738 3472 1815 [lychnum]
3510 1743 3680 1798 lumen
3702 1747 3835 1816 parari

2248 1815 2292 1872 Β
2318 1828 2602 1898 pra‘cepit,
2641 1838 2697 1885 et
2745 1845 2978 1901 puerum
3025 1847 3123 1902 per
3172 1834 3383 1904 singula
3431 1835 3666 1890 membra
3703 1815 3837 1889 metiri

2317 1918 2447 1975 fecit
2475 1929 2538 1975 ut
2565 1930 2714 1977 certe
2743 1938 3062 1979 mensuram
3113 1940 3299 1980 secum
3346 1925 3601 1995 deferret,
3639 1936 3686 1982 et
3708 1944 3837 1997 perse

2316 2011 2559 2082 praestita
2607 2026 2734 2067 cera
2765 2013 3024 2070 candelas
3068 2030 3170 2085 pro
3202 2024 3507 2086 aegrotante
3539 2018 3603 2071 ad
3626 2017 3744 2072 beati
3765 2017 3837 2071 viri

2318 2103 2642 2158 memoriam
2670 2104 2908 2160 offerret.
2939 2104 3061 2172 Quo
3096 2105 3265 2174 facto,
3294 2108 3360 2162 ad
3392 2108 3672 2178 prandium
3691 2125 3837 2165 conse-

2318 2195 2535 2263 derunt,
2567 2202 2622 2251 et
2657 2197 2815 2267 quasi
2838 2198 3015 2252 oblito
3034 2214 3225 2268 puero,
3268 2200 3374 2254 alia
3405 2201 3649 2270 quaedam
3673 2201 3840 2258 interse

2318 2284 2551 2341 fabulari
2582 2296 2885 2359 ceperunt.
2933 2286 3158 2344 interim
3189 2305 3320 2346 vero
3360 2306 3504 2361 puer
3530 2292 3661 2347 mira
3694 2292 3838 2348 celeri-

2319 2387 2429 2435 tate
2446 2381 2604 2451 quasi
2633 2396 2702 2435 ex
2730 2390 2906 2436 morte
2927 2383 3146 2450 revixit,
3169 2384 3300 2438 etin
3330 2383 3477 2440 lecto
3497 2386 3693 2441 cunctis
3714 2383 3843 2439 admi-

2318 2473 2568 2527 rantibus
2598 2473 2820 2538 resedit,
2878 2482 2932 2528 et
2967 2480 3161 2528 vocata
3191 2482 3365 2529 matre
3387 2475 3461 2530 de
3501 2483 3665 2531 stratu
3703 2489 3843 2546 prore-

2318 2564 2447 2635 psit,
2475 2572 2531 2619 et
2556 2563 2912 2619 refectionem
2956 2564 3133 2635 petiit,
3178 2574 3233 2619 et
3255 2566 3452 2621 eodem
3480 2575 3730 2620 momento
3750 2580 3841 2635 per-

2319 2656 2481 2726 cepit,
2504 2665 2558 2710 et
2585 2664 2773 2727 postea
2798 2670 2899 2727 pro
2930 2655 3077 2711 beati
3102 2655 3207 2710 viri
3230 2655 3449 2713 meritis
3469 2656 3734 2713 incolumis
3755 2669 3843 2726 pcr-

2320 2748 2544 2803 mansit.

2391 2838 2480 2894 56.
2521 2839 2652 2893 Erat
2696 2840 2864 2895 etiam
2907 2839 2963 2895 in
2994 2848 3183 2898 nostra
3227 2843 3645 2914 congregatione
3678 2840 3844 2913 juvenis

2320 2932 2545 3002 quidam
2579 2949 2646 2988 ex
2693 2933 2834 2988 laico
2864 2947 3185 3001 conversus,
3229 2933 3547 2992 Desiderius
3571 2936 3776 3002 nomine,
3805 2942 3845 2988 et

2320 3030 2512 3081 eodem
2552 3026 2712 3082 beato
2753 3027 2876 3082 viro
2912 3027 3136 3097 jubente
3183 3029 3240 3083 in
3281 3029 3435 3084 clero
3482 3034 3846 3091 tonsoratus,ct

2322 3132 2498 3188 usque
2527 3117 2597 3172 ad
2641 3118 2966 3175 diaconatus
3012 3120 3261 3175 ordinem
3310 3128 3600 3190 promotus
3627 3141 3639 3172 -.
3668 3128 3714 3173 et
3752 3116 3845 3199 quia

2321 3209 2542 3279 plenum
2569 3201 2808 3263 ollicium
2838 3210 3110 3266 cantando
3149 3218 3205 3266 et
3230 3211 3464 3282 legendo
3491 3226 3613 3267 cum
3643 3209 3845 3264 fratribus

2322 3299 2670 3370 frequentare
2682 3313 2791 3354 non
2813 3300 3172 3369 pot‘uit,eum,
3195 3317 3264 3357 ne
3287 3301 3510 3373 penitus
3531 3306 3740 3364 vacaret,
3754 3310 3844 3352 cum

2323 3390 2644 3446 custodibus
2671 3392 2921 3447 ecclesiae
2961 3393 3281 3448 ministrare
3326 3393 3604 3463 praecepit.
3638 3390 3846 3458 Tempore

2323 3490 2507 3537 autem
2551 3481 2759 3537 Azelini
2802 3483 2976 3538 nostri
3007 3484 3258 3553 praesulis
3281 3470 3422 3553 (73),
3454 3492 3577 3554 post
3603 3479 3846 3538 miserabile

2324 3572 2638 3628 incendium
2656 3573 2829 3627 nostri
2852 3574 3194 3641 monasterii,
3217 3574 3349 3629 dum
3373 3574 3522 3629 idem
3541 3573 3694 3629 frater
3711 3578 3844 3625 noster

2323 3666 2468 3722 infra
2510 3666 2736 3722 festivos
2765 3667 2882 3722 dies
2920 3665 3230 3724 Nativitatis
3271 3666 3516 3735 Domini,
3556 3666 3763 3737 quadam
3777 3676 3846 3716 ve-

2325 3774 2483 3829 spera
2517 3759 2572 3813 in
2599 3759 2805 3815 scholis
2828 3775 2954 3815 cum
2980 3760 3169 3829 pueris
3190 3760 3612 3815 sermocinando
3636 3753 3846 3816 consedit.

2326 3852 2506 3907 subita
2552 3850 2794 3906 caecitate
2840 3850 3225 3906 miserabiliter
3264 3852 3556 3921 perculsus
3597 3847 3783 3911 cecidit,
3810 3851 3845 3899 et

2325 3945 2431 4000 alia
2464 3944 2629 3998 etiam
2671 3943 2987 3998 inﬁrmitate
3034 3953 3445 4011 concrescente,
3485 3945 3641 4014 longo
3664 3951 3845 4008 tempore

2324 4036 2601 4093 decubuit.
2651 4036 3121 4106 Quadragesimali
3162 4052 3295 4092 vero
3348 4045 3629 4107 tempore,
3666 4033 3846 4089 caecitate

2325 4130 2579 4195 durante,
2599 4145 2666 4183 ex
2694 4127 3012 4183 inﬁrmitate
3031 4130 3328 4194 convaluit,
3350 4138 3406 4184 et
3423 4130 3695 4185 ecclesiam
3711 4123 3847 4179 debito

2325 4237 2480 4277 more
2500 4220 2855 4291 frequentans
2881 4220 2950 4275 ad
2997 4221 3307 4288 pontiﬁcale
3345 4222 3651 4291 sepulcrum
3686 4232 3762 4288 spe
3781 4229 3845 4269 sa-

2326 4315 2492 4371 nandi
2515 4314 2714 4383 saapius
2738 4320 3046 4383 prostratus
3073 4313 3384 4383 procubuit,
3417 4322 3473 4368 et
3514 4311 3717 4381 contigit
3748 4320 3845 4376 qua-

2325 4405 2451 4460 dam
2484 4404 2618 4459 feria
2654 4411 2781 4458 ante
2802 4403 3041 4469 Pascha,
3093 4413 3243 4460 certe
3284 4405 3339 4458 in
3382 4402 3635 4458 Kalendis
3673 4397 3845 4469 Aprilis.

2252 4505 2301 4564 ι)
2326 4497 2546 4567 quando
2586 4496 2928 4553 celebramus
2958 4497 3253 4552 adventum
3284 4497 3637 4568 reliquiarum
3678 4499 3845 4548 sancto-

2322 4601 2447 4640 rum
2475 4585 2872 4640 Cantianorum
2899 4586 3013 4657 (74)
3039 4596 3366 4658 martyrum,
3388 4588 3519 4643 dum
3553 4587 3605 4639 in
3625 4577 3847 4639 matutinis

2323 4675 2523 4731 ibidem
2556 4677 2940 4746 procumberet
2963 4718 2978 4744 ,
3030 4677 3176 4731 illico
3211 4678 3370 4747 quasi
3407 4678 3676 4747 pruriente
3700 4671 3845 4725 dextro

2324 4770 2484 4826 oculo
2506 4777 2562 4824 ct
2597 4770 2790 4825 durius
2821 4784 2986 4824 nianu
3026 4768 3363 4836 confricata,
3406 4766 3626 4838 sanguis
3652 4778 3743 4817 non
3761 4771 3845 4812 mo-

2322 4860 2480 4915 dicus
2504 4861 2773 4930 prorupit,
2800 4868 2855 4914 et
2876 4860 3059 4915 statim
3088 4861 3143 4915 in
3168 4861 3357 4915 eodem
3382 4860 3544 4915 oculo
3566 4859 3722 4913 visum
3745 4864 3842 4907 recc

2323 4950 2421 5021 pit,
2452 4964 2553 5019 pro
2580 4966 2689 5020 qua
2732 4950 3022 5005 clementia
3063 4950 3245 5005 divina
3273 4952 3451 5021 pietas
3474 4951 3544 5003 ab
3573 4938 3843 5001 omnibusin

2326 5058 2618 5098 commune
2649 5042 2995 5109 laudabatur,
3026 5050 3081 5097 et
3109 5058 3210 5111 pro
3248 5043 3460 5112 reliquo
3502 5041 3651 5096 solita
3671 5036 3841 5091 miser:-

2324 5133 2492 5189 tionis
2518 5132 2733 5187 Domini
2773 5133 3012 5203 potentia
3059 5134 3497 5204 exspectabatur.
3534 5131 3655 5185 Post
3684 5122 3843 5179 Pascha

2323 5241 2453 5281 vero
2482 5224 2536 5279 in
2558 5225 2935 5280 anniversario
2959 5224 3046 5278 die
3067 5225 3242 5279 sancti
3266 5223 3444 5279 Patris
3472 5221 3653 5285 nostri,
3688 5229 3787 5273 cum
3805 5211 3842 5263 in

2325 5317 2445 5386 ejus
2489 5315 2755 5370 memoria
2796 5316 2966 5370 missa
2993 5330 3093 5386 pro
3128 5315 3401 5370 defunctis
3436 5315 3508 5368 ab
3532 5312 3758 5381 episwpo
3779 5316 3839 5355 α’·

2324 5410 2533 5465 lebrata
2583 5416 2706 5476 est,
2752 5417 2999 5478 tempore
3040 5408 3380 5462 oblationum
3419 5420 3601 5460 coram
3649 5401 3770 5456 clero
3803 5398 3840 5445 et

2326 5578 2419 5623 tur
2441 5566 2739 5637 Aquilegite
2763 5565 2937 5635 pridie
2961 5563 3186 5620 Kalend.
3212 5564 3381 5637 Junii.
3408 5563 3608 5637 Eorum
3627 5560 3839 5637 ραεξῇοῐξξῦ

2326 5630 2563 5694 Historia
2587 5630 2845 5691 tribuitur
2862 5645 3052 5690 sancto
3072 5636 3361 5690 Ambrosio
3377 5634 3514 5703 apud
3534 5630 3835 5703 Motibriliu'ﬂt;

2326 5689 3039 5776 Kiiave—x‘antiquoicndice
3083 5722 3185 5760 ms.
3228 5689 3601 5776 C.7V.A'Ulrici
3639 5689 3837 5753 Obrech“

2325 5782 2469 5838 edita
2493 5779 2650 5835 estin
2678 5774 2989 5848 A'ppendice
3019 5776 3249 5846 liturgire
3277 5774 3581 5832 Gallicanae.
