4018 6382
181 338 319 398 ηας

179 457 384 557 populo
425 465 585 532 quasi
639 468 947 535 inﬁrmatus
993 487 1229 557 corruit,

1216 544 1228 557 ,
1286 544 1327 546 ἡ-
1370 544 1764 570 Γ-..-,...,η...μ

179 544 329 604 illico
348 557 615 625 sanguine
642 576 709 618 ex
752 570 926 628 oculis
954 581 1007 629 et
1032 579 1278 652 naribus,
1319 594 1371 640 et
1415 589 1579 645 etiam
1613 597 1764 650 auri-

176 637 304 749 bus,
352 658 542 749 aperto
576 655 736 712 oculo
783 661 960 718 visum
1006 667 1213 738 liquido

176 731 416 806 denique
448 738 625 799 oﬁicio
658 761 895 821 peracto,
940 750 1231 833 episcopus
1278 768 1464 826 habito
1511 789 1766 834 sermone

176 823 398 933 clerum.
415 838 469 885 et
488 838 749 905 populum
778 845 844 899 ad
871 823 1057 906 laudes
1079 823 1288 913 (lebitas
1313 823 1765 933 Deo

173 915 277 971 das
332 920 656 997 admonuit,
708 942 764 988 et
808 937 1052 1005 profusis
1093 948 1429 1006 unanimiter
1465 955 1762 1030 lacrymis,

180 1004 347 1030 DA--.“
398 1029 406 1030 κ
501 1017 534 1030 ολ
743 1025 755 1030 “

173 1004 352 1065 Deum
396 1017 602 1107 pariter
640 1032 696 1078 et
742 1004 858 1096 ipse
908 1032 1167 1093 laudavit.
1220 1039 1324 1106 Qui
1366 1043 1533 1102 frater
1573 1004 1763 1107 eodeni

94 1158 105 1161 _
173 1110 458 1160 momento
492 1106 615 1180 [al.,
638 1113 770 1188 die],
796 1117 909 1176 Deo
941 1126 1177 1196 gratias,
1213 1133 1433 1201 penitus
1462 1142 1761 1211 convaluit,

1726 386 1892 453 “TA.

3230 488 3236 494 .
3316 400 3459 490 14202

1275 501 1330 546 εί
1370 510 1771 570 Ρτδενωηρθιηθ
1798 512 1844 568 Α
1873 526 2062 569 verum
2121 532 2243 575 esse
2290 525 2566 597 novimus,
2601 531 2730 600 quia
2777 533 2963 604 plures
3016 536 3342 615 plerumque
3388 549 3457 605 ια

1320 594 1371 615 Δ.
1418 589 1576 615 not“...
1615 597 1729 615 ---μέ
2008 606 2023 615 ι
2265 613 2274 615 _

1872 606 2185 675 sepulcrum
2227 613 2347 683 ejus
2380 633 2507 674 cum
2550 622 2920 683 oblationibus
2968 606 3266 699 gaudentes
3295 637 3480 717 adven
3520 667 3527 674 -

1872 695 2027 717 μμ.
2102 716 2107 717 κ
2166 702 2179 715 ι
2800 716 2803 717 ν

1872 695 2050 766 niunt,
2086 702 2179 771 qui
2205 719 2326 762 sese
2348 724 2590 782 suosque
2634 730 2666 771 a
2694 716 2863 774 variis
2892 720 3337 785 tribulationibus
3372 697 3480 785 vel~
3522 727 3525 731 ⁴

1871 786 2279 852 inﬁrmitatibus
2315 801 2476 856 celeri
2502 806 2883 878 subventione,
2918 828 3014 882 per
3048 810 3307 873 virtutum
3336 797 3483 903 ejusi

1870 882 2066 937 merita
2091 884 2351 945 liberatos
2385 894 2601 963 publice
2624 898 2886 957 referunt.
2932 901 3180 978 Namque
3205 900 3267 966 ut
3291 882 3478 969 alicui!

1869 972 2586 1056 aliquidjncommoditatis,
2613 991 2697 1046 vel
2718 993 2977 1051 molestia:
2998 972 3317 1071 occurrerit,
3342 1012 3456 1061 sta-

1870 1064 1967 1120 tim
2012 1082 2139 1123 cum
2180 1071 2248 1126 ad
2292 1077 2470 1132 sancti
2530 1079 2696 1151 hujus
2741 1082 2920 1142 Patris
2983 1092 3326 1161 memeriam,
3368 1096 3455 1152 vel

1866 1158 2063 1216 absens
2099 1162 2390 1223 oblationis
2427 1183 2540 1225 suae
2565 1183 2750 1229 votum
2783 1177 3095 1251 ubicunqde
3116 1184 3451 1256 promiserit,

1863 1253 2052 1321 procul
2077 1254 2245 1311 dubio
2275 1260 2466 1314 eodem
2500 1275 2781 1323 momento
2825 1284 3210 1345 quamcunque
3253 1292 3451 1337 conso-

1862 1343 2123 1401 lationem
2146 1347 2201 1402 in
2228 1364 2357 1405 vera
2379 1351 2484 1409 ﬁde
2512 1371 2739 1425 sperans
2770 1361 3041 1432 obsecrat,
3078 1368 3309 1428 celerius
3330 1387 3451 1428 eam

1864 1441 2077 1498 meritis
2102 1443 2223 1513 ejus
2251 1446 2681 1520 suffragantibus
2720 1455 2995 1527 impetrat,
3034 1458 3155 1533 [per
3178 1476 3330 1531 eum,
3356 1464 3453 1534 qui

1864 1528 2048 1583 omnia
2078 1544 2336 1599 Operatur
2367 1535 2423 1590 in
2453 1540 2733 1608 omnibus,
2759 1528 3051 1602 Dominum
3076 1559 3328 1607 nostrum
3356 1550 3451 1608 Je-

1862 1634 1987 1675 sum
2015 1620 2318 1693 Christum,
2352 1628 2447 1697 qui
2481 1646 2609 1686 cum
2634 1632 2795 1692 Patre
2821 1646 2876 1693 et
2913 1637 3120 1713 Spiritu
3149 1653 3341 1702 sancto
3368 1645 3452 1700 vi-

1860 1714 1938 1769 vit
1960 1724 2013 1771 et
2039 1727 2231 1788 regnat
2253 1719 2307 1774 in
2332 1724 2530 1780 sarcula
2559 1730 2905 1787 saeculorum.
2947 1733 3169 1809 Amen]

658 1981 1021 2057 ΜιΑουιΑ
1058 1991 1289 2052 DECEM
1326 1999 1372 2055 A
1408 1999 1464 2056 S.
1508 2000 1930 2063 GODEHARDO
1970 2008 2231 2080 FACTA,
2275 2012 2421 2069 DUM
2461 2012 2696 2071 ADHUC
2734 2014 2951 2072 ESSET

1668 2096 1913 2154 ABBAS.

153 2242 200 2299 ι.
230 2242 308 2301 De
330 2248 561 2319 quodam
590 2252 946 2330 febricitante,
976 2278 1129 2334 quem
1155 2271 1365 2326 sanavit
1400 2272 1457 2326 in
1484 2271 1741 2329 Bavaria.
1777 2278 1819 2337 Β
1848 2286 1922 2332 ta.
1955 2297 1974 2330 ι
2021 2277 2089 2334 Et
2110 2280 2187 2335 ait
2211 2289 2438 2339 sanctus
2481 2281 2842 2343 Godebardus
2867 2304 2880 2341 :
2912 2303 2930 2339 ι
2960 2285 3020 2342 In
3044 2288 3288 2347 ’nomine
3306 2288 3443 2349 Jesu
3470 2360 3471 2367 η

228 2356 316 2417 58.
353 2359 596 2421 Joannes
638 2369 860 2441 quidam
891 2375 1029 2439 civis
1068 2360 1409 2442 Pataviensis
1454 2386 1620 2445 febris
1657 2391 1745 2445 in-

149 2452 448 2509 commodo
467 2459 770 2516 vexabatur
790 2481 887 2534 per
906 2467 1069 2541 longa
1095 2480 1360 2546 tempora.
1386 2477 1627 2553 Contigit
1647 2499 1746 2539 au-

149 2548 268 2615 tem
295 2552 357 2600 ut
401 2557 635 2607 sanctus
659 2551 820 2610 Pater
847 2557 1208 2623 Godebardus
1247 2569 1431 2625 adhuc
1477 2548 1648 2630 abbas
1686 2576 1745 2631 in

149 2648 261 2691 suo
291 2643 629 2699 monasterio
654 2646 869 2717 Altaeh,
902 2667 1003 2722 pro
1024 2659 1243 2728 negotio
1276 2660 1406 2717 dicti
1435 2665 1519 2719 sui
1554 2682 1746 2725 mona-

148 2720 305 2783 sterii
331 2728 611 2790 Pataviam
642 2739 940 2812 adveniret,
968 2754 1023 2803 et
1043 2748 1293 2808 inﬁrmus
1317 2754 1425 2821 ille,
1452 2757 1625 2827 ipsius
1650 2775 1745 2815 co-

146 2819 303 2890 gnita
322 2828 631 2895 praesentia,
656 2829 879 2889 ﬁ'atrem
906 2852 1066 2894 suum
1093 2842 1244 2899 misit
1266 2847 1333 2901 ad
1356 2864 1739 2923 eum,rogans,

148 2919 215 2966 ut
234 2912 416 2983 ipsum
448 2934 618 2976 causa
648 2921 746 2978 Dei
771 2926 998 2985 visitare
1028 2932 1344 3005 dignaretur
1369 2958 1382 2994 :
1411 2912 1556 3011 quod
1579 2912 1634 2998 et
1663 2943 1742 3001 fe-

147 3003 247 3060 cit.
275 3004 424 3064 Visis
451 3020 635 3068 autem
671 3015 849 3086 ipsius
876 3003 1159 3093 inquibus
1188 3003 1447 3087 decubuit
1472 3033 1737 3105 febribus,

144 3094 435 3168 ingemuit,
458 3111 512 3157 et
532 3105 608 3160 ait
632 3124 644 3160 :
679 3126 698 3160 ι
726 3106 771 3163 Ο
792 3120 945 3179 pater
970 3114 1164 3185 Adam,
1189 3120 1317 3189 quis
1343 3131 1392 3176 te
1418 3130 1525 3178 tam
1549 3094 1739 3183 celeri;

145 3191 233 3253 ter
256 3194 571 3261 excaacavit,
619 3207 682 3255 ut
725 3201 1000 3259 mandatis
1030 3203 1127 3261 Dei
1173 3213 1437 3268 creatoris
1477 3216 1555 3269 tui
1601 3233 1735 3272 eon-

144 3279 367 3350 traires,
393 3293 447 3339 et
478 3293 558 3341 tot
584 3290 745 3346 malis
780 3308 884 3349 nos
910 3311 1103 3354 omnes
1122 3312 1346 3370 peccato
1379 3314 1475 3361 tuo
1501 3309 1736 3379 subjice-

142 3384 237 3428 res
263 3374 276 3427 !
300 3364 453 3432 "Ecce
486 3388 611 3448 post
634 3382 768 3452 haec,
800 3401 924 3456 qua:
945 3364 1318 3461 temperanter
1353 3398 1440 3453 hic
1471 3364 1732 3470 patimur,

142 3465 257 3521 nisi
305 3471 560 3528 mandata
606 3474 726 3546 ejus
772 3483 1198 3554 servaverimus,
1253 3493 1584 3548 aeternaliter
1620 3497 1735 3565 pati

142 3552 542 3641 formidamus;
571 3573 626 3621 et
651 3568 755 3622 erit
787 3570 893 3627 hoc
939 3575 1144 3631 malum
1190 3584 1484 3650 temporale
1514 3584 1731 3641 initium

142 3646 308 3702 nobis
337 3638 606 3709 malorum
636 3665 987 3717 aeternorum.
1012 3683 1032 3715 ι
1067 3664 1183 3723 Iloc
1204 3678 1385 3725 autem
1408 3689 1533 3728 cum
1562 3676 1733 3736 dixis-

142 3744 252 3803 set,
276 3741 550 3811 accipiens
578 3749 843 3818 scyphum
872 3756 1190 3826 quemdam,
1222 3771 1273 3815 et
1306 3762 1491 3819 vinum
1520 3767 1578 3823 in
1604 3784 1730 3824 eum

142 3824 404 3898 fundens,
430 3833 588 3905 signo
614 3839 795 3896 crucis
824 3842 1098 3913 signatum
1138 3824 1437 3920 benedixit,
1479 3864 1536 3912 et
1564 3859 1734 3914 tradi-

142 3918 227 3974 dit
252 3920 369 3977 viro
401 3923 768 3998 decumbenti,
808 3931 1036 3991 dicens:
1068 3958 1085 3989 ι
1114 3939 1263 4007 Bibe,
1299 3918 1486 4013 frater,
1512 3947 1569 4003 in
1632 3966 1734 4006 no-

142 4013 296 4070 mine
341 4015 557 4075 Domini
587 4024 758 4078 nostri
800 4023 929 4081 Jesu
956 4027 1181 4096 Christi,
1207 4043 1264 4090 et
1302 4037 1357 4092 in
1398 4054 1465 4095 eo
1513 4043 1733 4101 confor—

141 4111 281 4161 tare.
305 4125 327 4160 ι
362 4107 467 4175 Qui
495 4111 633 4167 bibit
652 4115 933 4175 conﬁdens
957 4121 1011 4174 in
1039 4121 1135 4179 Dei
1167 4120 1458 4188 clementia
1479 4143 1534 4190 et
1555 4139 1751 4217 sancti,

138 4197 252 4251 viri
281 4202 525 4270 meritis;
560 4204 707 4262 illico
736 4212 978 4266 surrexit
1017 4216 1086 4272 ab
1121 4222 1268 4275 omni
1303 4221 1473 4281 febris
1514 4228 1726 4285 incom-

138 4286 310 4342 modo
344 4292 564 4360 penitus
585 4295 873 4367 liberatus,
901 4308 955 4357 et
977 4303 1074 4359 ivit
1106 4308 1175 4363 ad
1211 4312 1499 4370 ecclesiam
1545 4316 1728 4376 Sancti

141 4375 408 4450 Stephani
433 4383 663 4443 laudans
686 4387 877 4446 Deum.

137 4491 208 4549 ll.
246 4494 324 4551 De
351 4498 582 4569 quodam
611 4506 888 4588 monac/io,
919 4525 1069 4594 quem
1096 4517 1338 4594 precibus
1367 4522 1478 4575 suis
1520 4540 1553 4577 a
1589 4526 1729 4594 febre

638 4577 951 4632 acutissima
973 4577 1234 4640 liberavit.

212 4656 300 4713 59.
326 4658 422 4714 Vir
447 4672 672 4720 sanctus
694 4666 1055 4729 Godehardus
1080 4678 1724 4754 monachumquemdam

133 4750 208 4806 de
250 4757 587 4811 monasterio
614 4773 717 4815 suo
740 4759 932 4818 Altach
963 4765 1032 4820 ad
1076 4774 1471 4829 monasterium
1509 4776 1721 4837 HCI‘VCI-

134 4840 308 4897 dense
332 4859 516 4900 secum
539 4847 723 4917 duxit;
749 4852 846 4921 qui
887 4867 1012 4923 post
1036 4857 1234 4914 ibidem
1274 4860 1512 4920 febrium
1558 4873 1727 4928 mole-

1848 2368 2075 2439 Cbristi,
2114 2374 2209 2443 qui
2260 2375 2511 2446 graviora
2550 2392 2648 2446 pro
2688 2378 2852 2434 nobis
2897 2380 3206 2453 sustinuitJ
3229 2399 3438 2457 surge;

1846 2469 1899 2515 ct
1917 2448 1978 2515 in
2002 2458 2235 2517 fratrum
2261 2473 2480 2520 tuorum
2505 2468 2732 2539 collegio
2753 2470 2994 2540 psallens
3029 2472 3258 2530 benedic
3290 2491 3439 2543 cum,

1846 2550 1941 2621 qui
1964 2560 2015 2606 te
2041 2566 2142 2606 suo
2179 2554 2445 2624 sanguine
2486 2556 2679 2623 abluit,
2704 2566 2759 2612 et
2782 2558 3030 2615 redemit.
3053 2580 3071 2614 ›
3099 2560 3167 2618 Ει
3188 2563 3442 2621 inﬁrmus

1846 2637 1962 2693 ait:
1993 2659 2011 2692 ι
2047 2639 2277 2714 Surgam
2323 2644 2379 2698 in
2403 2647 2624 2702 nomine
2647 2646 2777 2703 Jesu
2801 2648 3031 2719 Christi,
3053 2662 3107 2709 et
3129 2654 3221 2709 ibo
3241 2655 3308 2710 ad
3339 2672 3440 2726 pa-

1844 2737 1983 2786 trem
2009 2749 2214 2800 meum,
2238 2736 2333 2806 qui
2353 2747 2405 2791 et
2428 2737 2587 2793 Pater
2612 2738 2827 2794 Domini
2852 2743 2958 2797 mei
2977 2740 3105 2799 Jesu
3131 2743 3360 2814 Christi,
3385 2756 3440 2803 et

1843 2819 2023 2877 dicam
2066 2825 2156 2881 ei:
2195 2825 2316 2881 Jam
2361 2844 2469 2883 non
2498 2844 2621 2884 sum
2664 2830 2865 2901 dignus
2889 2835 3074 2889 vocari
3118 2835 3266 2893 ﬁlius
3306 2846 3438 2895 tuus

1845 2911 2063 2982 (Matth.
2094 2917 2307 2987 xv,19),
2334 2918 2426 2973 sed
2455 2918 2540 2974 fac
2563 2937 2777 2976 mecum
2802 2923 3238 2983 misericordiam
3263 2936 3435 2997 tuam,

1841 3006 2001 3075 quasi
2040 3024 2165 3064 cum
2206 3024 2365 3065 servo
2408 3021 2501 3067 tuo
2534 3011 2710 3082 (Paul.
2755 3029 2944 3081 cxvm,
2974 3015 3123 3088 124),
3161 3006 3311 3074 seda
3350 3020 3449 3076 viai

1838 3104 1934 3152 tua
1969 3097 2241 3169 deviaute,
2280 3111 2335 3157 et
2363 3102 2431 3158 ad
2464 3113 2517 3158 te
2558 3104 2854 3161 clementer
2900 3109 3121 3179 suscipe
3161 3120 3438 3167 reverten-

1837 3201 1967 3249 tem.
2003 3214 2022 3247 t
2054 3196 2121 3253 Et
2163 3199 2306 3253 inter
2344 3201 2461 3256 bmc
2484 3202 2647 3256 verba
2692 3204 2952 3271 surrexit,
3000 3214 3055 3260 et
3095 3207 3162 3261 ad
3205 3208 3436 3263 chorum

1837 3285 1956 3353 ivit,
1989 3295 2044 3342 et
2082 3290 2340 3346 omnibus
2364 3292 2783 3360 admirantibus,
2811 3310 2937 3349 cum
2960 3296 3271 3354 astantibus
3314 3298 3435 3353 lau-

1835 3375 1974 3432 dans
2008 3376 2178 3433 Deum
2203 3389 2255 3435 et
2277 3392 2529 3450 cantans,
2553 3382 2853 3440 benedixit.

1835 3486 1924 3543 Ill.
1951 3489 2030 3545 De
2052 3492 2286 3562 quadam
2300 3493 2589 3564 jurcncula
2609 3513 2643 3550 (ι
2665 3496 2906 3552 molestia
2930 3498 3155 3568 febrium
3178 3499 3427 3555 liberata.

1909 3580 1998 3636 60.
2023 3580 2324 3639 Juvencula
2365 3588 2615 3657 quzedam
2642 3589 2697 3643 in
2722 3589 2921 3660 oppido
2960 3589 3334 3659 Teckendorﬁ‘,
3373 3593 3432 3648 in

1838 3673 2112 3729 territorio
2134 3673 2474 3744 Bavaricnsi,
2500 3693 2624 3733 cum
2651 3678 2885 3736 febrium
2911 3683 3165 3739 molestia
3194 3684 3430 3740 nimium

1834 3774 2173 3833 gravaretur,
2188 3769 2440 3824 astabant
2459 3769 2508 3825 ei
2533 3770 2785 3840 quadam
2810 3773 3057 3829 honestae
3080 3772 3317 3844 feminte,
3343 3791 3433 3832 rc-

1834 3852 2073 3910 ferentes
2092 3855 2143 3910 ei
2166 3858 2401 3926 qualiter
2420 3861 2716 3931 praedictus
2738 3862 2793 3917 in
2805 3862 3028 3921 Patavia
3053 3864 3267 3921 meritis
3283 3866 3429 3923 beati

1835 3942 2144 3999 Godchardi
2188 3956 2313 4017 post
2335 3948 2596 4005 haustum
2629 3952 2746 4006 vini
2789 3968 2887 4023 per
2916 3969 3043 4010 eum
3074 3955 3368 4023 benedicti,
3394 3973 3428 4013 a

1834 4032 2069 4089 febrium
2094 4035 2274 4107 rigore
2293 4036 2473 4094 fuerat
2494 4040 2778 4097 liberatus.
2802 4041 3015 4109 Quibus
3038 4044 3261 4113 auditis,
3288 4045 3429 4103 dixit

1834 4124 2052 4181 inﬁrma
2074 4128 2217 4197 patri
2260 4144 2402 4186 suo:
2438 4149 2456 4183 ι
2491 4129 2537 4185 0
2561 4131 2638 4187 mi
2659 4132 2855 4190 dilecte
2884 4145 3059 4206 pater,
3092 4151 3226 4208 rogo
3247 4145 3299 4193 te
3329 4153 3427 4209 per

1831 4214 2020 4273 Jesum
2042 4218 2326 4275 Christum
2351 4230 2412 4277 ut
2449 4223 2636 4280 mittas
2666 4224 2735 4281 ad
2760 4236 3012 4283 sanctum
3044 4228 3224 4285 virum
3247 4229 3427 4286 Gode-

1832 4307 2087 4377 bardum,
2131 4313 2365 4382 petendo
2405 4329 2533 4370 eum
2557 4326 2618 4372 ut
2652 4316 2943 4387 benedieat
2979 4334 3173 4390 parum
3208 4321 3323 4406 vini
3365 4321 3424 4378 in

1831 4402 2030 4471 cupha,
2068 4404 2153 4457 vel
2179 4406 2385 4477 scypho
2410 4422 2534 4475 suo,
2556 4417 2610 4465 et
2632 4410 2812 4466 mittat
2834 4410 2902 4466 ad
2942 4427 3029 4468 me
3051 4422 3111 4468 ut
3131 4402 3314 4468 bibam
3353 4428 3422 4468 ex

1829 4506 1916 4547 eo.
1946 4502 2003 4547 ut
2024 4494 2245 4549 allevier
2265 4513 2296 4550 a
2337 4495 2553 4555 fervore
2586 4500 2821 4557 febrium
2857 4503 3059 4574 quibus
3082 4504 3420 4561 incessanter

1831 4578 2042 4649 allligor
2077 4591 2240 4651 atque
2272 4599 2422 4639 uror.
2455 4604 2475 4637 ι
2522 4586 2682 4643 Pater
2721 4599 2903 4645 autem
2946 4591 3032 4648 his
3067 4593 3289 4661 auditis,
3316 4594 3421 4648 mi-

1830 4669 1904 4724 sit
1927 4679 1987 4724 ut
2008 4673 2199 4739 voluit,
2223 4682 2279 4729 et
2316 4675 2503 4730 vinum
2528 4678 2873 4736 benedictum
2917 4684 3127 4754 accepit
3156 4700 3187 4741 a
3228 4692 3421 4742 sancto

1831 4757 2181 4830 Godchardo,
2221 4765 2366 4834 quod
2385 4766 2681 4836 juvencula
2704 4771 2841 4827 bibit
2874 4772 3089 4829 inﬁrma
3121 4775 3176 4829 in
3198 4774 3421 4831 nomine

1829 4846 1958 4905 Jesu
1985 4850 2212 4922 Christi,
2237 4863 2292 4910 et
2315 4857 2496 4914 subito
2518 4870 2710 4915 sanata
2732 4870 2837 4929 est,
2852 4871 2907 4918 et
2927 4864 3165 4920 surrexit
3186 4864 3420 4922 laudans

134 4933 244 4989 stia
274 4934 649 4996 decumbebat.
697 4941 855 4999 llunc
885 4956 1110 5006 sanctus
1140 4950 1302 5009 Pater
1335 4961 1727 5021 consolationis
1766 4989 1806 5044 ι)
1833 4939 2378 5044 Ῑξθίξφίίῖυίηξῗνίιίδ
2403 4950 2580 5044 sane“
2606 4950 3055 5010 Gwehardieam
3079 4957 3421 5015 Clementem

133 5024 315 5092 gratia
355 5025 670 5099 frequenter
707 5034 965 5091 visitavit.
998 5037 1245 5105 Quodam
1270 5056 1451 5103 autem
1483 5058 1729 5122 tempore

135 5111 279 5166 dixit
302 5114 520 5172 inﬁrmo
546 5138 558 5174 :
594 5138 611 5170 ι
632 5119 821 5177 Frater
843 5125 938 5189 mi,
961 5131 1239 5197 quomodo
1262 5134 1469 5192 babes?
1498 5158 1515 5190 ο
1547 5111 1613 5196 Ei.
1643 5143 1727 5197 in-

134 5201 333 5258 firmus
355 5204 430 5259 ait
455 5223 469 5260 ε
502 5227 519 5258 ς
543 5206 703 5275 Ecce,
726 5208 907 5279 Pater,
932 5213 1167 5271 febrium
1202 5222 1447 5279 molestia
1492 5227 1724 5285 nimium

135 5307 227 5347 me
248 5304 426 5362 vexat,
450 5288 525 5352 ita
550 5309 608 5355 ut
626 5300 737 5356 vita
760 5305 918 5374 quasi
943 5308 1091 5362 nulla
1130 5311 1327 5368 amodo
1368 5316 1441 5370 sit
1483 5318 1664 5375 inme.
1699 5341 1718 5373 ι

133 5380 205 5436 Et
227 5384 305 5439 ait
326 5385 376 5439 ei
401 5387 484 5442 vir
522 5401 746 5470 sanctus
774 5413 786 5448 :
820 5413 837 5446 ι
868 5394 1133 5455 Dominus
1159 5413 1343 5458 noster
1362 5404 1524 5463 Jesus
1563 5408 1726 5467 Chri-

134 5484 258 5531 stus
282 5476 490 5548 majora
513 5498 613 5553 pro
633 5486 791 5542 nobis
814 5503 1010 5557 passus
1034 5501 1137 5559 est,
1162 5510 1326 5564 quam
1352 5498 1468 5554 bzec
1488 5500 1724 5560 febrium

132 5576 355 5623 tuarum
383 5584 615 5642 possunt
651 5592 774 5633 esse
816 5579 1181 5639 incommoda.
1206 5607 1225 5637 ›
1267 5588 1366 5643 Cui
1389 5590 1724 5653 decumbens

132 5658 253 5714 ait:
284 5678 303 5712 σ
336 5661 482 5732 Scio,
496 5656 666 5723 Pater
691 5670 786 5736 mi,
818 5672 935 5727 scio
954 5676 1101 5744 quod
1137 5679 1308 5734 multo
1331 5684 1579 5753 graviora
1624 5703 1724 5758 pro

133 5752 298 5809 notis
339 5771 537 5825 passus
560 5769 643 5816 est
684 5762 753 5819 ad
796 5765 990 5824 mortis
1033 5770 1456 5831 amaritudinem
1481 5784 1723 5837 tormen-

1833 5034 1883 5089 vi
1924 5034 2158 5092 febrium
2202 5040 2472 5098 liberavit.

1830 5144 1919 5201 IV.
1960 5146 2039 5202 De
2082 5150 2314 5221 quodam
2360 5154 2611 5278 scholare!
2644 5166 2835 5280 stanato
2890 5175 2923 5214 α
2974 5160 3140 5215 simili
3193 5161 3417 5231 febrium

2218 5258 2221 5261 λ
2503 5242 2587 5279 mo
2612 5243 2664 5280 es
2692 5244 2764 5280 ια.

2218 5258 2221 5261 λ
2503 5242 2764 5281 ηιοιεδιια.

1904 5327 1994 5384 61.
2035 5330 2241 5389 Servus
2282 5332 2378 5389 Dei
2422 5334 2804 5405 Godehardus,
2846 5340 2978 5410 quia
3019 5349 3139 5396 erat
3166 5357 3232 5398 ex
3254 5342 3421 5399 corde

1830 5417 2167 5488 misericors,
2201 5429 2256 5477 et
2296 5438 2465 5495 super
2499 5426 2729 5482 afﬂictos
2770 5429 2858 5498 pia
2901 5429 3147 5499 gestabat
3185 5432 3416 5498 viscera,

1831 5506 2171 5563 inﬁrmorum
2215 5511 2332 5577 sive
2372 5512 2841 5584 decumbentium,
2877 5518 2963 5572 vel
2988 5533 3083 5588 per
3104 5534 3182 5585 se,
3207 5528 3302 5575 aut
3322 5535 3421 5593 per

1832 5598 1970 5656 alios
2016 5616 2232 5672 semper
2270 5604 2514 5662 visitavit
2572 5607 2869 5665 domicilia.
2937 5608 3176 5683 Contigit
3234 5622 3419 5670 autem

1832 5693 2068 5763 quodam
2101 5704 2365 5768 tempore,
2408 5716 2534 5757 cum
2578 5702 2759 5759 adhuc
2782 5704 2837 5758 in
2879 5704 3097 5761 abbatia
3131 5706 3418 5763 Altahensi

1830 5786 2166 5858 praesideret,
2210 5790 2501 5873 quemdam
2545 5794 2851 5853 scholarem
2894 5797 3181 5871 cujusdam
3244 5798 3419 5856 vidua)
3502 5834 3525 5849 ο
