4018 6396
542 344 682 404 {203

1414 353 1470 410 S.
1512 355 1912 414 GODEHARDI
1945 356 2258 416 EPISCQPI
2287 349 2911 413 HILDESHEIMENSIS

3693 346 3832 406 12M

540 462 798 533 pauperis
824 462 1061 521 febrium
1096 464 1350 523 molestia
1387 470 1626 541 graviter
1660 472 1949 540 inﬁrmari,
1974 489 2137 545 quem
2166 476 2212 533 A
2239 487 2438 543 magna
2479 479 2565 529 est
2614 469 2749 524 ﬁdes
2776 476 2870 523 tua
2892 462 3109 538 (Matth.
3143 477 3234 529 xv,
3269 461 3389 534 28),
3415 460 3511 521 ﬁat
3553 460 3655 518 tibi
3688 461 3838 519 sicut

540 555 743 625 pietate
771 557 931 611 solita
972 558 1176 628 saepius
1211 559 1475 631 visitavit,
1516 564 1606 619 cui
1626 573 1678 620 et
1718 566 1955 636 quodam
1990 575 2133 621 tem-

540 663 675 717 pore
717 648 856 704 dixit
900 667 913 703 :
947 669 966 703 ι
1008 648 1134 718 Fili,
1174 651 1406 721 viriliter
1448 670 1569 727 age,
1596 658 1876 729 sustinens
1923 658 2133 729 ﬂagella

506 734 800 805 ,Domini,
863 753 929 796 ac
986 739 1329 796 confortetur
1392 741 1448 797 in
1503 760 1570 800 eo
1623 762 1720 801 cor
1786 757 1965 803 tuum.
2015 748 2136 819 ipse

542 826 692 882 enim
745 836 831 885 est
900 830 997 900 qui
1057 832 1292 901 percutit
1352 842 1407 888 et
1464 834 1757 906 medetur,
1813 847 1979 909 atque
2040 855 2135 895 sa-

541 928 672 988 nat,
722 936 857 978 suos
903 923 1180 995 castigans
1238 926 1462 993 electos,
1509 942 1579 983 ne
1633 931 1798 985 morti
1850 932 2137 990 tradantur

540 1020 908 1091 sempiternae.
963 1041 982 1075 ι
1030 1022 1097 1077 Et
1146 1023 1365 1095 juvenis
1409 1027 1485 1082 ait
1532 1046 1546 1081 :
1600 1046 1619 1079 ι
1664 1024 1800 1095 Quae
1845 1034 1930 1081 est
1979 1024 2137 1081 forti-

541 1105 676 1162 tudo
733 1123 875 1173 mea,
928 1117 989 1163 ut
1031 1109 1147 1165 haec
1189 1111 1376 1182 gravia
1435 1114 1739 1169 sustineam
1771 1120 1826 1166 et
1864 1111 2137 1182 patienter

542 1199 749 1270 agam?
776 1219 795 1252 ι
823 1198 889 1255 Et
911 1199 1073 1255 Pater
1095 1212 1318 1259 sanctus
1349 1204 1426 1259 ait
1452 1224 1468 1259 :
1498 1225 1515 1257 ι
1544 1204 1791 1270 Conﬁde,
1825 1204 1927 1270 ﬁli,
1956 1204 2136 1259 sciens

541 1291 692 1364 quod
735 1308 845 1348 non
889 1302 1017 1349 sunt
1059 1296 1345 1369 condigna:
1390 1299 1678 1369 passiones
1720 1298 1886 1369 hujus
1926 1306 2141 1367 tempo-

540 1385 624 1442 ris
671 1389 739 1444 ad
789 1388 1031 1446 futuram
1089 1389 1318 1461 gloriam
1348 1407 1473 1462 qua:
1505 1391 1838 1446 revelabitur
1876 1390 1931 1446 in
1977 1389 2138 1446 nobis

542 1476 719 1547 (Rom.
746 1498 866 1549 vin,
898 1484 1020 1555 18);
1046 1492 1101 1539 et
1124 1482 1356 1539 libenter
1397 1483 1617 1555 gloriari
1652 1484 1790 1539 velis
1826 1498 1952 1539 cum
1991 1483 2138 1552 Apo-

540 1575 682 1651 stolo
712 1576 767 1630 in
802 1576 1212 1633 inﬁrmitatibus
1236 1579 1366 1645 tuis,
1390 1588 1451 1633 ut
1482 1578 1535 1631 in
1571 1586 1624 1632 te
1646 1586 1788 1632 srcut
1809 1576 1863 1630 in
1886 1591 1952 1631 eo
1978 1574 2103 1629 habi
2121 1604 2136 1614 -

537 1672 616 1718 tet
655 1665 829 1721 virtus
870 1668 1096 1736 Christi,
1140 1686 1267 1724 nam
1309 1671 1486 1725 virtus
1527 1670 1582 1725 in
1628 1670 1948 1725 inﬁrmitate
1971 1666 2138 1739 perﬁ-

537 1754 683 1809 citur
702 1755 790 1825 (11
820 1755 942 1812 Cor.
976 1760 1169 1831 xu,9).
1205 1780 1222 1809 ι
1245 1760 1345 1816 Cui
1370 1761 1620 1817 inﬁrmus
1645 1763 1721 1817 ait
1749 1781 1763 1815 :
1792 1781 1809 1812 ι
1842 1761 1991 1827 Peto,
2018 1777 2142 1815 san-

2235 563 2459 635 petiisti.
2500 582 2520 615 ι
2551 562 2619 617 Et
2648 560 2925 616 transiens
2950 573 3075 614 cum
3094 572 3160 612 ea
3181 556 3251 612 ad
3272 556 3506 612 cadaver
3531 556 3590 612 in

2229 658 2443 728 jacens,
2471 665 2527 711 et
2562 663 2758 710 tenens
2775 667 3000 708 manum
3030 650 3172 720 ejus,
3201 649 3340 704 dixit
3371 667 3391 703 :
3422 668 3445 702 ε
3470 649 3833 717 Adolescens,

2235 748 2334 804 tibi
2371 748 2494 803 dico
2517 788 2533 815 ,
2576 760 2758 817 surge.
2808 763 2828 796 ι
2873 742 2941 799 Et
2978 742 3199 814 juvenis
3249 741 3487 798 surrexit
3533 740 3837 797 incolumis

2235 848 2400 911 atque
2451 854 2654 904 sanus;
2707 845 2764 893 et
2811 843 3064 893 sanctum
3118 833 3297 889 virum
3348 833 3504 905 petiit
3553 842 3617 888 ut
3663 847 3835 888 causa

2235 931 2332 987 Dei
2381 930 2785 989 confessionem
2849 929 2970 998 ejus
3026 927 3264 994 audiret,
3316 936 3371 983 et
3425 943 3531 998 pro
3588 928 3843 998 peccatis

2236 1024 2355 1081 suis
2394 1024 2497 1079 sibi
2539 1022 2847 1094 injungeret
2877 1020 3255 1092 panitentiam
3282 1020 3615 1085 salutarem;
3649 1028 3706 1074 et
3729 1035 3847 1074 ωο-

2235 1117 2356 1172 nuit
2385 1124 2614 1172 sanctus
2653 1114 2815 1169 Pater
2848 1112 3095 1184 petitioni
3129 1110 3281 1182 ejus,
3311 1120 3367 1167 et
3397 1112 3590 1168 audita
3606 1109 3845 1167 confess.

2236 1208 2388 1263 sione
2413 1207 2558 1277 ejus,
2578 1206 2753 1263 sacris
2776 1205 3034 1267 Ecclesia:
3050 1203 3409 1261 saaamentio
3432 1220 3562 1260 eum
3587 1218 3837 1274 prmu-

2236 1300 2390 1354 nivit.
2441 1298 2562 1367 Quo
2610 1298 2779 1366 facto,
2818 1296 3037 1369 juvenis
3078 1296 3200 1352 ait:
3250 1295 3435 1352 «lube
3474 1312 3593 1363 me,
3640 1305 3851 1352 sancta.

2235 1389 2416 1459 Pater,
2446 1405 2597 1446 nunc
2623 1392 2821 1448 iterum
2869 1390 2924 1445 in
2959 1402 3092 1460 pace
3138 1388 3445 1459 quiescere,
3477 1388 3631 1459 quod
3670 1400 3842 1443 mul-

2236 1484 2365 1539 dum
2397 1483 2562 1539 nimis
2590 1483 2809 1549 horreo,
2848 1482 2944 1553 qui
2978 1497 3109 1538 suos
3135 1488 3411 1536 amatores
3437 1481 3610 1535 mittit
3649 1480 3706 1535 in
3744 1495 3843 1551 ge-

2238 1574 2499 1641 hennam,
2531 1574 2690 1644 cujus
2717 1590 2938 1645 ptenam
2976 1573 3356 1645 gravissimam
3400 1588 3468 1627 ex
3508 1581 3668 1643 parte
3706 1587 3840 1627 sum

2237 1676 2514 1736 expertus.
2543 1685 2561 1719 ι
2605 1666 2672 1720 Et
2690 1666 2775 1721 vir
2793 1666 2890 1721 Dei
2912 1666 3016 1721 ait:
3042 1685 3059 1717 ι
3092 1664 3301 1731 Dormi,
3324 1665 3398 1719 ﬁli
3420 1664 3520 1732 mi,
3535 1673 3592 1719 et
3612 1665 3844 1735 quiesce

2240 1757 2472 1815 feliciter
2515 1759 2571 1813 in
2607 1774 2740 1829 pace
2768 1756 2899 1815 .lesu
2926 1756 3192 1815 Christi.»
3249 1757 3317 1814 Et
3358 1758 3449 1814 ille
3497 1757 3791 1827 respmdit
3820 1775 3845 1812 :

539 1848 625 1894 cte
653 1839 835 1908 Pater,
868 1853 929 1897 ut
967 1843 1137 1899 Deum
1172 1862 1270 1916 pro
1314 1862 1401 1901 me
1430 1848 1635 1903 misero
1673 1848 1989 1918 suppliciter
2034 1863 2133 1901 ex-
2166 1838 2208 1896 Β
2244 1870 2262 1903 ι
2290 1850 2485 1906 Amen.
2518 1870 2536 1904 ι
2578 1850 2647 1906 Et
2682 1851 2943 1905 inclinato
2974 1850 3169 1920 capite,
3203 1849 3258 1904 in
3286 1850 3459 1921 gratia
3487 1848 3586 1904 Dei
3606 1848 3851 1903 feliciter

539 1945 684 1986 ores.
711 1952 729 1983 ι
760 1933 829 1987 At
870 1933 1031 1989 Pater
1062 1947 1309 2007 sanctus,
1337 1954 1561 2008 pomum
1604 1940 1658 1994 in
1703 1956 1871 1999 manu
1903 1939 2139 2006 habens,

540 2023 690 2091 quod
723 2023 912 2081 forsan
971 2044 1157 2083 secum
1202 2031 1419 2097 tulerat,
1473 2039 1570 2086 aut
1609 2032 1766 2101 juxta
1798 2032 2001 2087 lectum
2047 2029 2135 2085 in-

540 2114 684 2170 firmi
712 2117 1015 2187 invenerat,
1042 2122 1339 2190 benedixit,
1386 2132 1439 2177 et
1461 2123 1611 2178 dedit
1644 2124 1881 2191 inﬁrmo,
1902 2123 2091 2179 dicens
2119 2141 2133 2176 :

546 2225 567 2256 ι
597 2207 819 2279 Accipe,
852 2210 948 2278 ﬁli,
980 2222 1034 2267 et
1075 2214 1348 2269 manduca
1371 2231 1617 2285 pomum,
1654 2216 1710 2269 in
1752 2216 1974 2271 nomine
2004 2214 2133 2270 Jesu

542 2298 749 2356 Christi
775 2321 789 2355 :
818 2311 893 2369 et,
920 2303 966 2359 si
1014 2314 1099 2360 est
1121 2307 1374 2363 voluntas
1416 2308 1557 2377 ejus,
1583 2307 1649 2362 de
1686 2309 1824 2363 lecto
1860 2323 2024 2380 surge
2048 2322 2137 2362 sa-

540 2406 676 2459 nus;
711 2394 804 2455 sin
838 2405 1043 2463 autem,
1074 2407 1293 2453 maneat
1320 2399 1437 2455 haec
1463 2399 1755 2454 inﬁrmitas
1796 2399 1915 2465 tibi,
1948 2407 2001 2454 et
2040 2414 2137 2469 pa-

539 2483 737 2541 tienter
771 2503 870 2560 age
894 2498 954 2544 ut
983 2505 1013 2543 a
1044 2488 1152 2543 Deo
1176 2491 1463 2560 praemium
1498 2491 1620 2545 vitae
1653 2499 1894 2559 aeternae,
1920 2491 1974 2544 in
2022 2507 2136 2561 quo

539 2584 743 2634 {eterna
764 2590 849 2635 est
872 2582 1101 2649 sanitas,
1126 2583 1311 2638 valeas
1333 2584 1652 2653 promereri.
1688 2604 1707 2636 ι
1743 2582 1997 2639 Comedit
2022 2583 2134 2651 ille,

541 2673 596 2720 et
624 2670 863 2725 surrexit
906 2687 1075 2727 sanus
1116 2671 1350 2728 laudans
1392 2672 1584 2728 Deum.

541 2776 618 2843 γε
652 2780 730 2841 De
771 2782 962 2854 juvene
1018 2785 1310 2852 submerso,
1356 2789 1563 2870 meritis
1614 2789 1787 2842 sancti
1810 2787 2135 2859 ⁵(ῗοιίεΙιαντΙὲ

1167 2868 1502 2912 resuscitato.

615 2942 703 2998 6‘2.
744 2943 969 3003 Iuvenis
996 2948 1220 3018 quidam
1261 2950 1329 3003 de
1366 2957 1551 3005 castro
1602 2951 2035 3007 Stauwenborcb
2079 2952 2136 3007 in

542 3035 792 3106 Bavaria,
839 3054 1007 3110 prope
1045 3040 1353 3096 Danubium
1395 3042 1619 3099 ﬁuvium
1666 3045 2003 3116 pertransire
2046 3063 2140 3101 vo-

542 3125 682 3192 lens,
726 3129 980 3203 procellis
1025 3147 1218 3186 navem
1264 3133 1728 3203 subvertentibus,
1776 3135 2042 3206 mergitur
2078 3135 2132 3190 in

542 3216 780 3287 fiumen;
813 3220 907 3274 ubi
931 3221 1221 3293 plusquam
1267 3225 1440 3280 tribus
1483 3226 1634 3281 horis
1677 3227 1942 3283 remansit
1979 3227 2134 3282 inco-

543 3310 747 3379 gnitus.
791 3310 1031 3368 Tandem
1072 3331 1274 3386 corpus
1301 3318 1553 3373 exanime
1584 3319 1651 3373 ad
1699 3319 1853 3375 littus
1893 3320 2133 3389 ejicitur,

542 3407 598 3454 et
628 3410 878 3459 mortuus
903 3405 969 3459 ad
991 3405 1214 3461 domum
1240 3418 1526 3477 parentum
1552 3410 1888 3480 deportatur.
1929 3410 2135 3482 Lacry—

544 3502 768 3548 mantur
791 3498 1045 3565 proximi,
1086 3507 1140 3552 ct
1185 3509 1409 3569 gemunt
1447 3501 1634 3557 aﬁines
1660 3503 1731 3557 ob
1761 3513 1992 3559 mortem
2024 3512 2135 3558 tam

544 3587 783 3641 subitam
812 3589 1032 3658 juvenis
1072 3600 1180 3644 tam
1213 3590 1431 3647 famosi.
1465 3592 1699 3650 Sanetus
1738 3604 1920 3650 autem
1968 3596 2137 3652 abbas

546 3677 902 3737 Godehardus
925 3698 1055 3737 casu
1081 3683 1354 3739 transiens
1380 3686 1564 3741 locum
1600 3686 1775 3755 illum,
1816 3696 1871 3744 et
1908 3690 2137 3745 audiens

543 3784 708 3827 voces
741 3772 1091 3841 ululantium,
1131 3776 1243 3831 ait:
1277 3797 1293 3827 ‹
1325 3774 1370 3831 Ο
1413 3794 1583 3846 mors,
1631 3795 1797 3849 quam
1838 3796 2024 3835 amara
2055 3790 2139 3836 est

545 3866 811 3919 memoria
841 3875 931 3920 tua
965 3867 1211 3922 homini!
1248 3868 1438 3939 (Eccli.
1471 3888 1581 3938 xu,
1618 3871 1694 3942 1.)
1731 3872 1909 3939 Quam
1953 3873 2136 3928 subito

544 3965 600 4011 et
657 3957 934 4028 inopinate
989 3960 1330 4030 exstinguis!
1381 3978 1504 4031 qua:
1549 3971 1603 4017 et
1652 3965 2030 4032 peccatoribus
2078 3980 2138 4020 es

542 4049 801 4117 pessima,
834 4049 1000 4119 justis
1025 4059 1206 4105 autem
1236 4051 1399 4106 nimis
1428 4052 1804 4108 desiderabilis
1825 4062 1988 4124 atque
2011 4070 2139 4123 pre~

544 4141 707 4196 tiosa.
744 4161 762 4193 ι
799 4141 937 4196 Cum
964 4151 1146 4196 autem
1173 4142 1289 4198 haec
1323 4152 1373 4197 et
1403 4144 1490 4198 his
1513 4144 1711 4199 similia
1743 4146 1967 4212 diceret,
1990 4147 2139 4201 venit

545 4240 721 4294 mater
762 4232 961 4287 misera
1009 4233 1268 4302 juvenis,
1320 4242 1375 4288 et
1418 4234 1484 4288 ad
1538 4236 1702 4304 pedes
1747 4237 1983 4305 procidit
2036 4238 2137 4292 viri

545 4323 765 4391 sancti,
813 4322 1002 4377 dicens
1054 4341 1066 4378 :
1133 4344 1150 4374 ι
1202 4323 1468 4392 Domine,
1516 4327 1564 4381 si
1619 4327 1750 4396 quid
1794 4336 1951 4397 potes
1994 4330 2137 4399 apud

544 4412 746 4481 Deum,
775 4413 1036 4471 miserere
1077 4414 1203 4482 mei,
1245 4423 1298 4470 ct
1339 4418 1606 4472 resuscita
1665 4418 1834 4473 lilium
1876 4436 2079 4477 meum.
2113 4440 2131 4473 ι

543 4505 645 4562 Cui
678 4516 903 4563 sanctus
939 4507 1100 4562 Pater
1135 4527 1148 4562 :
1200 4528 1218 4560 ‹
1257 4508 1429 4564 Crede
1466 4511 1621 4577 mihi,
1664 4511 1879 4578 mulier,
1934 4521 1997 4567 ut
2040 4528 2137 4568 ve-
2170 4534 2213 4589 ι)

542 4615 667 4655 rum
706 4608 791 4655 est
833 4608 889 4654 et
932 4600 1267 4670 experientia
1322 4602 1483 4657 docet
1537 4604 1888 4674 quotidiana,
1943 4620 2135 4659 omnes

543 4692 891 4763 subjaccmus
942 4694 1137 4748 mortis
1192 4694 1440 4765 imperio,
1492 4696 1724 4767 ideoque
1756 4697 1900 4752 beati
1932 4697 2135 4752 mortui

540 4785 636 4855 qui
664 4785 718 4838 in
733 4785 965 4840 Domino
990 4786 1302 4841 moriuntur
1326 4788 1509 4858 (Apoc.
1536 4806 1645 4855 xiv,
1672 4790 1781 4860 15).
1819 4790 1965 4845 Mors
1987 4791 2135 4844 enim

541 4893 734 4933 omnes
776 4878 872 4949 qui
910 4879 962 4932 in
997 4879 1203 4933 mundo
1253 4880 1463 4947 vivunt,
1514 4897 1621 4934 non
1660 4897 1790 4948 uno,
1839 4882 1932 4936 sed
1978 4883 2137 4952 quasi

541 4970 690 5033 mille
725 4970 903 5023 modis
928 4971 1141 5025 sternit.
1184 4969 1382 5026 Beatus
1426 4972 1520 5042 qui
1558 4972 1745 5043 vigilat
1787 4972 1970 5043 (Apoc.
2020 4989 2130 5039 xvi,

542 5064 661 5143 l5),
685 5073 738 5119 et
770 5064 827 5117 in
858 5064 1092 5120 adventu
1132 5066 1511 5134 praemunitur.
1546 5085 1563 5115 ι
1609 5064 1673 5118 Et
1704 5063 1899 5119 iterum
1936 5065 2134 5119 mulier

541 5160 618 5211 ait
644 5173 773 5213 voce
799 5158 1103 5229 lacrymosa
1133 5176 1145 5210 :
1186 5176 1203 5207 ‹
1234 5156 1314 5210 En
1351 5158 1494 5212 ﬁlius
1516 5174 1673 5213 meus
1703 5159 1899 5212 unicus
1925 5166 1978 5212 et
2005 5158 2135 5214 dile-

540 5258 662 5305 ctus
710 5250 765 5304 in
814 5248 1036 5303 ﬁumine
1086 5248 1385 5304 suffocatus
1415 5250 1625 5313 interiit
1666 5250 1875 5315 subito;
1905 5249 2034 5304 huic
2060 5251 2128 5304 ti-

540 5360 665 5399 meo
686 5345 1113 5409 damuationem,
1137 5343 1265 5414 quia
1282 5344 1594 5398 mundanus
1615 5353 1730 5398 erat
1753 5344 1935 5397 nimis.
1974 5343 2128 5415 Rogo

540 5438 728 5509 igitur,
765 5437 852 5506 pie
888 5436 1067 5503 Pater,
1115 5436 1160 5491 si
1195 5437 1325 5507 quid
1358 5445 1512 5506 potes
1550 5437 1690 5506 apud
1721 5435 1913 5503 Deum,
1948 5451 2132 5492 resus-

540 5512 646 5583 oita
689 5529 860 5582 ﬁlium
891 5544 1095 5595 meum,
1125 5538 1184 5583 ut
1215 5537 1424 5583 tantum
1449 5545 1547 5584 sua
1570 5512 1891 5584 conﬁteatur
1912 5528 2128 5595 delicta,

540 5632 595 5678 et
630 5621 835 5677 sanctis
868 5621 1123 5677 Ecclesia:
1153 5622 1513 5677 sacramentis
1540 5623 1838 5688 muniatur,
1890 5633 1943 5676 et
1988 5630 2129 5691 post,

542 5718 587 5772 si
620 5715 731 5771 Deo
758 5715 953 5786 placet,
987 5715 1042 5769 in
1069 5730 1202 5785 pace
1229 5713 1459 5769 feliciter
1498 5715 1822 5784 requiescat.
1857 5734 1873 5766 ι
1919 5714 2019 5769 Cui
2049 5714 2133 5767 vir

541 5818 789 5877 sanctus,
827 5805 1125 5863 Salvatoris
1168 5815 1325 5861 utens
1369 5808 1567 5875 verbis,
1617 5808 1687 5863 ait
1725 5828 1741 5862 :e
1777 5828 1793 5860 ς
1817 5805 1862 5863 Ο
1912 5807 2129 5877 mulier,

2237 1943 2595 2008 obdormivit.
2640 1942 2789 1998 Felix
2826 1951 3009 2003 autem
3040 1955 3218 2001 mater
3256 1942 3397 2012 ejus,
3426 1942 3516 1997 his
3548 1941 3763 1997 auditis
3784 1949 3846 2005 et

2237 2036 2489 2109 cognitis,
2526 2044 2737 2091 semota
2764 2050 2991 2105 prorsus
3019 2034 3173 2089 omni
3199 2034 3441 2101 tristitia,
3467 2049 3596 2090 cum
3628 2032 3855 2105 gaudio

2237 2143 2438 2198 corpus
2468 2128 2563 2182 ﬁlii
2593 2127 2963 2186 ecclesiastico
2996 2142 3152 2182 more
3177 2126 3397 2181 tradidit
3416 2126 3742 2197 sepultum,
3776 2140 3849 2181 ac

2237 2219 2370 2288 Deo,
2394 2220 2684 2276 devotione
2710 2229 2917 2291 quanta
2952 2220 3155 2293 potuit,
3191 2218 3429 2277 animam
3462 2219 3637 2291 ipsius
3668 2218 3861 2274 1263-.

2238 2314 2376 2370 sime
2400 2315 2821 2370 commendavit.

2237 2426 2326 2483 VI.
2370 2427 2448 2484 De
2494 2429 2715 2483 muliere
2763 2429 2818 2483 in
2859 2436 3019 2494 partu
3070 2427 3364 2494 laborante,
3409 2436 3461 2482 et
3498 2424 3855 2485 orationibus.

2555 2501 2729 2554 sancti
2765 2518 2797 2554 α
2834 2500 3016 2555 dolore
3052 2509 3238 2570 partus
3276 2500 3524 2553 liberata.

2305 2592 2395 2647 65.
2438 2589 2672 2648 Sanctus
2710 2590 2872 2647 Pater
2911 2589 3290 2655 Godchardus,
3323 2588 3454 2644 dum
3486 2588 3542 2642 in
3578 2586 3719 2642 cella
3743 2600 3847 2643 sua

2236 2693 2369 2756 post
2401 2684 2614 2756 vigilias
2654 2684 2954 2740 matutinas
2995 2682 3266 2738 orationis
3304 2695 3474 2737 causa
3529 2681 3845 2748 resideret,

2236 2776 2463 2847 contigit
2504 2784 2565 2830 ut
2604 2775 2853 2846 quaedam
2897 2774 3096 2829 mulier
3133 2773 3388 2828 habitans
3431 2772 3488 2827 in
3528 2772 3849 2827 conﬁnibus

2236 2868 2579 2934 monasterii,
2602 2875 2762 2938 partu
2782 2863 3084 2921 laborando
3106 2864 3477 2919 cruciaretur:
3500 2862 3593 2917 cui
3615 2876 3846 2931 compa-

2236 2962 2378 3017 tiens
2398 2960 2482 3014 vir
2505 2968 2749 3026 sanctus,
2774 2968 2934 3014 terra:
2954 2957 3321 3029 procumbens
3353 2954 3594 3011 orationi
3637 2969 3702 3009 se
3745 2954 3844 3009 de.

2236 3054 2336 3120 dit,
2373 3053 2604 3108 dicens:
2636 3072 2654 3105 ι
2683 3050 2729 3107 θ
2768 3050 3000 3106 Domine
3040 3048 3188 3105 Deus
3229 3048 3602 3118 omnipotens,
3643 3046 3849 3117 adiuva

2239 3145 2450 3216 plasma
2474 3151 2653 3211 tuum,
2679 3142 2943 3199 miserere
2966 3141 3091 3197 ﬁliae
3111 3140 3237 3196 Eva:
3257 3140 3313 3194 in
3335 3139 3528 3195 matris
3562 3153 3683 3195 suae
3724 3152 3846 3193 ma-

2239 3237 2437 3292 ledicto
2459 3237 2761 3291 laborante.
2797 3254 2816 3286 ι
2864 3233 2931 3289 Et
2967 3233 3132 3301 illico,
3172 3232 3338 3288 modo
3378 3231 3625 3302 quodam
3663 3228 3845 3300 inopi—

2239 3336 2387 3394 nato,
2411 3328 2607 3383 mulier
2627 3326 2914 3390 conticuit,
2938 3325 3067 3396 quia
3088 3325 3297 3396 peperit
3317 3323 3511 3378 ﬁlium.
3536 3322 3677 3389 Quae
3688 3330 3847 3393 posts

2237 3436 2303 3476 ea
2333 3420 2713 3484 obdormiens,
2745 3418 2795 3472 ei
2826 3417 3126 3472 revelatum
3158 3426 3243 3472 est
3262 3415 3409 3486 quod
3436 3414 3701 3485 precibus
3721 3428 3848 3467 sau-

2238 3512 2312 3568 cti
2334 3510 2644 3567 Godehardi
2664 3526 2695 3564 a
2716 3510 2906 3565 dolore
2937 3517 3129 3584 partus
3150 3508 3219 3563 sit
3240 3508 3489 3563 liberata.
3541 3507 3683 3572 Quae
3725 3520 3845 3576 gra—

2238 3604 2343 3681 tias
2363 3604 2472 3675 egit
2493 3602 2624 3668 Deo,
2648 3601 2743 3673 qui
2765 3618 2886 3657 eam
2909 3601 3085 3657 sancti
3106 3600 3209 3656 viri
3229 3599 3439 3655 meritis
3462 3608 3576 3653 tam
3601 3598 3845 3653 clemen-

2237 3704 2320 3750 ter
2340 3695 2609 3762 visitavit;
2633 3694 2806 3749 ﬁlium
2830 3702 3010 3749 autem
3034 3708 3195 3749 suum
3228 3690 3623 3747 Godehardum
3654 3688 3849 3745 vocari

2240 3786 2385 3854 fecit,
2409 3787 2539 3841 etin
2562 3787 2759 3857 puerili
2782 3794 2941 3842 aetate
2961 3801 3087 3841 eum
3112 3783 3336 3839 tradidit
3374 3790 3572 3838 sancto
3597 3782 3725 3836 viro
3756 3796 3845 3835 reo

2239 3879 2520 3949 gularibus
2583 3876 2889 3947 disciplinis
2940 3876 3316 3932 hubuendum.
3393 3871 3508 3928 Hac
3562 3874 3736 3945 igitur
3781 3872 3845 3927 de

2239 3986 2406 4027 causa
2429 3971 2686 4025 mulieres
2708 3969 2947 4040 regionis
2969 3969 3136 4034 illius,
3159 3968 3215 4021 in
3236 3967 3424 4022 dolore
3445 3973 3644 4035 partus
3669 3965 3849 4020 sancti

2240 4060 2549 4117 Godebardi
2592 4059 2958 4130 patrocinium
2998 4064 3404 4112 consueverunt
3451 4054 3751 4122 invocare,
3791 4062 3845 4109 et

2240 4152 2426 4208 multa:
2468 4151 2745 4223 petitionis
2788 4165 2902 4205 suae
2942 4149 3251 4205 sentiebant
3300 4146 3559 4203 effectum
3617 4147 3847 4218 adopta-

2241 4253 2377 4298 tum.

2241 4355 2352 4410 VII.
2402 4355 2477 4409 De
2510 4356 2737 4425 quodam
2773 4372 2921 4427 quem
2950 4355 3004 4408 in
3024 4354 3109 4408 ria
3132 4354 3331 4427 socium
3362 4352 3612 4427 Ita‘bebat,
3635 4353 3734 4423 qui
3756 4369 3851 4407 611-.

2309 4428 2437 4480 deus
2480 4423 2599 4480 crus
2631 4423 2810 4498 fregit,
2844 4432 2933 4481 sed
2970 4433 3188 4479 sanctus
3232 4425 3314 4477 vir
3354 4423 3533 4477 subito
3584 4439 3712 4477 eum
3752 4439 3841 4476 sa—

2312 4499 2478 4557 navit.

2309 4609 2397 4665 ﬁt.
2441 4610 2577 4664 Cum
2603 4619 2827 4666 sanctus
2851 4608 3208 4665 Godebardus
3229 4622 3332 4678 pro
3352 4606 3575 4678 negotio
3609 4605 3839 4663 forsitan

2236 4703 2324 4758 sui
2347 4703 2665 4757 monasterii
2696 4702 2765 4757 ad
2788 4701 3094 4756 Romanam
3116 4702 3220 4755 iret
3240 4700 3471 4765 curiam,
3496 4698 3719 4754 habens
3739 4699 3838 4753 ali-

2236 4810 2377 4866 quos
2398 4795 2464 4850 de
2489 4795 2604 4850 suis
2626 4793 2909 4849 monachis
2934 4809 3122 4848 secum
3145 4793 3201 4847 in
3226 4805 3330 4846 suo
3360 4791 3651 4857 comitatu,
3700 4790 3840 4845 inter

2237 4904 2377 4958 quos
2421 4888 2643 4957 quidam
2687 4886 2897 4940 cmtcris
2939 4885 3141 4950 senior,
3186 4881 3548 4938 Erkenfridus
3590 4882 3834 4944 nomine,

2240 4980 2459 5035 incaute
2480 4979 2800 5049 procedens,
2840 4977 2969 5031 dum
2993 4985 3255 5041 montem,
3279 4974 3373 5044 qui
3404 4973 3723 5029 Godehardi
3752 4973 3835 5028 di-

2240 5071 2401 5137 citur,
2428 5070 2767 5134 ascenderet,
2792 5084 2969 5138 equus
3004 5083 3129 5121 cum
3152 5082 3215 5121 eo
3238 5065 3452 5131 cecidit,
3477 5073 3533 5119 et
3554 5081 3690 5121 crus
3722 5065 3836 5135 ejus

2237 5163 2489 5217 dextrum
2511 5178 2581 5227 ex
2602 5171 2715 5216 toto
2747 5159 3034 5230 confregit.
3078 5157 3180 5224 Qui
3223 5173 3445 5229 gemens
3485 5173 3616 5212 cum
3658 5157 3833 5225 laery-

2236 5254 2342 5309 mis
2371 5254 2465 5321 ait,
2499 5262 2688 5309 centra
2710 5263 2959 5307 sanctum
2984 5250 3079 5305 Dei
3102 5248 3531 5303 murmurando:
3563 5268 3582 5299 ‹
3606 5246 3830 5319 ['tquid,

2232 5345 2412 5411 Pater,
2438 5361 2525 5400 me
2546 5344 2750 5399 duxisti
2775 5344 2843 5399 ad
2868 5342 3072 5397 montis
3095 5342 3253 5397 istius
3275 5341 3640 5411 praecipitium
3664 5350 3725 5395 ut
3745 5356 3830 5394 me

2237 5437 2605 5493 interﬁceres?
2633 5456 2651 5488 ι
2679 5434 2780 5490 Cui
2804 5444 3027 5492 sanctus
3060 5433 3219 5489 Pater
3248 5434 3323 5488 ait
3349 5452 3363 5488 :
3395 5452 3414 5485 ‹
3445 5431 3596 5499 Scio,
3644 5433 3720 5488 ﬁli
3758 5430 3830 5486 tui

2239 5529 2453 5596 dilecte,
2490 5528 2637 5599 quod
2672 5527 2839 5582 invite
2872 5542 3087 5581 mecum
3112 5526 3213 5580 iter
3229 5525 3336 5580 hoc
3356 5525 3591 5595 coepisti,
3615 5533 3672 5578 et
3692 5524 3828 5577 intra

2238 5629 2291 5676 te
2330 5621 2512 5691 ipsum
2556 5619 2952 5675 murmurando
3003 5618 3136 5673 mihi
3186 5617 3487 5672 detraxisti.
3536 5615 3663 5671 Ideo
3704 5623 3828 5670 tunc

2240 5714 2448 5769 reddita
2470 5712 2669 5767 esttibi
2696 5726 2904 5766 merces
2947 5719 3063 5765 tua.
3104 5709 3375 5765 Ptenitere
3417 5709 3603 5779 igitur,
3645 5716 3698 5762 et
3735 5720 3824 5760 ora

2240 5803 2411 5859 Deum
2433 5810 2492 5859 ut
2512 5801 2749 5859 dimittat
2792 5801 2887 5858 tibi
2930 5800 3192 5857 offensam
3236 5799 3400 5870 hanc,
3445 5808 3505 5855 ut
3544 5797 3771 5854 sanctis.
3800 5813 3823 5853 ι
