4018 6384
228 325 375 390 nos

1767 344 1943 403 VITA.

3349 338 3521 411 ηοδΔ

229 439 338 512 Qui
357 441 471 499 ait:
502 460 521 496 ε
550 442 782 515 Adjuva,
802 443 981 513 Pater,
1004 445 1373 506 inﬁrmitatem
1396 467 1593 522 meam,
1630 464 1685 511 et
1718 472 1808 511 re-
1838 466 1885 521 Α
1920 475 1939 507 ι
1976 453 2123 524 Scio,
2144 453 2272 526 quia
2301 469 2497 527 magna
2522 462 2609 511 est
2636 451 2844 509 malitia
2866 460 2959 507 tua
2991 458 3046 505 et
3077 458 3298 506 tuorum
3336 448 3490 504 simi—

229 534 385 590 mitte
405 534 539 589 mihi
558 535 704 605 quod
724 536 925 607 deliqui
947 547 1138 595 contra
1158 548 1209 596 te
1227 560 1242 609 ;
1266 551 1319 598 et
1339 545 1545 601 cruciet
1579 561 1667 601 me
1704 546 1807 601 ὓδα-

230 625 432 697 genum
453 625 572 693 Dei,
595 637 860 697 quantum
881 630 1029 686 libet.
1060 650 1080 684 ι
1127 631 1223 686 Vir
1262 643 1447 690 autem
1467 635 1591 704 Dei,
1623 637 1810 693 audita

229 715 352 786 ejus
387 716 693 786 devotione,
737 720 911 792 tetigit
950 721 1291 781 confractum
1314 739 1377 780 os
1397 727 1575 783 cruris
1595 727 1736 798 ejus,
1757 736 1812 783 et

229 808 346 864 ait:
377 826 397 860 ι
427 806 593 864 Sanat
613 817 684 876 te,
711 808 895 878 frater,
926 811 1194 868 Dominus
1233 813 1394 871 Jesus
1430 817 1715 886 Christus;
1758 826 1813 873 et

229 899 372 958 tuin
402 899 623 957 nomine
652 902 773 973 ejus
797 919 978 976 surge,
1010 915 1071 960 ut
1102 907 1464 965 ambulemus.
1510 929 1528 963 ι
1563 909 1668 979 Qui
1689 926 1812 966 sur-

228 992 377 1048 rexit
411 1008 477 1048 ex
499 1002 614 1049 toto
634 1009 827 1063 sanus,
850 1007 904 1052 et
934 998 1075 1054 ultra
1103 998 1378 1069 profectus
1400 1018 1526 1058 cum
1553 1019 1638 1059 eo.
1664 1003 1812 1060 Idem

229 1082 581 1151 postmodum
603 1095 824 1143 secutus
844 1095 927 1143 est
942 1103 1068 1143 eum
1091 1088 1514 1161 Hildenesheim,
1538 1102 1592 1150 et
1612 1096 1815 1152 mansit

230 1172 379 1245 apud
399 1190 526 1231 eum
547 1192 725 1247 usque
743 1178 811 1233 ad
830 1178 974 1234 diem
998 1182 1189 1237 mortis
1210 1198 1342 1238 suae.

234 1283 370 1344 Yﬂl.
412 1287 492 1344 De
522 1289 738 1346 muliere
774 1307 935 1361 cteca,
953 1309 1133 1419 [quam
1180 1295 1290 1365 ipse
1328 1294 1653 1352 illuminavit
1693 1315 1814 1354 cum

450 1406 453 1411 λ
1005 1381 1085 1419 eo.

450 1406 453 1411 λ
953 1381 1085 1421 νεο.

259 1511 270 1532 ,ἠ
303 1451 394 1510 65.
433 1452 673 1530 Contigit
701 1456 937 1529 quadam
958 1459 1096 1528 vice,
1123 1468 1186 1517 ut
1204 1470 1428 1519 sanctus
1460 1461 1818 1520 Codehardus

232 1551 585 1620 pertransiret
606 1552 863 1622 oppidum
887 1550 1186 1625 Stravvigen
1211 1553 1656 1628 [Stravubingen]
1678 1556 1818 1611 diue-

231 1641 377 1698 cesis
398 1641 830 1710 Ratisbonensis,
854 1652 907 1700 et
926 1644 1167 1701 obviavit
1187 1647 1237 1702 ei
1259 1648 1507 1716 quzedam
1530 1663 1674 1704 caaca
1694 1664 1818 1702 mu-

232 1732 336 1789 lier
355 1735 604 1792 mendica
646 1736 885 1792 ostiatim
924 1753 1175 1808 qurerens
1210 1754 1428 1809 panem,
1468 1755 1590 1810 qua;
1634 1740 1818 1795 forsan

1909 546 2074 614 lium;
2108 562 2212 602 nec
2252 554 2436 602 tamen
2476 546 2696 611 dubito,
2732 544 2879 615 quod
2917 543 3092 613 major
3130 540 3350 597 bonitas
3392 538 3491 596 Dei

1909 647 1996 695 est
2023 651 2078 694 et
2101 639 2410 695 clementia.
2451 638 2618 710 Ergo,
2648 637 2927 693 immunde
2949 635 3194 706 spiritus,
3216 635 3282 689 da
3315 634 3491 689 ιιοιιο·

1909 745 2027 786 rem
2057 730 2196 798 Deo,
2220 739 2276 787 et
2303 731 2495 787 recede
2530 731 2601 785 ab
2628 731 2732 785 hac
2764 736 3012 784 creatura
3033 727 3182 797 ejus,
3219 734 3280 781 ut
3305 725 3490 781 redeat

1911 822 1980 878 ad
2023 824 2276 897 gratiam,
2318 839 2483 895 quam
2532 831 2590 877 tu
2617 822 2688 877 ab
2714 837 2781 878 ea
2815 818 3106 876 abstulisti.
3137 837 3156 871 ι
3190 816 3258 872 Ει
3277 817 3491 872 daemon

1911 917 1990 972 ait
2017 936 2030 971 :
2068 937 2086 969 ι
2110 916 2223 972 Cur
2244 933 2333 973 me
2367 917 2424 971 in
2444 924 2654 971 tantam
2689 914 2807 985 agis
2832 910 3186 967 violentiam?
3206 908 3348 976 Quid
3385 906 3490 963 feci

1911 1010 2039 1077 tibi,
2067 1018 2165 1065 aut
2182 1009 2315 1080 quid
2332 1008 2502 1064 habes
2527 1020 2719 1064 contra
2740 1005 2869 1060 me?
2890 1023 2909 1057 ι
2933 1003 3000 1058 Et
3020 1003 3109 1057 ille
3130 999 3208 1057 ait
3234 1020 3247 1056 :
3274 1019 3293 1052 ι
3324 998 3488 1065 Audi,

1911 1110 2162 1173 proterve
2188 1109 2243 1156 et
2270 1099 2549 1155 immunde
2571 1098 2829 1169 spiritus:
2854 1096 2915 1151 In
2938 1095 3027 1151 illa
3062 1103 3263 1150 aztcrna
3289 1091 3488 1162 patria,

1911 1192 1980 1250 de
2001 1209 2108 1264 qua
2133 1201 2190 1249 tu
2218 1192 2538 1264 superbiens
2565 1189 2830 1256 cecidisti,
2858 1196 3010 1244 tanta
3028 1187 3162 1242 mihi
3185 1185 3288 1240 erit
3305 1183 3488 1239 laetitia

1913 1285 1981 1340 de
2018 1286 2166 1343 bono
2188 1284 2490 1352 communi,
2538 1292 2595 1340 ut
2623 1284 2690 1339 de
2709 1297 2832 1338 meo
2857 1281 3108 1353 proprio,
3130 1279 3242 1337 imo
3267 1284 3322 1332 et
3345 1275 3490 1330 mul-

1913 1384 1972 1432 to
2000 1375 2177 1445 major
2203 1394 2216 1430 :
2243 1384 2297 1431 et
2320 1376 2442 1432 ideo
2460 1376 2550 1432 hic
2567 1374 2749 1430 dolere
2775 1372 3030 1430 convenit
3054 1371 3122 1428 de
3152 1369 3295 1424 malo
3314 1368 3491 1423 alieno

1914 1468 2088 1524 multo
2117 1466 2315 1524 fortius
2347 1483 2511 1538 quam
2542 1467 2610 1523 de
2630 1464 2775 1522 malo
2808 1465 3050 1537 proprio.
3084 1462 3188 1517 Per
3213 1461 3320 1515 hoc
3345 1458 3492 1515 enim

1916 1560 2084 1615 vitam
2122 1568 2383 1616 aeternam
2418 1559 2789 1631 promerebor.
2826 1557 3018 1612 Habeo
3041 1569 3173 1625 ergo
3211 1559 3403 1609 contra
3441 1559 3495 1607 te

1911 1654 2119 1725 justam
2149 1668 2375 1709 causam
2405 1654 2549 1724 quod
2572 1653 2755 1709 minus
2782 1649 2928 1722 juste
2952 1647 3223 1720 possides,
3244 1653 3299 1701 et
3330 1643 3494 1715 punis

1919 1760 2163 1801 sororem
2190 1760 2392 1812 meam,
2414 1746 2623 1815 plasma
2648 1742 2743 1797 Dei
2768 1740 3033 1799 creatoris
3049 1738 3153 1797 tui.
3179 1735 3300 1795 Non
3322 1736 3492 1801 enim,

231 1841 501 1898 equorum
541 1828 817 1885 nitebatur
854 1830 1127 1885 declinare
1151 1832 1459 1901 strepitum,
1482 1841 1535 1887 et
1557 1833 1611 1887 in
1638 1833 1816 1903 lapide
1849 1824 1890 1879 Β
1917 1842 1977 1891 ut
2004 1838 2232 1903 asseris,
2265 1851 2368 1908 ago
2404 1837 2499 1891 tibi
2535 1835 2889 1900 violentiam;
2927 1831 3020 1888 sed
3056 1845 3158 1901 pro
3196 1828 3370 1901 gloria
3399 1826 3495 1881 Dei

231 1919 436 1977 ludens
463 1922 675 1992 pedem,
715 1923 910 1979 cecidit
950 1922 1185 1994 graviter
1223 1923 1410 1981 nimis.
1453 1922 1687 1980 Sanctus
1727 1941 1821 1980 au-

229 2019 343 2068 tem
364 2009 738 2079 Godehardus,
762 2013 868 2091 hoc
887 2013 1007 2069 viso
1024 2055 1038 2081 ,
1064 2013 1244 2069 subito
1265 2014 1544 2070 descendit
1564 2016 1631 2071 de
1650 2032 1815 2086 equo,

225 2111 285 2159 et
305 2118 597 2164 accurrens
616 2105 978 2175 amplexando
999 2122 1121 2167 eam
1142 2107 1420 2174 relevavit,
1444 2117 1528 2174 et,
1549 2116 1816 2179 quantum

225 2194 426 2264 potuit,
465 2194 563 2251 luti
608 2197 887 2252 sorditiem
909 2198 977 2253 de
996 2198 1255 2254 mantello
1293 2199 1627 2255 muliercula:
1664 2199 1819 2255 tersit

225 2287 535 2361 diligenter,
556 2297 611 2345 et
631 2289 706 2347 ait
731 2308 744 2344 :
776 2308 795 2341 ι
824 2288 1004 2357 Quare
1025 2290 1289 2359 cecidisti,
1319 2291 1538 2347 mater?
1563 2311 1581 2344 ι
1627 2291 1695 2347 Et
1727 2292 1814 2347 illa

225 2374 403 2439 dixit:
431 2397 451 2431 ι
477 2377 631 2436 Greca
654 2395 799 2448 sum,
820 2380 1015 2448 amice,
1038 2388 1093 2435 et
1112 2380 1235 2436 ideo
1257 2380 1580 2437 offendicula
1603 2383 1816 2438 viarum

224 2487 422 2530 cavere
455 2488 566 2529 non
594 2474 771 2541 valeo,
818 2489 920 2530 nec
957 2490 1182 2545 possum
1224 2474 1481 2531 devitarc.
1514 2494 1532 2527 ι
1583 2475 1816 2532 Sanctus

226 2571 413 2629 autem
444 2563 604 2619 Pater
625 2564 726 2620 sibi
757 2580 823 2620 ex
858 2565 1022 2620 corde
1062 2565 1418 2636 compatiens,
1461 2565 1535 2620 ait
1564 2583 1576 2619 :
1607 2585 1625 2617 ε
1654 2562 1699 2619 Ο
1741 2564 1815 2619 mi

226 2652 375 2710 Deus
408 2670 583 2721 meus,
607 2664 739 2725 quot
759 2665 888 2711 sunt
910 2655 964 2709 in
985 2664 1129 2711 terra
1153 2654 1399 2712 convicia
1420 2664 1474 2711 et
1502 2657 1815 2728 gravamina

227 2742 308 2800 tui
328 2741 640 2816 plasmatis!
669 2746 812 2802 Bene
833 2762 964 2820 ergo
985 2747 1184 2803 dicitur
1217 2765 1230 2801 :
1259 2766 1277 2799 ι
1308 2745 1420 2813 ναξ,
1446 2763 1546 2815 vae,
1569 2764 1649 2803 va:
1669 2747 1817 2802 habi-

228 2836 473 2892 tantibus
494 2836 716 2892 interra
737 2836 922 2907 (Apoc.
947 2854 1067 2905 vui,
1093 2836 1204 2908 15).
1235 2855 1261 2890 ι
1304 2835 1369 2892 Ει
1408 2852 1533 2892 cum
1567 2837 1833 2911 dixisset,

228 2927 406 2989 lutum
439 2945 565 2985 cum
610 2940 772 3000 sputo
813 2930 1065 2998 miscuit,
1097 2946 1251 2987 more
1297 2931 1470 2986 nostri
1520 2929 1816 2986 Salvatoris

229 3019 413 3094 (Joan.
429 3021 853 3092 1x,6),etlinivit
875 3024 1063 3078 oculos
1085 3022 1226 3092 ejus,
1251 3022 1469 3078 dicens:
1491 3042 1508 3074 ι
1527 3020 1572 3077 Ο
1589 3022 1816 3078 Domine

226 3111 357 3172 Jesu
377 3112 612 3181 Christe,
637 3115 731 3184 qui
764 3115 820 3171 in
842 3124 1137 3185 conspectu
1177 3116 1571 3186 discipulorum
1594 3124 1815 3172 tuorum

227 3206 404 3267 lutum
446 3222 514 3261 ex
568 3216 728 3277 sputo
782 3206 998 3274 fecisti,
1044 3207 1379 3276 linivistique
1439 3207 1630 3262 oculos
1685 3207 1815 3261 eieci

227 3299 547 3369 cujusdam,
591 3309 646 3355 et
693 3300 862 3368 vidit;
906 3300 1153 3355 illumina
1191 3300 1356 3354 etiam
1397 3299 1588 3355 oculos
1648 3298 1814 3368 hujus

225 3391 574 3462 paupercula:
618 3399 766 3458 tuae,
821 3400 883 3449 ut
933 3393 1258 3448 confiteatur
1313 3389 1522 3445 nomini
1582 3397 1711 3454 tuo,
1762 3397 1815 3443 et

228 3482 490 3556 glorietur
529 3484 585 3538 in
625 3484 898 3555 praedigna
933 3482 1092 3538 laude
1135 3493 1227 3537 tua
1274 3479 1447 3553 (Psal.
1499 3497 1585 3548 cv,
1626 3478 1739 3549 47).
1789 3498 1807 3531 ι

227 3573 326 3633 liis
347 3576 427 3632 sic
449 3577 585 3632 actis
612 3585 667 3632 et
686 3576 866 3643 dictis,
901 3576 1098 3631 mulier
1138 3576 1302 3646 erepit
1343 3584 1591 3629 sanctum
1634 3564 1813 3627 virum

228 3667 451 3735 intueri,
476 3669 776 3739 ceciditque
798 3668 865 3723 ad
888 3668 1052 3738 pedes
1080 3667 1218 3737 ejus,
1243 3667 1429 3722 dicens
1455 3685 1467 3721 :
1502 3686 1520 3717 ‹
1551 3664 1833 3733 Viderunt

227 3758 375 3814 oculi
397 3759 502 3813 mei
524 3759 762 3814 salutare
784 3757 879 3812 Dei
905 3777 916 3813 :
949 3778 967 3811 ι
1001 3766 1055 3813 et
1078 3772 1249 3827 prona
1275 3756 1624 3812 osculabatur
1651 3756 1816 3826 pedes

226 3850 377 3922 ejus;
407 3860 461 3905 ct
482 3851 576 3906 ivit
596 3851 661 3905 ad
686 3851 923 3922 propria,
956 3851 1184 3907 laudans
1205 3848 1375 3905 Deum
1410 3864 1508 3921 pro
1524 3848 1816 3904 virtutibus

224 3952 283 3999 et
306 3943 515 3999 meritis
543 3943 715 4000 sancti
744 3944 868 3999 viri.

294 4035 387 4091 1X.
429 4036 508 4091 De
537 4038 745 4099 obsessa
773 4044 967 4092 sanata
1000 4038 1204 4097 meritis
1227 4037 1399 4091 sancti
1425 4034 1746 4091 Codehardi.

296 4126 387 4181 66.
428 4125 486 4181 ln
528 4128 746 4184 civitate
774 4128 1095 4195 Ratisbona,
1122 4130 1360 4201 quodam
1390 4138 1655 4199 tempore,
1683 4143 1817 4183 san-

224 4228 349 4275 ctus
377 4217 733 4281 Codehardus
763 4221 1082 4278 morabatur
1113 4236 1212 4291 pro
1245 4221 1461 4293 negotio
1501 4219 1687 4277 forsan
1728 4219 1815 4277 sui

223 4311 579 4375 monasterii:
604 4313 699 4374 ubi
729 4313 985 4383 quzedam
1000 4314 1223 4369 obsessa
1242 4330 1275 4368 a
1301 4313 1572 4369 daemonio
1600 4313 1667 4368 ad
1690 4329 1816 4368 cum

222 4402 549 4473 ducebatur,
570 4414 631 4460 ut
651 4415 937 4461 sanaretur
957 4406 1026 4461 ab
1047 4421 1131 4461 eo.
1177 4404 1353 4471 Quam
1382 4406 1465 4461 vir
1498 4405 1595 4460 Dei
1639 4406 1798 4476 inspi-

1919 1936 1973 1984 et
2005 1943 2193 1983 amore
2219 1927 2504 1998 plasmatis
2543 1927 2692 1997 ejus,
2741 1940 2839 1996 pro
2874 1938 2985 1995 quo
3019 1920 3346 1992 Unigenitus
3377 1917 3497 1989 ejus

1918 2017 2240 2088 sanguinem
2281 2031 2446 2071 suum
2503 2013 2761 2082 fundens,
2809 2011 3210 2069 amarissimam
3264 2017 3497 2065 mortem

1918 2109 2208 2176 sustinuit,
2239 2117 2431 2165 contra
2469 2117 2525 2165 te
2551 2124 2659 2164 non
2686 2108 2862 2181 pugil,
2893 2106 2990 2163 sed
3020 2105 3197 2161 victor
3225 2103 3498 2175 gloriosus

1920 2199 2223 2275 [decerto].
2252 2200 2424 2274 Ergo,
2451 2202 2551 2258 tibi
2573 2201 2857 2273 praecipio,
2883 2198 3117 2270 superbe
3136 2206 3192 2253 et
3217 2193 3498 2251 immunde

1917 2291 2166 2364 Spiritus,
2191 2293 2247 2348 in
2269 2294 2491 2349 nomine
2522 2292 2654 2349 Jesu
2677 2292 2882 2348 Christi
2904 2289 3098 2347 recede
3119 2288 3190 2345 ab
3202 2303 3288 2357 ea,
3310 2294 3365 2342 et
3386 2300 3496 2341 non

1915 2400 2217 2456 praesumas
2238 2386 2436 2442 amodo
2461 2395 2765 2442 creaturam
2792 2384 2889 2441 Dei
2922 2383 3235 2440 molestare.
3271 2398 3291 2432 ι
3329 2378 3398 2433 Et
3418 2378 3498 2434 sic

1917 2476 2143 2547 spiritus
2170 2478 2261 2533 ille
2284 2478 2557 2550 malignus
2584 2477 2867 2544 abscessit,
2895 2483 2950 2532 et
2982 2473 3179 2530 mulier
3198 2480 3259 2527 ut
3280 2474 3496 2527 mortua

1916 2571 2130 2630 cecidit.
2179 2571 2287 2628 Sed
2317 2571 2403 2628 vir
2435 2579 2659 2627 sanctus
2696 2571 2879 2627 subito
2918 2584 3040 2625 eam
3067 2566 3281 2625 erexit:
3317 2570 3498 2619 erecta

1915 2679 2046 2720 vero
2060 2664 2277 2735 publice
2296 2663 2491 2717 vitium
2520 2659 2933 2725 incantationis,
2952 2656 3098 2729 quod
3123 2654 3331 2711 dudum
3355 2651 3499 2708 ωυι-

1915 2757 2077 2813 toties
2109 2754 2431 2825 perfecerat,
2462 2769 2586 2809 cum
2622 2751 2878 2825 lacrymis
2908 2758 2993 2806 est
3014 2746 3297 2813 confessa;
3331 2759 3496 2815 quam

1916 2856 1977 2909 et
1992 2849 2074 2907 vir
2095 2855 2318 2911 sanctus
2343 2845 2574 2907 absolvit
2595 2845 2794 2900 virtute
2814 2841 3087 2915 passionis
3114 2838 3244 2895 Jesu
3268 2835 3494 2893 Christi.

1917 2960 1985 3017 Χ.
2032 2952 2112 3015 De
2155 2976 2319 3031 puero
2362 2956 2864 3031 multumuhebete,
2905 2968 3057 3026 quem
3107 2951 3345 3006 oratione
3401 2964 3499 3003 sua

2501 3028 2728 3083 docilem
2764 3026 2910 3098 fecit.

1986 3126 2074 3181 67.
2120 3124 2180 3179 in
2222 3123 2442 3180 civitate
2480 3121 2705 3177 Patavia
2745 3126 2865 3175 erat
2905 3116 3129 3190 quidam
3170 3114 3306 3171 civis
3346 3113 3497 3168 dives

1914 3218 2099 3285 valde,
2123 3218 2218 3288 qui
2240 3217 2433 3272 habuit
2455 3216 2626 3271 [ilium
2649 3229 2814 3285 quem
2836 3211 3128 3275 tenerrime
3149 3209 3338 3265 dilexit
3364 3227 3375 3261 :
3403 3206 3499 3277 qui

1913 3327 2049 3381 puer
2076 3310 2213 3365 adeo
2244 3310 2411 3365 hebes
2449 3317 2586 3374 erat,
2621 3316 2681 3369 ut
2710 3307 2767 3361 in
2799 3305 2974 3361 tribus
3004 3304 3165 3359 annis
3196 3318 3304 3358 non
3325 3300 3495 3372 potuit

1913 3403 2130 3459 efﬁcere
2162 3411 2222 3457 ut
2242 3401 2479 3457 disceret
2520 3400 2707 3466 minus
2735 3398 3104 3469 alphabetum.
3148 3393 3304 3451 Unde
3345 3401 3499 3463 pater

1913 3497 2033 3567 ejus
2055 3504 2304 3551 sanctum
2340 3493 2727 3549 Godehardum
2762 3490 2916 3558 adiit,
2940 3489 3232 3559 rettulitque
3260 3487 3309 3542 ei
3341 3483 3521 3542 duri-.

1913 3585 2253 3650 tiameordis
2267 3585 2362 3639 ﬁlii
2386 3584 2493 3652 sui,
2517 3593 2708 3655 petens
2731 3582 2987 3638 obnixius
3008 3589 3069 3636 ut
3090 3596 3190 3652 pro
3213 3594 3278 3634 eo
3298 3577 3502 3648 suppli-

1914 3679 2049 3736 citer
2069 3693 2226 3734 orare
2246 3678 2522 3749 dignetur,
2546 3685 2818 3748 quatenus
2840 3674 2985 3730 Deus
3007 3673 3351 3743 omnipotens
3371 3685 3493 3725 eum

1915 3769 2223 3825 illuminare
2264 3769 2599 3840 dignaretur.
2657 3768 2893 3823 Sanctus
2934 3782 3067 3822 vero
3108 3761 3494 3830 Godchardus,

1912 3868 2107 3916 vocato
2131 3861 2199 3916 ad
2221 3876 2280 3916 se
2300 3876 2492 3931 puero,
2522 3876 2687 3932 super
2707 3876 2833 3916 eum
2854 3859 2985 3931 legit
3005 3874 3128 3930 quae
3151 3864 3455 3929 sequuntur
3480 3873 3494 3909 :

1920 3973 1940 4005 ι
1969 3951 2476 4025 Omnissapientiaa
2489 3953 2722 4010 Domino
2742 3952 2854 4008 Deo
2874 3951 3159 4023 esl(Eccli.
3177 3949 3281 4021 1,1)
3300 3967 3313 4017 ;
3336 3968 3353 4001 ι
3371 3964 3498 4005 cum

1914 4047 2138 4103 collecta
2167 4067 2179 4101 :
2211 4066 2229 4100 ‹
2260 4046 2404 4107 Deus
2425 4048 2519 4119 qui
2541 4063 2638 4119 per
2659 4055 2983 4105 comternam
3016 4045 3112 4102 tibi
3138 4041 3496 4114 Sapientiam,

1915 4140 2195 4197 hominem
2218 4156 2342 4196 cum
2364 4155 2475 4196 non
2498 4148 2644 4196 esset
2665 4137 2976 4205 condidisti,
2998 4156 3015 4189 ι
3042 4145 3146 4194 etc.
3165 4135 3231 4189 Et
3251 4132 3456 4190 addidit
3484 4151 3496 4186 :

1922 4253 1942 4288 ι
1970 4232 2141 4302 Vade,
2175 4234 2278 4301 ﬁli;
2303 4241 2356 4288 et
2376 4233 2466 4288 ille
2494 4232 2882 4304 magistrorum
2902 4229 3163 4300 optimus,
3186 4226 3281 4298 qui
3316 4225 3500 4281 subito

1916 4324 2104 4381 docuit
2124 4326 2405 4396 apostolos
2423 4367 2438 4391 ,
2471 4333 2524 4379 te
2545 4326 2801 4390 instruat,
2822 4330 2876 4378 et
2899 4322 2954 4381 in
2975 4320 3063 4375 via
3084 4329 3230 4375 recta
3254 4318 3320 4375 ad
3342 4316 3498 4389 agni-

1916 4418 2119 4473 tionem
2142 4416 2719 4487 perducatclariorcm.
2743 4434 2761 4465 ι
2779 4413 2882 4501 Qui
2898 4413 3117 4484 puerita
3130 4418 3370 4466 mutatus
3391 4416 3496 4473 est,

222 4495 399 4563 είθηδν
424 4497 499 4551 ait
525 4516 538 4552 ε
567 4516 585 4550 ι
616 4496 904 4568 Responde
946 4498 1102 4564 mihi,
1150 4497 1430 4552 immunde
1468 4497 1715 4567 Spiritus,
1746 4495 1812 4550 ad
1843 4524 1890 4584 ο
1916 4519 1977 4565 ιιι
2006 4511 2060 4565 in
2094 4510 2244 4565 brevi
2285 4518 2525 4580 tempore
2560 4524 2752 4564 omnes
2790 4495 2919 4561 suos
2950 4502 3408 4573 consanguineos,
3445 4506 3499 4553 et

220 4603 291 4643 ea
312 4604 434 4659 quae
453 4604 484 4643 a
505 4598 557 4644 te
577 4605 783 4659 quaero.
827 4589 969 4656 Quid
1004 4589 1093 4645 hic
1114 4589 1228 4660 agis
1251 4589 1303 4642 in
1328 4596 1576 4643 creatura
1616 4586 1712 4665 Dei
1733 4588 1757 4641 ?
1786 4607 1804 4638 ι

223 4679 297 4734 At
321 4679 533 4736 daemon
573 4680 676 4736 ait:
703 4680 912 4735 «Pleno
947 4681 1071 4751 jure
1111 4689 1195 4736 est
1234 4680 1416 4755 anima
1458 4680 1631 4749 ipsius
1666 4693 1808 4745 mea,

223 4772 374 4843 quod
419 4772 745 4828 incantatrix
789 4782 912 4841 est,
962 4782 1017 4828 et
1063 4789 1160 4844 per
1196 4789 1316 4828 eam
1358 4773 1559 4828 multas
1597 4773 1812 4827 animas

223 4864 472 4921 lucratus
501 4882 642 4921 sum.
676 4886 699 4919 ι
742 4865 809 4920 Et
837 4867 913 4921 ait
937 4866 1020 4922 vir
1045 4874 1267 4925 sanctus
1292 4884 1305 4920 :
1336 4884 1354 4916 ο
1385 4864 1565 4931 Quare
1592 4873 1821 4935 propter

225 4956 656 5013 iucantationem
696 4967 791 5013 tua
832 4958 959 5014 est?
986 4977 1005 5009 ι
1054 4956 1120 5017 Ει
1158 4958 1371 5013 dmmon
1416 4957 1530 5011 ait:
1573 4978 1591 5010 ι
1620 4956 1810 5012 Nonne

224 5045 403 5118 legisti
424 5046 551 5119 quia
574 5047 839 5104 Dominus
860 5049 1142 5120 pythones,
1156 5047 1431 5102 divinoset
1446 5047 1811 5102 incantatores

218 5138 388 5211 jussit
407 5141 797 5196 exterminari?
816 5140 957 5207 Quid
977 5140 1122 5195 enim
1146 5139 1521 5205 talesfaciunt,
1544 5140 1648 5194 nisi
1661 5138 1805 5209 quod

222 5228 361 5284 mihi
411 5231 657 5301 meisque
713 5230 1051 5305 principibus
1109 5229 1463 5295 deserviunt,
1512 5229 1809 5284 idololatrre

222 5317 371 5371 enim
410 5328 565 5385 sunt;
602 5320 690 5374 vix
722 5320 884 5375 etiam
922 5320 1134 5388 aliquos
1172 5325 1325 5372 tanto
1355 5317 1480 5386 jure
1525 5319 1808 5388 possidere

222 5423 537 5479 possumus,
553 5420 761 5481 quanto
778 5411 1087 5481 hujusmodi
1105 5409 1251 5466 vitiis
1273 5410 1528 5466 irretitos.
1552 5410 1807 5482 Nunquid

224 5501 474 5571 ignoras,
504 5504 650 5574 quod
684 5504 826 5560 inter
859 5504 1005 5559 mille
1036 5503 1421 5559 incantatrices
1450 5512 1545 5559 aut
1570 5503 1802 5575 divinos,

223 5592 313 5653 vix
348 5609 458 5649 una
481 5595 773 5664 invenitur,
796 5612 918 5666 qua:
939 5596 1023 5650 vel
1045 5596 1138 5666 qui
1170 5596 1298 5649 velit
1320 5596 1424 5650 hoc
1446 5596 1636 5651 vitium
1670 5614 1801 5653 con-

222 5683 401 5739 ﬁteri?
421 5686 500 5742 sic
520 5688 668 5743 enim
696 5704 795 5745 ora
819 5690 1061 5759 ipsorum
1086 5676 1413 5754 claudimus,
1430 5697 1491 5743 ut
1517 5688 1583 5744 de
1607 5691 1806 5747 talibus

221 5775 374 5845 loqui
397 5778 533 5833 nihil
555 5780 764 5837 valeant
787 5781 983 5854 quovis
1013 5780 1192 5837 modo.
1222 5800 1238 5833 ›
1263 5779 1327 5835 Et
1351 5781 1525 5839 aitvir
1546 5793 1800 5841 sanctus:

1913 4617 2106 4657 omnes
2130 4601 2234 4655 sibi
2257 4609 2586 4666 coaetaneos,
2613 4600 2725 4653 imo
2745 4597 2994 4653 seniores
3030 4602 3193 4664 atque
3222 4590 3498 4646 doctiores

1911 4709 1971 4750 sc
1992 4693 2271 4763 sapientiae
2292 4692 2626 4763 plenitudine
2645 4690 2894 4745 anteiret.
2918 4687 3023 4753 QUI
3048 4693 3252 4755 postea,
3277 4692 3498 4755 propter

1910 4784 2216 4839 intellectus
2238 4792 2292 4837 et
2316 4781 2596 4852 sapientia:
2620 4779 3041 4851 profunditatem
3061 4818 3074 4843 ,
3102 4776 3155 4829 in
3176 4775 3493 4843 episcopum

1910 4873 2291 4930 Patavicnsem
2324 4883 2409 4929 est
2436 4874 2639 4928 electus
2672 4880 2834 4943 atque
2864 4870 3179 4933 ordinatus;
3216 4865 3360 4921 unde
3390 4865 3493 4921 sibi

1910 4974 1964 5023 et
1986 4966 2217 5022 subditis
2245 4981 2346 5037 pro
2378 4965 2688 5027 animarum
2720 4963 2893 5020 salute
2924 4958 3317 5016 instantissime
3336 4956 3516 5012 labo-.

1911 5060 2072 5114 ravit.

1984 5151 2231 5220 Sequens
2259 5147 2585 5203 miraculum
2610 5145 2812 5202 factum
2836 5151 2938 5210 est,
2963 5158 3088 5199 cum
3111 5151 3257 5197 esset
3278 5139 3492 5211 episco-

1906 5258 2029 5312 pus.

1908 5352 1988 5407 De
2009 5352 2266 5418 mortuis,
2300 5352 2389 5418 qui
2426 5350 2494 5404 ad
2531 5358 2844 5418 prmceptum
2886 5347 3056 5401 sancti
3093 5342 3338 5418 prtesulis
3372 5360 3495 5418 sur-

1983 5430 2226 5476 rexerunt
2254 5415 2345 5474 Vde
2382 5415 2666 5490 sepulcris,
2700 5415 2946 5473 exeuntes
2994 5418 3062 5490 de
3087 5416 3338 5481 ecclesia,
3367 5415 3494 5485 quia

1978 5487 2453 5558 excommunicati,
2482 5492 2620 5561 quod
2648 5491 2749 5544 vivi
2778 5490 2949 5560 facere
2974 5487 3275 5541 noluerunt.

1979 5604 2067 5660 68.
2083 5604 2295 5659 Accidit
2309 5614 2366 5660 ut
2386 5613 2609 5660 sanctus
2632 5603 2830 5674 praesul
2844 5600 3201 5658 Godehardus
3221 5599 3490 5671 quosdam

1909 5698 1975 5752 de
1998 5698 2114 5752 suis
2146 5696 2409 5764 subditis,
2436 5697 2725 5752 ob‘eornm.
2753 5696 3100 5751 rebellionem
3124 5736 3138 5761 ,
3163 5701 3287 5765 post
3314 5693 3488 5746 moni-

1909 5792 2086 5848 tiones
2138 5802 2431 5849 consuetas
2459 5790 2989 5859 rxcommunicarrt;
3026 5800 3261 5859 quorum
3291 5783 3489 5857 aliqui,
