  <div class='ocr_page' id='page_1' title='image "/cluster/home/n/w/nwhite01/storage/ocr_20150623/141/hvd.32044015471790/609.png"; bbox 0 0 4056 5360; ppageno 0'>
   <div class='ocr_carea' id='block_1_1' title="bbox 563 252 701 311">
    <p class='ocr_par' dir='ltr' id='par_1_1' title="bbox 563 252 701 311">
     <span class='ocr_line' id='line_1_1' title="bbox 563 252 701 311; baseline -0.036 1"><span class='ocrx_word' id='word_1_1' title='bbox 563 252 701 311; x_wconf 72' lang='grc'><strong>1207</strong></span> 
     </span>
    </p>
   </div>
   <div class='ocr_carea' id='block_1_2' title="bbox 1420 252 2926 322">
    <p class='ocr_par' dir='ltr' id='par_1_2' title="bbox 1420 252 2926 322">
     <span class='ocr_line' id='line_1_2' title="bbox 1420 252 2926 322; baseline 0.008 -13"><span class='ocrx_word' id='word_1_2' title='bbox 1420 252 1476 309; x_wconf 84' lang='lat' dir='ltr'><strong>S.</strong></span> <span class='ocrx_word' id='word_1_3' title='bbox 1518 255 1920 313; x_wconf 77' lang='lat' dir='ltr'><strong>GODEHARDI</strong></span> <span class='ocrx_word' id='word_1_4' title='bbox 1952 259 2266 319; x_wconf 76' lang='lat' dir='ltr'><strong>EPISCOPI</strong></span> <span class='ocrx_word' id='word_1_5' title='bbox 2299 260 2926 322; x_wconf 72' lang='lat' dir='ltr'><strong>HlLDESIIEIMENSIS</strong></span> 
     </span>
    </p>
   </div>
   <div class='ocr_carea' id='block_1_3' title="bbox 3697 260 3834 323">
    <p class='ocr_par' dir='ltr' id='par_1_3' title="bbox 3697 260 3834 323">
     <span class='ocr_line' id='line_1_3' title="bbox 3697 260 3834 323; baseline 0.029 -4"><span class='ocrx_word' id='word_1_6' title='bbox 3697 260 3834 323; x_wconf 64' lang='lat'><strong>£208</strong></span> 
     </span>
    </p>
   </div>
   <div class='ocr_carea' id='block_1_4' title="bbox 560 364 3838 450">
    <p class='ocr_par' dir='ltr' id='par_1_4' title="bbox 560 364 3838 450">
     <span class='ocr_line' id='line_1_4' title="bbox 560 364 3838 450; baseline 0.005 -27"><span class='ocrx_word' id='word_1_7' title='bbox 560 364 783 424; x_wconf 51' lang='lat' dir='ltr'><strong>malitias</strong></span> <span class='ocrx_word' id='word_1_8' title='bbox 803 379 917 421; x_wconf 67' lang='lat' dir='ltr'><strong>suae</strong></span> <span class='ocrx_word' id='word_1_9' title='bbox 946 378 1156 420; x_wconf 86' lang='lat' dir='ltr'><strong>veneno</strong></span> <span class='ocrx_word' id='word_1_10' title='bbox 1179 364 1433 435; x_wconf 75' lang='lat' dir='ltr'><strong>excitati,</strong></span> <span class='ocrx_word' id='word_1_11' title='bbox 1456 367 1579 437; x_wconf 90' lang='lat' dir='ltr'><strong>ipso</strong></span> <span class='ocrx_word' id='word_1_12' title='bbox 1596 369 1931 436; x_wconf 85' lang='lat' dir='ltr'><strong>celebrante,</strong></span> <span class='ocrx_word' id='word_1_13' title='bbox 1965 373 2141 429; x_wconf 87' lang='lat' dir='ltr'><strong>eccle-</strong></span> <span class='ocrx_word' id='word_1_14' title='bbox 2169 382 2217 440; x_wconf 78' lang='grc' dir='ltr'><strong>Α</strong></span> <span class='ocrx_word' id='word_1_15' title='bbox 2245 376 2357 434; x_wconf 88' lang='lat' dir='ltr'><strong>Deo</strong></span> <span class='ocrx_word' id='word_1_16' title='bbox 2396 379 2452 434; x_wconf 87' lang='lat' dir='ltr'><strong>in</strong></span> <span class='ocrx_word' id='word_1_17' title='bbox 2492 395 2594 435; x_wconf 86' lang='lat' dir='ltr'><strong>suo</strong></span> <span class='ocrx_word' id='word_1_18' title='bbox 2635 380 2845 435; x_wconf 82' lang='lat' dir='ltr'><strong>vicario</strong></span> <span class='ocrx_word' id='word_1_19' title='bbox 2884 377 3146 437; x_wconf 88' lang='lat' dir='ltr'><strong>obediunt</strong></span> <span class='ocrx_word' id='word_1_20' title='bbox 3167 420 3182 448; x_wconf 92' lang='lat'><strong>,</strong></span> <span class='ocrx_word' id='word_1_21' title='bbox 3228 393 3328 435; x_wconf 87' lang='lat' dir='ltr'><strong>vos</strong></span> <span class='ocrx_word' id='word_1_22' title='bbox 3364 387 3551 435; x_wconf 87' lang='lat' dir='ltr'><strong>autem</strong></span> <span class='ocrx_word' id='word_1_23' title='bbox 3595 380 3838 450; x_wconf 81' lang='lat' dir='ltr'><strong>superbo</strong></span> 
     </span>
    </p>
   </div>
   <div class='ocr_carea' id='block_1_5' title="bbox 556 457 2141 534">
    <p class='ocr_par' dir='ltr' id='par_1_5' title="bbox 556 457 2141 534">
     <span class='ocr_line' id='line_1_5' title="bbox 556 457 2141 534; baseline 0.004 -20"><span class='ocrx_word' id='word_1_24' title='bbox 556 457 698 515; x_wconf 70' lang='lat' dir='ltr'><strong>siam</strong></span> <span class='ocrx_word' id='word_1_25' title='bbox 717 457 1056 512; x_wconf 88' lang='lat' dir='ltr'><strong>intraverunt</strong></span> <span class='ocrx_word' id='word_1_26' title='bbox 1073 466 1392 529; x_wconf 81' lang='lat' dir='ltr'><strong>arroganter</strong></span> <span class='ocrx_word' id='word_1_27' title='bbox 1411 468 1466 513; x_wconf 93' lang='lat' dir='ltr'><strong>et</strong></span> <span class='ocrx_word' id='word_1_28' title='bbox 1483 468 1749 529; x_wconf 76' lang='lat' dir='ltr'><strong>proterve.</strong></span> <span class='ocrx_word' id='word_1_29' title='bbox 1766 459 1887 527; x_wconf 86' lang='lat' dir='ltr'><strong>Quo</strong></span> <span class='ocrx_word' id='word_1_30' title='bbox 1903 465 2141 534; x_wconf 89' lang='lat' dir='ltr'><strong>cognito,</strong></span> 
     </span>
    </p>
   </div>
   <div class='ocr_carea' id='block_1_6' title="bbox 557 548 2146 621">
    <p class='ocr_par' dir='ltr' id='par_1_6' title="bbox 557 548 2146 621">
     <span class='ocr_line' id='line_1_6' title="bbox 557 548 2146 621; baseline 0.003 -16"><span class='ocrx_word' id='word_1_31' title='bbox 557 562 617 605; x_wconf 82' lang='lat' dir='ltr'><strong>se</strong></span> <span class='ocrx_word' id='word_1_32' title='bbox 638 549 861 603; x_wconf 89' lang='lat' dir='ltr'><strong>divertit</strong></span> <span class='ocrx_word' id='word_1_33' title='bbox 880 548 949 603; x_wconf 89' lang='lat' dir='ltr'><strong>ab</strong></span> <span class='ocrx_word' id='word_1_34' title='bbox 969 549 1148 615; x_wconf 90' lang='lat' dir='ltr'><strong>altari,</strong></span> <span class='ocrx_word' id='word_1_35' title='bbox 1180 550 1367 606; x_wconf 89' lang='lat' dir='ltr'><strong>dicens</strong></span> <span class='ocrx_word' id='word_1_36' title='bbox 1405 568 1418 604; x_wconf 94' lang='lat'>:</span> <span class='ocrx_word' id='word_1_37' title='bbox 1449 569 1466 601; x_wconf 76' lang='grc' dir='ltr'>ι</span> <span class='ocrx_word' id='word_1_38' title='bbox 1494 549 1759 621; x_wconf 57' lang='lat' dir='ltr'><strong>Principio</strong></span> <span class='ocrx_word' id='word_1_39' title='bbox 1785 553 1940 609; x_wconf 81' lang='lat' dir='ltr'><strong>vobis</strong></span> <span class='ocrx_word' id='word_1_40' title='bbox 1967 556 2146 610; x_wconf 88' lang='lat' dir='ltr'><strong>omni-</strong></span> 
     </span>
    </p>
   </div>
   <div class='ocr_carea' id='block_1_7' title="bbox 555 639 2144 715">
    <p class='ocr_par' dir='ltr' id='par_1_7' title="bbox 555 639 2144 715">
     <span class='ocr_line' id='line_1_7' title="bbox 555 639 2144 715; baseline 0.006 -20"><span class='ocrx_word' id='word_1_41' title='bbox 555 640 682 706; x_wconf 86' lang='lat' dir='ltr'><strong>bus,</strong></span> <span class='ocrx_word' id='word_1_42' title='bbox 728 639 823 711; x_wconf 95' lang='lat' dir='ltr'><strong>qui</strong></span> <span class='ocrx_word' id='word_1_43' title='bbox 862 641 997 696; x_wconf 79' lang='lat' dir='ltr'><strong>estis</strong></span> <span class='ocrx_word' id='word_1_44' title='bbox 1035 642 1516 709; x_wconf 81' lang='lat' dir='ltr'><strong>excommunicati,</strong></span> <span class='ocrx_word' id='word_1_45' title='bbox 1559 643 1615 696; x_wconf 92' lang='lat' dir='ltr'><strong>in</strong></span> <span class='ocrx_word' id='word_1_46' title='bbox 1657 644 1857 700; x_wconf 89' lang='lat' dir='ltr'><strong>virtute</strong></span> <span class='ocrx_word' id='word_1_47' title='bbox 1908 644 2144 715; x_wconf 75' lang='lat' dir='ltr'><strong>Spiritus</strong></span> 
     </span>
    </p>
   </div>
   <div class='ocr_carea' id='block_1_8' title="bbox 557 722 2134 793">
    <p class='ocr_par' dir='ltr' id='par_1_8' title="bbox 557 722 2134 793">
     <span class='ocr_line' id='line_1_8' title="bbox 557 722 2134 793; baseline 0.002 -4"><span class='ocrx_word' id='word_1_48' title='bbox 557 733 737 789; x_wconf 87' lang='lat' dir='ltr'><strong>sancti</strong></span> <span class='ocrx_word' id='word_1_49' title='bbox 768 743 822 788; x_wconf 85' lang='lat' dir='ltr'><strong>et</strong></span> <span class='ocrx_word' id='word_1_50' title='bbox 843 722 1047 788; x_wconf 55' lang='lat' dir='ltr'><strong>sanctae</strong></span> <span class='ocrx_word' id='word_1_51' title='bbox 1070 733 1388 789; x_wconf 80' lang='lat' dir='ltr'><strong>obedientiae</strong></span> <span class='ocrx_word' id='word_1_52' title='bbox 1415 743 1476 788; x_wconf 90' lang='lat' dir='ltr'><strong>ut</strong></span> <span class='ocrx_word' id='word_1_53' title='bbox 1496 736 1703 790; x_wconf 76' lang='lat' dir='ltr'><strong>exeatis</strong></span> <span class='ocrx_word' id='word_1_54' title='bbox 1738 736 1806 791; x_wconf 90' lang='lat' dir='ltr'><strong>de</strong></span> <span class='ocrx_word' id='word_1_55' title='bbox 1830 738 2080 793; x_wconf 88' lang='lat' dir='ltr'><strong>ecclesia.</strong></span> <span class='ocrx_word' id='word_1_56' title='bbox 2114 757 2134 792; x_wconf 76' lang='grc' dir='ltr'><strong><em>ι</em></strong></span> 
     </span>
    </p>
   </div>
   <div class='ocr_carea' id='block_1_9' title="bbox 555 824 2138 900">
    <p class='ocr_par' dir='ltr' id='par_1_9' title="bbox 555 824 2138 900">
     <span class='ocr_line' id='line_1_9' title="bbox 555 824 2138 900; baseline 0.004 -21"><span class='ocrx_word' id='word_1_57' title='bbox 555 824 805 881; x_wconf 74' lang='lat' dir='ltr'><strong>Rcbelles</strong></span> <span class='ocrx_word' id='word_1_58' title='bbox 843 837 1027 881; x_wconf 86' lang='lat' dir='ltr'><strong>autem</strong></span> <span class='ocrx_word' id='word_1_59' title='bbox 1066 834 1119 881; x_wconf 88' lang='lat' dir='ltr'><strong>et</strong></span> <span class='ocrx_word' id='word_1_60' title='bbox 1159 828 1617 883; x_wconf 78' lang='lat' dir='ltr'><strong>excommunicati</strong></span> <span class='ocrx_word' id='word_1_61' title='bbox 1664 829 1768 884; x_wconf 90' lang='lat' dir='ltr'><strong>hoc</strong></span> <span class='ocrx_word' id='word_1_62' title='bbox 1810 840 2138 900; x_wconf 66' lang='lat' dir='ltr'><strong>prccceptum</strong></span> 
     </span>
    </p>
   </div>
   <div class='ocr_carea' id='block_1_10' title="bbox 554 917 2133 990">
    <p class='ocr_par' dir='ltr' id='par_1_10' title="bbox 554 917 2133 990">
     <span class='ocr_line' id='line_1_10' title="bbox 554 917 2133 990; baseline 0.004 -17"><span class='ocrx_word' id='word_1_63' title='bbox 554 935 665 974; x_wconf 90' lang='lat' dir='ltr'><strong>non</strong></span> <span class='ocrx_word' id='word_1_64' title='bbox 695 922 955 978; x_wconf 79' lang='lat' dir='ltr'><strong>curantes</strong></span> <span class='ocrx_word' id='word_1_65' title='bbox 990 919 1360 990; x_wconf 80' lang='lat' dir='ltr'><strong>perstiterunt,</strong></span> <span class='ocrx_word' id='word_1_66' title='bbox 1402 933 1748 978; x_wconf 82' lang='lat' dir='ltr'><strong>remanentes</strong></span> <span class='ocrx_word' id='word_1_67' title='bbox 1786 924 1842 977; x_wconf 92' lang='lat' dir='ltr'><strong>in</strong></span> <span class='ocrx_word' id='word_1_68' title='bbox 1883 917 2133 981; x_wconf 88' lang='lat' dir='ltr'><strong>ecclesia.</strong></span> 
     </span>
    </p>
   </div>
   <div class='ocr_carea' id='block_1_11' title="bbox 558 1009 2140 1087">
    <p class='ocr_par' dir='ltr' id='par_1_11' title="bbox 558 1009 2140 1087">
     <span class='ocr_line' id='line_1_11' title="bbox 558 1009 2140 1087; baseline 0.005 -22"><span class='ocrx_word' id='word_1_69' title='bbox 558 1009 665 1067; x_wconf 87' lang='lat' dir='ltr'><strong>Sed</strong></span> <span class='ocrx_word' id='word_1_70' title='bbox 690 1013 912 1082; x_wconf 88' lang='lat' dir='ltr'><strong>quidam</strong></span> <span class='ocrx_word' id='word_1_71' title='bbox 928 1013 995 1067; x_wconf 90' lang='lat' dir='ltr'><strong>de</strong></span> <span class='ocrx_word' id='word_1_72' title='bbox 1023 1014 1273 1081; x_wconf 89' lang='lat' dir='ltr'><strong>mortuis,</strong></span> <span class='ocrx_word' id='word_1_73' title='bbox 1300 1014 1395 1084; x_wconf 85' lang='lat' dir='ltr'><strong>qui</strong></span> <span class='ocrx_word' id='word_1_74' title='bbox 1424 1015 1612 1070; x_wconf 88' lang='lat' dir='ltr'><strong>multis</strong></span> <span class='ocrx_word' id='word_1_75' title='bbox 1638 1016 1796 1072; x_wconf 91' lang='lat' dir='ltr'><strong>annis</strong></span> <span class='ocrx_word' id='word_1_76' title='bbox 1818 1017 2140 1087; x_wconf 83' lang='lat' dir='ltr'><strong>quieverant</strong></span> 
     </span>
    </p>
   </div>
   <div class='ocr_carea' id='block_1_12' title="bbox 552 1104 2135 1179">
    <p class='ocr_par' dir='ltr' id='par_1_12' title="bbox 552 1104 2135 1179">
     <span class='ocr_line' id='line_1_12' title="bbox 552 1104 2135 1179; baseline 0.003 -20"><span class='ocrx_word' id='word_1_77' title='bbox 552 1105 612 1159; x_wconf 74' lang='lat' dir='ltr'><strong>in</strong></span> <span class='ocrx_word' id='word_1_78' title='bbox 644 1104 1041 1171; x_wconf 79' lang='lat' dir='ltr'><strong>monumentis,</strong></span> <span class='ocrx_word' id='word_1_79' title='bbox 1070 1105 1164 1174; x_wconf 89' lang='lat' dir='ltr'><strong>qui</strong></span> <span class='ocrx_word' id='word_1_80' title='bbox 1189 1115 1242 1159; x_wconf 90' lang='lat' dir='ltr'><strong>et</strong></span> <span class='ocrx_word' id='word_1_81' title='bbox 1269 1104 1481 1173; x_wconf 77' lang='lat' dir='ltr'><strong>forsan,</strong></span> <span class='ocrx_word' id='word_1_82' title='bbox 1508 1106 1884 1177; x_wconf 77' lang='lat' dir='ltr'><strong>ignorantibus</strong></span> <span class='ocrx_word' id='word_1_83' title='bbox 1922 1108 2003 1163; x_wconf 90' lang='lat' dir='ltr'><strong>eis</strong></span> <span class='ocrx_word' id='word_1_84' title='bbox 2040 1109 2135 1179; x_wconf 88' lang='lat' dir='ltr'><strong>qui</strong></span> 
     </span>
    </p>
   </div>
   <div class='ocr_carea' id='block_1_13' title="bbox 553 1193 2134 1279">
    <p class='ocr_par' dir='ltr' id='par_1_13' title="bbox 553 1193 2134 1279">
     <span class='ocr_line' id='line_1_13' title="bbox 553 1193 2134 1279; baseline 0.003 -31"><span class='ocrx_word' id='word_1_85' title='bbox 553 1209 651 1249; x_wconf 90' lang='lat' dir='ltr'><strong>eos</strong></span> <span class='ocrx_word' id='word_1_86' title='bbox 680 1193 1029 1262; x_wconf 76' lang='lat' dir='ltr'><strong>sepelierunt,</strong></span> <span class='ocrx_word' id='word_1_87' title='bbox 1054 1194 1133 1247; x_wconf 85' lang='lat' dir='ltr'><strong>.in</strong></span> <span class='ocrx_word' id='word_1_88' title='bbox 1175 1195 1745 1251; x_wconf 81' lang='lat' dir='ltr'><strong>excommunicatione</strong></span> <span class='ocrx_word' id='word_1_89' title='bbox 1780 1197 1891 1268; x_wconf 79' lang='lat'><strong>(75)</strong></span> <span class='ocrx_word' id='word_1_90' title='bbox 1938 1199 2134 1279; x_wconf 69' lang='lat' dir='ltr'><strong>sepulti</strong></span> 
     </span>
    </p>
   </div>
   <div class='ocr_carea' id='block_1_14' title="bbox 553 1282 2135 1356">
    <p class='ocr_par' dir='ltr' id='par_1_14' title="bbox 553 1282 2135 1356">
     <span class='ocr_line' id='line_1_14' title="bbox 553 1282 2135 1356; baseline 0.005 -19"><span class='ocrx_word' id='word_1_91' title='bbox 553 1282 802 1351; x_wconf 78' lang='lat' dir='ltr'><strong>fuerant,</strong></span> <span class='ocrx_word' id='word_1_92' title='bbox 841 1295 1195 1340; x_wconf 77' lang='lat' dir='ltr'><strong>surrexerunt</strong></span> <span class='ocrx_word' id='word_1_93' title='bbox 1229 1296 1284 1343; x_wconf 89' lang='lat' dir='ltr'><strong>et</strong></span> <span class='ocrx_word' id='word_1_94' title='bbox 1315 1287 1382 1341; x_wconf 90' lang='lat' dir='ltr'><strong>de</strong></span> <span class='ocrx_word' id='word_1_95' title='bbox 1420 1288 1650 1342; x_wconf 81' lang='lat' dir='ltr'><strong>ecclesia</strong></span> <span class='ocrx_word' id='word_1_96' title='bbox 1678 1287 1945 1343; x_wconf 79' lang='lat' dir='ltr'><strong>exierunt.</strong></span> <span class='ocrx_word' id='word_1_97' title='bbox 1979 1290 2135 1356; x_wconf 83' lang='lat' dir='ltr'><strong>Quod</strong></span> 
     </span>
    </p>
   </div>
   <div class='ocr_carea' id='block_1_15' title="bbox 550 1376 2135 1450">
    <p class='ocr_par' dir='ltr' id='par_1_15' title="bbox 550 1376 2135 1450">
     <span class='ocr_line' id='line_1_15' title="bbox 550 1376 2135 1450; baseline 0.004 -20"><span class='ocrx_word' id='word_1_98' title='bbox 550 1376 798 1431; x_wconf 80' lang='lat' dir='ltr'><strong>videntes</strong></span> <span class='ocrx_word' id='word_1_99' title='bbox 844 1376 919 1430; x_wconf 87' lang='lat' dir='ltr'><strong>illi</strong></span> <span class='ocrx_word' id='word_1_100' title='bbox 956 1378 1185 1433; x_wconf 83' lang='lat' dir='ltr'><strong>rebelles</strong></span> <span class='ocrx_word' id='word_1_101' title='bbox 1218 1379 1575 1447; x_wconf 85' lang='lat' dir='ltr'><strong>erubuerunt,</strong></span> <span class='ocrx_word' id='word_1_102' title='bbox 1617 1390 1672 1435; x_wconf 89' lang='lat' dir='ltr'><strong>et</strong></span> <span class='ocrx_word' id='word_1_103' title='bbox 1718 1390 1840 1450; x_wconf 90' lang='lat' dir='ltr'><strong>post</strong></span> <span class='ocrx_word' id='word_1_104' title='bbox 1890 1391 2135 1437; x_wconf 87' lang='lat' dir='ltr'><strong>mortuos</strong></span> 
     </span>
    </p>
   </div>
   <div class='ocr_carea' id='block_1_16' title="bbox 551 1461 2136 1540">
    <p class='ocr_par' dir='ltr' id='par_1_16' title="bbox 551 1461 2136 1540">
     <span class='ocr_line' id='line_1_16' title="bbox 551 1461 2136 1540; baseline 0.004 -18"><span class='ocrx_word' id='word_1_105' title='bbox 551 1461 820 1523; x_wconf 80' lang='lat' dir='ltr'><strong>exierunt.</strong></span> <span class='ocrx_word' id='word_1_106' title='bbox 847 1467 1080 1525; x_wconf 87' lang='lat' dir='ltr'><strong>Sanctus</strong></span> <span class='ocrx_word' id='word_1_107' title='bbox 1102 1480 1281 1524; x_wconf 89' lang='lat' dir='ltr'><strong>autem</strong></span> <span class='ocrx_word' id='word_1_108' title='bbox 1305 1472 1526 1540; x_wconf 62' lang='lat' dir='ltr'><strong>praesul,</strong></span> <span class='ocrx_word' id='word_1_109' title='bbox 1553 1471 1703 1526; x_wconf 78' lang='lat' dir='ltr'><strong>finita</strong></span> <span class='ocrx_word' id='word_1_110' title='bbox 1725 1472 1891 1527; x_wconf 90' lang='lat' dir='ltr'><strong>missa</strong></span> <span class='ocrx_word' id='word_1_111' title='bbox 1914 1514 1927 1538; x_wconf 94' lang='lat'><strong>,</strong></span> <span class='ocrx_word' id='word_1_112' title='bbox 1952 1473 2018 1526; x_wconf 83' lang='lat' dir='ltr'><strong>ad</strong></span> <span class='ocrx_word' id='word_1_113' title='bbox 2040 1489 2136 1528; x_wconf 91' lang='lat' dir='ltr'><strong>eos</strong></span> 
     </span>
    </p>
   </div>
   <div class='ocr_carea' id='block_1_17' title="bbox 549 1558 2137 1628">
    <p class='ocr_par' dir='ltr' id='par_1_17' title="bbox 549 1558 2137 1628">
     <span class='ocr_line' id='line_1_17' title="bbox 549 1558 2137 1628; baseline 0.002 -16"><span class='ocrx_word' id='word_1_114' title='bbox 549 1558 770 1625; x_wconf 78' lang='lat' dir='ltr'><strong>exiens,</strong></span> <span class='ocrx_word' id='word_1_115' title='bbox 802 1560 938 1615; x_wconf 74' lang='lat' dir='ltr'><strong>dixit</strong></span> <span class='ocrx_word' id='word_1_116' title='bbox 967 1579 980 1614; x_wconf 91' lang='lat'><strong>:</strong></span> <span class='ocrx_word' id='word_1_117' title='bbox 1021 1579 1041 1611; x_wconf 83' lang='grc'><em>‹</em></span> <span class='ocrx_word' id='word_1_118' title='bbox 1069 1560 1297 1626; x_wconf 84' lang='lat' dir='ltr'><strong>Audite,</strong></span> <span class='ocrx_word' id='word_1_119' title='bbox 1328 1562 1557 1617; x_wconf 85' lang='lat' dir='ltr'><strong>rebelles</strong></span> <span class='ocrx_word' id='word_1_120' title='bbox 1577 1571 1632 1617; x_wconf 91' lang='lat' dir='ltr'><strong>et</strong></span> <span class='ocrx_word' id='word_1_121' title='bbox 1661 1561 1946 1628; x_wconf 87' lang='lat' dir='ltr'><strong>increduli,</strong></span> <span class='ocrx_word' id='word_1_122' title='bbox 1981 1571 2033 1616; x_wconf 91' lang='lat' dir='ltr'><strong>et</strong></span> <span class='ocrx_word' id='word_1_123' title='bbox 2054 1562 2137 1615; x_wconf 88' lang='lat' dir='ltr'><strong>vi-</strong></span> 
     </span>
    </p>
   </div>
   <div class='ocr_carea' id='block_1_18' title="bbox 548 1649 2134 1729">
    <p class='ocr_par' dir='ltr' id='par_1_18' title="bbox 548 1649 2134 1729">
     <span class='ocr_line' id='line_1_18' title="bbox 548 1649 2134 1729; baseline 0.001 -24"><span class='ocrx_word' id='word_1_124' title='bbox 548 1649 670 1707; x_wconf 87' lang='lat' dir='ltr'><strong>dete</strong></span> <span class='ocrx_word' id='word_1_125' title='bbox 692 1650 903 1720; x_wconf 89' lang='lat' dir='ltr'><strong>justum</strong></span> <span class='ocrx_word' id='word_1_126' title='bbox 933 1650 1029 1707; x_wconf 89' lang='lat' dir='ltr'><strong>Dei</strong></span> <span class='ocrx_word' id='word_1_127' title='bbox 1061 1651 1331 1722; x_wconf 86' lang='lat' dir='ltr'><strong>judicium</strong></span> <span class='ocrx_word' id='word_1_128' title='bbox 1374 1661 1565 1729; x_wconf 77' lang='lat' dir='ltr'><strong>contra</strong></span> <span class='ocrx_word' id='word_1_129' title='bbox 1599 1652 1717 1708; x_wconf 80' lang='lat' dir='ltr'><strong>vos.</strong></span> <span class='ocrx_word' id='word_1_130' title='bbox 1752 1652 1892 1710; x_wconf 84' lang='lat' dir='ltr'><strong>Ecce</strong></span> <span class='ocrx_word' id='word_1_131' title='bbox 1931 1653 2134 1708; x_wconf 81' lang='lat' dir='ltr'><strong>mortui</strong></span> 
     </span>
    </p>
   </div>
   <div class='ocr_carea' id='block_1_19' title="bbox 2241 468 3838 549">
    <p class='ocr_par' dir='ltr' id='par_1_19' title="bbox 2241 468 3838 549">
     <span class='ocr_line' id='line_1_19' title="bbox 2241 468 3838 549; baseline 0.004 -26"><span class='ocrx_word' id='word_1_132' title='bbox 2241 468 2426 524; x_wconf 86' lang='lat' dir='ltr'><strong>referti</strong></span> <span class='ocrx_word' id='word_1_133' title='bbox 2460 470 2652 539; x_wconf 86' lang='lat' dir='ltr'><strong>spiritu</strong></span> <span class='ocrx_word' id='word_1_134' title='bbox 2688 470 2908 529; x_wconf 73' lang='lat' dir='ltr'><strong>obedire</strong></span> <span class='ocrx_word' id='word_1_135' title='bbox 2943 470 3364 549; x_wconf 46' lang='lat' dir='ltr'><strong>contempistis.</strong></span> <span class='ocrx_word' id='word_1_136' title='bbox 3410 470 3654 543; x_wconf 83' lang='lat' dir='ltr'><strong>Surgent</strong></span> <span class='ocrx_word' id='word_1_137' title='bbox 3674 472 3838 542; x_wconf 83' lang='lat' dir='ltr'><strong>igitur</strong></span> 
     </span>
    </p>
   </div>
   <div class='ocr_carea' id='block_1_20' title="bbox 2242 560 3835 630">
    <p class='ocr_par' dir='ltr' id='par_1_20' title="bbox 2242 560 3835 630">
     <span class='ocr_line' id='line_1_20' title="bbox 2242 560 3835 630; baseline 0.004 -18"><span class='ocrx_word' id='word_1_138' title='bbox 2242 560 2444 614; x_wconf 84' lang='lat' dir='ltr'><strong>mortui</strong></span> <span class='ocrx_word' id='word_1_139' title='bbox 2489 560 2580 615; x_wconf 88' lang='lat' dir='ltr'><strong>isti</strong></span> <span class='ocrx_word' id='word_1_140' title='bbox 2621 572 2812 616; x_wconf 87' lang='lat' dir='ltr'><strong>contra</strong></span> <span class='ocrx_word' id='word_1_141' title='bbox 2853 574 2952 615; x_wconf 88' lang='lat' dir='ltr'><strong>vos</strong></span> <span class='ocrx_word' id='word_1_142' title='bbox 2995 560 3048 614; x_wconf 90' lang='lat' dir='ltr'><strong>in</strong></span> <span class='ocrx_word' id='word_1_143' title='bbox 3090 560 3338 630; x_wconf 85' lang='lat' dir='ltr'><strong>judicio,</strong></span> <span class='ocrx_word' id='word_1_144' title='bbox 3395 568 3450 616; x_wconf 88' lang='lat' dir='ltr'><strong>et</strong></span> <span class='ocrx_word' id='word_1_145' title='bbox 3503 562 3835 618; x_wconf 81' lang='lat' dir='ltr'><strong>sententiam</strong></span> 
     </span>
    </p>
   </div>
   <div class='ocr_carea' id='block_1_21' title="bbox 2242 650 3836 722">
    <p class='ocr_par' dir='ltr' id='par_1_21' title="bbox 2242 650 3836 722">
     <span class='ocr_line' id='line_1_21' title="bbox 2242 650 3836 722; baseline 0.004 -18"><span class='ocrx_word' id='word_1_146' title='bbox 2242 650 2613 705; x_wconf 85' lang='lat' dir='ltr'><strong>damnationis</strong></span> <span class='ocrx_word' id='word_1_147' title='bbox 2662 650 2974 721; x_wconf 85' lang='lat' dir='ltr'><strong>allegabunt</strong></span> <span class='ocrx_word' id='word_1_148' title='bbox 3008 657 3198 706; x_wconf 88' lang='lat' dir='ltr'><strong>contra</strong></span> <span class='ocrx_word' id='word_1_149' title='bbox 3242 666 3359 717; x_wconf 87' lang='lat' dir='ltr'><strong>vos,</strong></span> <span class='ocrx_word' id='word_1_150' title='bbox 3390 651 3498 707; x_wconf 85' lang='lat' dir='ltr'><strong>nisi</strong></span> <span class='ocrx_word' id='word_1_151' title='bbox 3528 652 3757 722; x_wconf 74' lang='lat' dir='ltr'><strong>plenam</strong></span> <span class='ocrx_word' id='word_1_152' title='bbox 3784 662 3836 710; x_wconf 79' lang='lat' dir='ltr'><strong>et</strong></span> 
     </span>
    </p>
   </div>
   <div class='ocr_carea' id='block_1_22' title="bbox 2241 740 3836 811">
    <p class='ocr_par' dir='ltr' id='par_1_22' title="bbox 2241 740 3836 811">
     <span class='ocr_line' id='line_1_22' title="bbox 2241 740 3836 811; baseline 0 -15"><span class='ocrx_word' id='word_1_153' title='bbox 2241 740 2569 811; x_wconf 89' lang='lat' dir='ltr'><strong>condignam</strong></span> <span class='ocrx_word' id='word_1_154' title='bbox 2609 741 2987 810; x_wconf 65' lang='lat' dir='ltr'><strong>paenitentiam</strong></span> <span class='ocrx_word' id='word_1_155' title='bbox 3020 741 3263 811; x_wconf 81' lang='lat' dir='ltr'><strong>egeritis.</strong></span> <span class='ocrx_word' id='word_1_156' title='bbox 3296 759 3316 792; x_wconf 73' lang='grc' dir='ltr'><strong><em>ι</em></strong></span> <span class='ocrx_word' id='word_1_157' title='bbox 3366 740 3461 808; x_wconf 88' lang='lat' dir='ltr'><strong>Et,</strong></span> <span class='ocrx_word' id='word_1_158' title='bbox 3512 741 3606 796; x_wconf 89' lang='lat' dir='ltr'><strong>his</strong></span> <span class='ocrx_word' id='word_1_159' title='bbox 3650 741 3836 809; x_wconf 81' lang='lat' dir='ltr'><strong>dictis,</strong></span> 
     </span>
    </p>
   </div>
   <div class='ocr_carea' id='block_1_23' title="bbox 2242 833 3834 905">
    <p class='ocr_par' dir='ltr' id='par_1_23' title="bbox 2242 833 3834 905">
     <span class='ocr_line' id='line_1_23' title="bbox 2242 833 3834 905; baseline 0 -15"><span class='ocrx_word' id='word_1_160' title='bbox 2242 834 2512 890; x_wconf 86' lang='lat' dir='ltr'><strong>convertit</strong></span> <span class='ocrx_word' id='word_1_161' title='bbox 2533 846 2591 889; x_wconf 85' lang='lat' dir='ltr'><strong>se</strong></span> <span class='ocrx_word' id='word_1_162' title='bbox 2620 833 2688 888; x_wconf 88' lang='lat' dir='ltr'><strong>ad</strong></span> <span class='ocrx_word' id='word_1_163' title='bbox 2711 841 2979 901; x_wconf 91' lang='lat' dir='ltr'><strong>mortuos,</strong></span> <span class='ocrx_word' id='word_1_164' title='bbox 3002 833 3228 889; x_wconf 88' lang='lat' dir='ltr'><strong>dicens:</strong></span> <span class='ocrx_word' id='word_1_165' title='bbox 3268 853 3286 886; x_wconf 73' lang='grc' dir='ltr'>ι</span> <span class='ocrx_word' id='word_1_166' title='bbox 3318 833 3432 905; x_wconf 85' lang='lat' dir='ltr'><strong>Ego</strong></span> <span class='ocrx_word' id='word_1_167' title='bbox 3461 850 3585 901; x_wconf 84' lang='lat' dir='ltr'><strong>vos,</strong></span> <span class='ocrx_word' id='word_1_168' title='bbox 3611 834 3834 900; x_wconf 81' lang='lat' dir='ltr'><strong>fratres,</strong></span> 
     </span>
    </p>
   </div>
   <div class='ocr_carea' id='block_1_24' title="bbox 2239 918 3836 980">
    <p class='ocr_par' dir='ltr' id='par_1_24' title="bbox 2239 918 3836 980">
     <span class='ocr_line' id='line_1_24' title="bbox 2239 918 3836 980; baseline 0 -1"><span class='ocrx_word' id='word_1_169' title='bbox 2239 918 2568 980; x_wconf 72' lang='lat' dir='ltr'><strong>auctoritate</strong></span> <span class='ocrx_word' id='word_1_170' title='bbox 2611 923 2828 978; x_wconf 86' lang='lat' dir='ltr'><strong>Domini</strong></span> <span class='ocrx_word' id='word_1_171' title='bbox 2869 923 3042 978; x_wconf 89' lang='lat' dir='ltr'><strong>nostri</strong></span> <span class='ocrx_word' id='word_1_172' title='bbox 3095 921 3226 978; x_wconf 70' lang='lat' dir='ltr'><strong>Iesu</strong></span> <span class='ocrx_word' id='word_1_173' title='bbox 3274 922 3479 979; x_wconf 89' lang='lat' dir='ltr'><strong>Christi</strong></span> <span class='ocrx_word' id='word_1_174' title='bbox 3527 923 3768 978; x_wconf 85' lang='lat' dir='ltr'><strong>absolvo</strong></span> <span class='ocrx_word' id='word_1_175' title='bbox 3805 938 3836 979; x_wconf 81' lang='lat' dir='ltr'><strong>a</strong></span> 
     </span>
    </p>
   </div>
   <div class='ocr_carea' id='block_1_25' title="bbox 2245 1014 3838 1086">
    <p class='ocr_par' dir='ltr' id='par_1_25' title="bbox 2245 1014 3838 1086">
     <span class='ocr_line' id='line_1_25' title="bbox 2245 1014 3838 1086; baseline -0.002 -13"><span class='ocrx_word' id='word_1_176' title='bbox 2245 1018 2510 1073; x_wconf 88' lang='lat' dir='ltr'><strong>sententia</strong></span> <span class='ocrx_word' id='word_1_177' title='bbox 2532 1015 3146 1083; x_wconf 79' lang='lat' dir='ltr'><strong>excommunicationis&#39;,</strong></span> <span class='ocrx_word' id='word_1_178' title='bbox 3171 1031 3278 1086; x_wconf 92' lang='lat' dir='ltr'><strong>qua</strong></span> <span class='ocrx_word' id='word_1_179' title='bbox 3299 1015 3406 1070; x_wconf 89' lang='lat' dir='ltr'><strong>huc</strong></span> <span class='ocrx_word' id='word_1_180' title='bbox 3434 1030 3619 1085; x_wconf 84' lang='lat' dir='ltr'><strong>usque</strong></span> <span class='ocrx_word' id='word_1_181' title='bbox 3651 1014 3838 1070; x_wconf 79' lang='lat' dir='ltr'><strong>fuera-</strong></span> 
     </span>
    </p>
   </div>
   <div class='ocr_carea' id='block_1_26' title="bbox 2240 1104 3839 1176">
    <p class='ocr_par' dir='ltr' id='par_1_26' title="bbox 2240 1104 3839 1176">
     <span class='ocr_line' id='line_1_26' title="bbox 2240 1104 3839 1176; baseline -0.001 -13"><span class='ocrx_word' id='word_1_182' title='bbox 2240 1108 2312 1163; x_wconf 86' lang='lat' dir='ltr'><strong>tis</strong></span> <span class='ocrx_word' id='word_1_183' title='bbox 2352 1107 2616 1174; x_wconf 90' lang='lat' dir='ltr'><strong>innodati,</strong></span> <span class='ocrx_word' id='word_1_184' title='bbox 2664 1107 2718 1161; x_wconf 90' lang='lat' dir='ltr'><strong>in</strong></span> <span class='ocrx_word' id='word_1_185' title='bbox 2763 1106 2983 1161; x_wconf 89' lang='lat' dir='ltr'><strong>nomine</strong></span> <span class='ocrx_word' id='word_1_186' title='bbox 3026 1104 3205 1161; x_wconf 85' lang='lat' dir='ltr'><strong>Patris</strong></span> <span class='ocrx_word' id='word_1_187' title='bbox 3248 1114 3302 1161; x_wconf 90' lang='lat' dir='ltr'><strong>et</strong></span> <span class='ocrx_word' id='word_1_188' title='bbox 3349 1104 3472 1159; x_wconf 85' lang='lat' dir='ltr'><strong>Filii</strong></span> <span class='ocrx_word' id='word_1_189' title='bbox 3512 1114 3569 1161; x_wconf 89' lang='lat' dir='ltr'><strong>et</strong></span> <span class='ocrx_word' id='word_1_190' title='bbox 3594 1104 3839 1176; x_wconf 73' lang='lat' dir='ltr'><strong>Spiritus</strong></span> 
     </span>
    </p>
   </div>
   <div class='ocr_carea' id='block_1_27' title="bbox 2241 1197 3840 1268">
    <p class='ocr_par' dir='ltr' id='par_1_27' title="bbox 2241 1197 3840 1268">
     <span class='ocr_line' id='line_1_27' title="bbox 2241 1197 3840 1268; baseline -0.001 -14"><span class='ocrx_word' id='word_1_191' title='bbox 2241 1199 2436 1254; x_wconf 89' lang='lat' dir='ltr'><strong>sancti.</strong></span> <span class='ocrx_word' id='word_1_192' title='bbox 2487 1199 2681 1255; x_wconf 84' lang='lat' dir='ltr'><strong>Amen.</strong></span> <span class='ocrx_word' id='word_1_193' title='bbox 2727 1197 2822 1265; x_wconf 83' lang='lat' dir='ltr'><strong>Ite,</strong></span> <span class='ocrx_word' id='word_1_194' title='bbox 2865 1198 3199 1253; x_wconf 85' lang='lat' dir='ltr'><strong>revertimini</strong></span> <span class='ocrx_word' id='word_1_195' title='bbox 3242 1199 3309 1254; x_wconf 83' lang='lat' dir='ltr'><strong>ad</strong></span> <span class='ocrx_word' id='word_1_196' title='bbox 3348 1198 3496 1267; x_wconf 85' lang='lat' dir='ltr'><strong>loca,</strong></span> <span class='ocrx_word' id='word_1_197' title='bbox 3526 1206 3587 1253; x_wconf 90' lang='lat' dir='ltr'><strong>et</strong></span> <span class='ocrx_word' id='word_1_198' title='bbox 3624 1198 3684 1252; x_wconf 89' lang='lat' dir='ltr'><strong>in</strong></span> <span class='ocrx_word' id='word_1_199' title='bbox 3708 1214 3840 1268; x_wconf 71' lang='lat' dir='ltr'><strong>pace</strong></span> 
     </span>
    </p>
   </div>
   <div class='ocr_carea' id='block_1_28' title="bbox 2241 1287 3835 1360">
    <p class='ocr_par' dir='ltr' id='par_1_28' title="bbox 2241 1287 3835 1360">
     <span class='ocr_line' id='line_1_28' title="bbox 2241 1287 3835 1360; baseline -0.001 -16"><span class='ocrx_word' id='word_1_200' title='bbox 2241 1290 2598 1360; x_wconf 87' lang='lat' dir='ltr'><strong>requiescite,</strong></span> <span class='ocrx_word' id='word_1_201' title='bbox 2632 1290 2921 1345; x_wconf 79' lang='lat' dir='ltr'><strong>adventum</strong></span> <span class='ocrx_word' id='word_1_202' title='bbox 2950 1288 3159 1345; x_wconf 84' lang='lat' dir='ltr'><strong>Judicis</strong></span> <span class='ocrx_word' id='word_1_203' title='bbox 3186 1289 3590 1359; x_wconf 60' lang='lat' dir='ltr'><strong>praestolantes.</strong></span> <span class='ocrx_word' id='word_1_204' title='bbox 3624 1308 3646 1341; x_wconf 81' lang='grc'>›</span> <span class='ocrx_word' id='word_1_205' title='bbox 3688 1287 3835 1343; x_wconf 76' lang='lat' dir='ltr'><strong>Mor-</strong></span> 
     </span>
    </p>
   </div>
   <div class='ocr_carea' id='block_1_29' title="bbox 2241 1378 3838 1450">
    <p class='ocr_par' dir='ltr' id='par_1_29' title="bbox 2241 1378 3838 1450">
     <span class='ocr_line' id='line_1_29' title="bbox 2241 1378 3838 1450; baseline -0.003 -14"><span class='ocrx_word' id='word_1_206' title='bbox 2241 1380 2321 1436; x_wconf 89' lang='lat' dir='ltr'><strong>tui</strong></span> <span class='ocrx_word' id='word_1_207' title='bbox 2358 1390 2570 1447; x_wconf 89' lang='lat' dir='ltr'><strong>autem,</strong></span> <span class='ocrx_word' id='word_1_208' title='bbox 2614 1380 2890 1436; x_wconf 88' lang='lat' dir='ltr'><strong>inclinatis</strong></span> <span class='ocrx_word' id='word_1_209' title='bbox 2921 1379 3193 1450; x_wconf 86' lang='lat' dir='ltr'><strong>capitibus</strong></span> <span class='ocrx_word' id='word_1_210' title='bbox 3220 1387 3276 1434; x_wconf 88' lang='lat' dir='ltr'><strong>et</strong></span> <span class='ocrx_word' id='word_1_211' title='bbox 3302 1379 3513 1449; x_wconf 79' lang='lat' dir='ltr'><strong>junctis</strong></span> <span class='ocrx_word' id='word_1_212' title='bbox 3548 1378 3838 1445; x_wconf 83' lang='lat' dir='ltr'><strong>manibus,</strong></span> 
     </span>
    </p>
   </div>
   <div class='ocr_carea' id='block_1_30' title="bbox 2240 1471 3841 1544">
    <p class='ocr_par' dir='ltr' id='par_1_30' title="bbox 2240 1471 3841 1544">
     <span class='ocr_line' id='line_1_30' title="bbox 2240 1471 3841 1544; baseline -0.001 -17"><span class='ocrx_word' id='word_1_213' title='bbox 2240 1472 2402 1543; x_wconf 84' lang='lat' dir='ltr'><strong>quasi</strong></span> <span class='ocrx_word' id='word_1_214' title='bbox 2444 1473 2649 1544; x_wconf 80' lang='lat' dir='ltr'><strong>gratias</strong></span> <span class='ocrx_word' id='word_1_215' title='bbox 2684 1481 2906 1544; x_wconf 83' lang='lat' dir='ltr'><strong>agentes</strong></span> <span class='ocrx_word' id='word_1_216' title='bbox 2953 1471 3023 1528; x_wconf 82' lang='lat' dir='ltr'><strong>ad</strong></span> <span class='ocrx_word' id='word_1_217' title='bbox 3070 1472 3191 1529; x_wconf 84' lang='lat' dir='ltr'><strong>loca</strong></span> <span class='ocrx_word' id='word_1_218' title='bbox 3230 1487 3330 1529; x_wconf 86' lang='lat' dir='ltr'><strong>sua</strong></span> <span class='ocrx_word' id='word_1_219' title='bbox 3362 1477 3760 1529; x_wconf 82' lang='lat' dir='ltr'><strong>remeavernnt</strong></span> <span class='ocrx_word' id='word_1_220' title='bbox 3784 1479 3841 1538; x_wconf 63' lang='lat' dir='ltr'><strong>et</strong></span> 
     </span>
    </p>
   </div>
   <div class='ocr_carea' id='block_1_31' title="bbox 2241 1565 2589 1635">
    <p class='ocr_par' dir='ltr' id='par_1_31' title="bbox 2241 1565 2589 1635">
     <span class='ocr_line' id='line_1_31' title="bbox 2241 1565 2589 1635; baseline 0.006 -17"><span class='ocrx_word' id='word_1_221' title='bbox 2241 1565 2589 1635; x_wconf 82' lang='lat' dir='ltr'><strong>quieverunt.</strong></span> 
     </span>
    </p>
   </div>
   <div class='ocr_carea' id='block_1_32' title="bbox 628 1854 3823 1894">
    <p class='ocr_par' dir='ltr' id='par_1_32' title="bbox 628 1854 3823 1894">
     <span class='ocr_line' id='line_1_32' title="bbox 628 1854 3823 1894; baseline 0.002 -26"><span class='ocrx_word' id='word_1_222' title='bbox 628 1854 3823 1894; x_wconf 72' lang='lat'><strong>._______.________.___________________________________________</strong></span> 
     </span>
    </p>
   </div>
   <div class='ocr_carea' id='block_1_33' title="bbox 750 2014 3612 2149">
    <p class='ocr_par' dir='ltr' id='par_1_33' title="bbox 750 2014 3612 2149">
     <span class='ocr_line' id='line_1_33' title="bbox 750 2014 3612 2149; baseline 0.003 -10"><span class='ocrx_word' id='word_1_223' title='bbox 750 2014 1566 2144; x_wconf 85' lang='lat' dir='ltr'><strong>CANONIZATIO</strong></span> <span class='ocrx_word' id='word_1_224' title='bbox 1640 2050 1790 2141; x_wconf 91' lang='lat' dir='ltr'><strong>ET</strong></span> <span class='ocrx_word' id='word_1_225' title='bbox 1859 2050 2615 2146; x_wconf 81' lang='lat' dir='ltr'><strong>TRANSLATIO</strong></span> <span class='ocrx_word' id='word_1_226' title='bbox 2685 2055 2780 2145; x_wconf 89' lang='lat' dir='ltr'><strong>s.</strong></span> <span class='ocrx_word' id='word_1_227' title='bbox 2859 2050 3612 2149; x_wconf 86' lang='lat' dir='ltr'><strong>GODEHARDI.</strong></span> 
     </span>
    </p>
   </div>
   <div class='ocr_carea' id='block_1_34' title="bbox 745 2222 3633 2323">
    <p class='ocr_par' dir='ltr' id='par_1_34' title="bbox 745 2222 3633 2323">
     <span class='ocr_line' id='line_1_34' title="bbox 745 2222 3633 2323; baseline 0.004 -24"><span class='ocrx_word' id='word_1_228' title='bbox 745 2239 1067 2320; x_wconf 86' lang='lat' dir='ltr'><strong>Quomodo</strong></span> <span class='ocrx_word' id='word_1_229' title='bbox 1115 2240 1328 2303; x_wconf 83' lang='lat' dir='ltr'><strong>beatus</strong></span> <span class='ocrx_word' id='word_1_230' title='bbox 1374 2241 1784 2307; x_wconf 74' lang='lat' dir='ltr'><strong>Godehardus</strong></span> <span class='ocrx_word' id='word_1_231' title='bbox 1825 2244 1893 2303; x_wconf 80' lang='lat' dir='ltr'><strong>in</strong></span> <span class='ocrx_word' id='word_1_232' title='bbox 1919 2222 2282 2305; x_wconf 72' lang='lat' dir='ltr'><strong>sanctorum</strong></span> <span class='ocrx_word' id='word_1_233' title='bbox 2317 2263 2643 2305; x_wconf 80' lang='lat' dir='ltr'><strong>numerum</strong></span> <span class='ocrx_word' id='word_1_234' title='bbox 2667 2245 2751 2307; x_wconf 78' lang='lat' dir='ltr'><strong>sit</strong></span> <span class='ocrx_word' id='word_1_235' title='bbox 2782 2243 3050 2323; x_wconf 75' lang='lat' dir='ltr'><strong>relatus,</strong></span> <span class='ocrx_word' id='word_1_236' title='bbox 3100 2256 3154 2309; x_wconf 81' lang='lat' dir='ltr'><strong>et</strong></span> <span class='ocrx_word' id='word_1_237' title='bbox 3195 2247 3269 2311; x_wconf 81' lang='lat' dir='ltr'><strong>de</strong></span> <span class='ocrx_word' id='word_1_238' title='bbox 3299 2248 3633 2311; x_wconf 78' lang='lat' dir='ltr'><strong>miraculis</strong></span> 
     </span>
    </p>
   </div>
   <div class='ocr_carea' id='block_1_35' title="bbox 1908 2347 2455 2429">
    <p class='ocr_par' dir='ltr' id='par_1_35' title="bbox 1908 2347 2455 2429">
     <span class='ocr_line' id='line_1_35' title="bbox 1908 2347 2455 2429; baseline 0 -22"><span class='ocrx_word' id='word_1_239' title='bbox 1908 2347 2455 2429; x_wconf 60' lang='lat' dir='ltr'><strong>subsequentibus,</strong></span> 
     </span>
    </p>
   </div>
   <div class='ocr_carea' id='block_1_36' title="bbox 578 2506 3845 2588">
    <p class='ocr_par' dir='ltr' id='par_1_36' title="bbox 578 2506 3845 2588">
     <span class='ocr_line' id='line_1_36' title="bbox 578 2506 3845 2588; baseline 0.001 -21"><span class='ocrx_word' id='word_1_240' title='bbox 578 2506 583 2587; x_wconf 48' lang='grc' dir='ltr'>ξ</span> <span class='ocrx_word' id='word_1_241' title='bbox 622 2513 671 2567; x_wconf 71' lang='grc' dir='ltr'><strong>ἰ.</strong></span> <span class='ocrx_word' id='word_1_242' title='bbox 696 2509 878 2567; x_wconf 82' lang='lat' dir='ltr'><strong>Gloria</strong></span> <span class='ocrx_word' id='word_1_243' title='bbox 901 2527 1119 2567; x_wconf 91' lang='lat' dir='ltr'><strong>summo</strong></span> <span class='ocrx_word' id='word_1_244' title='bbox 1138 2512 1405 2580; x_wconf 84' lang='lat' dir='ltr'><strong>Creatori,</strong></span> <span class='ocrx_word' id='word_1_245' title='bbox 1429 2523 1482 2570; x_wconf 91' lang='lat' dir='ltr'><strong>et</strong></span> <span class='ocrx_word' id='word_1_246' title='bbox 1503 2514 1726 2568; x_wconf 84' lang='lat' dir='ltr'><strong>humani</strong></span> <span class='ocrx_word' id='word_1_247' title='bbox 1751 2515 1966 2585; x_wconf 80' lang='lat' dir='ltr'><strong>generis</strong></span> <span class='ocrx_word' id='word_1_248' title='bbox 1986 2528 2138 2582; x_wconf 88' lang='lat' dir='ltr'><strong>repa-</strong></span> <span class='ocrx_word' id='word_1_249' title='bbox 2170 2518 2213 2572; x_wconf 89' lang='lat' dir='ltr'><strong>B</strong></span> <span class='ocrx_word' id='word_1_250' title='bbox 2239 2522 2439 2568; x_wconf 77' lang='lat' dir='ltr'><strong>nostra:</strong></span> <span class='ocrx_word' id='word_1_251' title='bbox 2481 2512 2729 2569; x_wconf 69' lang='lat' dir='ltr'><strong>ecclesiae</strong></span> <span class='ocrx_word' id='word_1_252' title='bbox 2761 2512 3105 2583; x_wconf 74' lang='lat' dir='ltr'><strong>przesidcbat,</strong></span> <span class='ocrx_word' id='word_1_253' title='bbox 3139 2528 3306 2584; x_wconf 89' lang='lat' dir='ltr'><strong>quam</strong></span> <span class='ocrx_word' id='word_1_254' title='bbox 3350 2511 3590 2571; x_wconf 78' lang='lat' dir='ltr'><strong>discrete</strong></span> <span class='ocrx_word' id='word_1_255' title='bbox 3624 2516 3845 2588; x_wconf 80' lang='lat' dir='ltr'><strong>guber-_</strong></span> 
     </span>
    </p>
   </div>
   <div class='ocr_carea' id='block_1_37' title="bbox 546 2603 2132 2675">
    <p class='ocr_par' dir='ltr' id='par_1_37' title="bbox 546 2603 2132 2675">
     <span class='ocr_line' id='line_1_37' title="bbox 546 2603 2132 2675; baseline -0.003 -12"><span class='ocrx_word' id='word_1_256' title='bbox 546 2604 752 2673; x_wconf 85' lang='lat' dir='ltr'><strong>ratori,</strong></span> <span class='ocrx_word' id='word_1_257' title='bbox 791 2603 886 2675; x_wconf 92' lang='lat' dir='ltr'><strong>qui</strong></span> <span class='ocrx_word' id='word_1_258' title='bbox 926 2620 1035 2659; x_wconf 90' lang='lat' dir='ltr'><strong>non</strong></span> <span class='ocrx_word' id='word_1_259' title='bbox 1077 2606 1283 2661; x_wconf 89' lang='lat' dir='ltr'><strong>nostris</strong></span> <span class='ocrx_word' id='word_1_260' title='bbox 1322 2605 1557 2673; x_wconf 90' lang='lat' dir='ltr'><strong>meritis,</strong></span> <span class='ocrx_word' id='word_1_261' title='bbox 1599 2605 1692 2661; x_wconf 89' lang='lat' dir='ltr'><strong>sed</strong></span> <span class='ocrx_word' id='word_1_262' title='bbox 1725 2621 1824 2661; x_wconf 88' lang='lat' dir='ltr'><strong>sua</strong></span> <span class='ocrx_word' id='word_1_263' title='bbox 1866 2604 2132 2660; x_wconf 89' lang='lat' dir='ltr'><strong>immensa</strong></span> 
     </span>
    </p>
   </div>
   <div class='ocr_carea' id='block_1_38' title="bbox 546 2694 2132 2766">
    <p class='ocr_par' dir='ltr' id='par_1_38' title="bbox 546 2694 2132 2766">
     <span class='ocr_line' id='line_1_38' title="bbox 546 2694 2132 2766; baseline -0.001 -14"><span class='ocrx_word' id='word_1_264' title='bbox 546 2696 790 2752; x_wconf 82' lang='lat' dir='ltr'><strong>bonitate</strong></span> <span class='ocrx_word' id='word_1_265' title='bbox 836 2694 1090 2766; x_wconf 89' lang='lat' dir='ltr'><strong>dignatus</strong></span> <span class='ocrx_word' id='word_1_266' title='bbox 1144 2706 1228 2752; x_wconf 89' lang='lat' dir='ltr'><strong>est</strong></span> <span class='ocrx_word' id='word_1_267' title='bbox 1284 2696 1656 2753; x_wconf 85' lang='lat' dir='ltr'><strong>confessorem</strong></span> <span class='ocrx_word' id='word_1_268' title='bbox 1715 2714 1875 2753; x_wconf 90' lang='lat' dir='ltr'><strong>suum</strong></span> <span class='ocrx_word' id='word_1_269' title='bbox 1912 2698 2132 2751; x_wconf 88' lang='lat' dir='ltr'><strong>beatum</strong></span> 
     </span>
    </p>
   </div>
   <div class='ocr_carea' id='block_1_39' title="bbox 547 2778 2134 2855">
    <p class='ocr_par' dir='ltr' id='par_1_39' title="bbox 547 2778 2134 2855">
     <span class='ocr_line' id='line_1_39' title="bbox 547 2778 2134 2855; baseline 0 -13"><span class='ocrx_word' id='word_1_270' title='bbox 547 2778 933 2842; x_wconf 81' lang='lat' dir='ltr'><strong>Godehardum</strong></span> <span class='ocrx_word' id='word_1_271' title='bbox 956 2786 1262 2855; x_wconf 89' lang='lat' dir='ltr'><strong>pontilicem</strong></span> <span class='ocrx_word' id='word_1_272' title='bbox 1285 2786 1350 2841; x_wconf 89' lang='lat' dir='ltr'><strong>ad</strong></span> <span class='ocrx_word' id='word_1_273' title='bbox 1374 2787 1601 2842; x_wconf 88' lang='lat' dir='ltr'><strong>salutem</strong></span> <span class='ocrx_word' id='word_1_274' title='bbox 1633 2787 1878 2841; x_wconf 90' lang='lat' dir='ltr'><strong>omnium</strong></span> <span class='ocrx_word' id='word_1_275' title='bbox 1910 2788 2134 2842; x_wconf 88' lang='lat' dir='ltr'><strong>creden-</strong></span> 
     </span>
    </p>
   </div>
   <div class='ocr_carea' id='block_1_40' title="bbox 550 2874 2133 2948">
    <p class='ocr_par' dir='ltr' id='par_1_40' title="bbox 550 2874 2133 2948">
     <span class='ocr_line' id='line_1_40' title="bbox 550 2874 2133 2948; baseline -0.001 -15"><span class='ocrx_word' id='word_1_276' title='bbox 550 2874 685 2933; x_wconf 89' lang='lat' dir='ltr'><strong>titun</strong></span> <span class='ocrx_word' id='word_1_277' title='bbox 712 2876 1025 2931; x_wconf 87' lang='lat' dir='ltr'><strong>hominibus</strong></span> <span class='ocrx_word' id='word_1_278' title='bbox 1048 2877 1220 2932; x_wconf 83' lang='lat' dir='ltr'><strong>nostri</strong></span> <span class='ocrx_word' id='word_1_279' title='bbox 1251 2876 1513 2947; x_wconf 87' lang='lat' dir='ltr'><strong>temporis</strong></span> <span class='ocrx_word' id='word_1_280' title='bbox 1534 2877 1795 2944; x_wconf 86' lang='lat' dir='ltr'><strong>revelare,</strong></span> <span class='ocrx_word' id='word_1_281' title='bbox 1817 2887 1868 2932; x_wconf 86' lang='lat' dir='ltr'><strong>et</strong></span> <span class='ocrx_word' id='word_1_282' title='bbox 1889 2893 2015 2932; x_wconf 89' lang='lat' dir='ltr'><strong>eum</strong></span> <span class='ocrx_word' id='word_1_283' title='bbox 2038 2878 2133 2948; x_wconf 88' lang='lat' dir='ltr'><strong>qui</strong></span> 
     </span>
    </p>
   </div>
   <div class='ocr_carea' id='block_1_41' title="bbox 546 2968 2133 3040">
    <p class='ocr_par' dir='ltr' id='par_1_41' title="bbox 546 2968 2133 3040">
     <span class='ocr_line' id='line_1_41' title="bbox 546 2968 2133 3040; baseline 0.001 -19"><span class='ocrx_word' id='word_1_284' title='bbox 546 2983 650 3038; x_wconf 89' lang='lat' dir='ltr'><strong>pro</strong></span> <span class='ocrx_word' id='word_1_285' title='bbox 671 2968 1067 3039; x_wconf 88' lang='lat' dir='ltr'><strong>longinquitate</strong></span> <span class='ocrx_word' id='word_1_286' title='bbox 1089 2970 1368 3040; x_wconf 90' lang='lat' dir='ltr'><strong>temporis,</strong></span> <span class='ocrx_word' id='word_1_287' title='bbox 1400 2969 1515 3038; x_wconf 85' lang='lat' dir='ltr'><strong>jam</strong></span> <span class='ocrx_word' id='word_1_288' title='bbox 1547 2970 1783 3040; x_wconf 89' lang='lat' dir='ltr'><strong>quadam</strong></span> <span class='ocrx_word' id='word_1_289' title='bbox 1821 2971 1964 3025; x_wconf 86' lang='lat' dir='ltr'><strong>nube</strong></span> <span class='ocrx_word' id='word_1_290' title='bbox 1995 2970 2133 3024; x_wconf 87' lang='lat' dir='ltr'><strong>obli-</strong></span> 
     </span>
    </p>
   </div>
   <div class='ocr_carea' id='block_1_42' title="bbox 546 3057 2133 3126">
    <p class='ocr_par' dir='ltr' id='par_1_42' title="bbox 546 3057 2133 3126">
     <span class='ocr_line' id='line_1_42' title="bbox 546 3057 2133 3126; baseline 0.004 -15"><span class='ocrx_word' id='word_1_291' title='bbox 546 3057 728 3119; x_wconf 79' lang='lat' dir='ltr'><strong>vionis</strong></span> <span class='ocrx_word' id='word_1_292' title='bbox 750 3057 1070 3114; x_wconf 86' lang='lat' dir='ltr'><strong>obfuscatus</strong></span> <span class='ocrx_word' id='word_1_293' title='bbox 1094 3058 1290 3126; x_wconf 89' lang='lat' dir='ltr'><strong>fuerat,</strong></span> <span class='ocrx_word' id='word_1_294' title='bbox 1312 3070 1370 3115; x_wconf 92' lang='lat' dir='ltr'><strong>ut</strong></span> <span class='ocrx_word' id='word_1_295' title='bbox 1395 3060 1609 3115; x_wconf 88' lang='lat' dir='ltr'><strong>tandem</strong></span> <span class='ocrx_word' id='word_1_296' title='bbox 1627 3061 1694 3116; x_wconf 91' lang='lat' dir='ltr'><strong>ab</strong></span> <span class='ocrx_word' id='word_1_297' title='bbox 1716 3060 1911 3116; x_wconf 83' lang='lat' dir='ltr'><strong>incolis</strong></span> <span class='ocrx_word' id='word_1_298' title='bbox 1934 3072 2133 3117; x_wconf 70' lang='lat' dir='ltr'><strong>nostra:</strong></span> 
     </span>
    </p>
   </div>
   <div class='ocr_carea' id='block_1_43' title="bbox 547 3148 2145 3221">
    <p class='ocr_par' dir='ltr' id='par_1_43' title="bbox 547 3148 2145 3221">
     <span class='ocr_line' id='line_1_43' title="bbox 547 3148 2145 3221; baseline 0.004 -18"><span class='ocrx_word' id='word_1_299' title='bbox 547 3148 806 3206; x_wconf 64' lang='lat' dir='ltr'><strong>Ecclesiae</strong></span> <span class='ocrx_word' id='word_1_300' title='bbox 837 3161 1184 3207; x_wconf 88' lang='lat' dir='ltr'><strong>veneraretur</strong></span> <span class='ocrx_word' id='word_1_301' title='bbox 1203 3194 1219 3221; x_wconf 91' lang='lat'><strong>,</strong></span> <span class='ocrx_word' id='word_1_302' title='bbox 1248 3153 1417 3208; x_wconf 92' lang='lat' dir='ltr'><strong>voluit</strong></span> <span class='ocrx_word' id='word_1_303' title='bbox 1450 3154 1764 3209; x_wconf 88' lang='lat' dir='ltr'><strong>nationibus</strong></span> <span class='ocrx_word' id='word_1_304' title='bbox 1790 3153 2145 3210; x_wconf 85' lang='lat' dir='ltr'><strong>diversarum</strong></span> 
     </span>
    </p>
   </div>
   <div class='ocr_carea' id='block_1_44' title="bbox 550 3244 2128 3317">
    <p class='ocr_par' dir='ltr' id='par_1_44' title="bbox 550 3244 2128 3317">
     <span class='ocr_line' id='line_1_44' title="bbox 550 3244 2128 3317; baseline 0.002 -19"><span class='ocrx_word' id='word_1_305' title='bbox 550 3252 818 3299; x_wconf 86' lang='lat' dir='ltr'><strong>terrarum</strong></span> <span class='ocrx_word' id='word_1_306' title='bbox 844 3244 1207 3313; x_wconf 56' lang='lat' dir='ltr'><strong>manifmtare,</strong></span> <span class='ocrx_word' id='word_1_307' title='bbox 1234 3256 1291 3301; x_wconf 86' lang='lat' dir='ltr'><strong>ut</strong></span> <span class='ocrx_word' id='word_1_308' title='bbox 1316 3245 1484 3317; x_wconf 81' lang='lat' dir='ltr'><strong>gloria</strong></span> <span class='ocrx_word' id='word_1_309' title='bbox 1504 3246 1677 3316; x_wconf 88' lang='lat' dir='ltr'><strong>ipsius</strong></span> <span class='ocrx_word' id='word_1_310' title='bbox 1700 3260 1805 3301; x_wconf 87' lang='lat' dir='ltr'><strong>non</strong></span> <span class='ocrx_word' id='word_1_311' title='bbox 1830 3255 2040 3302; x_wconf 88' lang='lat' dir='ltr'><strong>tantum</strong></span> <span class='ocrx_word' id='word_1_312' title='bbox 2063 3246 2128 3315; x_wconf 87' lang='lat' dir='ltr'><strong>ad</strong></span> 
     </span>
    </p>
   </div>
   <div class='ocr_carea' id='block_1_45' title="bbox 549 3335 2132 3408">
    <p class='ocr_par' dir='ltr' id='par_1_45' title="bbox 549 3335 2132 3408">
     <span class='ocr_line' id='line_1_45' title="bbox 549 3335 2132 3408; baseline 0 -15"><span class='ocrx_word' id='word_1_313' title='bbox 549 3335 878 3393; x_wconf 82' lang='lat' dir='ltr'><strong>domesticos</strong></span> <span class='ocrx_word' id='word_1_314' title='bbox 918 3337 1041 3392; x_wconf 85' lang='lat' dir='ltr'><strong>ﬁdei</strong></span> <span class='ocrx_word' id='word_1_315' title='bbox 1088 3339 1414 3408; x_wconf 80' lang='lat' dir='ltr'><strong>attingeret,</strong></span> <span class='ocrx_word' id='word_1_316' title='bbox 1467 3338 1560 3393; x_wconf 88' lang='lat' dir='ltr'><strong>sed</strong></span> <span class='ocrx_word' id='word_1_317' title='bbox 1599 3338 1765 3392; x_wconf 89' lang='lat' dir='ltr'><strong>etiam</strong></span> <span class='ocrx_word' id='word_1_318' title='bbox 1817 3338 1871 3391; x_wconf 92' lang='lat' dir='ltr'><strong>in</strong></span> <span class='ocrx_word' id='word_1_319' title='bbox 1916 3347 2132 3394; x_wconf 78' lang='lat' dir='ltr'><strong>exteras</strong></span> 
     </span>
    </p>
   </div>
   <div class='ocr_carea' id='block_1_46' title="bbox 547 3424 2132 3498">
    <p class='ocr_par' dir='ltr' id='par_1_46' title="bbox 547 3424 2132 3498">
     <span class='ocr_line' id='line_1_46' title="bbox 547 3424 2132 3498; baseline 0.001 -15"><span class='ocrx_word' id='word_1_320' title='bbox 547 3424 801 3484; x_wconf 72' lang='lat' dir='ltr'><strong>nationes</strong></span> <span class='ocrx_word' id='word_1_321' title='bbox 834 3445 894 3485; x_wconf 88' lang='lat' dir='ltr'><strong>se</strong></span> <span class='ocrx_word' id='word_1_322' title='bbox 923 3429 1194 3485; x_wconf 87' lang='lat' dir='ltr'><strong>dilataret.</strong></span> <span class='ocrx_word' id='word_1_323' title='bbox 1227 3429 1469 3496; x_wconf 81' lang='lat' dir='ltr'><strong>Qualiter</strong></span> <span class='ocrx_word' id='word_1_324' title='bbox 1497 3441 1677 3484; x_wconf 88' lang='lat' dir='ltr'><strong>autem</strong></span> <span class='ocrx_word' id='word_1_325' title='bbox 1720 3440 1772 3484; x_wconf 88' lang='lat' dir='ltr'><strong>et</strong></span> <span class='ocrx_word' id='word_1_326' title='bbox 1808 3444 1919 3498; x_wconf 90' lang='lat' dir='ltr'><strong>quo</strong></span> <span class='ocrx_word' id='word_1_327' title='bbox 1941 3429 2132 3485; x_wconf 89' lang='lat' dir='ltr'><strong>ordine</strong></span> 
     </span>
    </p>
   </div>
   <div class='ocr_carea' id='block_1_47' title="bbox 548 3519 2127 3592">
    <p class='ocr_par' dir='ltr' id='par_1_47' title="bbox 548 3519 2127 3592">
     <span class='ocr_line' id='line_1_47' title="bbox 548 3519 2127 3592; baseline 0 -18"><span class='ocrx_word' id='word_1_328' title='bbox 548 3520 837 3589; x_wconf 81' lang='lat' dir='ltr'><strong>translatio</strong></span> <span class='ocrx_word' id='word_1_329' title='bbox 878 3519 1122 3592; x_wconf 75' lang='lat' dir='ltr'><strong>prtedicti</strong></span> <span class='ocrx_word' id='word_1_330' title='bbox 1164 3520 1497 3576; x_wconf 83' lang='lat' dir='ltr'><strong>confessoris</strong></span> <span class='ocrx_word' id='word_1_331' title='bbox 1526 3519 1711 3575; x_wconf 50' lang='lat' dir='ltr'><strong>&#39;nostri</strong></span> <span class='ocrx_word' id='word_1_332' title='bbox 1759 3519 1903 3575; x_wconf 86' lang='lat' dir='ltr'><strong>facta</strong></span> <span class='ocrx_word' id='word_1_333' title='bbox 1947 3519 2127 3587; x_wconf 84' lang='lat' dir='ltr'><strong>fuerit,</strong></span> 
     </span>
    </p>
   </div>
   <div class='ocr_carea' id='block_1_48' title="bbox 547 3611 2131 3683">
    <p class='ocr_par' dir='ltr' id='par_1_48' title="bbox 547 3611 2131 3683">
     <span class='ocr_line' id='line_1_48' title="bbox 547 3611 2131 3683; baseline 0.001 -18"><span class='ocrx_word' id='word_1_334' title='bbox 547 3626 660 3666; x_wconf 87' lang='lat' dir='ltr'><strong>non</strong></span> <span class='ocrx_word' id='word_1_335' title='bbox 683 3613 897 3683; x_wconf 88' lang='lat' dir='ltr'><strong>turgido</strong></span> <span class='ocrx_word' id='word_1_336' title='bbox 916 3612 1133 3682; x_wconf 87' lang='lat' dir='ltr'><strong>eloquio</strong></span> <span class='ocrx_word' id='word_1_337' title='bbox 1166 3613 1250 3667; x_wconf 87' lang='lat' dir='ltr'><strong>vel</strong></span> <span class='ocrx_word' id='word_1_338' title='bbox 1286 3613 1465 3667; x_wconf 89' lang='lat' dir='ltr'><strong>nitens</strong></span> <span class='ocrx_word' id='word_1_339' title='bbox 1489 3612 1681 3682; x_wconf 82' lang='lat' dir='ltr'><strong>grandi</strong></span> <span class='ocrx_word' id='word_1_340' title='bbox 1709 3611 2003 3679; x_wconf 87' lang='lat' dir='ltr'><strong>cothurno,</strong></span> <span class='ocrx_word' id='word_1_341' title='bbox 2035 3612 2131 3668; x_wconf 85' lang='lat' dir='ltr'><strong>sed</strong></span> 
     </span>
    </p>
   </div>
   <div class='ocr_carea' id='block_1_49' title="bbox 547 3704 2132 3778">
    <p class='ocr_par' dir='ltr' id='par_1_49' title="bbox 547 3704 2132 3778">
     <span class='ocr_line' id='line_1_49' title="bbox 547 3704 2132 3778; baseline 0 -19"><span class='ocrx_word' id='word_1_342' title='bbox 547 3704 781 3776; x_wconf 88' lang='lat' dir='ltr'><strong>simplici</strong></span> <span class='ocrx_word' id='word_1_343' title='bbox 805 3706 943 3778; x_wconf 82' lang='lat' dir='ltr'><strong>stylo</strong></span> <span class='ocrx_word' id='word_1_344' title='bbox 968 3704 1251 3776; x_wconf 87' lang='lat' dir='ltr'><strong>aggredior</strong></span> <span class='ocrx_word' id='word_1_345' title='bbox 1275 3705 1584 3760; x_wconf 86' lang='lat' dir='ltr'><strong>describere</strong></span> <span class='ocrx_word' id='word_1_346' title='bbox 1609 3724 1621 3758; x_wconf 89' lang='lat'><strong>:</strong></span> <span class='ocrx_word' id='word_1_347' title='bbox 1654 3720 1763 3761; x_wconf 90' lang='lat' dir='ltr'><strong>non</strong></span> <span class='ocrx_word' id='word_1_348' title='bbox 1786 3706 2025 3761; x_wconf 82' lang='lat' dir='ltr'><strong>conlisus</strong></span> <span class='ocrx_word' id='word_1_349' title='bbox 2049 3706 2132 3760; x_wconf 89' lang='lat' dir='ltr'><strong>in-</strong></span> 
     </span>
    </p>
   </div>
   <div class='ocr_carea' id='block_1_50' title="bbox 547 3797 2130 3868">
    <p class='ocr_par' dir='ltr' id='par_1_50' title="bbox 547 3797 2130 3868">
     <span class='ocr_line' id='line_1_50' title="bbox 547 3797 2130 3868; baseline 0.001 -17"><span class='ocrx_word' id='word_1_350' title='bbox 547 3797 691 3867; x_wconf 78' lang='lat' dir='ltr'><strong>genii</strong></span> <span class='ocrx_word' id='word_1_351' title='bbox 720 3798 826 3852; x_wconf 91' lang='lat' dir='ltr'><strong>mei</strong></span> <span class='ocrx_word' id='word_1_352' title='bbox 854 3797 1110 3868; x_wconf 87' lang='lat' dir='ltr'><strong>igniculo,</strong></span> <span class='ocrx_word' id='word_1_353' title='bbox 1136 3798 1229 3853; x_wconf 89' lang='lat' dir='ltr'><strong>sed</strong></span> <span class='ocrx_word' id='word_1_354' title='bbox 1251 3797 1343 3851; x_wconf 90' lang='lat' dir='ltr'><strong>illo</strong></span> <span class='ocrx_word' id='word_1_355' title='bbox 1364 3797 1673 3868; x_wconf 89' lang='lat' dir='ltr'><strong>cvang‘elico</strong></span> <span class='ocrx_word' id='word_1_356' title='bbox 1701 3798 1846 3852; x_wconf 86' lang='lat' dir='ltr'><strong>dicto</strong></span> <span class='ocrx_word' id='word_1_357' title='bbox 1876 3816 1888 3851; x_wconf 87' lang='lat'><strong>:</strong></span> <span class='ocrx_word' id='word_1_358' title='bbox 1921 3816 1938 3847; x_wconf 68' lang='grc' dir='ltr'>ι</span> <span class='ocrx_word' id='word_1_359' title='bbox 1966 3797 2130 3867; x_wconf 77' lang='lat' dir='ltr'><strong>Aperi</strong></span> 
     </span>
    </p>
   </div>
   <div class='ocr_carea' id='block_1_51' title="bbox 2235 2605 3836 2677">
    <p class='ocr_par' dir='ltr' id='par_1_51' title="bbox 2235 2605 3836 2677">
     <span class='ocr_line' id='line_1_51' title="bbox 2235 2605 3836 2677; baseline 0.004 -17"><span class='ocrx_word' id='word_1_360' title='bbox 2235 2606 2438 2672; x_wconf 87' lang='lat' dir='ltr'><strong>nando,</strong></span> <span class='ocrx_word' id='word_1_361' title='bbox 2461 2613 2518 2661; x_wconf 90' lang='lat' dir='ltr'><strong>et</strong></span> <span class='ocrx_word' id='word_1_362' title='bbox 2537 2605 2825 2677; x_wconf 89' lang='lat' dir='ltr'><strong>religiosos</strong></span> <span class='ocrx_word' id='word_1_363' title='bbox 2851 2605 3000 2661; x_wconf 88' lang='lat' dir='ltr'><strong>viros</strong></span> <span class='ocrx_word' id='word_1_364' title='bbox 3021 2606 3263 2676; x_wconf 89' lang='lat' dir='ltr'><strong>undique</strong></span> <span class='ocrx_word' id='word_1_365' title='bbox 3282 2621 3348 2661; x_wconf 82' lang='lat' dir='ltr'><strong>ex</strong></span> <span class='ocrx_word' id='word_1_366' title='bbox 3380 2605 3617 2663; x_wconf 85' lang='lat' dir='ltr'><strong>diversis</strong></span> <span class='ocrx_word' id='word_1_367' title='bbox 3648 2611 3836 2667; x_wconf 81' lang='lat' dir='ltr'><strong>eccle-</strong></span> 
     </span>
    </p>
   </div>
   <div class='ocr_carea' id='block_1_52' title="bbox 2236 2696 3841 2769">
    <p class='ocr_par' dir='ltr' id='par_1_52' title="bbox 2236 2696 3841 2769">
     <span class='ocr_line' id='line_1_52' title="bbox 2236 2696 3841 2769; baseline 0.004 -16"><span class='ocrx_word' id='word_1_368' title='bbox 2236 2698 2334 2753; x_wconf 90' lang='lat' dir='ltr'><strong>siis</strong></span> <span class='ocrx_word' id='word_1_369' title='bbox 2374 2699 2441 2753; x_wconf 88' lang='lat' dir='ltr'><strong>ad</strong></span> <span class='ocrx_word' id='word_1_370' title='bbox 2478 2713 2537 2753; x_wconf 92' lang='lat' dir='ltr'><strong>sc</strong></span> <span class='ocrx_word' id='word_1_371' title='bbox 2577 2698 2910 2769; x_wconf 89' lang='lat' dir='ltr'><strong>colligendo,</strong></span> <span class='ocrx_word' id='word_1_372' title='bbox 2942 2698 3079 2752; x_wconf 83' lang='lat' dir='ltr'><strong>adeo</strong></span> <span class='ocrx_word' id='word_1_373' title='bbox 3120 2696 3431 2753; x_wconf 89' lang='lat' dir='ltr'><strong>sublimavit</strong></span> <span class='ocrx_word' id='word_1_374' title='bbox 3476 2708 3534 2753; x_wconf 90' lang='lat' dir='ltr'><strong>ut</strong></span> <span class='ocrx_word' id='word_1_375' title='bbox 3569 2699 3841 2761; x_wconf 81' lang='lat' dir='ltr'><strong>diversas.</strong></span> 
     </span>
    </p>
   </div>
   <div class='ocr_carea' id='block_1_53' title="bbox 2234 2786 3836 2859">
    <p class='ocr_par' dir='ltr' id='par_1_53' title="bbox 2234 2786 3836 2859">
     <span class='ocr_line' id='line_1_53' title="bbox 2234 2786 3836 2859; baseline 0.002 -16"><span class='ocrx_word' id='word_1_376' title='bbox 2234 2789 2399 2843; x_wconf 85' lang='lat' dir='ltr'><strong>cellas</strong></span> <span class='ocrx_word' id='word_1_377' title='bbox 2428 2788 2546 2844; x_wconf 91' lang='lat' dir='ltr'><strong>suis</strong></span> <span class='ocrx_word' id='word_1_378' title='bbox 2577 2788 2913 2859; x_wconf 89' lang='lat' dir='ltr'><strong>temporibus</strong></span> <span class='ocrx_word' id='word_1_379' title='bbox 2942 2786 3255 2855; x_wconf 75' lang='lat' dir='ltr'><strong>tediticaret,</strong></span> <span class='ocrx_word' id='word_1_380' title='bbox 3276 2796 3329 2842; x_wconf 90' lang='lat' dir='ltr'><strong>et</strong></span> <span class='ocrx_word' id='word_1_381' title='bbox 3358 2787 3409 2841; x_wconf 90' lang='lat' dir='ltr'><strong>in</strong></span> <span class='ocrx_word' id='word_1_382' title='bbox 3436 2788 3669 2858; x_wconf 86' lang='lat' dir='ltr'><strong>spiritali</strong></span> <span class='ocrx_word' id='word_1_383' title='bbox 3694 2806 3836 2846; x_wconf 88' lang='lat' dir='ltr'><strong>con-</strong></span> 
     </span>
    </p>
   </div>
   <div class='ocr_carea' id='block_1_54' title="bbox 2232 2877 3841 2948">
    <p class='ocr_par' dir='ltr' id='par_1_54' title="bbox 2232 2877 3841 2948">
     <span class='ocr_line' id='line_1_54' title="bbox 2232 2877 3841 2948; baseline 0 -15"><span class='ocrx_word' id='word_1_384' title='bbox 2232 2880 2543 2935; x_wconf 86' lang='lat' dir='ltr'><strong>versatione</strong></span> <span class='ocrx_word' id='word_1_385' title='bbox 2610 2879 2756 2933; x_wconf 89' lang='lat' dir='ltr'><strong>dulci</strong></span> <span class='ocrx_word' id='word_1_386' title='bbox 2824 2877 3208 2933; x_wconf 86' lang='lat' dir='ltr'><strong>adhortatione</strong></span> <span class='ocrx_word' id='word_1_387' title='bbox 3263 2878 3637 2935; x_wconf 80' lang='lat' dir='ltr'><strong>conﬁrmaret.</strong></span> <span class='ocrx_word' id='word_1_388' title='bbox 3706 2880 3841 2948; x_wconf 22' lang='lat' dir='ltr'><strong>Quo.</strong></span> 
     </span>
    </p>
   </div>
   <div class='ocr_carea' id='block_1_55' title="bbox 2232 2969 3831 3042">
    <p class='ocr_par' dir='ltr' id='par_1_55' title="bbox 2232 2969 3831 3042">
     <span class='ocr_line' id='line_1_55' title="bbox 2232 2969 3831 3042; baseline 0.001 -15"><span class='ocrx_word' id='word_1_389' title='bbox 2232 2971 2505 3027; x_wconf 88' lang='lat' dir='ltr'><strong>residente</strong></span> <span class='ocrx_word' id='word_1_390' title='bbox 2541 2971 2597 3025; x_wconf 91' lang='lat' dir='ltr'><strong>in</strong></span> <span class='ocrx_word' id='word_1_391' title='bbox 2620 2970 2896 3027; x_wconf 91' lang='lat' dir='ltr'><strong>communi</strong></span> <span class='ocrx_word' id='word_1_392' title='bbox 2927 2977 3197 3025; x_wconf 91' lang='lat' dir='ltr'><strong>conventu</strong></span> <span class='ocrx_word' id='word_1_393' title='bbox 3221 2969 3351 3024; x_wconf 86' lang='lat' dir='ltr'><strong>cieri</strong></span> <span class='ocrx_word' id='word_1_394' title='bbox 3374 2970 3476 3024; x_wconf 89' lang='lat' dir='ltr'><strong>sibi</strong></span> <span class='ocrx_word' id='word_1_395' title='bbox 3508 2973 3831 3042; x_wconf 87' lang='lat' dir='ltr'><strong>commissi,</strong></span> 
     </span>
    </p>
   </div>
   <div class='ocr_carea' id='block_1_56' title="bbox 2231 3061 3835 3136">
    <p class='ocr_par' dir='ltr' id='par_1_56' title="bbox 2231 3061 3835 3136">
     <span class='ocr_line' id='line_1_56' title="bbox 2231 3061 3835 3136; baseline 0.002 -16"><span class='ocrx_word' id='word_1_396' title='bbox 2231 3074 2285 3121; x_wconf 89' lang='lat' dir='ltr'><strong>et</strong></span> <span class='ocrx_word' id='word_1_397' title='bbox 2305 3065 2372 3120; x_wconf 90' lang='lat' dir='ltr'><strong>de</strong></span> <span class='ocrx_word' id='word_1_398' title='bbox 2406 3064 2591 3134; x_wconf 92' lang='lat' dir='ltr'><strong>populi</strong></span> <span class='ocrx_word' id='word_1_399' title='bbox 2634 3062 2891 3119; x_wconf 70' lang='lat' dir='ltr'><strong>Ecclesiae</strong></span> <span class='ocrx_word' id='word_1_400' title='bbox 2920 3072 3125 3118; x_wconf 79' lang='lat' dir='ltr'><strong>nostra:</strong></span> <span class='ocrx_word' id='word_1_401' title='bbox 3153 3061 3407 3129; x_wconf 81' lang='lat' dir='ltr'><strong>utilitate,</strong></span> <span class='ocrx_word' id='word_1_402' title='bbox 3444 3065 3525 3118; x_wconf 90' lang='lat' dir='ltr'><strong>uti</strong></span> <span class='ocrx_word' id='word_1_403' title='bbox 3556 3080 3681 3120; x_wconf 92' lang='lat' dir='ltr'><strong>mos</strong></span> <span class='ocrx_word' id='word_1_404' title='bbox 3705 3067 3835 3136; x_wconf 75' lang='lat' dir='ltr'><strong>ejus</strong></span> 
     </span>
    </p>
   </div>
   <div class='ocr_carea' id='block_1_57' title="bbox 2231 3152 3832 3228">
    <p class='ocr_par' dir='ltr' id='par_1_57' title="bbox 2231 3152 3832 3228">
     <span class='ocr_line' id='line_1_57' title="bbox 2231 3152 3832 3228; baseline 0.002 -17"><span class='ocrx_word' id='word_1_405' title='bbox 2231 3165 2376 3224; x_wconf 88' lang='lat' dir='ltr'><strong>erat,</strong></span> <span class='ocrx_word' id='word_1_406' title='bbox 2427 3172 2641 3226; x_wconf 90' lang='lat' dir='ltr'><strong>semper</strong></span> <span class='ocrx_word' id='word_1_407' title='bbox 2688 3163 3074 3225; x_wconf 89' lang='lat' dir='ltr'><strong>pertractante,</strong></span> <span class='ocrx_word' id='word_1_408' title='bbox 3121 3153 3233 3209; x_wconf 87' lang='lat' dir='ltr'><strong>Deo</strong></span> <span class='ocrx_word' id='word_1_409' title='bbox 3274 3152 3538 3223; x_wconf 85' lang='lat' dir='ltr'><strong>faciente,</strong></span> <span class='ocrx_word' id='word_1_410' title='bbox 3567 3158 3649 3212; x_wconf 89' lang='lat' dir='ltr'><strong>uti</strong></span> <span class='ocrx_word' id='word_1_411' title='bbox 3700 3167 3832 3228; x_wconf 89' lang='lat' dir='ltr'><strong>post</strong></span> 
     </span>
    </p>
   </div>
   <div class='ocr_carea' id='block_1_58' title="bbox 2230 3246 3833 3318">
    <p class='ocr_par' dir='ltr' id='par_1_58' title="bbox 2230 3246 3833 3318">
     <span class='ocr_line' id='line_1_58' title="bbox 2230 3246 3833 3318; baseline 0 -14"><span class='ocrx_word' id='word_1_412' title='bbox 2230 3249 2454 3304; x_wconf 78' lang='lat' dir='ltr'><strong>eﬂ‘ectus</strong></span> <span class='ocrx_word' id='word_1_413' title='bbox 2492 3247 2772 3313; x_wconf 86' lang='lat' dir='ltr'><strong>indicavit,</strong></span> <span class='ocrx_word' id='word_1_414' title='bbox 2802 3262 2867 3302; x_wconf 82' lang='lat' dir='ltr'><strong>ex</strong></span> <span class='ocrx_word' id='word_1_415' title='bbox 2926 3246 3221 3316; x_wconf 88' lang='lat' dir='ltr'><strong>improviso</strong></span> <span class='ocrx_word' id='word_1_416' title='bbox 3261 3261 3445 3301; x_wconf 89' lang='lat' dir='ltr'><strong>sermo</strong></span> <span class='ocrx_word' id='word_1_417' title='bbox 3480 3247 3551 3303; x_wconf 89' lang='lat' dir='ltr'><strong>de</strong></span> <span class='ocrx_word' id='word_1_418' title='bbox 3587 3258 3833 3318; x_wconf 82' lang='lat' dir='ltr'><strong>patrono</strong></span> 
     </span>
    </p>
   </div>
   <div class='ocr_carea' id='block_1_59' title="bbox 2229 3337 3832 3412">
    <p class='ocr_par' dir='ltr' id='par_1_59' title="bbox 2229 3337 3832 3412">
     <span class='ocr_line' id='line_1_59' title="bbox 2229 3337 3832 3412; baseline 0.001 -17"><span class='ocrx_word' id='word_1_419' title='bbox 2229 3349 2420 3395; x_wconf 88' lang='lat' dir='ltr'><strong>nostro</strong></span> <span class='ocrx_word' id='word_1_420' title='bbox 2441 3340 2597 3394; x_wconf 88' lang='lat' dir='ltr'><strong>beato</strong></span> <span class='ocrx_word' id='word_1_421' title='bbox 2619 3339 2827 3394; x_wconf 88' lang='lat' dir='ltr'><strong>scilicet</strong></span> <span class='ocrx_word' id='word_1_422' title='bbox 2849 3337 3173 3394; x_wconf 78' lang='lat' dir='ltr'><strong>Godeliardo</strong></span> <span class='ocrx_word' id='word_1_423' title='bbox 3196 3338 3472 3406; x_wconf 76' lang='lat' dir='ltr'><strong>exoritur;</strong></span> <span class='ocrx_word' id='word_1_424' title='bbox 3499 3340 3632 3395; x_wconf 88' lang='lat' dir='ltr'><strong>item</strong></span> <span class='ocrx_word' id='word_1_425' title='bbox 3661 3350 3832 3412; x_wconf 86' lang='lat' dir='ltr'><strong>atque</strong></span> 
     </span>
    </p>
   </div>
   <div class='ocr_carea' id='block_1_60' title="bbox 2230 3432 3839 3502">
    <p class='ocr_par' dir='ltr' id='par_1_60' title="bbox 2230 3432 3839 3502">
     <span class='ocr_line' id='line_1_60' title="bbox 2230 3432 3839 3502; baseline 0 -15"><span class='ocrx_word' id='word_1_426' title='bbox 2230 3433 2358 3487; x_wconf 88' lang='lat' dir='ltr'><strong>item</strong></span> <span class='ocrx_word' id='word_1_427' title='bbox 2390 3449 2418 3486; x_wconf 90' lang='lat' dir='ltr'><strong>a</strong></span> <span class='ocrx_word' id='word_1_428' title='bbox 2440 3432 2690 3502; x_wconf 87' lang='lat' dir='ltr'><strong>pluribus</strong></span> <span class='ocrx_word' id='word_1_429' title='bbox 2711 3432 3024 3502; x_wconf 89' lang='lat' dir='ltr'><strong>replicatur,</strong></span> <span class='ocrx_word' id='word_1_430' title='bbox 3048 3432 3513 3501; x_wconf 90' lang='lat' dir='ltr'><strong>conquerentibus</strong></span> <span class='ocrx_word' id='word_1_431' title='bbox 3541 3442 3596 3488; x_wconf 88' lang='lat' dir='ltr'><strong>et</strong></span> <span class='ocrx_word' id='word_1_432' title='bbox 3625 3435 3839 3490; x_wconf 11' lang='lat' dir='ltr'><strong>condo-7</strong></span> 
     </span>
    </p>
   </div>
   <div class='ocr_carea' id='block_1_61' title="bbox 2230 3521 3828 3593">
    <p class='ocr_par' dir='ltr' id='par_1_61' title="bbox 2230 3521 3828 3593">
     <span class='ocr_line' id='line_1_61' title="bbox 2230 3521 3828 3593; baseline 0.003 -15"><span class='ocrx_word' id='word_1_433' title='bbox 2230 3522 2468 3578; x_wconf 89' lang='lat' dir='ltr'><strong>lcutibus</strong></span> <span class='ocrx_word' id='word_1_434' title='bbox 2498 3539 2555 3578; x_wconf 85' lang='lat' dir='ltr'><strong>se</strong></span> <span class='ocrx_word' id='word_1_435' title='bbox 2590 3532 2698 3577; x_wconf 89' lang='lat' dir='ltr'><strong>tam</strong></span> <span class='ocrx_word' id='word_1_436' title='bbox 2728 3521 3136 3577; x_wconf 89' lang='lat' dir='ltr'><strong>misericordem</strong></span> <span class='ocrx_word' id='word_1_437' title='bbox 3164 3522 3364 3578; x_wconf 80' lang='lat' dir='ltr'><strong>habere</strong></span> <span class='ocrx_word' id='word_1_438' title='bbox 3398 3534 3728 3593; x_wconf 89' lang='lat' dir='ltr'><strong>patronum,</strong></span> <span class='ocrx_word' id='word_1_439' title='bbox 3773 3536 3828 3583; x_wconf 84' lang='lat' dir='ltr'><strong>et</strong></span> 
     </span>
    </p>
   </div>
   <div class='ocr_carea' id='block_1_62' title="bbox 2230 3612 3824 3686">
    <p class='ocr_par' dir='ltr' id='par_1_62' title="bbox 2230 3612 3824 3686">
     <span class='ocr_line' id='line_1_62' title="bbox 2230 3612 3824 3686; baseline 0.003 -17"><span class='ocrx_word' id='word_1_440' title='bbox 2230 3614 2557 3686; x_wconf 85' lang='lat' dir='ltr'><strong>condignum</strong></span> <span class='ocrx_word' id='word_1_441' title='bbox 2583 3614 2685 3669; x_wconf 90' lang='lat' dir='ltr'><strong>sibi</strong></span> <span class='ocrx_word' id='word_1_442' title='bbox 2702 3614 2754 3667; x_wconf 89' lang='lat' dir='ltr'><strong>in</strong></span> <span class='ocrx_word' id='word_1_443' title='bbox 2774 3612 3016 3669; x_wconf 81' lang='lat' dir='ltr'><strong>Ecclesia</strong></span> <span class='ocrx_word' id='word_1_444' title='bbox 3033 3613 3126 3669; x_wconf 90' lang='lat' dir='ltr'><strong>Dei</strong></span> <span class='ocrx_word' id='word_1_445' title='bbox 3145 3630 3253 3669; x_wconf 92' lang='lat' dir='ltr'><strong>non</strong></span> <span class='ocrx_word' id='word_1_446' title='bbox 3269 3614 3513 3669; x_wconf 75' lang='lat' dir='ltr'><strong>exhiberi</strong></span> <span class='ocrx_word' id='word_1_447' title='bbox 3531 3616 3824 3674; x_wconf 86' lang='lat' dir='ltr'><strong>honorem.</strong></span> 
     </span>
    </p>
   </div>
   <div class='ocr_carea' id='block_1_63' title="bbox 2228 3704 3827 3777">
    <p class='ocr_par' dir='ltr' id='par_1_63' title="bbox 2228 3704 3827 3777">
     <span class='ocr_line' id='line_1_63' title="bbox 2228 3704 3827 3777; baseline 0.004 -18"><span class='ocrx_word' id='word_1_448' title='bbox 2228 3704 2365 3760; x_wconf 83' lang='lat' dir='ltr'><strong>Nam</strong></span> <span class='ocrx_word' id='word_1_449' title='bbox 2402 3716 2662 3777; x_wconf 89' lang='lat' dir='ltr'><strong>quantam</strong></span> <span class='ocrx_word' id='word_1_450' title='bbox 2696 3705 3127 3760; x_wconf 89' lang='lat' dir='ltr'><strong>miscricordiam</strong></span> <span class='ocrx_word' id='word_1_451' title='bbox 3164 3714 3219 3760; x_wconf 91' lang='lat' dir='ltr'><strong>et</strong></span> <span class='ocrx_word' id='word_1_452' title='bbox 3257 3721 3424 3776; x_wconf 89' lang='lat' dir='ltr'><strong>quam</strong></span> <span class='ocrx_word' id='word_1_453' title='bbox 3465 3707 3827 3765; x_wconf 85' lang='lat' dir='ltr'><strong>manifestam</strong></span> 
     </span>
    </p>
   </div>
   <div class='ocr_carea' id='block_1_64' title="bbox 2233 3798 3825 3873">
    <p class='ocr_par' dir='ltr' id='par_1_64' title="bbox 2233 3798 3825 3873">
     <span class='ocr_line' id='line_1_64' title="bbox 2233 3798 3825 3873; baseline 0.003 -18"><span class='ocrx_word' id='word_1_454' title='bbox 2233 3803 2462 3873; x_wconf 80' lang='lat' dir='ltr'><strong>gratiam</strong></span> <span class='ocrx_word' id='word_1_455' title='bbox 2506 3801 2799 3873; x_wconf 74' lang='lat' dir='ltr'><strong>prtedictus</strong></span> <span class='ocrx_word' id='word_1_456' title='bbox 2838 3799 3124 3857; x_wconf 85' lang='lat' dir='ltr'><strong>confessor</strong></span> <span class='ocrx_word' id='word_1_457' title='bbox 3156 3798 3419 3857; x_wconf 88' lang='lat' dir='ltr'><strong>fratribus</strong></span> <span class='ocrx_word' id='word_1_458' title='bbox 3458 3803 3669 3858; x_wconf 86' lang='lat' dir='ltr'><strong>nostris</strong></span> <span class='ocrx_word' id='word_1_459' title='bbox 3705 3804 3825 3860; x_wconf 88' lang='lat' dir='ltr'><strong>suis</strong></span> 
     </span>
    </p>
   </div>
   <div class='ocr_carea' id='block_1_65' title="bbox 546 3860 3827 3965">
    <p class='ocr_par' dir='ltr' id='par_1_65' title="bbox 546 3860 3827 3965">
     <span class='ocr_line' id='line_1_65' title="bbox 546 3860 3827 3965; baseline 0.004 -25"><span class='ocrx_word' id='word_1_460' title='bbox 546 3904 611 3945; x_wconf 86' lang='lat' dir='ltr'><strong>os</strong></span> <span class='ocrx_word' id='word_1_461' title='bbox 635 3898 810 3957; x_wconf 87' lang='lat' dir='ltr'><strong>tuum,</strong></span> <span class='ocrx_word' id='word_1_462' title='bbox 842 3898 895 3945; x_wconf 88' lang='lat' dir='ltr'><strong>et</strong></span> <span class='ocrx_word' id='word_1_463' title='bbox 919 3905 1019 3960; x_wconf 83' lang='lat' dir='ltr'><strong>ego</strong></span> <span class='ocrx_word' id='word_1_464' title='bbox 1054 3889 1359 3959; x_wconf 89' lang='lat' dir='ltr'><strong>adimplcbo</strong></span> <span class='ocrx_word' id='word_1_465' title='bbox 1402 3889 1532 3944; x_wconf 89' lang='lat' dir='ltr'><strong>illud</strong></span> <span class='ocrx_word' id='word_1_466' title='bbox 1577 3888 1760 3959; x_wconf 81' lang='lat' dir='ltr'><strong>(Psat.</strong></span> <span class='ocrx_word' id='word_1_467' title='bbox 1796 3889 1989 3959; x_wconf 75' lang='lat' dir='ltr'><strong>Lxxx);</strong></span> <span class='ocrx_word' id='word_1_468' title='bbox 2022 3908 2040 3941; x_wconf 75' lang='grc' dir='ltr'><strong><em>ι</em></strong></span> <span class='ocrx_word' id='word_1_469' title='bbox 2075 3899 2130 3945; x_wconf 88' lang='lat' dir='ltr'><strong>et</strong></span> <span class='ocrx_word' id='word_1_470' title='bbox 2155 3860 2203 3925; x_wconf 61' lang='grc' dir='ltr'>α</span> <span class='ocrx_word' id='word_1_471' title='bbox 2234 3860 2443 3950; x_wconf 68' lang='lat' dir='ltr'><strong>meritis</strong></span> <span class='ocrx_word' id='word_1_472' title='bbox 2463 3860 2604 3965; x_wconf 74' lang='lat' dir='ltr'><strong>apud</strong></span> <span class='ocrx_word' id='word_1_473' title='bbox 2631 3893 2796 3949; x_wconf 88' lang='lat' dir='ltr'><strong>Deum</strong></span> <span class='ocrx_word' id='word_1_474' title='bbox 2827 3893 3143 3960; x_wconf 90' lang='lat' dir='ltr'><strong>obtinuerit,</strong></span> <span class='ocrx_word' id='word_1_475' title='bbox 3177 3891 3247 3947; x_wconf 87' lang='lat' dir='ltr'><strong>ab</strong></span> <span class='ocrx_word' id='word_1_476' title='bbox 3294 3892 3430 3963; x_wconf 88' lang='lat' dir='ltr'><strong>ipsis</strong></span> <span class='ocrx_word' id='word_1_477' title='bbox 3466 3893 3603 3950; x_wconf 91' lang='lat' dir='ltr'><strong>viris</strong></span> <span class='ocrx_word' id='word_1_478' title='bbox 3634 3906 3827 3952; x_wconf 80' lang='lat' dir='ltr'><strong>aucto—</strong></span> 
     </span>
    </p>
   </div>
   <div class='ocr_carea' id='block_1_66' title="bbox 547 3980 2132 4057">
    <p class='ocr_par' dir='ltr' id='par_1_66' title="bbox 547 3980 2132 4057">
     <span class='ocr_line' id='line_1_66' title="bbox 547 3980 2132 4057; baseline 0.004 -24"><span class='ocrx_word' id='word_1_479' title='bbox 547 3980 743 4057; x_wconf 17' lang='lat' dir='ltr'><strong>iﬂterum</strong></span> <span class='ocrx_word' id='word_1_480' title='bbox 769 4001 781 4034; x_wconf 93' lang='lat'>:</span> <span class='ocrx_word' id='word_1_481' title='bbox 812 4001 830 4033; x_wconf 73' lang='grc' dir='ltr'>ι</span> <span class='ocrx_word' id='word_1_482' title='bbox 864 3980 982 4035; x_wconf 85' lang='grc' dir='ltr'><strong>Νοιι</strong></span> <span class='ocrx_word' id='word_1_483' title='bbox 1004 3998 1102 4037; x_wconf 85' lang='lat' dir='ltr'><strong>vos</strong></span> <span class='ocrx_word' id='word_1_484' title='bbox 1125 3982 1277 4047; x_wconf 88' lang='lat' dir='ltr'><strong>estis,</strong></span> <span class='ocrx_word' id='word_1_485' title='bbox 1308 3981 1403 4051; x_wconf 92' lang='lat' dir='ltr'><strong>qui</strong></span> <span class='ocrx_word' id='word_1_486' title='bbox 1428 3981 1742 4051; x_wconf 87' lang='lat' dir='ltr'><strong>loquimini;</strong></span> <span class='ocrx_word' id='word_1_487' title='bbox 1775 3982 1868 4036; x_wconf 90' lang='lat' dir='ltr'><strong>sed</strong></span> <span class='ocrx_word' id='word_1_488' title='bbox 1895 3982 2132 4052; x_wconf 87' lang='lat' dir='ltr'><strong>Spiritus</strong></span> 
     </span>
    </p>
   </div>
   <div class='ocr_carea' id='block_1_67' title="bbox 545 4070 2133 4143">
    <p class='ocr_par' dir='ltr' id='par_1_67' title="bbox 545 4070 2133 4143">
     <span class='ocr_line' id='line_1_67' title="bbox 545 4070 2133 4143; baseline 0.003 -19"><span class='ocrx_word' id='word_1_489' title='bbox 545 4070 726 4127; x_wconf 83' lang='lat' dir='ltr'><strong>Patris</strong></span> <span class='ocrx_word' id='word_1_490' title='bbox 760 4073 897 4139; x_wconf 90' lang='lat' dir='ltr'><strong>mei,</strong></span> <span class='ocrx_word' id='word_1_491' title='bbox 934 4072 1027 4143; x_wconf 89' lang='lat' dir='ltr'><strong>qui</strong></span> <span class='ocrx_word' id='word_1_492' title='bbox 1057 4072 1297 4143; x_wconf 89' lang='lat' dir='ltr'><strong>loquitur</strong></span> <span class='ocrx_word' id='word_1_493' title='bbox 1328 4073 1383 4125; x_wconf 92' lang='lat' dir='ltr'><strong>in</strong></span> <span class='ocrx_word' id='word_1_494' title='bbox 1418 4072 1575 4127; x_wconf 89' lang='lat' dir='ltr'><strong>vobis</strong></span> <span class='ocrx_word' id='word_1_495' title='bbox 1608 4072 1835 4143; x_wconf 79' lang='lat' dir='ltr'><strong>(Matth.</strong></span> <span class='ocrx_word' id='word_1_496' title='bbox 1860 4074 1946 4143; x_wconf 84' lang='lat' dir='ltr'><strong>x).</strong></span> <span class='ocrx_word' id='word_1_497' title='bbox 1980 4093 1998 4126; x_wconf 77' lang='grc' dir='ltr'><strong><em>ι</em></strong></span> <span class='ocrx_word' id='word_1_498' title='bbox 2026 4072 2133 4129; x_wconf 90' lang='lat' dir='ltr'><strong>Per</strong></span> 
     </span>
    </p>
   </div>
   <div class='ocr_carea' id='block_1_68' title="bbox 548 4164 2130 4236">
    <p class='ocr_par' dir='ltr' id='par_1_68' title="bbox 548 4164 2130 4236">
     <span class='ocr_line' id='line_1_68' title="bbox 548 4164 2130 4236; baseline 0.002 -18"><span class='ocrx_word' id='word_1_499' title='bbox 548 4164 850 4233; x_wconf 84' lang='lat' dir='ltr'><strong>scripturas</strong></span> <span class='ocrx_word' id='word_1_500' title='bbox 881 4166 1026 4219; x_wconf 89' lang='lat' dir='ltr'><strong>enim</strong></span> <span class='ocrx_word' id='word_1_501' title='bbox 1056 4181 1146 4220; x_wconf 85' lang='lat' dir='ltr'><strong>res</strong></span> <span class='ocrx_word' id='word_1_502' title='bbox 1174 4165 1478 4234; x_wconf 61' lang='lat' dir='ltr'><strong>praeteritae,</strong></span> <span class='ocrx_word' id='word_1_503' title='bbox 1522 4174 1576 4221; x_wconf 89' lang='lat' dir='ltr'><strong>et</strong></span> <span class='ocrx_word' id='word_1_504' title='bbox 1615 4166 1767 4220; x_wconf 83' lang='lat' dir='ltr'><strong>brevi</strong></span> <span class='ocrx_word' id='word_1_505' title='bbox 1795 4174 2035 4236; x_wconf 86' lang='lat' dir='ltr'><strong>tempore</strong></span> <span class='ocrx_word' id='word_1_506' title='bbox 2076 4167 2130 4221; x_wconf 88' lang='lat' dir='ltr'><strong>in</strong></span> 
     </span>
    </p>
   </div>
   <div class='ocr_carea' id='block_1_69' title="bbox 547 4240 2134 4323">
    <p class='ocr_par' dir='ltr' id='par_1_69' title="bbox 547 4240 2134 4323">
     <span class='ocr_line' id='line_1_69' title="bbox 547 4240 2134 4323; baseline 0.003 -13"><span class='ocrx_word' id='word_1_507' title='bbox 547 4254 876 4311; x_wconf 85' lang='lat' dir='ltr'><strong>oblivionem</strong></span> <span class='ocrx_word' id='word_1_508' title='bbox 912 4240 1186 4311; x_wconf 71' lang='lat' dir='ltr'><strong>tradenda:</strong></span> <span class='ocrx_word' id='word_1_509' title='bbox 1220 4257 1288 4311; x_wconf 85' lang='lat' dir='ltr'><strong>ad</strong></span> <span class='ocrx_word' id='word_1_510' title='bbox 1326 4255 1648 4310; x_wconf 87' lang='lat' dir='ltr'><strong>memoriam</strong></span> <span class='ocrx_word' id='word_1_511' title='bbox 1689 4267 2043 4323; x_wconf 85' lang='lat' dir='ltr'><strong>revocantur;</strong></span> <span class='ocrx_word' id='word_1_512' title='bbox 2079 4266 2134 4313; x_wconf 87' lang='lat' dir='ltr'><strong>et</strong></span> 
     </span>
    </p>
   </div>
   <div class='ocr_carea' id='block_1_70' title="bbox 546 4347 2129 4421">
    <p class='ocr_par' dir='ltr' id='par_1_70' title="bbox 546 4347 2129 4421">
     <span class='ocr_line' id='line_1_70' title="bbox 546 4347 2129 4421; baseline 0.003 -20"><span class='ocrx_word' id='word_1_513' title='bbox 546 4363 643 4417; x_wconf 78' lang='lat' dir='ltr'><strong>per</strong></span> <span class='ocrx_word' id='word_1_514' title='bbox 672 4363 763 4404; x_wconf 89' lang='lat' dir='ltr'><strong>res</strong></span> <span class='ocrx_word' id='word_1_515' title='bbox 803 4348 1048 4403; x_wconf 85' lang='lat' dir='ltr'><strong>virtuose</strong></span> <span class='ocrx_word' id='word_1_516' title='bbox 1091 4349 1142 4402; x_wconf 91' lang='lat' dir='ltr'><strong>in</strong></span> <span class='ocrx_word' id='word_1_517' title='bbox 1182 4347 1425 4404; x_wconf 85' lang='lat' dir='ltr'><strong>Ecclesia</strong></span> <span class='ocrx_word' id='word_1_518' title='bbox 1473 4359 1676 4421; x_wconf 84' lang='lat' dir='ltr'><strong>gestas,</strong></span> <span class='ocrx_word' id='word_1_519' title='bbox 1700 4365 1825 4405; x_wconf 90' lang='lat' dir='ltr'><strong>cum</strong></span> <span class='ocrx_word' id='word_1_520' title='bbox 1855 4349 2129 4421; x_wconf 89' lang='lat' dir='ltr'><strong>leguntur,</strong></span> 
     </span>
    </p>
   </div>
   <div class='ocr_carea' id='block_1_71' title="bbox 545 4440 2207 4512">
    <p class='ocr_par' dir='ltr' id='par_1_71' title="bbox 545 4440 2207 4512">
     <span class='ocr_line' id='line_1_71' title="bbox 545 4440 2207 4512; baseline 0.001 -18"><span class='ocrx_word' id='word_1_521' title='bbox 545 4440 733 4496; x_wconf 75' lang='lat' dir='ltr'><strong>ﬁdeles</strong></span> <span class='ocrx_word' id='word_1_522' title='bbox 754 4440 1146 4508; x_wconf 89' lang='lat' dir='ltr'><strong>accenduntur,</strong></span> <span class='ocrx_word' id='word_1_523' title='bbox 1172 4450 1495 4512; x_wconf 86' lang='lat' dir='ltr'><strong>ettorporcs</strong></span> <span class='ocrx_word' id='word_1_524' title='bbox 1527 4442 1791 4498; x_wconf 88' lang='lat' dir='ltr'><strong>mentium</strong></span> <span class='ocrx_word' id='word_1_525' title='bbox 1823 4442 2130 4498; x_wconf 81' lang='lat' dir='ltr'><strong>discutiun-</strong></span> <span class='ocrx_word' id='word_1_526' title='bbox 2202 4446 2207 4449; x_wconf 80' lang='grc'><strong>’</strong></span> 
     </span>
    </p>
   </div>
   <div class='ocr_carea' id='block_1_72' title="bbox 552 4542 662 4588">
    <p class='ocr_par' dir='ltr' id='par_1_72' title="bbox 552 4542 662 4588">
     <span class='ocr_line' id='line_1_72' title="bbox 552 4542 662 4588; baseline 0.018 -2"><span class='ocrx_word' id='word_1_527' title='bbox 552 4542 662 4588; x_wconf 87' lang='lat' dir='ltr'><strong>tur.</strong></span> 
     </span>
    </p>
   </div>
   <div class='ocr_carea' id='block_1_73' title="bbox 613 4623 2129 4698">
    <p class='ocr_par' dir='ltr' id='par_1_73' title="bbox 613 4623 2129 4698">
     <span class='ocr_line' id='line_1_73' title="bbox 613 4623 2129 4698; baseline 0.005 -22"><span class='ocrx_word' id='word_1_528' title='bbox 613 4623 667 4676; x_wconf 74' lang='grc'><strong>2.</strong></span> <span class='ocrx_word' id='word_1_529' title='bbox 693 4623 852 4680; x_wconf 81' lang='lat' dir='ltr'><strong>Anno</strong></span> <span class='ocrx_word' id='word_1_530' title='bbox 874 4624 1170 4681; x_wconf 69' lang='lat' dir='ltr'><strong>Dominicre</strong></span> <span class='ocrx_word' id='word_1_531' title='bbox 1196 4624 1595 4684; x_wconf 87' lang='lat' dir='ltr'><strong>Incamationis</strong></span> <span class='ocrx_word' id='word_1_532' title='bbox 1625 4627 1763 4682; x_wconf 74' lang='lat'><strong>“28</strong></span> <span class='ocrx_word' id='word_1_533' title='bbox 1787 4626 1921 4698; x_wconf 83' lang='lat'><strong>(76),</strong></span> <span class='ocrx_word' id='word_1_534' title='bbox 1946 4625 2129 4683; x_wconf 87' lang='lat' dir='ltr'><strong>obitus</strong></span> 
     </span>
    </p>
   </div>
   <div class='ocr_carea' id='block_1_74' title="bbox 542 4730 2127 4807">
    <p class='ocr_par' dir='ltr' id='par_1_74' title="bbox 542 4730 2127 4807">
     <span class='ocr_line' id='line_1_74' title="bbox 542 4730 2127 4807; baseline 0.001 -23"><span class='ocrx_word' id='word_1_535' title='bbox 542 4745 674 4786; x_wconf 85' lang='lat' dir='ltr'><strong>vero</strong></span> <span class='ocrx_word' id='word_1_536' title='bbox 713 4730 854 4787; x_wconf 87' lang='lat' dir='ltr'><strong>beati</strong></span> <span class='ocrx_word' id='word_1_537' title='bbox 889 4732 1198 4789; x_wconf 79' lang='lat' dir='ltr'><strong>Godeltardi</strong></span> <span class='ocrx_word' id='word_1_538' title='bbox 1232 4736 1614 4805; x_wconf 86' lang='lat' dir='ltr'><strong>nonagesimo,</strong></span> <span class='ocrx_word' id='word_1_539' title='bbox 1654 4734 1980 4791; x_wconf 87' lang='lat' dir='ltr'><strong>Bertholdus</strong></span> <span class='ocrx_word' id='word_1_540' title='bbox 2014 4734 2127 4807; x_wconf 82' lang='lat'><strong>(77)</strong></span> 
     </span>
    </p>
   </div>
   <div class='ocr_carea' id='block_1_75' title="bbox 542 4822 2129 4897">
    <p class='ocr_par' dir='ltr' id='par_1_75' title="bbox 542 4822 2129 4897">
     <span class='ocr_line' id='line_1_75' title="bbox 542 4822 2129 4897; baseline 0.004 -22"><span class='ocrx_word' id='word_1_541' title='bbox 542 4822 627 4893; x_wconf 89' lang='lat' dir='ltr'><strong>vir</strong></span> <span class='ocrx_word' id='word_1_542' title='bbox 667 4824 1032 4891; x_wconf 88' lang='lat' dir='ltr'><strong>venerandus,</strong></span> <span class='ocrx_word' id='word_1_543' title='bbox 1075 4833 1131 4879; x_wconf 89' lang='lat' dir='ltr'><strong>et</strong></span> <span class='ocrx_word' id='word_1_544' title='bbox 1172 4825 1225 4880; x_wconf 91' lang='lat' dir='ltr'><strong>in</strong></span> <span class='ocrx_word' id='word_1_545' title='bbox 1266 4826 1415 4881; x_wconf 92' lang='lat' dir='ltr'><strong>omni</strong></span> <span class='ocrx_word' id='word_1_546' title='bbox 1458 4827 1828 4883; x_wconf 88' lang='lat' dir='ltr'><strong>ecclesiastica</strong></span> <span class='ocrx_word' id='word_1_547' title='bbox 1866 4826 2129 4897; x_wconf 83' lang='lat' dir='ltr'><strong>religione</strong></span> 
     </span>
    </p>
   </div>
   <div class='ocr_carea' id='block_1_76' title="bbox 542 4915 2128 4987">
    <p class='ocr_par' dir='ltr' id='par_1_76' title="bbox 542 4915 2128 4987">
     <span class='ocr_line' id='line_1_76' title="bbox 542 4915 2128 4987; baseline 0.002 -18"><span class='ocrx_word' id='word_1_548' title='bbox 542 4915 867 4985; x_wconf 83' lang='lat' dir='ltr'><strong>perspicuus</strong></span> <span class='ocrx_word' id='word_1_549' title='bbox 883 4957 897 4981; x_wconf 90' lang='lat'><strong>,</strong></span> <span class='ocrx_word' id='word_1_550' title='bbox 923 4925 1107 4987; x_wconf 90' lang='lat' dir='ltr'><strong>utpote</strong></span> <span class='ocrx_word' id='word_1_551' title='bbox 1128 4917 1355 4971; x_wconf 90' lang='lat' dir='ltr'><strong>scientia</strong></span> <span class='ocrx_word' id='word_1_552' title='bbox 1379 4918 1598 4973; x_wconf 89' lang='lat' dir='ltr'><strong>litterali</strong></span> <span class='ocrx_word' id='word_1_553' title='bbox 1625 4918 1919 4973; x_wconf 89' lang='lat' dir='ltr'><strong>admodum</strong></span> <span class='ocrx_word' id='word_1_554' title='bbox 1944 4918 2128 4973; x_wconf 91' lang='lat' dir='ltr'><strong>erudi-</strong></span> 
     </span>
    </p>
   </div>
   <div class='ocr_carea' id='block_1_77' title="bbox 542 5007 2127 5079">
    <p class='ocr_par' dir='ltr' id='par_1_77' title="bbox 542 5007 2127 5079">
     <span class='ocr_line' id='line_1_77' title="bbox 542 5007 2127 5079; baseline 0.004 -20"><span class='ocrx_word' id='word_1_555' title='bbox 542 5013 662 5073; x_wconf 77' lang='lat' dir='ltr'><strong>tus,</strong></span> <span class='ocrx_word' id='word_1_556' title='bbox 685 5014 737 5060; x_wconf 91' lang='lat' dir='ltr'><strong>et</strong></span> <span class='ocrx_word' id='word_1_557' title='bbox 770 5020 986 5061; x_wconf 88' lang='lat' dir='ltr'><strong>morum</strong></span> <span class='ocrx_word' id='word_1_558' title='bbox 1010 5007 1294 5070; x_wconf 82' lang='lat' dir='ltr'><strong>honestate</strong></span> <span class='ocrx_word' id='word_1_559' title='bbox 1315 5008 1471 5063; x_wconf 90' lang='lat' dir='ltr'><strong>valde</strong></span> <span class='ocrx_word' id='word_1_560' title='bbox 1500 5008 1819 5079; x_wconf 88' lang='lat' dir='ltr'><strong>decoratus,</strong></span> <span class='ocrx_word' id='word_1_561' title='bbox 1854 5009 2127 5065; x_wconf 64' lang='lat' dir='ltr'><strong>cathedra)</strong></span> 
     </span>
    </p>
   </div>
   <div class='ocr_carea' id='block_1_78' title="bbox 619 5142 2118 5238">
    <p class='ocr_par' dir='ltr' id='par_1_78' title="bbox 619 5142 2118 5238">
     <span class='ocr_line' id='line_1_78' title="bbox 619 5142 2118 5238; baseline 0.005 -23"><span class='ocrx_word' id='word_1_562' title='bbox 619 5161 731 5238; x_wconf 80' lang='lat'><strong>(7_5)</strong></span> <span class='ocrx_word' id='word_1_563' title='bbox 757 5161 999 5219; x_wconf 89' lang='lat' dir='ltr'><strong>Similem</strong></span> <span class='ocrx_word' id='word_1_564' title='bbox 1023 5165 1308 5238; x_wconf 76' lang='lat' dir='ltr'><strong>historiam</strong></span> <span class='ocrx_word' id='word_1_565' title='bbox 1334 5142 1494 5221; x_wconf 81' lang='lat' dir='ltr'><strong>refert</strong></span> <span class='ocrx_word' id='word_1_566' title='bbox 1517 5166 1573 5221; x_wconf 91' lang='lat' dir='ltr'><strong>S.</strong></span> <span class='ocrx_word' id='word_1_567' title='bbox 1600 5166 1914 5238; x_wconf 87' lang='lat' dir='ltr'><strong>Gregorius,</strong></span> <span class='ocrx_word' id='word_1_568' title='bbox 1936 5168 2030 5223; x_wconf 90' lang='lat' dir='ltr'><strong>lib.</strong></span> <span class='ocrx_word' id='word_1_569' title='bbox 2061 5185 2118 5223; x_wconf 83' lang='grc' dir='ltr'><strong>ιι.</strong></span> 
     </span>
    </p>
   </div>
   <div class='ocr_carea' id='block_1_79' title="bbox 2232 3986 3823 4057">
    <p class='ocr_par' dir='ltr' id='par_1_79' title="bbox 2232 3986 3823 4057">
     <span class='ocr_line' id='line_1_79' title="bbox 2232 3986 3823 4057; baseline 0.002 -15"><span class='ocrx_word' id='word_1_570' title='bbox 2232 3988 2528 4053; x_wconf 86' lang='lat' dir='ltr'><strong>rabilibus,</strong></span> <span class='ocrx_word' id='word_1_571' title='bbox 2567 3988 2619 4041; x_wconf 89' lang='lat' dir='ltr'><strong>in</strong></span> <span class='ocrx_word' id='word_1_572' title='bbox 2659 3988 2915 4057; x_wconf 74' lang='lat' dir='ltr'><strong>praedicto</strong></span> <span class='ocrx_word' id='word_1_573' title='bbox 2939 3994 3209 4041; x_wconf 90' lang='lat' dir='ltr'><strong>conventu</strong></span> <span class='ocrx_word' id='word_1_574' title='bbox 3244 3986 3611 4044; x_wconf 77' lang='lat' dir='ltr'><strong>existentibus</strong></span> <span class='ocrx_word' id='word_1_575' title='bbox 3640 3991 3823 4045; x_wconf 58' lang='lat' dir='ltr'><strong>omni-</strong></span> 
     </span>
    </p>
   </div>
   <div class='ocr_carea' id='block_1_80' title="bbox 2231 4076 3820 4147">
    <p class='ocr_par' dir='ltr' id='par_1_80' title="bbox 2231 4076 3820 4147">
     <span class='ocr_line' id='line_1_80' title="bbox 2231 4076 3820 4147; baseline 0.001 -14"><span class='ocrx_word' id='word_1_576' title='bbox 2231 4077 2337 4133; x_wconf 86' lang='lat' dir='ltr'><strong>bus</strong></span> <span class='ocrx_word' id='word_1_577' title='bbox 2378 4076 2758 4132; x_wconf 84' lang='lat' dir='ltr'><strong>manifestatur</strong></span> <span class='ocrx_word' id='word_1_578' title='bbox 2803 4096 2817 4131; x_wconf 90' lang='lat'>:</span> <span class='ocrx_word' id='word_1_579' title='bbox 2866 4092 2963 4147; x_wconf 91' lang='lat' dir='ltr'><strong>per</strong></span> <span class='ocrx_word' id='word_1_580' title='bbox 2983 4077 3128 4147; x_wconf 91' lang='lat' dir='ltr'><strong>quod</strong></span> <span class='ocrx_word' id='word_1_581' title='bbox 3152 4118 3166 4144; x_wconf 91' lang='lat'><strong>,</strong></span> <span class='ocrx_word' id='word_1_582' title='bbox 3207 4087 3417 4134; x_wconf 87' lang='lat' dir='ltr'><strong>mentes</strong></span> <span class='ocrx_word' id='word_1_583' title='bbox 3458 4080 3820 4135; x_wconf 88' lang='lat' dir='ltr'><strong>assidentium</strong></span> 
     </span>
    </p>
   </div>
   <div class='ocr_carea' id='block_1_81' title="bbox 2232 4166 3821 4239">
    <p class='ocr_par' dir='ltr' id='par_1_81' title="bbox 2232 4166 3821 4239">
     <span class='ocr_line' id='line_1_81' title="bbox 2232 4166 3821 4239; baseline 0.003 -18"><span class='ocrx_word' id='word_1_584' title='bbox 2232 4167 2478 4221; x_wconf 90' lang='lat' dir='ltr'><strong>omnium</strong></span> <span class='ocrx_word' id='word_1_585' title='bbox 2498 4181 2604 4221; x_wconf 91' lang='lat' dir='ltr'><strong>non</strong></span> <span class='ocrx_word' id='word_1_586' title='bbox 2631 4167 2808 4222; x_wconf 88' lang='lat' dir='ltr'><strong>solum</strong></span> <span class='ocrx_word' id='word_1_587' title='bbox 2830 4166 3224 4232; x_wconf 75' lang='lat' dir='ltr'><strong>exhilarantur,</strong></span> <span class='ocrx_word' id='word_1_588' title='bbox 3249 4166 3344 4222; x_wconf 90' lang='lat' dir='ltr'><strong>sed</strong></span> <span class='ocrx_word' id='word_1_589' title='bbox 3365 4169 3605 4239; x_wconf 88' lang='lat' dir='ltr'><strong>qualiter</strong></span> <span class='ocrx_word' id='word_1_590' title='bbox 3630 4170 3821 4226; x_wconf 82' lang='lat' dir='ltr'><strong>laudes</strong></span> 
     </span>
    </p>
   </div>
   <div class='ocr_carea' id='block_1_82' title="bbox 2233 4256 3819 4331">
    <p class='ocr_par' dir='ltr' id='par_1_82' title="bbox 2233 4256 3819 4331">
     <span class='ocr_line' id='line_1_82' title="bbox 2233 4256 3819 4331; baseline 0.001 -17"><span class='ocrx_word' id='word_1_591' title='bbox 2233 4259 2406 4331; x_wconf 90' lang='lat' dir='ltr'><strong>ipsius</strong></span> <span class='ocrx_word' id='word_1_592' title='bbox 2446 4260 2499 4315; x_wconf 90' lang='lat' dir='ltr'><strong>in</strong></span> <span class='ocrx_word' id='word_1_593' title='bbox 2546 4258 2790 4323; x_wconf 84' lang='lat' dir='ltr'><strong>Ecclesia</strong></span> <span class='ocrx_word' id='word_1_594' title='bbox 2843 4256 2941 4314; x_wconf 90' lang='lat' dir='ltr'><strong>Dei</strong></span> <span class='ocrx_word' id='word_1_595' title='bbox 2978 4257 3429 4329; x_wconf 88' lang='lat' dir='ltr'><strong>multipliceutur,</strong></span> <span class='ocrx_word' id='word_1_596' title='bbox 3486 4261 3819 4317; x_wconf 81' lang='lat' dir='ltr'><strong>unanimiter</strong></span> 
     </span>
    </p>
   </div>
   <div class='ocr_carea' id='block_1_83' title="bbox 2232 4346 2836 4403">
    <p class='ocr_par' dir='ltr' id='par_1_83' title="bbox 2232 4346 2836 4403">
     <span class='ocr_line' id='line_1_83' title="bbox 2232 4346 2836 4403; baseline -0.003 0"><span class='ocrx_word' id='word_1_597' title='bbox 2232 4364 2424 4403; x_wconf 90' lang='lat' dir='ltr'><strong>omnes</strong></span> <span class='ocrx_word' id='word_1_598' title='bbox 2446 4346 2836 4403; x_wconf 86' lang='lat' dir='ltr'><strong>accenduntur.</strong></span> 
     </span>
    </p>
   </div>
   <div class='ocr_carea' id='block_1_84' title="bbox 2304 4459 3817 4535">
    <p class='ocr_par' dir='ltr' id='par_1_84' title="bbox 2304 4459 3817 4535">
     <span class='ocr_line' id='line_1_84' title="bbox 2304 4459 3817 4535; baseline 0.003 -20"><span class='ocrx_word' id='word_1_599' title='bbox 2304 4462 2356 4516; x_wconf 81' lang='grc'><strong>5.</strong></span> <span class='ocrx_word' id='word_1_600' title='bbox 2384 4459 2684 4516; x_wconf 77' lang='lat' dir='ltr'><strong>Praedictus</strong></span> <span class='ocrx_word' id='word_1_601' title='bbox 2710 4460 2855 4516; x_wconf 88' lang='lat' dir='ltr'><strong>enim</strong></span> <span class='ocrx_word' id='word_1_602' title='bbox 2881 4460 3108 4518; x_wconf 83' lang='lat' dir='ltr'><strong>antistes</strong></span> <span class='ocrx_word' id='word_1_603' title='bbox 3138 4470 3327 4519; x_wconf 87' lang='lat' dir='ltr'><strong>noster</strong></span> <span class='ocrx_word' id='word_1_604' title='bbox 3343 4460 3678 4520; x_wconf 84' lang='lat' dir='ltr'><strong>Bertholdus</strong></span> <span class='ocrx_word' id='word_1_605' title='bbox 3708 4463 3817 4535; x_wconf 85' lang='lat' dir='ltr'><strong>pri—</strong></span> 
     </span>
    </p>
   </div>
   <div class='ocr_carea' id='block_1_85' title="bbox 2229 4553 3823 4627">
    <p class='ocr_par' dir='ltr' id='par_1_85' title="bbox 2229 4553 3823 4627">
     <span class='ocr_line' id='line_1_85' title="bbox 2229 4553 3823 4627; baseline 0.002 -20"><span class='ocrx_word' id='word_1_606' title='bbox 2229 4563 2412 4607; x_wconf 88' lang='lat' dir='ltr'><strong>vatam</strong></span> <span class='ocrx_word' id='word_1_607' title='bbox 2443 4553 2695 4626; x_wconf 88' lang='lat' dir='ltr'><strong>gratiam,</strong></span> <span class='ocrx_word' id='word_1_608' title='bbox 2752 4553 2858 4608; x_wconf 90' lang='lat' dir='ltr'><strong>sibi</strong></span> <span class='ocrx_word' id='word_1_609' title='bbox 2910 4569 2941 4607; x_wconf 92' lang='lat' dir='ltr'><strong>a</strong></span> <span class='ocrx_word' id='word_1_610' title='bbox 2980 4563 3212 4624; x_wconf 88' lang='lat' dir='ltr'><strong>patrono</strong></span> <span class='ocrx_word' id='word_1_611' title='bbox 3240 4563 3432 4610; x_wconf 90' lang='lat' dir='ltr'><strong>nostro</strong></span> <span class='ocrx_word' id='word_1_612' title='bbox 3471 4570 3823 4627; x_wconf 63' lang='lat' dir='ltr'><strong>concessam,~</strong></span> 
     </span>
    </p>
   </div>
   <div class='ocr_carea' id='block_1_86' title="bbox 2231 4644 3813 4716">
    <p class='ocr_par' dir='ltr' id='par_1_86' title="bbox 2231 4644 3813 4716">
     <span class='ocr_line' id='line_1_86' title="bbox 2231 4644 3813 4716; baseline 0.003 -17"><span class='ocrx_word' id='word_1_613' title='bbox 2231 4646 2486 4700; x_wconf 86' lang='lat' dir='ltr'><strong>omnibus</strong></span> <span class='ocrx_word' id='word_1_614' title='bbox 2535 4644 2901 4701; x_wconf 85' lang='lat' dir='ltr'><strong>assidentibus</strong></span> <span class='ocrx_word' id='word_1_615' title='bbox 2973 4645 3260 4714; x_wconf 85' lang='lat' dir='ltr'><strong>iudicavit,</strong></span> <span class='ocrx_word' id='word_1_616' title='bbox 3317 4654 3373 4700; x_wconf 87' lang='lat' dir='ltr'><strong>et</strong></span> <span class='ocrx_word' id='word_1_617' title='bbox 3414 4646 3653 4716; x_wconf 82' lang='lat' dir='ltr'><strong>qualiter</strong></span> <span class='ocrx_word' id='word_1_618' title='bbox 3691 4662 3813 4703; x_wconf 81' lang='lat' dir='ltr'><strong>eum</strong></span> 
     </span>
    </p>
   </div>
   <div class='ocr_carea' id='block_1_87' title="bbox 2228 4735 3821 4809">
    <p class='ocr_par' dir='ltr' id='par_1_87' title="bbox 2228 4735 3821 4809">
     <span class='ocr_line' id='line_1_87' title="bbox 2228 4735 3821 4809; baseline 0 -17"><span class='ocrx_word' id='word_1_619' title='bbox 2228 4738 2380 4809; x_wconf 90' lang='lat' dir='ltr'><strong>pium</strong></span> <span class='ocrx_word' id='word_1_620' title='bbox 2412 4739 2826 4793; x_wconf 88' lang='lat' dir='ltr'><strong>intercessorem</strong></span> <span class='ocrx_word' id='word_1_621' title='bbox 2858 4736 2999 4806; x_wconf 89' lang='lat' dir='ltr'><strong>apud</strong></span> <span class='ocrx_word' id='word_1_622' title='bbox 3026 4735 3195 4792; x_wconf 87' lang='lat' dir='ltr'><strong>Deum</strong></span> <span class='ocrx_word' id='word_1_623' title='bbox 3217 4752 3338 4792; x_wconf 90' lang='lat' dir='ltr'><strong>esse</strong></span> <span class='ocrx_word' id='word_1_624' title='bbox 3365 4739 3686 4809; x_wconf 84' lang='lat' dir='ltr'><strong>cognoverit</strong></span> <span class='ocrx_word' id='word_1_625' title='bbox 3708 4755 3821 4799; x_wconf 39' lang='lat' dir='ltr'><strong>non.</strong></span> 
     </span>
    </p>
   </div>
   <div class='ocr_carea' id='block_1_88' title="bbox 2228 4827 3808 4886">
    <p class='ocr_par' dir='ltr' id='par_1_88' title="bbox 2228 4827 3808 4886">
     <span class='ocr_line' id='line_1_88' title="bbox 2228 4827 3808 4886; baseline -0.001 0"><span class='ocrx_word' id='word_1_626' title='bbox 2228 4830 2346 4886; x_wconf 87' lang='lat' dir='ltr'><strong>sine</strong></span> <span class='ocrx_word' id='word_1_627' title='bbox 2369 4829 2696 4885; x_wconf 90' lang='lat' dir='ltr'><strong>contritione</strong></span> <span class='ocrx_word' id='word_1_628' title='bbox 2729 4828 2908 4884; x_wconf 88' lang='lat' dir='ltr'><strong>cordis</strong></span> <span class='ocrx_word' id='word_1_629' title='bbox 2935 4827 3197 4885; x_wconf 85' lang='lat' dir='ltr'><strong>fratribus</strong></span> <span class='ocrx_word' id='word_1_630' title='bbox 3219 4828 3422 4884; x_wconf 88' lang='lat' dir='ltr'><strong>nostris</strong></span> <span class='ocrx_word' id='word_1_631' title='bbox 3448 4831 3808 4886; x_wconf 87' lang='lat' dir='ltr'><strong>enumeravit.</strong></span> 
     </span>
    </p>
   </div>
   <div class='ocr_carea' id='block_1_89' title="bbox 2228 4920 3808 4991">
    <p class='ocr_par' dir='ltr' id='par_1_89' title="bbox 2228 4920 3808 4991">
     <span class='ocr_line' id='line_1_89' title="bbox 2228 4920 3808 4991; baseline 0.001 -16"><span class='ocrx_word' id='word_1_632' title='bbox 2228 4920 2387 4988; x_wconf 87' lang='lat' dir='ltr'><strong>Nam,</strong></span> <span class='ocrx_word' id='word_1_633' title='bbox 2421 4933 2663 4991; x_wconf 88' lang='lat' dir='ltr'><strong>tempore</strong></span> <span class='ocrx_word' id='word_1_634' title='bbox 2687 4920 2991 4991; x_wconf 85' lang='lat' dir='ltr'><strong>juventutis</strong></span> <span class='ocrx_word' id='word_1_635' title='bbox 3025 4936 3159 4987; x_wconf 65' lang='lat' dir='ltr'><strong>suae,</strong></span> <span class='ocrx_word' id='word_1_636' title='bbox 3206 4936 3333 4979; x_wconf 87' lang='lat' dir='ltr'><strong>cum</strong></span> <span class='ocrx_word' id='word_1_637' title='bbox 3362 4921 3479 4991; x_wconf 89' lang='lat' dir='ltr'><strong>ipse</strong></span> <span class='ocrx_word' id='word_1_638' title='bbox 3527 4922 3672 4976; x_wconf 88' lang='lat' dir='ltr'><strong>inter</strong></span> <span class='ocrx_word' id='word_1_639' title='bbox 3703 4938 3808 4976; x_wconf 66' lang='lat' dir='ltr'><strong>ete-</strong></span> 
     </span>
    </p>
   </div>
   <div class='ocr_carea' id='block_1_90' title="bbox 2225 5013 3809 5079">
    <p class='ocr_par' dir='ltr' id='par_1_90' title="bbox 2225 5013 3809 5079">
     <span class='ocr_line' id='line_1_90' title="bbox 2225 5013 3809 5079; baseline -0.003 -9"><span class='ocrx_word' id='word_1_640' title='bbox 2225 5021 2373 5070; x_wconf 86' lang='lat' dir='ltr'><strong>teros</strong></span> <span class='ocrx_word' id='word_1_641' title='bbox 2402 5013 2771 5070; x_wconf 87' lang='lat' dir='ltr'><strong>adolescentes</strong></span> <span class='ocrx_word' id='word_1_642' title='bbox 2801 5013 3025 5069; x_wconf 88' lang='lat' dir='ltr'><strong>ludicris</strong></span> <span class='ocrx_word' id='word_1_643' title='bbox 3046 5013 3211 5069; x_wconf 87' lang='lat' dir='ltr'><strong>rebus</strong></span> <span class='ocrx_word' id='word_1_644' title='bbox 3234 5021 3377 5069; x_wconf 87' lang='lat' dir='ltr'><strong>esset</strong></span> <span class='ocrx_word' id='word_1_645' title='bbox 3398 5013 3664 5079; x_wconf 90' lang='lat' dir='ltr'><strong>intentus,</strong></span> <span class='ocrx_word' id='word_1_646' title='bbox 3681 5028 3809 5067; x_wconf 87' lang='lat' dir='ltr'><strong>con-</strong></span> 
     </span>
    </p>
   </div>
   <div class='ocr_carea' id='block_1_91' title="bbox 2229 5166 3803 5240">
    <p class='ocr_par' dir='ltr' id='par_1_91' title="bbox 2229 5166 3803 5240">
     <span class='ocr_line' id='line_1_91' title="bbox 2229 5166 3803 5240; baseline -0.004 -15"><span class='ocrx_word' id='word_1_647' title='bbox 2229 5170 2524 5239; x_wconf 90' lang='lat' dir='ltr'><strong>addideris,</strong></span> <span class='ocrx_word' id='word_1_648' title='bbox 2559 5185 2764 5225; x_wconf 83' lang='lat' dir='ltr'><strong>annum</strong></span> <span class='ocrx_word' id='word_1_649' title='bbox 2799 5167 2970 5236; x_wconf 68' lang='lat'><strong>“28,</strong></span> <span class='ocrx_word' id='word_1_650' title='bbox 3010 5184 3175 5240; x_wconf 88' lang='lat' dir='ltr'><strong>quem</strong></span> <span class='ocrx_word' id='word_1_651' title='bbox 3212 5168 3301 5223; x_wconf 89' lang='lat' dir='ltr'><strong>hic</strong></span> <span class='ocrx_word' id='word_1_652' title='bbox 3329 5174 3524 5222; x_wconf 84' lang='lat' dir='ltr'><strong>auctor</strong></span> <span class='ocrx_word' id='word_1_653' title='bbox 3542 5166 3803 5238; x_wconf 83' lang='lat' dir='ltr'><strong>assignat,</strong></span> 
     </span>
    </p>
   </div>
   <div class='ocr_carea' id='block_1_92' title="bbox 547 5218 2488 5310">
    <p class='ocr_par' dir='ltr' id='par_1_92' title="bbox 547 5218 2488 5310">
     <span class='ocr_line' id='line_1_92' title="bbox 547 5218 2488 5310; baseline 0.006 -27"><span class='ocrx_word' id='word_1_654' title='bbox 547 5218 1058 5310; x_wconf 54' lang='lat' dir='ltr'><strong>Dialogorum,cap.</strong></span> <span class='ocrx_word' id='word_1_655' title='bbox 1086 5218 1185 5310; x_wconf 53' lang='lat'><strong>2:5,</strong></span> <span class='ocrx_word' id='word_1_656' title='bbox 1217 5218 1309 5291; x_wconf 85' lang='lat' dir='ltr'><strong>ubi</strong></span> <span class='ocrx_word' id='word_1_657' title='bbox 1332 5218 1775 5310; x_wconf 46' lang='lat' dir='ltr'><strong>saitctiiiiotiial&#39;es</strong></span> <span class='ocrx_word' id='word_1_658' title='bbox 1801 5256 1833 5293; x_wconf 87' lang='lat' dir='ltr'><strong>a</strong></span> <span class='ocrx_word' id='word_1_659' title='bbox 1857 5218 1916 5291; x_wconf 61' lang='grc' dir='ltr'><strong>Βί</strong></span> <span class='ocrx_word' id='word_1_660' title='bbox 1943 5238 2002 5293; x_wconf 91' lang='grc' dir='ltr'><strong>Ρ,</strong></span> <span class='ocrx_word' id='word_1_661' title='bbox 2024 5238 2126 5293; x_wconf 88' lang='lat' dir='ltr'><strong>Be-</strong></span> <span class='ocrx_word' id='word_1_662' title='bbox 2154 5218 2201 5274; x_wconf 71' lang='grc' dir='ltr'><strong>Β</strong></span> <span class='ocrx_word' id='word_1_663' title='bbox 2228 5218 2488 5310; x_wconf 63' lang='lat' dir='ltr'><strong>reperies.</strong></span> 
     </span>
    </p>
   </div>
   <div class='ocr_carea' id='block_1_93' title="bbox 550 5299 2126 5360">
    <p class='ocr_par' dir='ltr' id='par_1_93' title="bbox 550 5299 2126 5360">
     <span class='ocr_line' id='line_1_93' title="bbox 550 5299 2126 5360; baseline 0.006 -10"><span class='ocrx_word' id='word_1_664' title='bbox 550 5299 765 5355; x_wconf 84' lang='lat' dir='ltr'><strong>ncdicto</strong></span> <span class='ocrx_word' id='word_1_665' title='bbox 790 5299 1275 5360; x_wconf 71' lang='lat' dir='ltr'><strong>excommunicata:</strong></span> <span class='ocrx_word' id='word_1_666' title='bbox 1299 5347 1314 5360; x_wconf 88' lang='lat'><strong>.</strong></span> <span class='ocrx_word' id='word_1_667' title='bbox 1338 5309 1406 5360; x_wconf 84' lang='lat' dir='ltr'><strong>ab</strong></span> <span class='ocrx_word' id='word_1_668' title='bbox 1425 5308 1653 5360; x_wconf 87' lang='lat' dir='ltr'><strong>ecclesia</strong></span> <span class='ocrx_word' id='word_1_669' title='bbox 1682 5309 1734 5360; x_wconf 91' lang='lat' dir='ltr'><strong>in</strong></span> <span class='ocrx_word' id='word_1_670' title='bbox 1758 5324 1865 5360; x_wconf 85' lang='lat' dir='ltr'><strong>oua</strong></span> <span class='ocrx_word' id='word_1_671' title='bbox 1896 5310 2126 5360; x_wconf 67' lang='lat' dir='ltr'><strong>senultm</strong></span> 
     </span>
    </p>
   </div>
   <div class='ocr_carea' id='block_1_94' title="bbox 2300 5305 3807 5360">
    <p class='ocr_par' dir='ltr' id='par_1_94' title="bbox 2300 5305 3807 5360">
     <span class='ocr_line' id='line_1_94' title="bbox 2300 5305 3807 5360; baseline 0 0"><span class='ocrx_word' id='word_1_672' title='bbox 2300 5305 2412 5360; x_wconf 75' lang='grc' dir='ltr'><strong>ΠἩ</strong></span> <span class='ocrx_word' id='word_1_673' title='bbox 2458 5309 2780 5360; x_wconf 83' lang='lat' dir='ltr'><strong>Bertlmldus</strong></span> <span class='ocrx_word' id='word_1_674' title='bbox 2835 5310 2977 5360; x_wconf 84' lang='lat' dir='ltr'><strong>hanc.</strong></span> <span class='ocrx_word' id='word_1_675' title='bbox 3039 5309 3218 5360; x_wconf 86' lang='lat' dir='ltr'><strong>sedem</strong></span> <span class='ocrx_word' id='word_1_676' title='bbox 3273 5306 3585 5360; x_wconf 76' lang='lat' dir='ltr'><strong>quindecim</strong></span> <span class='ocrx_word' id='word_1_677' title='bbox 3647 5305 3807 5360; x_wconf 88' lang='lat' dir='ltr'><strong>annis</strong></span> 
     </span>
    </p>
   </div>
  </div>
