4056 5360
265 219 412 279 ίτὶω

1788 216 1969 274 VlTA.

3397 219 3538 276 1210

263 335 391 409 tigit
409 344 470 392 ut
490 334 608 407 ipse
656 335 713 394 in
767 333 1034 393 suburbio
1067 342 1270 392 nostra:
1298 334 1537 394 civitatis
1560 334 1852 407 quemdam
1882 335 1929 394 Α
1954 342 2008 390 et
2033 333 2149 405 ipse
2176 331 2526 393 manifestam
2552 334 2781 407 gratiam
2815 336 3032 407 patroni
3060 336 3235 393 nostri
3256 348 3537 408 expertus,

264 427 472 484 laicum
516 443 625 483 non
670 428 977 484 voluntarie
1026 428 1218 483 lancea
1262 427 1586 498 perforaret,
1634 437 1688 485 et
1725 444 1853 485 eum

266 519 431 591 quasi
466 529 741 575 mortuum
780 520 850 577 ad
895 530 1094 576 terram
1131 531 1533 591 prosterneret:
1567 520 1661 592 qui
1695 521 1854 592 quasi

267 610 569 667 semivivus
622 611 848 667 domum
914 611 1232 681 deducitur,
1285 612 1428 668 lecto
1513 612 1749 684 alligitur
1801 621 1855 669 et

265 716 447 772 usque
480 702 546 757 ad
573 712 804 758 mortem
835 703 1192 774 periclitatur.
1220 702 1330 759 Sed
1349 703 1609 775 praefatus
1629 705 1856 760 antistes

268 802 460 848 noster
494 794 685 854 dolens
712 804 766 851 et
790 811 1031 853 maerens
1058 796 1129 866 jin
1154 796 1369 851 diversa
1404 797 1634 867 rapitur,
1674 811 1734 852 se
1762 812 1854 852 sa-

265 884 382 940 cris
424 886 711 942 ordinibus
753 888 913 957 quasi
951 888 1284 944 homicidam
1325 904 1449 944 esse
1483 889 1856 959 repellendum

266 981 617 1044 angustatur,
653 960 708 1030 et
741 976 815 1032 ita
857 978 911 1032 in
946 978 1194 1034 diversas
1238 979 1597 1050 cogitationes
1638 980 1857 1036 animus

266 1063 447 1134 ipsius
490 1066 774 1123 invitatur.
817 1068 1059 1125 Tandem
1091 1080 1296 1126 nutans
1338 1071 1499 1141 quasi
1547 1073 1705 1127 navis
1756 1072 1856 1127 de-

265 1156 539 1226 prehensa
567 1159 621 1214 in
654 1159 910 1217 fluctibus
958 1162 1148 1228 maris,
1185 1162 1252 1217 ad
1283 1173 1575 1232 patronum
1607 1175 1856 1220 nostrum

267 1246 491 1302 beatum
530 1248 918 1307 Godebardum
953 1261 1015 1308 ut
1066 1255 1133 1309 ad
1162 1263 1379 1324 portum
1425 1265 1603 1310 tutum
1634 1272 1691 1311 se
1719 1257 1856 1312 diri-

266 1339 369 1409 git,
399 1354 549 1410 spem
580 1356 737 1396 suam
769 1342 983 1398 in‘eum
1014 1345 1173 1416 quasi
1217 1346 1514 1402 anchoram
1551 1347 1606 1402 in
1638 1347 1856 1404 firmum

265 1430 426 1487 littus
457 1431 651 1503 inﬁgit,
694 1442 752 1488 ut
777 1434 847 1489 ab
868 1435 1187 1492 imminente
1231 1438 1504 1495 anxietate
1530 1455 1656 1495 eum
1679 1440 1859 1510 eripe-

266 1530 375 1588 ret,
404 1523 570 1579 corde
602 1526 840 1581 contrito
874 1535 931 1582 et
966 1529 1257 1584 humiliato
1298 1530 1493 1600 spiritu
1542 1533 1855 1602 postulavit.

270 1611 379 1668 Sed
402 1615 484 1668 vir
503 1617 842 1686 vulneratus,
865 1619 995 1674 dum
1020 1619 1135 1690 jam
1161 1630 1309 1677 esset
1343 1622 1396 1677 in
1420 1639 1594 1695 agone
1623 1625 1854 1694 positus,

268 1704 391 1775 ipse
415 1707 519 1761 fide
544 1708 758 1777 ﬁrmus,
805 1711 871 1766 ad
899 1713 1209 1782 sepulcrum
1240 1715 1415 1769 sancti
1447 1718 1658 1785 patroni
1683 1718 1855 1773 nostri

269 1811 332 1855 se
364 1801 681 1879 prostravit,
712 1809 996 1874 totamque
1027 1815 1243 1860 noctem
1276 1806 1332 1862 in
1373 1808 1621 1863 oratione
1663 1825 1861 1879 perno-

270 1889 461 1957 ctavit,
490 1901 544 1946 et
572 1894 749 1965 magis
771 1899 954 1967 rugitu
979 1897 1161 1953 cordis
1187 1914 1349 1968 quam
1365 1901 1736 1971 propalatione
1758 1917 1844 1956 vo-

269 1979 354 2036 cis
400 1982 833 2041 misericordiam
903 1988 1231 2058 imploravit.
1277 1988 1381 2046 Sed
1440 1993 1657 2047 tandem
1692 2010 1862 2064 prope

274 2072 511 2129 tarmino
540 2077 719 2132 noctis
740 2078 940 2148 vigiliis
964 2079 1312 2152 defatigatus,
1335 2091 1389 2137 et
1416 2085 1604 2140 dolore
1632 2097 1861 2145 contur-

270 2164 453 2232 batus,
484 2168 723 2236 quietem
750 2169 957 2226 intrare
983 2174 1349 2243 compellitur.
1380 2175 1437 2230 in
1460 2194 1569 2247 qua
1597 2178 1646 2233 ei
1674 2189 1729 2234 et
1750 2188 1862 2235 sta-

272 2268 400 2315 tura
428 2270 481 2314 et
524 2258 700 2317 forma
744 2265 964 2333 patroni
1005 2268 1180 2322 nostri
1216 2268 1271 2323 in
1314 2270 1526 2326 visione
1552 2271 1863 2347 (78)quan—

275 2358 391 2405 tum
414 2359 595 2407 tamen
618 2369 784 2424 quam
815 2357 871 2411 in
897 2357 999 2413 hac
1021 2358 1131 2415 vita
1154 2361 1385 2429 viderat,
1416 2365 1723 2422 certissime
1746 2383 1863 2421 ma-

273 2440 589 2502 nifestatur.
617 2443 775 2514 Nam,
817 2447 949 2504 dum
991 2451 1171 2507 adhuc
1189 2462 1336 2508 esset
1375 2454 1519 2510 inter
1560 2457 1770 2527 vigilias
1810 2466 1865 2514 et

274 2533 518 2591 adultam
559 2538 819 2607 quietem,
854 2556 1087 2610 persona
1131 2546 1347 2613 patroni
1370 2549 1543 2602 nostri
1583 2550 1633 2604 ei
1680 2550 1733 2604 in
1779 2552 1863 2606 vi-

276 2625 434 2682 sione
454 2631 724 2699 apparuit,
769 2640 830 2688 ut
868 2634 1164 2689 missarum
1209 2638 1473 2695 solemnia
1503 2643 1767 2697 celebrari
1792 2643 1867 2699 fa-

274 2728 421 2773 ceret
443 2720 493 2774 ei
534 2720 949 2793 diligentissime
991 2727 1203 2794 indixit,
1228 2738 1283 2783 et
1320 2740 1381 2785 ut
1422 2732 1657 2789 ollicium
1687 2755 1700 2790 :
1738 2757 1756 2788 ‹
1788 2734 1866 2793 Ne

277 2809 493 2878 timeas,
508 2812 792 2881 Zacharia.
813 2818 1069 2874 exaudita
1080 2829 1164 2875 est
1181 2823 1357 2877 oratio
1380 2833 1468 2878 tua
1484 2824 1634 2895 (Luc.
1653 2845 1690 2892 ι,
1707 2829 1816 2901 15),
1839 2849 1859 2882 ι

276 2899 555 2958 det-altari
578 2904 803 2974 faceret,
827 2910 1093 2966 continuo
1133 2912 1403 2983 adjunxit.
1429 2914 1526 2972 His
1547 2918 1680 2974 visis
1712 2899 1865 2976 exei-

1954 442 2081 482 cum
2113 436 2480 496 opportunum
2514 427 2749 494 videret,
2780 442 2890 482 non
2926 444 3049 484 eam
3102 429 3383 498 subticuit,
3440 430 3537 487 sed

1955 518 2212 573 omnibus
2249 519 2302 573 in
2330 527 2599 575 conventu
2653 527 2845 574 nostro
2866 520 3225 577 existentibus
3260 524 3541 580 evidenter

1956 610 2232 682 patefecit,
2257 613 2446 667 dicens
2470 630 2485 667 :
2516 630 2534 664 ι
2560 610 2687 668 Fuit
2712 612 2859 668 enim
2881 629 3018 684 puer
3038 614 3258 685 quidam
3276 617 3540 675 custodia

1957 699 2127 771 ipsius
2150 701 2421 767 addictus,
2440 702 2495 755 in
2519 701 2758 757 clericali
2791 711 2909 758 arte
2934 704 3284 772 erudiendus,
3317 707 3542 779 quiepi—

1956 792 2153 864 leptico
2190 795 2403 861 morbo,
2434 810 2598 865 quem
2638 796 2846 866 vulgari
2886 797 3108 852 nomine
3136 798 3402 853 caducum
3439 804 3542 870 ap-

1956 885 2177 956 pellant,
2213 886 2350 941 adeo
2409 886 2711 942 vexabatur
2762 895 2822 942 ut
2847 888 3091 958 quotidie
3115 890 3293 946 sexies
3331 890 3399 946 ad
3432 890 3542 946 mi-

1958 993 2063 1032 nus
2089 977 2158 1033 ad
2190 986 2391 1033 terram
2425 985 2884 1048 prosterneretur,
2911 988 2965 1034 et
2991 966 3168 1050 usque
3210 980 3279 1037 ad
3309 990 3543 1038 mortem

1959 1067 2127 1121 nimia
2180 1067 2499 1139 fatigatione
2545 1068 2969 1139 periclitaretur.
3027 1069 3129 1126 llic
3183 1073 3544 1143 quadamdie

1958 1158 2025 1213 ad
2050 1159 2415 1229 patrocinium
2465 1160 2611 1215 beati
2665 1159 2999 1217 confessoris
3030 1164 3202 1217 nostri
3236 1164 3544 1233 deducitur,

1959 1250 2054 1305 sed
2086 1249 2140 1303 in
2175 1250 2263 1304 via
2289 1250 2373 1305 his
2400 1251 2468 1305 ad
2492 1261 2697 1306 terram
2729 1253 3114 1322 prosternitur.
3164 1252 3451 1312 Orationes
3476 1254 3546 1311 ad

1960 1340 2205 1395 tumbam
2240 1340 2415 1411 ipsius
2444 1357 2543 1412 pro
2567 1358 2632 1397 eo
2668 1340 3006 1411 funduntur;
3031 1344 3389 1417 eleemosynte
3408 1362 3547 1417 pau-

1958 1434 2184 1503 peribus
2226 1433 2556 1504 largiuntur,
2586 1443 2642 1489 et
2671 1434 2909 1505 perfecte
2957 1446 3182 1493 sanatus
3213 1436 3270 1492 in
3319 1438 3545 1494 domum

1958 1526 2134 1596 ipsius
2167 1526 2489 1596 regreditur.
2534 1545 2553 1578 ι

2032 1616 2085 1671 6.
2120 1615 2217 1673 llis
2243 1617 2417 1672 tribus
2440 1617 2611 1690 signis
2651 1617 2706 1672 in
2736 1619 3015 1674 communi
3049 1631 3319 1677 conventu
3346 1621 3414 1679 ab
3450 1601 3551 1678 au;

1962 1705 2319 1766 ctorabilibus
2349 1710 2484 1765 viris
2522 1700 2787 1776 recitatis,
2816 1726 3007 1767 omnes
3028 1712 3189 1767 hilari
3217 1722 3397 1768 mente
3426 1730 3552 1784 per-

1961 1799 2188 1870 cipiunt,
2231 1800 2411 1870 ipsum
2444 1800 2742 1855 antistitem
2767 1810 3038 1869 nostrum,
3063 1803 3208 1874 quod
3242 1803 3552 1858 voluntarie

1961 1907 2059 1963 per
2082 1907 2141 1947 se
2173 1890 2375 1948 faceret
2407 1910 2421 1948 :
2453 1892 2734 1964 instigant,
2764 1902 2826 1948 ut
2859 1894 3115 1950 omnibus
3157 1895 3334 1953 modis
3362 1896 3550 1952 elabo-

1962 1992 2128 2050 raret,
2158 1978 2391 2055 qualiter
2440 1985 2660 2043 beatum
2712 1986 3028 2056 pontificem
3072 1996 3322 2043 nostrum
3370 1986 3550 2043 Godeo

1962 2077 2193 2133 bardum
2231 2079 2372 2133 inter
2401 2088 2627 2135 cazteros
2653 2086 2873 2134 sanctos
2899 2077 2995 2133 Dei
3031 2079 3398 2135 canonizaret.
3445 2077 3553 2135 Sed

1962 2173 2092 2227 dum
2116 2172 2170 2225 in
2199 2171 2364 2227 rebus
2394 2171 2660 2238 minimis,
2706 2170 2909 2225 nedum
2945 2169 3000 2224 iu
3026 2172 3301 2238 maximis,
3331 2171 3386 2225 in
3423 2170 3551 2242 qui-

1962 2266 2066 2321 bus
2104 2263 2288 2318 laetum
2314 2270 2695 2333 exspectamus
2718 2260 2906 2328 tinem,
2928 2260 3171 2315 divinum
3188 2260 3554 2316 invocandum

1965 2360 2344 2425 sitauxilium,
2389 2357 2595 2428 placuit
2641 2355 2899 2411 omnibus
2946 2363 3007 2409 ut
3036 2353 3300 2425 speciales
3353 2355 3555 2425 ubique

1966 2453 2021 2506 in
2056 2450 2296 2505 Ecclesia
2353 2457 2541 2503 nostra
2584 2445 2943 2501 funderentur
2985 2444 3053 2500 ad
3097 2443 3270 2498 Deum
3318 2458 3418 2514 pro
3451 2443 3558 2498 hac

1966 2558 2133 2597 causa
2193 2555 2403 2611 preces,
2444 2554 2511 2594 ne
2539 2537 2670 2609 quid
2719 2536 2999 2592 incassum
3055 2534 3142 2590 vel
3182 2534 3556 2590 inconsultum

1967 2642 2158 2689 contra
2188 2640 2379 2687 nutum
2406 2629 2622 2685 Domini
2648 2628 3034 2698 inciperemus,
3075 2624 3221 2696 quod
3253 2624 3319 2679 ad
3351 2622 3557 2678 bonum

1966 2725 2215 2780 effectum
2252 2722 2549 2793 perducere
2572 2735 2683 2773 non
2709 2719 3035 2772 valeremus.
3072 2714 3244 2787 Igitur
3291 2721 3560 2768 statutum

1967 2825 2050 2871 est
2101 2824 2162 2869 ut
2217 2829 2409 2869 omnes
2446 2822 2555 2867 tam
2612 2811 2849 2881 majores
2889 2824 3056 2879 quam
3102 2806 3361 2871 minores,
3407 2803 3560 2858 finita

1968 2908 2281 2964 matutinali
2337 2908 2495 2972 hora,
2552 2905 2618 2959 ad
2654 2904 2899 2958 tumbam
2957 2901 3132 2971 ipsius
3168 2899 3312 2955 beati
3341 2895 3561 2969 patroni

277 2999 446 3061 tatus,
471 2996 751 3054 orationes
773 3014 902 3056 suas
923 3003 1100 3073 magis
1123 3019 1188 3061 ac
1216 3006 1393 3078 magis
1415 3010 1738 3067 continuare
1776 3013 1864 3066 ίη-
1893 3017 1938 3078 C
1972 3002 2145 3057 nostri
2187 2996 2495 3055 Godchardi
2544 2996 2921 3060 convenirent,
2948 3001 3001 3048 et
3025 3007 3144 3047 sese
3185 2989 3464 3045 humiliter
3490 2986 3563 3042 ad

279 3087 490 3155 stituit;
515 3090 607 3145 sed
629 3091 685 3144 in
710 3091 797 3147 via
831 3095 1088 3149 nuntium
1127 3098 1387 3168 suscepit,
1427 3101 1523 3170 qui
1562 3104 1866 3160 certissime

279 3193 485 3250 aegrum
505 3183 747 3239 evasisse
765 3195 998 3241 mortem
1026 3189 1315 3245 nuntiavit.
1342 3190 1438 3247 llis
1458 3194 1679 3260 auditis,
1705 3198 1868 3252 corde

280 3279 335 3328 et
354 3272 539 3328 animo
558 3274 914 3345 exhilaratus,
940 3278 1110 3334 Deum
1134 3281 1257 3335 cmli
1272 3281 1569 3350 benedixit,
1594 3285 1686 3355 qui
1711 3287 1869 3345 nobis

281 3364 442 3419 talem
464 3374 755 3436 patronum
778 3368 834 3423 in
856 3371 1085 3425 ecclesia
1106 3381 1292 3428 nostra
1316 3376 1633 3431 reservavit.

266 3448 273 3457 ’
353 3456 406 3511 4.
432 3456 559 3512 Fuit
580 3475 708 3515 vero
730 3468 860 3516 tunc
883 3463 1147 3532 temporis
1188 3465 1241 3519 in
1266 3474 1536 3522 conventu
1560 3476 1748 3524 nostro
1769 3485 1869 3525 sa-

289 3548 484 3603 cerdos
505 3550 728 3619 quidam
769 3552 1079 3625 religiosus,
1124 3555 1449 3613 Adelbertus
1492 3560 1732 3623 nomine,
1776 3560 1872 3629 qui

288 3641 530 3711 regulari
551 3642 661 3696 vita
684 3643 738 3697 in
762 3645 899 3700 cella
921 3646 1059 3699 beati
1091 3645 1495 3714 Bartbolomtci,
1522 3665 1642 3719 qua!
1665 3650 1767 3705 sita
1790 3659 1875 3705 est

287 3729 341 3789 in
380 3732 631 3788 orientali
653 3735 807 3806 plaga
831 3744 1032 3792 nostrae
1062 3738 1319 3807 civitatis,
1360 3739 1594 3796 vivebat.
1621 3740 1724 3808 Qui
1746 3724 1879 3798 cum-

287 3823 531 3880 audisset
551 3841 672 3896 qua).
709 3829 909 3899 praesul
949 3840 1136 3886 noster
1161 3832 1424 3898 narravit,
1448 3833 1638 3889 videns
1661 3843 1876 3904 tempus

287 3914 541 3971 idoneum
560 3960 574 3983 ,
595 3926 650 3972 et
671 3918 786 3988 ipse
809 3921 911 3975 sibi
940 3923 1168 3991 gratiam
1194 3939 1225 3977 a
1249 3923 1482 3979 Domino
1503 3925 1754 3981 collatam
1781 3942 1877 3996 pa-

287 4014 451 4063 trono
493 4019 718 4078 nostro,
758 4014 1016 4069 omnibus
1057 4015 1347 4071 intimavit.
1395 4015 1532 4071 Dum
1576 4019 1721 4072 enim
1762 4018 1878 4088 ipse

289 4099 527 4169 quadam
549 4111 708 4157 nocte
729 4103 1031 4173 patrocinia
1072 4116 1387 4162 sanctorum
1411 4108 1772 4179 implorando,
1798 4111 1878 4165 al-

290 4191 430 4246 taria
454 4202 654 4249 nostra:
688 4195 944 4252 circuiret
983 4198 1247 4265 ecclesiae,
1273 4200 1488 4255 tandem
1516 4200 1671 4270 juxta
1695 4204 1879 4273 sepul-

292 4297 449 4342 Crum
470 4284 615 4339 beati
638 4286 973 4343 confessoris
1015 4305 1074 4345 se
1112 4291 1406 4360 prostravit
1430 4310 1444 4358 ;
1490 4292 1585 4348 sed
1604 4294 1878 4365 surgendo

1973 3104 2173 3149 terram
2200 3098 2629 3163 prosternerent,
2652 3096 2702 3142 ct
2732 3087 3006 3157 psalmum
3037 3102 3051 3138 :
3076 3081 3425 3147 Benedixisti,
3449 3077 3562 3132 Da-

1970 3187 2128 3249 mine,
2159 3192 2353 3237 terram
2372 3192 2519 3235 tuam
2544 3179 2720 3251 (Psal.
2736 3194 2960 3243 Lxxxlv,
2978 3174 3056 3246 2),
3077 3174 3240 3229 corde
3256 3172 3492 3228 contrito
3505 3179 3564 3228 et

1971 3275 2260 3330 humiliato
2295 3273 2530 3328 Domino
2558 3273 2932 3326 decantarent.
2981 3267 3367 3336 Statutumque
3395 3271 3563 3321 estut

1971 3369 2026 3423 in
2063 3367 2294 3437 singulis
2338 3364 2623 3431 cumobiis,
2669 3363 2723 3417 in
2767 3359 3048 3416 territorio
3072 3367 3274 3413 nostrae
3305 3356 3566 3441 Ecclesia)

1971 3459 2306 3524 coxstitntis,
2363 3458 2629 3527 speciales
2672 3470 2773 3525 pro
2813 3469 2880 3508 eo
2925 3452 3118 3506 fierent
3187 3450 3466 3504 orationes
3508 3456 3565 3504 et

1972 3554 2444 3621 eleemosynarum
2487 3548 2840 3618 largitiones;
2908 3544 3037 3615 quia
3101 3541 3439 3613 impossibile
3479 3547 3565 3595 est

1974 3646 2273 3701 multarum
2298 3658 2407 3697 non
2435 3638 2683 3696 exaudiri
2712 3653 2878 3693 voces
2905 3635 3239 3691 orationum.
3290 3684 3293 3687 .

2049 3735 2223 3791 7.1lis
2247 3750 2378 3806 ergo
2414 3733 2695 3802 aliquanto
2745 3722 2990 3800 tempore
3021 3727 3279 3798 peractis,
3321 3722 3564 3778 Ecclesia

1978 3837 2165 3885 nostra
2188 3843 2329 3882 nova
2352 3824 2702 3880 tribulatione
2740 3823 3074 3879 concutitur.
3098 3818 3235 3873 Nam
3271 3816 3565 3889 praedictus

1975 3921 2137 3977 Pater
2159 3927 2365 3985 noster,
2388 3917 2528 3989 proh
2552 3916 2737 3973 dolor!
2780 3915 2940 3970 nobis
2960 3929 3026 3968 ex
3056 3913 3160 3967 hac
3204 3911 3315 3966 vita
3348 3910 3569 3965 subtra-

1978 4015 2150 4080 hitur,
2174 4022 2228 4068 et
2252 4011 2432 4067 omnis
2456 4009 2698 4065 Ecclesia
2727 4015 2919 4063 nostra
2958 4014 3113 4061 tanto
3153 4010 3373 4075 pastore
3405 4001 3573 4057 deso-

1980 4107 2089 4162 lata
2119 4103 2496 4161 conturbatur.
2552 4100 2658 4156 Sed
2705 4099 2802 4170 qui
2848 4097 3166 4154 consolatur
3229 4094 3464 4150 miseros
3510 4091 3569 4147 in

1979 4197 2333 4254 tribulatione
2356 4211 2477 4259 sua,
2502 4193 2667 4259 Deus,
2693 4206 2803 4246 non
2825 4189 3073 4261 permisit
3087 4186 3387 4243 Ecclesiam
3410 4198 3572 4241 suam

1984 4292 2040 4346 in
2066 4359 2080 4374 θ
2101 4288 2362 4343 ﬂuctibus
2384 4286 2553 4356 hujus
2573 4283 2758 4340 saeculi
2790 4281 2909 4337 sine
2949 4281 3313 4352 gubernatore
3338 4276 3432 4332 diu
3467 4275 3575 4329 Ωιι-

293 4389 459 4428 manu
484 4375 774 4432 indiscrete
796 4380 1031 4435 tenendo
1051 4382 1448 4453 sarcophagum
1474 4383 1595 4453 ejus
1617 4400 1675 4440 se
1695 4386 1879 4441 suble-
1906 4389 1955 4447 ι)
1983 4372 2189 4445 ctuare,
2232 4379 2411 4435 sciens
2434 4377 2583 4447 quia,
2617 4376 2711 4431 ubi
2738 4390 2850 4428 non
2876 4382 2958 4428 est
2979 4372 3330 4443 gubernator,
3353 4372 3572 4423 corruet

293 4468 468 4536 vavit;
493 4468 641 4525 illico
662 4471 841 4539 pollex
879 4473 999 4543 ejus
1040 4474 1106 4528 de
1150 4475 1367 4544 propria
1406 4475 1665 4544 junctnra
1707 4493 1880 4533 emar-

295 4561 428 4616 cuit.
455 4560 659 4617 Videns
678 4572 855 4619 autem
875 4565 989 4634 jam
1026 4581 1146 4621 sese
1169 4583 1336 4621 manu
1358 4567 1721 4637 debilitatum,
1745 4587 1879 4642 sup-

294 4654 414 4723 plex
438 4663 491 4709 et
513 4656 889 4726 gemebundus
911 4674 969 4713 se
989 4659 1056 4713 ad
1081 4667 1282 4717 terram
1304 4661 1603 4729 prostravit
1625 4680 1639 4729 ;
1665 4664 1882 4719 veniam

295 4754 347 4799 et
369 4745 802 4802 miscricordiam
844 4764 876 4803 a
898 4749 1057 4804 beato
1089 4748 1417 4806 Godebardo
1455 4754 1766 4821 postulavit.
1814 4754 1882 4811 Et

296 4838 480 4893 statim
503 4839 559 4893 in
583 4842 868 4910 prOprium
888 4842 1067 4897 locum
1101 4843 1217 4899 sine
1257 4858 1413 4898 mora
1435 4853 1489 4900 ct
1510 4845 1732 4903 laesione
1755 4849 1878 4920 pol—

1981 4472 2234 4543 popuius.
2268 4469 2402 4523 Nam
2426 4468 2608 4523 omnis
2654 4465 2898 4520 Ecclesia
2930 4471 3119 4518 nostra
3166 4459 3332 4515 simul
3364 4457 3572 4515 coadu-

1984 4571 2133 4629 nata,
2158 4561 2498 4617 Bernardum
2525 4558 2638 4629 (79)
2664 4571 2940 4612 summum
2964 4551 3316 4624 praepositum
3333 4589 3348 4615 ,
3390 4546 3578 4603 virum

1984 4655 2133 4710 omni
2160 4652 2397 4709 clericali
2432 4649 2659 4704 scientia
2685 4646 2981 4711 eruditum,
3005 4652 3061 4699 et
3080 4640 3327 4698 moribus
3353 4638 3584 4708 optimis

1984 4747 2322 4809 decoratum,
2363 4741 2645 4797 communi
2688 4751 2965 4795 consensu
3005 4735 3134 4791 cieri
3189 4740 3245 4788 et
3292 4729 3587 4790 alacritate

1990 4840 2199 4912 populi,
2244 4834 2631 4890 reclamantem
2654 4842 2711 4890 et
2732 4831 2988 4886 omnibus
3031 4829 3209 4885 modis
3229 4823 3604 4901 renitentem‘

295 4928 384 4998 lex
405 4931 637 4986 resiluit.

370 5022 423 5077 5.
448 5022 697 5079 Audiens
722 5025 839 5080 haec
860 5024 1118 5096 magister
1155 5029 1378 5099 quidam
1401 5027 1469 5083 de
1490 5040 1674 5085 monte
1696 5032 1881 5089 Sancti
1924 5013 1929 5018 ’

292 5115 566 5185 Mauricii,
607 5116 912 5174 Reinardus
969 5119 1209 5190 nomine,
1240 5122 1326 5177 vir
1373 5131 1649 5189 provectae
1683 5126 1880 5191 aetatis,

1991 4949 2161 5004 seque
2183 4929 2467 4999 indignum
2491 4925 2904 4991 vociferantem,
2952 4923 3007 4977 in
3034 4918 3372 4994 spiritualem
3394 4926 3617 4985 pasto.

1989 5040 2105 5081 rem
2129 5021 2311 5093 elegit,
2341 5026 2395 5073 et
2412 5032 2590 5085 usque
2610 5019 2678 5073 ad
2704 5013 3019 5071 cathedram
3062 5010 3263 5069 summi
3294 5005 3644 5084 εδοξε-ἀοιῇ

1993 5117 2269 5191 perduxit.
2300 5110 2398 5166 llis
2422 5109 2495 5162 ita
2550 5111 2743 5180 gestis,
2777 5122 2943 5161 causa
2965 5107 3183 5178 patroni
3227 5098 3425 5164 nostri,
3466 5116 3659 5181 qua:

2900 5313 2912 5320 .
2995 5305 3038 5320 ν.
3168 5284 3169 5287 “
3270 5314 3301 5320 κ-
3337 5298 3461 5320 13-:-
