4018 6386
552 296 709 354 ﬁll

548 408 1175 483 proptertribulationcs
1196 420 1419 469 nostras
1437 413 1555 484 jam
1606 415 2006 484 aliquantulum
2042 415 2137 469 de-

550 501 788 571 ciderat,
832 502 1271 575 redintegratur,
1324 515 1379 561 et
1443 523 1555 578 quo
1615 507 1806 563 ordine
1880 508 1950 562 ad
2011 509 2139 564 etle-

549 602 699 652 ctum
722 593 1109 664 perduceretur
1131 595 1200 650 ab
1221 597 1479 653 omnibus
1500 598 1829 653 elaboratur.

619 686 674 742 8.
702 685 807 742 Sed
830 704 957 743 eum
993 690 1257 745 canonica
1290 705 1547 758 censura,
1578 702 1800 762 propter
1852 690 2139 748 illusiones

550 776 880 848 diemonum,
904 794 1027 851 qua:
1049 779 1440 852 frequenter'in
1475 782 1719 839 Ecclesia
1741 782 1837 840 Dei
1861 783 1919 838 in
1939 783 2140 841 talibus

551 869 918 955 contigerunt,
967 880 1233 927 statutum
1283 873 1355 927 sit
1407 890 1475 929 ne
1523 874 1649 944 quis
1695 875 1814 930 sine
1841 874 2142 945 apostolica

551 960 900 1027 auctoritate,
924 970 982 1017 et
1009 963 1117 1018 vita
1159 964 1331 1034 ipsius
1359 981 1458 1035 per
1478 966 1627 1022 viros
1660 967 2026 1023 auctorabiles
2045 984 2141 1039 ap-

552 1040 806 1120 probata,
838 1054 1275 1121 canonizare’tur,
1312 1056 1460 1126 quod
1508 1065 1692 1112 tamen
1734 1058 1789 1112 in
1832 1059 2142 1128 praeceden-

553 1138 737 1203 tibus;
760 1149 875 1197 tum
924 1153 1151 1214 propter
1189 1144 1583 1215 difﬁcultatem,
1612 1158 1727 1203 tum
1760 1158 1984 1220 propter
2016 1150 2140 1204 lon-

550 1232 908 1305 ginquitatem
938 1235 1170 1305 itineris,
1227 1250 1456 1294 causam
1504 1248 1752 1297 nostram
1780 1242 1941 1296 valde
1965 1251 2141 1297 retar-

547 1321 793 1391 daverat,
846 1323 1050 1380 factum
1098 1334 1203 1395 est,
1248 1326 1361 1384 Deo
1418 1335 1714 1399 annuente,
1745 1340 1803 1387 ut
1844 1332 1991 1403 quod
2016 1341 2143 1388 ante

548 1412 670 1470 sine
694 1431 891 1487 magna
919 1416 1260 1489 impensa‘ae
1290 1430 1517 1478 'summo
1551 1422 1737 1478 labore
1785 1439 1895 1478 non
1930 1432 2144 1495 poterat

549 1506 617 1563 ad
662 1506 913 1564 effectum
967 1511 1214 1580 perduci,
1271 1513 1326 1569 id
1380 1515 1540 1573 nobis
1588 1516 1746 1586 quasi
1771 1525 1898 1573 ante
1939 1517 2141 1573 ostium

548 1598 826 1669 inopinate
847 1599 1168 1658 deferretur.
1193 1602 1333 1659 Nam
1363 1605 1417 1660 in
1444 1605 1834 1664 Leodicensem
1867 1608 2141 1664 civitatem

546 1689 699 1744 curia
732 1690 934 1747 indicta
959 1701 1062 1761 est,
1096 1694 1189 1749 ubi
1233 1693 1583 1753 Innocentius
1607 1713 1745 1768 papa
1780 1714 1906 1753 cum
1940 1697 2143 1753 Roma-

546 1796 619 1836 na
646 1779 913 1852 Ecclesia,
966 1793 1022 1839 et
1048 1802 1245 1858 magna
1278 1797 1431 1857 parte
1459 1787 1668 1857 Galliae,
1699 1806 1825 1845 cum
1877 1788 2142 1845 Lothario

546 1887 675 1943 rege
700 1881 754 1927 et
781 1872 893 1930 fere
929 1876 1203 1934 universis
1248 1879 1521 1951 episcopis
1560 1879 1875 1937 Teutonicas
1902 1882 2141 1953 regionis

547 1978 940 2049 convenerunt,
965 1977 1028 2023 ut
1074 1969 1140 2025 de
1169 1970 1427 2027 violentia
1475 1970 1735 2028 Romana:
1770 1972 2024 2028 Ecclesia:
2046 1989 2142 2043 per

544 2055 767 2114 Petrum
799 2058 1000 2117 Leonis
1022 2072 1352 2134 perpetrata,
1396 2064 1491 2135 qui
1531 2075 1645 2120 tum
1676 2065 1942 2136 temporis
1972 2081 2140 2136 papa-

546 2157 664 2205 tum
695 2152 798 2235 sibi
832 2153 1098 2210 violenter
1132 2159 1437 2229 usurpavit,
1476 2167 1893 2229 pertractarent,
1932 2168 1985 2213 et
2013 2175 2145 2229 qua-

545 2245 670 2323 liter
697 2247 827 2303 illud
852 2248 1057 2305 idolum
1081 2251 1134 2306 in
1166 2254 1367 2323 templo
1388 2253 1606 2308 Domini
1628 2252 1866 2322 positum
1894 2251 2143 2307 destrue-

544 2348 690 2409 rent,
734 2341 1102 2399 elaborarent.
1143 2342 1370 2400 Factum
1403 2345 1569 2417 igitur
1602 2352 1689 2400 est
1745 2353 1806 2400 ut
1852 2343 1921 2398 ad
1964 2341 2146 2398 Domi-

546 2432 730 2490 nicam
777 2432 982 2490 Laetare
1042 2435 1342 2491 Jerusalem
1387 2437 1457 2492 ad
1502 2437 1819 2508 pradictam
1868 2434 2143 2491 civitatem

543 2526 705 2584 multi
733 2528 991 2584 catholici
1018 2529 1145 2598 viri,
1176 2538 1288 2586 tam
1324 2542 1450 2587 cum
1481 2530 1783 2602 apostolico
1816 2543 1979 2599 quam
2017 2542 2143 2582 cum

546 2632 673 2691 rege
711 2620 1100 2690 convenirent,
1152 2622 1211 2677 et
1248 2622 1317 2677 de
1351 2623 1631 2678 communi
1687 2633 1834 2678 statu
1888 2619 2143 2677 Ecclesia:

547 2707 967 2781 pertractat-ent.
1001 2713 1145 2768 Inter
1184 2729 1324 2786 quos
1349 2729 1553 2789 prmses
1601 2720 1789 2771 noster
1834 2712 2145 2771 Bcrnardus

550 2818 679 2858 eum
713 2805 1014 2875 ma’joribbs
1040 2816 1240 2864 nostra:
1300 2808 1559 2864 Ecclesia:
1612 2810 1897 2877 assistens,
1954 2806 2146 2862 viciens

552 2898 1015 2966 opportunitatem
1063 2901 1206 2955 ultro
1246 2901 1347 2955 sibi
1373 2903 1647 2977 collatam,
1707 2901 1887 2972 ipsum
1924 2912 2145 2973 aposto-

550 2987 716 3044 .icum
741 3005 866 3045 cum
897 2992 1045 3046 muni
1077 2993 1229 3049 curia
1257 2993 1503 3049 Romana
1552 2995 1883 3066 aggreditur,
1926 2995 2146 3067 vitaque

548 3084 791 3153 pastoris
823 3086 992 3140 nostri
1020 3101 1206 3142 coram
1245 3087 1378 3157 ipsis
1417 3087 1699 3151 recitatur,
1733 3096 1787 3142 et
1815 3097 1872 3142 ut
1891 3093 1992 3161 per
2014 3106 2142 3145 eum
2170 3111 2215 3174 ο

552 3174 607 3231 in
669 3174 914 3232 Ecclesia
963 3176 1060 3232 Dei
1122 3178 1495 3247 canonizetur,
1559 3180 1911 3236 devotissime
1953 3196 2144 3252 preces

545 3266 879 3326 funduntur.

495 3424 507 3435 _
591 3352 607 3399 ἓδ
624 3363 676 3418 9.
705 3364 811 3419 Sed
843 3381 967 3420 cum
992 3367 1332 3429 consuetudo
1374 3368 1446 3424 sit
1487 3368 1749 3424 Romana:
1788 3368 2046 3426 Ecclesia:
2088 3370 2143 3425 in

550 3458 792 3528 generali
814 3460 1046 3514 concilio
1067 3469 1289 3517 sanctos
1328 3460 1424 3516 Dei
1466 3461 1813 3529 canonizare,
1845 3462 1989 3532 quod
2014 3472 2147 3519 tunc

552 3549 816 3619 temporis
840 3551 897 3604 in
920 3549 1246 3607 Remensem
1271 3553 1545 3608 civitatem
1570 3553 1623 3607 in
1649 3552 1788 3609 festo
1815 3555 1990 3611 sancti
2031 3554 2144 3610 Lu—

551 3656 631 3697 ca:
652 3640 917 3697 indictum
943 3641 1139 3710 fuerat,
1166 3653 1390 3714 accepto
1412 3646 1664 3712 consilio,
1690 3645 2006 3715 petitionem
2047 3644 2146 3701 Ec-

548 3733 730 3789 clesia:
773 3747 975 3790 nostra:
1014 3751 1191 3805 usque
1232 3737 1287 3791 in
1329 3738 1647 3807 pratdictum
1691 3738 1871 3792 locum
1913 3739 2142 3807 distulit,

550 3826 737 3897 ibique
757 3826 1122 3883 difliniturum
1145 3830 1453 3887 certissime
1475 3830 1745 3901 promisit.
1793 3829 1889 3887 His
1934 3832 2007 3887 ita
2051 3849 2144 3904 ge-

550 3919 671 3986 stis,
697 3919 927 3976 antistes
950 3929 1135 3975 noster
1156 3923 1453 3992 apostolica
1467 3923 1835 3993 promissione
1848 3924 2143 3991 animatus,

551 4009 710 4066 lzetus
732 4013 1057 4082 regreditur,
1082 4013 1224 4068 etab
1244 4017 1502 4091 omnibus
1524 4016 1718 4071 devote
1739 4016 2057 4087 suscipitur,
2093 4028 2147 4072 et

550 4117 674 4172 quae
696 4102 801 4158 sibi
828 4120 1094 4174 responsa
1119 4106 1249 4172 sint,
1274 4117 1621 4163 enarrantur.
1650 4107 1805 4163 Tunc
1829 4123 2022 4163 omnes
2043 4124 2146 4163 au-

553 4192 762 4255 dientes
781 4211 903 4264 qua:
924 4211 1019 4264 per
1041 4198 1403 4266 apostolicum
1428 4200 1698 4270 promissa
1730 4209 1860 4255 sunt
1884 4242 1899 4267 ,
1945 4201 2146 4254 unani-

551 4284 711 4340 miter
732 4285 1003 4354 laetantur,
1027 4303 1325 4359 precesque
1356 4291 1501 4360 apud
1542 4290 1852 4361 pontificem
1897 4301 2147 4346 nostrum

551 4374 904 4433 devotissime
930 4377 1254 4448 funduntur,
1278 4397 1346 4438 ne
1370 4398 1428 4437 se
1450 4392 1614 4439 tantm
1633 4383 1989 4453 promissioni
2013 4385 2147 4440 sub-

552 4470 752 4536 trahat,
780 4470 876 4525 sed
898 4471 1023 4527 licet
1044 4472 1380 4530 laboriosum
1421 4476 1512 4539 sit,
1555 4476 1670 4547 ipse
1714 4492 1773 4532 se
1815 4486 2000 4533 tamen
2036 4472 2146 4533 una

550 4575 677 4616 cum
701 4562 1001 4633 majoribus
1034 4563 1290 4622 Ecclesia:
1331 4577 1531 4624 nostra:
1569 4568 1637 4624 ad
1680 4570 1943 4626 indictam
1985 4586 2149 4642 syno-

551 4653 682 4708 dum
709 4665 1078 4725 repraesentet.
1105 4655 1224 4713 Jam
1248 4659 1367 4715 dies
1388 4661 1680 4717 alvenerat
1702 4660 1755 4716 in
1780 4678 1888 4733 qua
1904 4662 2148 4734 synodus

552 4746 825 4803 universa:
880 4746 1139 4805 Ecclesia:
1202 4752 1619 4809 citramontanae
1680 4754 1886 4811 indicta
1947 4753 2143 4810 fuerat.

554 4835 694 4894 Tum
716 4855 847 4901 vero
862 4839 1123 4910 praefatus
1158 4844 1388 4899 antistes
1430 4854 1617 4900 noster
1657 4843 1991 4914 Bernardus,
2037 4865 2147 4905 una

554 4945 679 4999 cum
704 4932 1122 5002 metropolitano
1134 4934 1597 5008 Magdeburgense
1618 4935 1887 4993 Norberto
1900 4938 2035 5011 (80),
2052 4941 2147 5011 qui

554 5026 689 5089 tunc
707 5021 967 5091 temporis
991 5023 1047 5076 in
1067 5022 1312 5081 Ecclesia
1335 5024 1430 5080 Dei
1455 5026 1635 5098 magni
1658 5028 1900 5084 nominis
1930 5027 2108 5086 fuerat.
2132 5072 2144 5098 ,

553 5119 608 5167 et
629 5112 930 5182 majoribus
954 5112 1212 5173 Ecclesiae
1233 5106 1467 5183 nostrae,
1484 5117 1550 5173 ad
1573 5118 1854 5190 praefatam
1876 5122 2144 5194 synodum

555 5201 658 5259 iter
717 5205 990 5273 instituit,
1052 5217 1145 5276 et,
1209 5207 1323 5264 Deo
1386 5220 1702 5277 annuente,
1762 5227 1888 5267 eum
1952 5229 2145 5283 magna

556 5296 919 5365 prosperitate
959 5307 1013 5353 et
1053 5301 1454 5371 opportunitate
1496 5301 1565 5356 ad
1607 5301 1931 5358 Remensem
1965 5303 2145 5359 locum

556 5388 822 5455 pervenit.
851 5388 955 5443 Ubi
978 5391 1280 5449 honorifice
1301 5393 1563 5464 suscepti,
1605 5394 1735 5449 dum
1760 5395 1874 5464 jam
1909 5395 2152 5468 synodus

556 5475 765 5548 aliquot
782 5480 899 5537 dies
921 5492 1065 5539 esset
1086 5485 1378 5557 celebrata,
1421 5487 1649 5545 antistes
1690 5496 1876 5544 noster
1915 5486 2149 5542 Bernar-

572 5738 575 5743 I
631 5672 744 5745 (80)
775 5672 875 5729 Hie
897 5684 983 5730 est
1014 5677 1244 5737 celebris
1275 5678 1576 5737 Norbcrtus
1607 5679 2152 5737 Przemonstvatcnsis

559 5745 769 5804 ordinis
800 5746 1099 5803 institutor.
1508 5776 1519 5785 -

1425 300 1481 357 S.
1524 299 1922 358 GODEllARDl
1960 296 2271 356 EPISCOPI
2308 294 2930 354 HlLDESHEIMENSlS

3666 301 3780 363 ιω

2165 418 2218 475 ,\‘
2240 411 2344 467 dus
2385 410 2747 482 apostolicum
2770 410 3148 467 Innocentium
3172 426 3299 468 cum
3319 411 3436 469 suis
3453 413 3788 478 cardinalibus

2239 504 2513 571 convenit,
2539 511 2593 558 et
2613 502 2681 558 de
2701 518 2871 558 eausa
2892 502 3107 578 patroni
3128 502 3303 558 nostri
3330 504 3472 560 beati
3515 504 3789 571 Godehardi

2239 610 2416 666 usque
2455 611 2523 651 eo
2564 595 2841 651 induciata
2881 595 3236 653 devotissime
3276 598 3611 656 submon‘uit.
3661 601 3783 673 Sed,

2240 684 2353 743 Deo
2374 697 2645 744 annuente
2665 684 2719 742 et
2743 688 2794 742 id
2818 686 3073 755 faciente,
3098 705 3289 747 omnes
3310 690 3598 749 unanimes
3616 702 3665 749 et
3680 710 3787 752 con-

2240 779 2433 835 cordes
2454 779 2510 835 in
2532 795 2630 836 sua
2654 780 2917 852 petitione
2937 780 3178 850 invenit,
3200 793 3262 838 ut
3286 793 3410 854 post
3430 783 3548 854 ipsa
3570 802 3653 842 res
3669 786 3791 843 indi-

2240 872 2399 928 cavit.

2315 965 2401 1020 10.
2427 963 2565 1022 Nam
2590 974 2807 1037 postera
2828 965 2917 1025 die
2938 984 3065 1027 cum
3088 966 3144 1024 in
3168 969 3376 1043 synodo
3414 971 3653 1043 generali
3680 987 3790 1045 apo-

2242 1055 2469 1111 stolicus
2509 1056 2817 1125 resideret,
2858 1058 3010 1113 nullo
3050 1059 3376 1119 admonente
3399 1103 3416 1130 ,
3460 1062 3558 1118 sed
3594 1061 3693 1119 Deo
3725 1064 3797 1121 [ις

2241 1146 2437 1214 ciente,
2463 1149 2799 1221 apostolicus
2821 1150 2889 1205 ad
2922 1166 3115 1207 omnes
3154 1152 3484 1209 luculentam
3526 1155 3791 1213 orationem

2242 1237 2471 1306 habuit,
2535 1238 2593 1293 in
2649 1252 2760 1311 qua
2819 1240 3181 1298 disertissime
3258 1244 3574 1314 petitionem
3626 1254 3793 1303 nostra

2241 1329 2501 1388 Ecclesia:
2540 1333 2608 1389 de
2650 1342 2884 1405 patrono
2928 1343 3119 1390 nostro
3161 1338 3412 1408 exposuit
3437 1380 3452 1405 ,
3501 1347 3592 1406 et,
3636 1346 3691 1393 ut
3720 1355 3795 1397 as-

2242 1438 2467 1481 sensum
2506 1428 2829 1498 praeberent.
2874 1428 3226 1486 devotissime
3265 1432 3577 1501 postulavit.
3616 1430 3703 1487 llis
3734 1432 3794 1489 ita

2242 1517 2432 1587 gestis,
2476 1519 2771 1590 cpiscopus
2812 1520 3244 1577 Tarraconensis
3286 1521 3397 1594 (8.l)
3424 1523 3509 1577 vir
3527 1523 3793 1591 religiosus,

2241 1616 2296 1662 et
2333 1608 2551 1664 litterali
2592 1611 2821 1665 scientia
2862 1610 3133 1678 eruditus,
3177 1627 3289 1683 quo
3329 1612 3523 1667 ordine
3544 1612 3801 1669 translatio

2243 1696 2361 1754 fieri
2398 1698 2643 1767 deberet,
2672 1697 2929 1770 exposuit
2954 1718 2966 1754 :
2993 1700 3203 1755 scilicet
3227 1700 3272 1755 si
3292 1715 3357 1757 ea
3374 1716 3503 1771 quae
3521 1700 3799 1756 dicebantur

2172 1767 2216 1826 Β
2244 1790 2312 1846 de
2351 1801 2586 1862 patrono
2626 1767 2838 1859 nostro,
2862 1791 3107 1848 Ecclesia
3133 1801 3319 1849 nostra
3341 1767 3441 1863 ρεξι·
3462 1792 3797 1864 legitimoste-

2242 1892 2355 1940 stes
2377 1900 2443 1940 ac
2458 1885 2774 1955 juramento
2796 1885 3194 1955 comprobaret.
3222 1884 3319 1939 llis
3339 1901 3475 1940 vero
3494 1884 3664 1940 verbis
3693 1900 3794 1955 apo-

2243 1976 2473 2032 stolicus
2495 1992 2554 2032 se
2576 1976 2931 2047 interposuit,
2948 1986 3005 2031 et
3025 1992 3085 2031 se
3106 1992 3140 2030 a
3161 1976 3511 2048 principibus.
3536 1986 3684 2031 terra:
3715 1991 3801 2030 ne-

2242 2074 2370 2123 straa
2392 2066 2528 2122 adeo
2553 2066 2607 2121 in
2632 2065 2954 2123 Leodicensi
2998 2066 3242 2122 Ecclesia
3266 2068 3622 2122 eertificatum
3660 2066 3798 2122 fuisse

2242 2158 2502 2226 asseruit,
2546 2166 2606 2213 ut
2648 2172 2757 2212 non
2799 2174 2940 2228 opus
2978 2168 3122 2215 esset
3165 2158 3220 2214 id
3258 2156 3505 2213 secundo
3538 2157 3797 2223 testiﬁcari,

2242 2249 2389 2321 quod
2420 2248 2658 2304 lucidius
2683 2248 2797 2303 sole
2817 2258 3005 2320 posset
3025 2249 3391 2320 comprobari.
3419 2247 3631 2304 Auditis
3647 2258 3797 2304 autem

2242 2359 2367 2415 quae
2388 2343 2458 2399 ab
2480 2343 2786 2414 apostolico
2808 2343 3150 2411 dicebantur,
3178 2358 3373 2399 omnes
3407 2342 3721 2398 unanimiter
3751 2350 3800 2398 ut

2243 2435 2604 2491 canonizetur
2624 2450 2916 2492 assensum
2942 2435 3208 2505 praebent,
3232 2444 3286 2491 et
3306 2444 3368 2490 ut
3387 2434 3582 2491 laudes
3606 2433 3802 2490 Domino

2243 2524 2647 2595 persolvantur,
2673 2525 2969 2580 admonent
2989 2524 3086 2595 qui
3110 2523 3367 2597 dignatur
3389 2540 3583 2581 servos
3603 2539 3716 2579 suos
3745 2523 3801 2578 ab

2245 2616 2565 2671 infirmitate
2592 2616 2761 2687 hujus
2784 2617 2967 2671 carnis
2989 2617 3201 2687 eripere
3226 2659 3240 2684 ,
3283 2626 3339 2672 et
3378 2618 3527 2673 inter
3549 2624 3801 2672 sanctoset

2244 2707 2445 2763 electos
2468 2724 2599 2762 suos
2619 2708 2905 2763 collocare.
2931 2705 3206 2762 Continuo
3245 2704 3314 2761 Te
3359 2706 3531 2760 Deum
3560 2705 3801 2760 laudamus

2245 2797 2492 2864 canitur;
2517 2797 2640 2852 laus
2661 2796 3020 2867 omnipotenti
3043 2795 3155 2853 Deo
3176 2798 3532 2868 persolvitur,
3554 2807 3605 2852 et
3633 2796 3703 2851 sic
3727 2794 3805 2848 des

2246 2908 2401 2948 mum
2425 2893 2731 2949 coadunata
2755 2892 2998 2965 synodus
3020 2892 3365 2947 terminatur.
3392 2891 3533 2946 Tum
3558 2906 3676 2946 vero
3690 2888 3801 2944 antis

2248 2992 2362 3041 stes
2413 2994 2602 3041 noster
2626 3026 2641 3052 ,
2701 2984 2949 3039 munitus
2993 2984 3310 3054 apostolicis
3350 2983 3552 3039 litteris
3576 3025 3591 3050 ,
3627 2980 3689 3037 ad
3720 2994 3800 3034 nos

2247 3094 2425 3150 usque
2486 3078 2818 3149 regreditur,
2880 3085 2935 3132 et
2996 3092 3027 3131 a
3086 3076 3232 3131 clero
3272 3085 3327 3131 et
3364 3076 3569 3147 populo
3608 3073 3803 3143 benigne

2247 3167 2565 3237 suscipitur,
2610 3167 2913 3237 litterisque
2974 3166 3287 3235 apostolica}
3327 3175 3655 3221 reserantur.
3693 3160 3799 3227 Qui-

2244 3258 2349 3315 bus
2394 3258 2658 3325 recitatis,
2702 3257 2815 3313 Deo
2855 3256 3046 3311 laudes
3067 3256 3476 3327 persolvuntur.
3505 3254 3673 3310 Tener
3698 3265 3803 3306 vero

2245 3352 2561 3424 apostolica:
2600 3350 2977 3406 concessionis
3021 3350 3272 3420 sequitur
3313 3349 3371 3403 in
3413 3348 3531 3404 haac
3568 3346 3743 3401 verba:

2320 3445 2407 3499 ll.
2436 3444 2790 3499 lsxocrs'rws
2828 3442 3152 3512 episcopus,
3196 3456 3393 3497 servus
3417 3454 3684 3496 servorum
3704 3434 3799 3504 Dei.

2245 3536 2460 3592 dilectis
2483 3536 2610 3592 filiis
2626 3578 2640 3603 ,
2669 3535 2815 3591 clero
2834 3542 2887 3590 et
2909 3534 3111 3604 populo
3135 3529 3658 3588 llildenesheimensi
3678 3527 3795 3583 salu-

2245 3638 2354 3683 tem
2378 3638 2430 3682 et
2451 3628 2808 3697 apostolicam
2830 3625 3265 3682 benedictionem

2322 3718 2560 3774 Veniens
2603 3718 2669 3773 ad
2714 3735 2816 3773 nos
2854 3716 3184 3772 venerabilis
3247 3715 3419 3771 frater
3479 3723 3657 3770 noster
3698 3710 3797 3764 Ber-

2246 3810 2455 3865 nardus
2494 3810 2787 3879 episcopus
2828 3817 3030 3875 vester,
3077 3807 3133 3862 in
3179 3808 3428 3878 plenaria
3472 3804 3685 3878 synodo,
3704 3815 3797 3872 qua:

2248 3900 2437 3956 Remis
2459 3916 2554 3971 per
2583 3899 2677 3955 Dei
2701 3900 2933 3971 gratiam
2958 3899 3136 3954 fuerat
3157 3907 3485 3970 congregata
3501 3939 3514 3963 ,
3537 3892 3796 3950 attestatio-

2248 4009 2317 4049 ne
2358 3992 2588 4048 fratrum
2630 4001 2949 4047 nostrorum
2992 3992 3381 4061 episcoporum
3410 4032 3425 4056 ,
3468 3999 3521 4043 et
3560 3986 3796 4045 abbatum,

2247 4095 2301 4141 et
2342 4085 2577 4140 aliorum
2623 4084 2719 4154 qui
2764 4099 2952 4139 secum
2995 4091 3279 4148 venerant,
3330 4090 3535 4136 sancta:
3568 4073 3797 4133 memoria

2249 4176 2638 4234 Godebardum
2661 4176 2977 4246 episcopum
2998 4183 3243 4230 vestrum
3268 4172 3609 4227 laudabiliter
3633 4165 3795 4222 vixisse

2251 4271 2305 4325 in
2350 4268 2577 4334 mundo,
2618 4259 2675 4323 et
2699 4277 2811 4322 tam
2858 4268 2915 4322 in
2957 4267 3069 4322 vita
3112 4282 3278 4336 quam
3303 4274 3429 4335 post
3450 4272 3667 4318 mortem
3686 4255 3795 4312 mul«

2247 4363 2321 4418 tis
2345 4361 2628 4417 miraculis
2651 4375 2976 4417 coruscasse
2999 4358 3256 4414 asseruit.
3284 4356 3441 4412 Unde
3464 4370 3565 4411 nos
3584 4368 3692 4409 cum
3712 4348 3795 4402 fra-

2181 4481 2225 4535 D
2251 4457 2428 4512 tribus
2470 4453 2676 4510 nostris
2717 4450 3079 4521 omnipotenti
3118 4448 3232 4503 Deo
3271 4448 3479 4519 gratias
3518 4443 3793 4535 referentes,

2251 4546 2438 4600 habito
2460 4559 2650 4600 eorum
2672 4542 2907 4597 consilio
2929 4549 2983 4595 et
3004 4539 3422 4605 collaudatione,
3441 4537 3571 4608 quia
3587 4529 3793 4590 eumdem

2250 4635 2306 4690 in
2348 4635 2503 4691 caelis
2544 4649 2670 4689 eum
2715 4631 2922 4687 sanctis
2969 4629 3244 4684 credimus
3306 4627 3595 4692 coronari,
3650 4624 3792 4692 ipsum

2248 4728 2393 4782 inter
2432 4735 2654 4783 sanctos
2695 4723 2958 4778 honorari
2981 4721 3331 4792 praecipimus
3357 4739 3370 4774 :
3397 4719 3701 4774 mandantes
3718 4727 3791 4766 vo-

2248 4822 2336 4877 bis
2361 4830 2420 4878 ut
2443 4830 2496 4876 et
2516 4818 2693 4875 eidem
2717 4818 2877 4873 beato
2899 4816 3018 4871 viro
3043 4815 3442 4871 solemnitatem
3468 4814 3523 4867 in
3544 4820 3704 4866 vestra
3721 4804 3794 4859 Ec-

2250 4915 2419 4970 clesia
2479 4912 2735 4969 statuatis
2762 4953 2777 4978 ,
2833 4920 2888 4966 et
2927 4910 2994 4966 ad
3037 4925 3159 4963 eam
3204 4909 3514 4964 annualiter
3552 4901 3792 4961 convenite

2250 5004 2477 5060 curetis.

2322 5117 2458 5171 Data
2481 5116 2668 5171 Remis
2693 5131 2744 5169 tv
2770 5113 3046 5169 Kalendas
3065 5111 3408 5168 Novembris.

2323 5209 2411 5264 12.
2439 5207 2545 5263 Sed
2569 5207 2698 5277 quia
2737 5215 2872 5261 tunc
2911 5205 3202 5259 hibernum
3243 5212 3460 5271 tempus
3499 5192 3785 5255 imminebat.

2248 5315 2351 5355 nec
2374 5298 2443 5353 ad
2467 5306 2678 5353 tantum
2702 5295 2976 5365 negotium
3002 5310 3060 5349 se
3082 5291 3337 5363 expedire
3368 5290 3609 5352 valebat,
3646 5283 3785 5336 visum

2249 5402 2334 5449 est
2367 5405 2671 5462 congruum
2699 5431 2714 5455 ,
2749 5404 2873 5458 quae
2907 5403 3004 5457 per
3028 5385 3390 5457 apostolicum
3421 5394 3665 5438 concessa
3689 5378 3785 5429 sunt

2252 5484 2535 5539 catholicis
2553 5494 2607 5539 et
2634 5481 2903 5552 religiosis
2930 5479 3061 5535 viris
3093 5477 3354 5543 nuntiari,
3384 5485 3437 5531 et
3458 5476 3621 5545 ipsam
3640 5478 3783 5523 tram-

2325 5683 2436 5754 (81)
2462 5681 2781 5738 Michaelem
2807 5681 3040 5752 appellat
3066 5675 3440 5735 Henschenius
3483 5674 3536 5729 in
3574 5664 3700 5726 notis
3731 5655 3781 5712 ad

2255 5755 2403 5809 hunc
2426 5755 2626 5809 locum.
3341 5780 3345 5784 »
