4018 6384
228 336 372 409 ιρις

1760 346 1939 439 ιἰτιι.
2030 300 2045 336 ³

3354 301 3511 439 {alii

227 464 491 523 lationem
530 476 708 533 usque
733 458 788 517 in
825 468 1080 533 quartum
1108 459 1294 519 Nonas
1332 462 1459 518 Maii
1481 461 1705 521 differri.
1745 464 1814 520 Et
1840 471 1890 528 Α
1918 479 2117 537 magna
2159 464 2461 523 reverentia
2496 464 2627 525 cleri
2656 473 2711 523 et
2743 465 2928 538 populi
2971 460 3231 531 defertur,
3270 446 3515 536 contigit

223 560 340 631 jam
363 563 581 627 tempus
602 555 914 623 advenerat,
939 570 1063 610 cum
1085 565 1195 612 tam
1218 557 1449 613 celebris
1468 572 1676 626 rumor,
1701 558 1815 614 sci-

228 650 357 707 licet
377 649 446 704 de
469 647 826 704 translatione
845 648 982 703 tanti
1002 650 1243 719 patroni,
1264 650 1320 704 in
1343 660 1588 706 nostram
1626 650 1819 706 civita-

228 753 341 799 tem
368 741 555 813 plures
576 749 689 795 tam
710 739 997 811 religiosos
1019 756 1183 810 quam
1205 741 1503 812 promiscui
1527 758 1693 799 sexus
1714 743 1818 798 ho-

232 831 412 889 mines
438 828 802 886 coadunabat.
833 828 931 886 His
956 830 1112 898 visis,
1141 832 1436 887 consilium
1462 833 1516 887 in
1539 832 1819 888 communi

230 930 505 978 conventu
554 920 795 990 capitur,
839 921 1075 990 qualiter
1110 932 1275 978 caute
1298 965 1313 990 ,
1350 923 1470 979 sine
1512 923 1821 979 turbatione

230 1011 619 1080 transferatur,
646 1020 717 1067 ne
734 1013 957 1083 aliquod
989 1014 1310 1071 scandalum
1347 1016 1593 1072 ecclesia:
1619 1025 1822 1073 nostra:

230 1102 361 1159 inde
385 1101 778 1159 oriatur.‘Nam
803 1104 956 1161 fuere
972 1106 1197 1177 quidam
1223 1108 1463 1180 religiosi
1497 1110 1600 1164 viri
1631 1109 1823 1167 admo-

232 1196 365 1253 dum
384 1197 663 1265 timentes,
688 1207 909 1269 propter
930 1199 1384 1272 longinquitatem
1414 1202 1697 1272 temporis,
1735 1203 1821 1257 vel

232 1298 434 1355 corpus
465 1301 573 1341 non
604 1286 835 1342 inveniri
861 1330 875 1355 ,
902 1287 988 1344 vel
1018 1290 1235 1344 nullum
1254 1290 1520 1345 indicium
1562 1292 1793 1349 sanctita

233 1377 308 1432 tis
331 1377 578 1447 reperiri.
629 1376 736 1434 Sed
768 1379 987 1436 tandem
1013 1391 1139 1452 post
1166 1382 1369 1438 multas
1397 1382 1834 1453 disceptationes

233 1464 290 1521 in
319 1467 427 1523 hoc
463 1483 654 1525 omnes
697 1472 1030 1528 conveniunt
1073 1483 1134 1530 ut
1158 1516 1174 1542 ,
1205 1483 1416 1530 remota
1449 1475 1822 1543 multitudine,

234 1566 362 1614 ante
398 1562 755 1619 matutinales
795 1564 964 1620 horas
1004 1580 1199 1621 omnes
1239 1567 1607 1633 conveniant,
1653 1577 1708 1623 et
1747 1569 1827 1626 sic

234 1650 513 1718 tumbam,
544 1652 600 1706 in
635 1668 744 1723 qua
785 1655 1000 1724 positus
1042 1654 1240 1723 fuerat,
1291 1671 1418 1711 cum
1462 1657 1614 1713 omni
1660 1657 1829 1713 devo-

232 1743 385 1799 tione
421 1744 686 1815 aperiant.
734 1746 922 1803 Mediae
948 1765 1079 1821 ergo
1100 1749 1281 1805 noctis
1318 1759 1561 1821 tempore
1597 1751 1826 1807 antistes
1872 1792 1879 1797 ι

1918 556 2213 628 quemdam
2242 557 2298 612 in
2328 556 2532 612 ﬂumen
2569 557 2714 629 (82),
2748 556 2896 628 quod
2943 556 3258 627 praeterﬂuit
3303 546 3513 612 civita-r'

1917 658 2027 704 tem
2054 658 2320 717 nostram,
2342 649 2623 717 incidisse,
2666 660 2721 706 et
2759 650 2920 719 longo
2942 661 3182 721 tempore
3209 647 3312 705 sub
3333 644 3517 705 ιιξιιίὶι⁵

1918 746 2222 794 morantem
2246 739 2472 795 omnino
2491 739 2816 808 exspirasse.
2858 737 2957 793 llic
2996 738 3124 793 dum
3155 753 3355 809 corpus
3395 756 3498 811 pa-

1918 831 2065 885 troni
2090 830 2263 885 nostri
2292 831 2360 885 ad
2387 845 2513 886 eum
2538 830 2846 902 appropiat,
2883 830 3007 885 vita:
3043 814 3213 899 priori
3256 828 3520 894 restituis

1921 930 2028 988 tur,
2069 930 2150 989 et,
2193 921 2427 977 Domino
2464 922 2786 992 opitulante,
2826 937 2999 977 sanus
3038 916 3420 978 et‘incolumis
3466 912 3519 981 α’

1920 1020 2066 1068 terra
2119 1013 2453 1085 sublevatur.
2517 1012 2623 1079 Qui
2673 1020 2861 1084 postea
2912 1028 3009 1085 per
3046 1010 3219 1067 multa
3257 998 3503 1091 tempora

1922 1105 1979 1160 in
2042 1103 2307 1161 famulatu
2360 1106 2576 1176 patroni
2600 1106 2792 1161 nostri
2833 1096 3125 1183 apparuit,
3161 1102 3223 1175 et;
3253 1118 3355 1180 pro
3392 1092 3515 1183 vita.

1921 1195 2173 1249 restituta
2215 1210 2326 1249 non
2367 1194 2617 1265 ingratus
2657 1193 2770 1250 Deo
2814 1176 3055 1251 eistitit.‘
3089 1178 3091 1183 ⁴
3186 1260 3191 1264 ,
3246 1176 3272 1263 j
3323 1242 3336 1253 ,η
3378 1188 3384 1195 ’

1995 1284 2081 1338 ll.
2115 1281 2211 1339 His
2232 1298 2364 1339 vero
2392 1284 2613 1351 auditis,
2636 1284 2866 1339 ecclesia
2892 1292 3081 1339 nostra
3103 1288 3211 1363 non
3242 1283 3424 1339 statim
3438 1287 3528 1363 et,

1924 1377 2218 1433 indiscrete
2238 1378 2532 1449 acquievit,
2559 1380 2654 1435 sed
2684 1379 2829 1437 aliud
2862 1380 3066 1436 certius
3087 1388 3141 1435 et
3160 1366 3510 1440 manifestius.

1926 1467 2253 1523 miraculum
2284 1469 2929 1540 humiliterexspectavit.
2954 1468 3178 1525 Postera
3220 1484 3350 1524 vero
3395 1458 3519 1536 die;

1927 1575 2052 1616 cum
2076 1560 2193 1616 dies
2222 1560 2630 1618 anniversarius
2651 1562 2865 1633 patroni
2892 1562 3066 1619 nostri
3116 1561 3407 1628 illuxisset,
3439 1544 3524 1615 ti-l

1928 1652 2042 1707 uita
2077 1653 2249 1708 missa
2305 1661 2360 1708 et
2402 1653 2555 1709 horis
2601 1655 2932 1721 constitutis,
3006 1653 3205 1709 mulier
3258 1653 3508 1724 quaedam

1930 1751 2105 1811 muta,
2131 1744 2340 1799 habens
2359 1743 2531 1798 filium
2555 1745 2828 1814 privatum
2866 1745 3093 1811 lumine,
3122 1742 3304 1800 subito
3350 1743 3510 1814 quasi

235 1845 440 1903 noster,
471 1854 579 1893 una
601 1854 726 1895 cum
758 1841 1031 1913 religiosis
1054 1844 1188 1901 viris
1211 1853 1323 1901 tam
1348 1847 1636 1903 monachis
1657 1863 1821 1918 quam
1856 1841 1898 1896 Β
1925 1835 1981 1890 in
2004 1835 2266 1891 CXSIaSim
2292 1836 2529 1907 τθρίιυΐν
2570 1852 2633 1892 ac
2663 1853 2760 1908 Der
2801 1838 2993 1892 horam
3025 1853 3249 1908 Pan’am
3280 1837 3335 1891 in
3362 1846 3511 1893 terra

235 1928 582 1999 regularibus
616 1931 724 1987 sibi
765 1933 1087 1992 coadunatis
1110 1977 1125 2002 ,
1151 1951 1275 1990 cum
1317 1952 1517 2007 magno
1542 1937 1735 1993 timore
1760 1954 1825 1994 ac

235 2027 473 2075 tremore
492 2031 735 2094 cryptam
758 2034 960 2081 nostrae
982 2027 1228 2082 ecclesiae
1249 2027 1439 2095 subiit,
1461 2037 1514 2082 et
1537 2029 1827 2098 sarcopha-

236 2123 388 2180 gum,
418 2111 473 2164 in
501 2127 615 2181 quo
645 2114 859 2183 positus
882 2114 1060 2171 fuerat
1083 2125 1271 2172 noster
1305 2127 1588 2187 patronus,
1627 2117 1827 2188 aperiri

235 2199 510 2269 przecepit,
546 2199 771 2271 ipseque
804 2218 930 2258 cum
961 2205 1174 2259 caeteris
1210 2204 1461 2261 ﬁdelibus
1484 2206 1826 2262 orationibus

236 2287 443 2344 interea
469 2289 820 2348 devotissime
843 2294 1059 2361 institit;
1089 2295 1183 2350 sed
1207 2296 1300 2351 ubi
1324 2312 1576 2352 summus
1598 2297 1751 2352 labor
1770 2297 1826 2351 in

235 2377 540 2451 frangendo
569 2382 907 2455 sarcophago
927 2394 1085 2440 antea
1112 2386 1270 2441 visus
1301 2385 1498 2453 fuerat,
1539 2388 1674 2458 jam,
1693 2411 1696 2415 ν
1716 2385 1828 2443 Deo

235 2466 473 2527 faciente
497 2513 513 2538 ,
543 2471 690 2528 illico
719 2488 780 2529 se
804 2475 1080 2545 aperiebat
1104 2517 1120 2544 ,
1164 2486 1218 2532 et
1251 2478 1458 2534 aditum
1504 2477 1826 2534 facillimum

234 2559 308 2619 ad
347 2578 547 2634 corpus
570 2566 864 2634 praebebat.
895 2566 1033 2623 Tum
1063 2585 1195 2625 vero
1236 2577 1427 2640 aperto
1467 2571 1825 2640 sarcophago,

138 2730 145 2733 γ
234 2663 472 2726 quantas
496 2655 768 2728 lacrymas
793 2659 1091 2715 astantium
1114 2661 1391 2730 aspiceres
1408 2702 1423 2728 ,
1452 2675 1595 2731 quos
1618 2660 1830 2731 singul-

232 2746 577 2803 tnsvandires
594 2790 609 2815 ,
633 2763 802 2819 quam
829 2751 1167 2821 spiritualem
1193 2753 1609 2823 dispositionem
1635 2767 1829 2823 corpo—

231 2835 315 2892 ris
364 2837 539 2908 ipsius
583 2841 947 2911 prospiceres,
978 2843 1105 2915 quis
1126 2844 1211 2899 vel
1237 2858 1494 2899 sermone
1517 2885 1533 2909 ,
1566 2844 1651 2899 vel
1686 2843 1829 2916 stylo

233 2928 544 2999 exprimere
582 2931 799 2986 valeat?
832 2931 975 3000 Quid
1007 2934 1203 3005 plura?
1247 2935 1468 2992 divinus
1500 2936 1734 3007 quidam
1774 2943 1830 2990 et

233 3020 552 3094 incognitus
593 3025 730 3081 odor
769 3024 1069 3098 fragrabat,
1111 3029 1207 3100 qui
1246 3031 1513 3101 quosdam
1557 3038 1825 3096 astantes,

233 3116 395 3186 quasi
416 3117 654 3188 quadam
683 3118 917 3190 spiritan
942 3121 1230 3177 dulcedine
1249 3121 1592 3178 refocillabat
1616 3163 1631 3189 ,
1674 3130 1727 3177 et
1770 3122 1827 3176 in

1924 1927 2223 1983 volutatur.
2254 1925 2556 1983 Transacto
2585 1943 2712 1982 vero
2735 1927 3015 1998 aliquanto
3046 1937 3310 1999 tempore,
3349 1928 3511 1984 matri

1924 2018 2113 2091 lingua
2139 2027 2436 2086 reseratur,
2463 2019 2649 2074 lumen
2672 2036 2844 2090 puero
2889 2019 3227 2074 restituitur:
3258 2028 3313 2074 et
3335 2019 3513 2074 mani-

1924 2110 2127 2167 festum
2152 2126 2277 2166 esse
2308 2111 2635 2167 miraculum
2663 2111 2917 2167 omnibus
2941 2111 3345 2182 comprobatur.
3375 2108 3514 2167 Nam

1926 2202 2078 2258 fuere
2103 2203 2161 2257 in
2189 2203 2409 2258 civitate
2437 2212 2626 2259 nostra
2676 2211 2809 2259 tunc
2845 2203 3106 2272 temporis
3151 2203 3374 2273 quidam
3406 2202 3531 2257 viri.

1926 2295 2293 2352 auctorabiles
2318 2296 2387 2351 de
2414 2294 2646 2353 Corbeia
2683 2295 2818 2368 (83),
2878 2294 3052 2366 ipsius
3086 2294 3329 2350 mulieris
3363 2311 3516 2355 com-

1925 2388 2312 2459 provinciales,
2339 2387 2435 2465 qui
2466 2404 2587 2443 eam
2612 2395 2986 2460 cognoverunt
3004 2395 3059 2443 et
3084 2370 3369 2453 verissime
3391 2403 3515 2449 eam
3542 2373 3545 2376 ’

1925 2489 2136 2537 mutam
2162 2480 2450 2551 filiumque
2474 2480 2595 2550 ejus
2622 2479 2832 2551 lumine
2875 2481 3150 2555 privatum
3172 2480 3342 2556 longo
3371 2477 3514 2547 tem—

1926 2588 2060 2644 pore
2086 2572 2253 2629 fuisse
2272 2574 2686 2628 nuntiaverunt.
2721 2570 2817 2627 His
2860 2572 3082 2639 auditis,
3130 2566 3236 2649 [in]
3283 2557 3522 2629 ecclesia.

1925 2675 2116 2721 nostra
2137 2672 2251 2720 tam
2281 2665 2462 2721 clerus
2491 2680 2656 2735 quam
2680 2665 2915 2735 populus
2937 2664 2992 2718 in
3016 2662 3188 2719 unum
3210 2655 3496 2721 coadunan
3546 2740 3549 2743 Δ

1926 2764 2037 2823 tur,
2067 2756 2257 2811 laudes
2282 2754 2530 2811 Creatori
2561 2757 2969 2827 persolvuntur,
3007 2756 3103 2827 qui
3137 2756 3288 2827 novit
3314 2742 3533 2812 electos"

1928 2861 2061 2903 suos
2083 2848 2151 2901 ab
2171 2847 2321 2901 omni
2348 2848 2705 2920 ambiguitate
2756 2847 3063 2913 absolvere,
3092 2858 3145 2903 et
3171 2846 3225 2901 in
3277 2846 3516 2918 perfecta

1928 2938 2033 2994 fide
2065 2938 2321 2994 solidare.
2358 2936 2523 3010 Signa
2559 2940 2705 2994 enim
2740 2936 3009 2994 debentur
3050 2938 3362 2995 inﬁdelibus
3406 2933 3550 2994 non“

1928 3031 2198 3099 ﬁdelibus,
2221 3040 2282 3085 ut
2311 3046 2408 3101 per
2442 3032 2707 3088 miracula
2752 3040 2807 3086 et
2834 3030 3097 3086 inusitata
3125 3030 3518 3087 confirmentur

1929 3124 1985 3179 in
2012 3123 2100 3179 his
2126 3139 2251 3195 quae
2280 3138 2311 3179 a
2351 3123 2607 3179 sensibus
2635 3123 2840 3178 nostris
2868 3130 2924 3177 et
2954 3122 3221 3177 memoria
3273 3131 3404 3176 sunt
3430 3136 3514 3177 re.

232 3203 475 3274 perfecta
527 3206 633 3262 ﬁde
682 3209 993 3265 sanctitatis
1038 3210 1212 3280 ipsius
1264 3225 1362 3265 eos
1414 3210 1821 3265 corroborabat.
1853 3209 1899 3271 Ο
1928 3225 2098 3271 mota.

233 3291 379 3350 Tum
401 3311 530 3351 vero
556 3297 770 3354 videres
812 3314 1004 3355 omnes
1042 3314 1163 3354 sese
1193 3299 1473 3354 humiliter
1514 3313 1783 3354 excusare
1803 3338 1820 3366 ,

235 3399 407 3456 seque
431 3401 555 3442 esse
584 3387 839 3459 indignos
870 3389 1011 3445 tanti
1043 3388 1262 3458 patroni
1285 3404 1487 3459 corpus
1514 3388 1782 3458 attingere
1806 3430 1828 3456 ,

235 3491 365 3533 cum
392 3478 644 3535 noverint
664 3481 832 3535 vitam
862 3495 1021 3536 suam
1066 3479 1226 3551 longe
1270 3479 1340 3535 ab
1380 3479 1502 3549 ejus
1534 3479 1826 3535 sanctitate

235 3568 575 3629 discordare.
603 3569 869 3637 Tandem,
900 3571 1157 3627 omnibus
1184 3570 1571 3626 cunctantibus
1610 3578 1666 3625 et
1706 3569 1827 3625 lon-

237 3674 364 3733 gam
385 3675 597 3716 moram
619 3661 968 3731 facientibus,
1010 3678 1109 3733 per
1147 3661 1372 3717 fratrem
1398 3671 1651 3717 nostrum
1685 3676 1826 3733 prae-

234 3750 478 3821 positum
517 3750 868 3808 Bertholdum
911 3762 1111 3822 carpus
1149 3752 1487 3819 sublevatur,
1512 3760 1567 3807 et
1606 3760 1826 3822 propter

236 3840 647 3897 multitudinem
684 3843 911 3914 populi,
951 3859 1075 3914 quae
1117 3843 1185 3899 ad
1227 3851 1435 3898 tantam
1474 3858 1593 3901 rem
1632 3843 1826 3899 viden-

130 4000 135 4005 _
236 3929 365 3986 dam
404 3943 769 4003 convenerat,
812 3935 867 3989 in
912 3943 1185 3995 secretum
1224 3934 1455 3993 sacrarii
1509 3935 1685 3991 nostri
1729 3934 1827 3990 de~

239 4029 511 4091 portatur.

310 4133 398 4188 l5.
425 4134 530 4189 Sed
569 4134 687 4192 haec
724 4138 989 4195 hactenus
1016 4139 1163 4196 dicta
1194 4139 1470 4197 sufﬁciant
1497 4139 1730 4211 qualiter
1751 4137 1824 4194 sit

236 4226 432 4283 beatus
454 4227 815 4287 Godehardus
834 4233 1153 4290 translatus.
1176 4232 1333 4290 Nunc
1359 4241 1609 4304 superest
1638 4231 1821 4287 chari-

236 4316 334 4371 tati
353 4325 558 4373 vestrae
590 4318 842 4376 intimare
872 4323 1107 4392 qualiter
1150 4339 1248 4394 per
1290 4338 1416 4379 eum
1464 4321 1704 4377 mundus
1751 4320 1824 4376 sit

237 4404 580 4462 illuminatus
603 4449 618 4475 ,
644 4417 698 4463 et
718 4423 898 4479 usque
924 4410 993 4464 ad
1021 4411 1420 4467 remotissimas
1446 4420 1632 4482 gentes
1652 4419 1706 4465 et
1727 4425 1823 4479 pa-

238 4498 571 4570 ganissimas
601 4501 890 4558 exaltatus.
934 4501 1071 4557 Nam
1102 4518 1170 4558 ex
1196 4503 1592 4573 longinquitate
1612 4510 1822 4571 tempo-

234 4594 318 4651 ris
342 4596 535 4651 merita
560 4596 685 4652 vita:
709 4596 881 4667 ipsius
902 4594 1122 4651 fuerunt
1148 4611 1286 4667 pene
1313 4595 1516 4650 abolita
1545 4604 1601 4651 et
1629 4595 1820 4666 paucis

234 4688 616 4744 tantummodo
637 4689 876 4760 cognita,
909 4703 1031 4759 quae
1058 4703 1155 4759 per
1178 4688 1590 4743 translationem
1621 4701 1819 4757 corpo-

234 4777 316 4832 ris
356 4779 532 4849 ipsius
558 4781 966 4836 evidcntissime
1006 4780 1263 4835 omnibus
1291 4788 1422 4835 sunt
1451 4778 1817 4837 manifestata.

234 4862 343 4921 Tot
366 4868 513 4923 enim
557 4869 824 4925 Dominus
846 4886 944 4940 per
972 4886 1098 4925 eum
1130 4867 1260 4925 fecit
1287 4870 1550 4926 miracula
1576 4912 1592 4936 ,
1619 4878 1679 4925 ut
1720 4887 1823 4926 nec

234 4956 421 5032 lingua
450 4963 667 5018 valeant
694 4964 929 5035 exprimi
947 4965 1032 5019 vel
1055 4964 1343 5035 scriptura.
1372 4964 1450 5020 Ea
1473 4975 1656 5022 autem
1697 4982 1823 5038 quae

236 5062 367 5109 sunt
390 5054 602 5110 notiora
625 5066 677 5111 et
704 5054 1075 5111 manifestiora
1100 5056 1385 5129 aggredior
1407 5057 1737 5125 describere,
1761 5068 1823 5114 ut

235 5148 295 5203 in
334 5147 417 5203 eis
457 5148 749 5219 posteritas
786 5148 854 5205 de
895 5150 1204 5218 patrocinio
1242 5150 1381 5205 tanti
1425 5149 1604 5206 Patris
1648 5152 1823 5221 possit

239 5239 528 5297 confidere.
558 5239 692 5296 Nam
714 5242 841 5312 ipsa
880 5241 970 5297 die
1008 5242 1408 5307 translationis,
1449 5258 1575 5298 cum
1619 5258 1820 5313 corpus

255 5331 414 5403 psius
476 5348 655 5403 usque
714 5332 784 5388 ad
840 5341 1083 5390 montem
1150 5331 1336 5388 Sancti
1391 5331 1637 5388 Mauricii
1689 5348 1815 5389 cum

308 5485 621 5559 (82)]n‘gra'
650 5488 719 5544 ab
764 5488 957 5545 incolis
995 5489 1216 5555 dicitur,
1255 5488 1348 5558 qui
1380 5486 1557 5543 tribus
1595 5487 1816 5543 circiter

233 5557 410 5613 aeneis
433 5557 572 5612 infra
596 5557 1025 5615 Hildesbemium
1048 5559 1229 5614 Leinte
1256 5557 1538 5614 miscetur.

2000 3308 2088 3363 15.
2118 3306 2219 3362 Vix
2242 3307 2432 3363 laudes
2460 3308 2527 3363 de
2551 3302 2822 3362 mira'eulo
2847 3306 3108 3378 praedicto
3157 3303 3269 3360 Deo
3294 3302 3513 3377 persol-

1924 3408 2149 3468 vuntur,
2197 3415 2322 3455 cum
2373 3400 2603 3456 claudus
2635 3398 2880 3471 quidam,
2928 3399 3023 3469 qui
3059 3398 3220 3470 longo
3269 3408 3516 3469 tempore

1926 3501 2244 3550 contractus
2274 3490 2470 3560 fuerat,
2498 3508 2555 3548 se
2583 3492 2765 3547 subito
2793 3491 3055 3561 erigebat,
3100 3499 3154 3546 et
3204 3492 3392 3561 pedem
3421 3492 3516 3546 ﬁr-

1926 3600 2018 3640 mo
2043 3600 2232 3656 gressu
2285 3592 2445 3640 teme
2502 3584 2769 3654 atligebat.
2831 3581 3032 3653 Sicque
3080 3581 3285 3637 factum
3325 3591 3411 3639 est
3453 3590 3517 3639 ut

1926 3679 2044 3750 ipsa
2071 3679 2157 3733 die
2187 3677 2548 3734 anniversarii
2572 3677 2787 3749 patroni
2834 3677 3004 3731 nostri
3042 3676 3183 3731 infra
3226 3676 3509 3732 basilicam
3542 3731 3555 3757 ,η

1925 3780 2171 3827 nostrum
2201 3769 2443 3841 quinque
2468 3770 2730 3825 miracula
2763 3769 3159 3839 contingerent,
3185 3784 3307 3839 qua:
3330 3768 3513 3823 omni-

1924 3862 2029 3918 bus
2059 3859 2353 3915 manifesta
2379 3859 2545 3915 fuisse
2577 3867 2921 3930 apparerent.
2959 3857 3152 3913 Caecus
3173 3858 3318 3913 enim
3345 3858 3510 3926 videt,

1924 3961 2099 4009 mater
2129 3951 2303 4023 ipsius
2324 3951 2587 4022 loquitur,
2626 3950 2806 4007 claudi
2858 3958 2967 4005 tres
3012 3956 3336 4020 potestatem
3389 3944 3525 4003 am-'

1922 4044 2148 4103 bulandi
2177 4053 2517 4115 receperunt.
2557 4043 2652 4099 His
2702 4040 2777 4097 ita
2824 4042 3011 4113 gestis,
3065 4057 3255 4096 rumor
3278 4050 3331 4096 et
3367 4039 3513 4095 fama

1920 4140 2140 4212 patroni
2185 4138 2362 4194 nostri
2419 4145 2640 4208 propter
2686 4134 3050 4206 frequentiam
3117 4133 3509 4200 multitudinis,

1923 4247 2046 4303 quae
2070 4231 2141 4286 ad
2164 4229 2580 4287 translationem
2608 4228 2745 4284 tanti
2785 4226 2887 4281 viri
2934 4234 3284 4294 convenerat,
3336 4225 3529 4297 magis

1923 4333 1977 4380 et
2004 4325 2181 4397 magis
2205 4324 2461 4389 innotuit,
2485 4332 2539 4378 et
2565 4337 2683 4377 sese
2721 4321 2777 4377 in
2807 4335 3000 4375 omnes
3021 4318 3512 4389 comprovinciales

1922 4425 2102 4473 terras
2124 4417 2392 4472 dilatavit.
2426 4414 2581 4470 Unde
2604 4413 2810 4469 factum
2836 4420 3004 4468 estut
3036 4420 3187 4467 tanta
3217 4411 3512 4466 multitudo

1922 4509 2209 4563 hominum
2252 4507 2556 4578 patrocinia
2588 4506 2825 4576 pastoris
2874 4505 3051 4560 nostri
3102 4504 3509 4573 implorantium

1923 4603 1979 4656 in
2017 4600 2293 4655 civitatem
2341 4606 2586 4653 nostram
2631 4597 2953 4662 conflueret,
3008 4603 3270 4666 quantam
3325 4594 3511 4651 nullus

1922 4689 2207 4746 hominum
2226 4703 2327 4743 nec
2350 4695 2509 4742 antea
2540 4685 2597 4741 in
2632 4685 2863 4741 ecclesia
2894 4693 3083 4740 nostra
3112 4684 3270 4750 vidit,
3298 4699 3419 4751 nec,
3448 4694 3509 4740 ut

1921 4782 2181 4848 arbitror,
2209 4780 2466 4850 deinceps
2492 4777 2714 4834 videbit.
2745 4774 2882 4831 Nam
2913 4791 3105 4831 omnes
3125 4775 3388 4830 habentes
3416 4770 3527 4831 in;

1922 4875 2133 4940 firmos,
2160 4871 2470 4943 languidos,
2522 4869 2768 4936 claudos,
2823 4868 3022 4923 surdos
3061 4877 3114 4921 et
3166 4874 3368 4933 mutos,
3405 4880 3509 4921 nec

1920 4981 2029 5021 non
2061 4975 2114 5020 ct
2147 4964 2535 5029 daemoniacos,
2574 4948 2659 5016 vel
2682 4959 2879 5030 quovis
2908 4959 3101 5013 morbo
3120 4958 3368 5013 detentus
3406 4964 3535 5013 us-"

1920 5072 2027 5128 que
2048 5056 2115 5111 ad
2144 5053 2512 5127 patrocinium
2544 5051 2780 5125 pastoris
2807 5050 2977 5107 nostri
2999 5065 3098 5121 pro
3132 5049 3505 5120 recuperanda

1918 5149 2152 5205 sanitate
2179 5147 2447 5203 deferunt.
2860 5144 2863 5147 ’
3271 5155 3274 5158 ’
3524 5178 3529 5183 .
3563 5152 3566 5155 τ

1993 5240 2079 5295 l6.
2130 5239 2371 5310 Contigit
2392 5253 2523 5293 vero
2580 5237 2725 5292 circa
2750 5235 2894 5290 idem
2923 5243 3157 5304 tempus,
3188 5233 3336 5304 quod
3364 5232 3495 5305 qui-
3521 5241 3528 5249 '

1917 5331 2044 5388 dam
2074 5331 2179 5387 viri
2207 5329 2570 5386 auetorabilcs
2592 5327 2659 5382 de
2688 5324 2988 5397 Thuringia
3035 5324 3147 5395 (84)
3183 5324 3499 5392 adveniunt,

1991 5485 2104 5565 (84)
2126 5484 2456 5565 νξΐὴιιτίηδίει-
2473 5480 2965 5565 amplissimaplim
2993 5478 3163 5565 regio,
3185 5493 3308 5565 qua;
3324 5476 3498 5565 etiam

1917 5553 2091 5626 Regni
2117 5556 2334 5610 titulum
2366 5553 2561 5626 habuit
2595 5553 2698 5626 sub
2750 5553 2924 5622 prima
2955 5564 3145 5626 regum
3181 5558 3532 5626 nostrorum.

331 5628 422 5700 85)
446 5627 660 5700 Insigne
687 5631 1081 5686 monasterium
1124 5629 1395 5693 Samnite,
1446 5626 1592 5700 quod
1621 5634 1811 5683 sancto
1913 5618 2088 5700 stirpe
2116 5625 2491 5700 :_nuncgv_alde
2520 5618 2829 5700 imminuta,
2854 5618 3134 5700 provincia
3158 5628 3244 5700 est
3270 5618 3497 5700 Cerma-

236 5696 548 5771 Adhclardo
561 5696 1020 5771 suamprivinem
1045 5701 1226 5769 debet,
1250 5708 1311 5755 ut
1331 5699 1386 5754 in
1410 5696 1657 5771 ejusdem
1679 5712 1808 5753 san-

239 5768 312 5829 (ιιὶ
335 5766 459 5840 Vita
489 5767 699 5825 Saecula
726 5769 819 5837 IX.
1212 5766 1219 5769 ⁷
1248 5814 1251 5817 ,
1440 5766 1461 5813 ῗ.

1912 5688 2099 5821 ιιίωὶξιι
2122 5692 2673 5768 δδιοιιὶειέιιρθτίοιὶ,
2697 5688 2822 5765 quae
2847 5688 3080 5748 diversis
3127 5689 3317 5746 subest
3335 5688 3493 5767 prin-

1912 5779 1999 5821 em
2057 5781 2141 5821 us.
2634 5818 2639 5821 _

1911 5778 2145 5843 ctpmus.
2629 5818 2650 5828 μ
3566 5778 3571 5783 ’
