4056 5360
474 110 613 168 {915

1328 111 1386 168 S.
1428 109 1826 168 GODEIIARDI
1868 105 2179 164 EPISCOPI
2221 105 2851 165 HlLDESIlElMENSlS
3619 110 3755 169 1216

472 230 570 302 qui
607 244 769 285 suum
804 238 1082 298 pastorem
1120 245 1231 285 una
1280 245 1444 287 manu
1481 229 1712 287 debilem
1744 244 1931 285 secum
1972 228 2068 283 ad-
2096 227 2143 285 Α
2169 242 2273 297 gne
2327 226 2674 295 miraculum,
2719 233 2775 282 et
2824 224 3050 297 dignum
3087 225 3366 282 memoriae
3404 225 3754 283 tradendum.

472 321 766 382 duxerunt.
797 319 863 374 Ili
905 329 963 376 ut
984 321 1352 392 patrocinium
1398 322 1541 378 beati
1600 320 1905 377 Godehardi
1956 321 2060 376 im-

471 414 847 491 ploraverunt,
873 414 1020 470 illico
1057 415 1346 470 sanitatem
1377 414 1601 485 recepit,
1632 423 1685 468 et
1706 430 1931 469 manum
1968 414 2064 470 de-

472 506 635 569 bilem
674 504 866 560 erexit.
893 503 1015 572 Quo
1063 504 1230 573 facto,
1276 522 1467 563 omnes
1514 506 1847 562 unanimiter
1875 507 2064 564 laudes

471 593 584 658 Deo
608 594 936 663 referebant,
960 604 1013 651 et
1040 595 1095 649 in
1123 596 1341 668 signum
1385 596 1630 651 veritatis
1660 610 1884 652 manum
1945 612 2064 652 ma-

473 686 570 745 nui
597 688 1010 758 comparabant.
1043 686 1179 744 Nam
1210 704 1433 744 manum
1455 704 1563 760 qua
1594 690 1923 759 pastoralem
1951 691 2066 745 vir-

473 792 598 848 gam
625 788 750 833 ante
792 779 1027 844 tenebat,
1066 794 1325 851 rugosam
1382 789 1438 836 et
1482 781 1793 836 induratam
1836 782 2062 837 invene-

474 876 632 936 runt;
657 868 880 927 alteram
913 887 1043 925 vero
1082 888 1208 927 cum
1230 888 1337 943 qua
1384 889 1493 929 non
1540 873 1903 943 laboraverat,
1932 890 2067 939 cans

474 959 661 1021 didam
691 971 744 1017 et
770 963 990 1017 mollem
1014 974 1352 1034 repererunt.

545 1056 631 1109 17.
661 1054 757 1112 His
788 1056 860 1111 ita
905 1055 1094 1128 gestis,
1141 1066 1410 1113 matronze
1464 1058 1715 1129 quasdam
1759 1060 1829 1115 ab
1870 1060 2061 1117 eadem

473 1152 616 1200 terra
641 1148 833 1216 iusque
873 1145 941 1200 ad
984 1161 1086 1202 nos
1131 1157 1517 1216 pervenerunt,
1569 1148 1829 1205 ducentes
1875 1165 2065 1206 Secum

470 1244 685 1290 mutum
721 1235 883 1306 longo
925 1244 1171 1306 tempore
1214 1237 1365 1308 loqui
1419 1255 1529 1294 non
1581 1240 1871 1295 valentem.
1930 1238 2064 1306 Quae

470 1324 601 1382 dum
652 1324 996 1383 orationibus
1038 1326 1379 1397 insisterent,
1426 1346 1492 1384 ac
1530 1345 1630 1400 pro
1670 1330 1789 1400 ipso
1824 1331 2062 1399 patroci-

468 1416 623 1471 nium
648 1418 792 1472 beati
822 1417 1136 1476 Godehardi
1163 1420 1542 1493 implorarent,
1569 1423 1752 1477 subita
1784 1424 2062 1485 vinculum

466 1508 666 1582 lingum
687 1518 770 1565 est
803 1520 1045 1581 ruptum,
1094 1523 1148 1568 et
1191 1513 1427 1570 ofﬁcium
1474 1516 1648 1587 ipsius
1693 1531 1791 1587 per
1839 1516 2058 1573 miseri-

462 1600 713 1658 cordiam
738 1599 831 1655 Dei
863 1612 945 1657 est
972 1604 1309 1660 restitutum.

491 1760 499 1769 Δ
547 1690 627 1750 18.
665 1690 791 1748 Fuit
814 1709 942 1750 vero
966 1704 1098 1751 tunc
1142 1697 1406 1767 temporis
1441 1694 1796 1767 Erpisfordia:
1838 1698 1951 1769 (85)
1983 1698 2067 1753 vi-

464 1785 810 1854 ceduntinus,
835 1787 1044 1845 habens
1069 1804 1170 1859 pro
1192 1789 1569 1845 misericordia
1595 1789 1685 1846 Dei
1709 1790 1988 1859 claudum,
2010 1801 2066 1848 et

464 1891 609 1952 pene
654 1879 912 1935 omnibus
954 1881 1216 1936 membris
1269 1882 1611 1937 debilitatum
1638 1924 1653 1950 ,
1702 1884 2064 1956 eleemosynis

463 1969 586 2045 suis
629 1970 939 2040 addictum;
1000 1988 1185 2044 quem,
1228 1974 1429 2030 auditis
1469 1975 1770 2044 miraculis,
1814 1993 1935 2047 quae
1969 1992 2064 2046 per

463 2068 758 2131 patronum
802 2073 1050 2119 nostrum
1094 2064 1317 2133 fiebant,
1367 2081 1543 2137 usque
1585 2067 1651 2121 ad
1699 2068 2063 2136 patrocinium

464 2149 660 2224 ipsius,
686 2152 740 2209 in
776 2156 1067 2211 ecclesiam
1100 2166 1347 2213 nostram
1373 2158 1593 2213 direxit.
1631 2157 1693 2213 Et
1717 2159 1859 2214 sicut
1893 2159 2066 2235 credis

463 2243 565 2312 dit,
590 2246 672 2302 sic
717 2263 814 2319 per
856 2248 1291 2305 misericordiam
1320 2248 1415 2306 Dei
1457 2251 1687 2321 recepit.
1737 2250 1874 2306 Nam
1897 2267 2070 2321 quem

462 2331 696 2393 debilem
740 2344 795 2390 et
817 2336 1044 2392 omnino
1079 2338 1332 2394 incedere
1356 2340 1759 2412 non'yalentem
1787 2357 1963 2411 usque
1993 2343 2067 2397 ad

463 2439 568 2481 nos
592 2427 915 2496 transmisit,
954 2428 1067 2485 Deo
1088 2431 1402 2503 adjuvante,
1435 2447 1632 2488 sanum
1655 2442 1709 2488 et
1730 2432 2061 2498 incolumem

464 2518 730 2588 suscepit.

538 2612 626 2665 l9.
666 2606 943 2669 Fuit'vero
982 2616 1128 2671 circa
1179 2616 1323 2673 idem
1363 2624 1580 2689 tempus
1626 2620 1679 2673 in
1705 2620 1841 2675 cella
1892 2621 2067 2677 beatas.

463 2699 708 2759 Paulinae
723 2704 1041 2776 (86),multo
1061 2716 1306 2779 tempore
1319 2708 1540 2779 quidam
1563 2711 1791 2766 claudus
1802 2713 2062 2769 omnibus

465 2802 632 2863 notus
656 2805 706 2851 et
726 2798 1073 2855 manifestus.
1100 2798 1257 2857 Hunc
1276 2810 1471 2871 potens
1494 2803 1714 2872 quidam
1742 2804 1807 2858 de
1831 2803 2065 2860 Thurin-

2165 317 2301 373 Nam
2328 319 2438 375 duo
2461 320 2585 387 viri,
2616 319 2754 390 proh
2776 318 2964 373 dolor!
2991 317 3133 372 mala
3169 318 3430 374 societate
3452 318 3756 389 conjuncti,

2164 409 2373 466 furtum
2394 411 2669 482 quoddam
2688 419 3033 482 peregerunt,
3062 419 3117 466 et
3141 410 3310 480 pelles
3331 410 3556 466 cuidam
3580 412 3758 467 subri-

2163 512 2420 572 puerunt.
2470 502 2696 558 Factum
2752 514 2837 557 est
2869 516 3001 573 ergo
3024 509 3084 557 ut
3130 511 3359 573 uterque
3381 510 3676 573 caperetur
3706 512 3761 557 et

2164 593 2233 648 ad
2257 592 2525 663 judicium
2548 592 2875 647 traheretur.
2910 590 3015 648 Sed
3043 608 3168 648 cum
3208 591 3325 663 jam
3365 601 3602 663 uterque
3624 608 3759 647 con-

2162 685 2294 741 victi
2318 682 2615 755 suspendio
2639 684 3006 751 traderentur,
3064 684 3203 739 alter
3230 683 3482 754 ipsorum
3505 693 3627 739 toto
3646 698 3763 740 cor-

2162 778 2229 835 de
2255 777 2538 850 ingemuit,
2565 785 2641 845 et,
2673 776 2822 847 quod
2844 776 3020 832 solum
3053 785 3284 847 poterat,
3309 778 3475 833 corde
3519 777 3763 833 contrito

2162 870 2528 926 ethumiliato
2573 869 2936 940 patrocinium
2983 869 3127 925 beati
3152 868 3463 925 Godehardi
3492 870 3763 940 implora-

2162 961 2274 1027 vit;
2302 961 2440 1017 alter
2469 976 2601 1016 vero
2624 962 2783 1031 quasi
2811 961 3110 1031 desperans
3135 962 3271 1017 nulli
3293 962 3549 1033 petitioni
3604 961 3764 1015 insti-

2162 1052 2248 1118 tit,
2272 1053 2356 1107 vel
2384 1068 2574 1107 vocem
2605 1053 3049 1122 compunctionis
3075 1054 3276 1109 emisit.
3302 1053 3536 1109 Factum
3558 1062 3649 1109 est
3668 1054 3765 1125 igi-

2162 1151 2254 1199 tur
2280 1153 2338 1197 ut
2362 1160 2469 1200 uno
2514 1142 2644 1199 fune
2664 1144 3074 1215 colligarentur,
3105 1154 3160 1201 et
3182 1161 3294 1201 uno
3328 1162 3488 1203 ramo
3519 1161 3764 1216 suspen-

2163 1237 2441 1313 derentur.
2477 1235 2597 1304 Quo
2630 1236 2794 1305 facto,
2821 1238 2957 1293 alter
2978 1237 3230 1309 spiritum
3260 1239 3409 1296 illico
3435 1239 3661 1305 emisit;
3686 1239 3766 1294 al-

2162 1338 2247 1384 ter
2275 1346 2427 1395 vero,
2448 1329 2542 1400 qui
2565 1328 2929 1399 patrocinium
2981 1329 3124 1385 beati
3148 1330 3460 1386 Godehardi
3493 1330 3767 1401 implora-

2165 1432 2336 1489 verat,
2362 1422 2481 1478 sine
2513 1422 2740 1477 laesione
2773 1430 2830 1478 et
2870 1422 3125 1479 molestia
3171 1424 3448 1493 pependit.
3510 1424 3624 1480 Sed
3647 1424 3767 1494 jam

2165 1516 2328 1588 longo
2350 1514 2528 1586 spatio
2550 1516 2811 1569 horarum
2831 1522 3133 1581 transacto,
3158 1515 3247 1570 ille
3266 1515 3427 1585 cujus
3447 1516 3626 1585 pelles
3650 1514 3767 1571 fue-

2093 1576 2137 1639 B
2166 1576 2294 1662 rant
2308 1576 2534 1679 propius
2557 1606 2822 1662 accedens
2868 1615 2923 1662 ct
2946 1607 3142 1663 videns
3165 1608 3396 1663 alterum
3420 1608 3765 1678 eXSpirasse,

2166 1699 2294 1755 huic
2317 1715 2479 1770 quem
2505 1699 2687 1754 adhuc
2708 1698 2891 1754 vivere
2916 1699 3129 1769 putavit
3149 1698 3205 1753 in
3229 1699 3346 1755 haec
3368 1700 3543 1755 verba
3568 1715 3770 1770 proru-

2165 1790 2263 1861 pit,
2289 1790 2563 1862 qurerebat
2584 1790 2733 1847 enim
2754 1790 2803 1846 si
2842 1789 3069 1857 viveret,
3101 1799 3198 1846 aut
3239 1790 3287 1846 si
3308 1791 3479 1846 vitam
3522 1793 3767 1848 retinere

2163 1882 2452 1953 potuisset.
2511 1882 2603 1938 Ille
2644 1898 2775 1938 vero
2821 1897 3051 1952 sperans
3091 1882 3197 1939 sibi
3219 1882 3558 1954 adiutorium
3597 1883 3769 1938 adve-

2166 1976 2334 2043 nisse,
2362 1974 2649 2031 confessus
2672 1983 2757 2032 est
2782 1982 2835 2030 et
2864 1989 2924 2030 se
2952 1974 3154 2041 vivere,
3178 1984 3234 2030 et
3275 1975 3486 2030 nullum
3510 1975 3763 2030 dolorem

2165 2072 2390 2130 sentire.
2421 2070 2532 2126 lloc
2561 2070 2791 2125 audiens
2813 2070 2910 2139 qui
2941 2084 3067 2125 eum
3097 2068 3358 2139 suspendi
3381 2067 3613 2135 fecerat,
3637 2084 3763 2123 ma—

2164 2179 2326 2235 gnam
2353 2164 2407 2218 in
2417 2162 2809 2218 humanitatem
2824 2161 2873 2216 ei
2888 2160 3090 2216 intulit.
3108 2159 3241 2216 Nam
3256 2159 3385 2215 fune
3394 2176 3508 2231 quo
3523 2175 3765 2230 suspen-

2164 2272 2261 2312 sus
2284 2256 2462 2311 fuerat
2485 2261 2726 2322 tornato,
2751 2253 2912 2308 firmo
2953 2253 3078 2308 nisu
3102 2252 3171 2308 ad
3200 2261 3401 2308 terram
3438 2268 3646 2323 corpus
3664 2253 3764 2308 de-

2162 2348 2383 2420 pressit,
2408 2357 2462 2403 et
2491 2346 2573 2403 sic
2594 2346 2862 2417 spondilia
2885 2344 3013 2401 colli
3040 2360 3101 2402 se
3142 2343 3447 2400 fracturum
3493 2346 3758 2416 speravit.

2162 2440 2284 2508 Quo
2331 2440 2496 2506 facto,
2543 2438 2729 2494 statim
2771 2437 3031 2494 discessit
3053 2479 3070 2505 ,
3092 2446 3148 2493 et
3176 2452 3395 2492 omnem
3417 2437 3761 2492 voluntatem

2164 2548 2319 2588 suam
2346 2548 2406 2587 se
2420 2531 2536 2601 jam
2565 2529 2896 2601 adimplesse
2918 2544 3030 2584 non
3071 2529 3359 2585 dubitavit.
3410 2527 3641 2584 Factum
3673 2537 3764 2585 est

2163 2633 2342 2680 autem
2401 2633 2527 2695 post
2565 2622 2871 2678 discessum
2912 2636 3108 2679 eorum
3149 2621 3312 2693 longo
3367 2628 3655 2691 tempore,
3696 2632 3764 2677 nt

2161 2716 2456 2789 praedictus
2475 2716 2562 2770 vir
2584 2730 2781 2771 manus
2808 2724 2932 2785 post
2956 2724 3171 2788 tergum
3194 2714 3392 2784 ligatas
3404 2713 3755 2781 dissolveret,

2162 2818 2216 2867 et
2246 2824 2485 2879 pannum
2516 2823 2628 2877 pra:
2657 2807 2833 2863 oculis
2878 2807 3107 2877 ligatum
3149 2806 3539 2875 disrumperet,
3580 2814 3637 2860 et
3677 2807 3761 2863 sic

466 2888 553 2960 gia
576 2905 671 2960 per
692 2890 965 2946 licentiam
988 2892 1203 2948 abbatis
1224 2894 1294 2948 ad
1322 2908 1382 2948 se
1404 2895 1602 2963 recepit
1629 2902 1683 2948 et
1702 2911 1826 2964 quae
1861 2910 2066 2966 corpo-.
2088 2923 2133 2985 ρ
2165 2901 2380 2957 tandem
2435 2898 2622 2954 funem
2667 2915 2779 2969 quo
2800 2896 3107 2968 suspensus
3141 2896 3320 2952 fuerat
3362 2895 3756 2969 confringeret.

464 2981 514 3037 ri
543 2984 854 3038 necessaria
879 2983 1098 3039 fuerant
1131 3000 1231 3056 pro
1271 2986 1653 3041 misericordia
1693 2987 1905 3043 Domini
1956 2989 2059 3059 ipsi

467 3075 727 3147 erogavit.
762 3074 863 3131 llic
889 3077 954 3132 ad
969 3078 1333 3148 patrocinium
1372 3079 1514 3134 beati
1537 3077 1845 3138 Godehardi
1871 3098 2062 3154 perve-

464 3168 565 3233 nit,
589 3176 644 3223 et
665 3161 1036 3240 integritatem
1058 3169 1307 3241 corporis
1331 3174 1592 3242 percepit.

490 3318 496 3322 ,
535 3260 628 3315 20.
668 3260 796 3316 Fuit
815 3261 981 3316 etiam
1003 3270 1138 3318 tunc
1155 3264 1422 3334 temporis
1445 3266 1501 3319 in
1531 3263 1835 3337 Thuringia
1882 3266 2063 3336 puella

465 3353 715 3424 quaedam
743 3353 992 3424 gibbosa,
1039 3355 1095 3409 in
1137 3354 1304 3411 dorso
1328 3356 1485 3413 valde
1527 3366 1771 3413 curvata.
1824 3357 1951 3414 Haec
1972 3375 2063 3416 ve-

466 3446 626 3502 niens
660 3446 725 3501 ad
749 3448 1115 3516 patrocinium
1144 3448 1291 3503 beati
1329 3426 1662 3519 Godehardi,
1707 3467 1805 3521 per
1849 3452 2061 3507 miseri-

467 3538 709 3593 cordiam
736 3538 827 3594 Dei
851 3548 937 3595 est
957 3548 1159 3607 erecta,
1183 3551 1239 3596 et
1257 3542 1406 3611 quod
1430 3557 1557 3598 raro
1579 3543 1696 3598 fieri
1720 3546 1876 3603 solet.
1901 3544 2069 3615 gibbo

466 3639 553 3685 est
574 3631 801 3688 omnino
836 3632 1071 3703 privata.
1098 3631 1196 3688 Vir
1218 3634 1443 3705 quidam
1476 3634 1546 3689 ab
1567 3635 1756 3691 eadem
1796 3645 1940 3691 terra
1966 3651 2071 3697 nae

468 3731 582 3791 tus,
606 3739 704 3793 per
723 3724 1165 3780 misericordiam
1212 3725 1432 3781 Domini
1450 3734 1505 3782 et
1541 3726 1683 3783 beati
1729 3727 2061 3796 Godehardi,

468 3816 537 3870 ab
559 3817 748 3871 eodem
773 3817 965 3871 morbo
986 3827 1071 3873 est
1090 3818 1376 3874 liberatus.

539 3908 630 3962 2|.
656 3906 856 3964 Iisdem
882 3925 1011 3991 vero
1040 3912 1380 3980 temporibus
1406 3911 1508 3967 fuit
1538 3919 1791 3968 matrona
1812 3914 2062 3983 quedam

471 3999 541 4057 ab
567 3998 764 4055 Hassia
787 3999 925 4070 (87),
950 4002 1209 4057 omnibus
1234 4003 1789 4072 comprovincialibus
1811 4013 1962 4065 nota.
2011 4015 2071 4061 et

472 4090 733 4147 maximis
761 4090 1175 4150 infirmitatibus
1196 4110 1294 4163 per
1339 4094 1511 4149 multa
1552 4104 1796 4166 tempora
1824 4097 2061 4155 detenta.

471 4180 600 4239 llzec
622 4198 747 4239 cum
771 4183 907 4238 nihil
926 4184 1039 4254 jam
1062 4194 1262 4256 praeter
1284 4195 1515 4243 mortem
1556 4198 1819 4259 speraret,
1847 4191 2063 4247 tandem

2162 2992 2243 3047 Ad
2267 2999 2467 3047 terram
2493 3007 2623 3047 vero
2667 3000 2977 3061 prostratus
3010 2990 3206 3066 videns
3237 3004 3298 3046 se
3337 2989 3547 3043 nullam
3576 2990 3759 3045 Iasio-

2162 3100 2286 3141 nem
2313 3084 2512 3139 habere
2534 3082 2589 3137 in
2616 3082 2799 3153 fugam
2826 3099 2886 3140 se
2909 3082 3200 3148 convertit,
3231 3091 3285 3136 et
3306 3082 3503 3136 silvam
3524 3097 3653 3152 quae
3672 3082 3758 3136 vi—

2163 3176 2283 3230 cina
2305 3185 2425 3232 erat
2468 3190 2595 3230 cum
2639 3173 2987 3229 festinatione
3026 3173 3289 3229 introivit.
3334 3170 3451 3229 Hoc
3505 3173 3761 3229 videntes

2163 3265 2385 3337 quidam
2409 3264 2502 3336 qui
2528 3280 2638 3320 non
2674 3275 2883 3320 remote
2903 3265 3277 3321 discesserant
3319 3278 3446 3318 eum
3472 3264 3757 3320 admiran-

2163 3368 2245 3416 tes
2272 3366 2702 3427 prosequuntur,
2742 3364 2799 3411 et
2840 3365 3095 3427 rogantes
3116 3371 3242 3411 eum
3284 3355 3478 3412 silvam
3510 3356 3684 3422 exire,
3706 3364 3759 3411 et

2166 3449 2299 3504 nihil
2324 3450 2426 3506 nisi
2460 3450 2596 3505 bene
2618 3449 2685 3504 de
2706 3449 2789 3504 eis
2809 3463 3050 3518 sperare.
3077 3446 3185 3516 Qui
3228 3448 3448 3502 tandem
3492 3447 3760 3503 adhorta-

2166 3543 2312 3597 tione
2342 3542 2582 3612 ipsorum
2607 3540 2966 3606 confortatus,
2993 3540 3187 3595 silvam
3231 3538 3421 3607 exivit,
3445 3547 3653 3594 etcum
3676 3542 3765 3595 eis

2164 3633 2523 3704 magnificans
2544 3644 2594 3688 et
2616 3632 2927 3703 glorificans
2958 3632 3250 3708 Dominum
3292 3645 3470 3700 usque
3490 3630 3562 3685 ad
3584 3632 3765 3686 cede.

2165 3724 2306 3780 siam
2333 3724 2596 3795 pervenit.
2629 3722 2727 3779 llic
2752 3733 2944 3794 postea
2965 3722 3033 3777 ad
3071 3721 3435 3793 patrocinium
3460 3721 3608 3776 beati
3638 3722 3765 3797 βο-

2166 3815 2390 3871 dehardi
2416 3815 2595 3881 venit;
2620 3825 2671 3871 et
2696 3830 2818 3886 quae
2843 3813 2948 3869 sibi
2973 3828 3070 3884 per
3117 3812 3558 3867 misericordiam
3590 3812 3684 3867 Dei
3706 3821 3767 3869 et

2164 3905 2309 3963 beati
2332 3905 2640 3963 Godehardi
2691 3905 3053 3976 contigerant,
3089 3904 3526 3961 contestantibus
3548 3904 3762 3960 civibus

2167 4001 2309 4068 suis,
2332 3999 2425 4071 qui
2446 4000 2634 4069 plures
2660 4014 2766 4053 una
2791 4013 2979 4054 secum
3001 3996 3365 4067 advenerant,
3394 3996 3560 4052 nobis
3582 3998 3764 4051 omni-

2166 4092 2271 4153 bus
2292 4093 2584 4149 enarravit.
2612 4090 2760 4158 Quot
2779 4105 2910 4146 vero
2936 4104 3234 4160 suspensos
3255 4097 3312 4143 et
3332 4087 3447 4157 jam
3475 4089 3531 4143 in
3554 4091 3763 4146 articu-

2168 4182 2222 4239 lo
2244 4186 2438 4240 mortis
2454 4182 2602 4239 Deus
2628 4198 2727 4254 per
2746 4181 2945 4238 merita
2978 4182 3118 4236 beati
3148 4180 3462 4237 Godehardi
3489 4182 3763 4237 liberave-

472 4273 841 4346 patrocinium
866 4275 1010 4329 beati
1040 4274 1359 4333 Godehardi
1408 4278 1690 4335 humiliter
1729 4279 2059 4352 imploravit,
2095 4275 2140 4333 D
2167 4278 2240 4333 rit
2262 4278 2487 4349 longum
2526 4284 2674 4333 esset
2714 4290 2813 4346 per
2864 4274 3082 4347 singula
3124 4274 3470 4331 describere:
3519 4275 3764 4331 maxime

471 4384 702 4439 seseque
723 4369 788 4424 ad
822 4377 1021 4424 terram
1045 4380 1365 4440 prostravit,
1386 4381 1441 4428 et
1461 4373 1602 4429 miro
1644 4373 1810 4430 modo
1851 4383 2057 4431 sanita-

472 4470 577 4519 tem
600 4462 820 4532 recepit.
846 4460 982 4517 Nam
1013 4462 1141 4517 etin
1166 4463 1390 4537 inguine
1416 4466 1508 4521 ubi
1548 4475 1709 4524 antea
1749 4483 1881 4523 caro
1924 4484 2059 4525 sana

469 4553 673 4622 fuerat,
696 4554 879 4611 subito
901 4570 959 4610 se
980 4556 1212 4625 aperuit,
1237 4568 1290 4613 et
1321 4558 1463 4614 duos
1504 4561 1713 4626 lapides
1741 4568 1908 4616 tanta:
1937 4577 2049 4616 ma-

469 4647 794 4720 gnitudinis,
830 4657 1049 4716 quantae
1072 4650 1128 4703 in
1174 4649 1417 4707 humano
1466 4667 1693 4722 corpore
1718 4669 1875 4708 nemo
1902 4654 2056 4723 prius

466 4740 699 4808 viderat,
723 4741 907 4796 subito
938 4742 1140 4798 emisit.
1165 4740 1287 4809 Quo
1312 4742 1476 4805 facto,
1496 4760 1663 4799 unum
1690 4760 1878 4801 secum
1902 4748 1953 4800 in
1981 4747 2056 4802 si-

469 4850 637 4905 gnum
660 4834 927 4907 miraculi,
945 4851 1118 4905 usc'ue
1139 4838 1203 4892 ad
1218 4839 1579 4909 patrocinium
1592 4839 1734 4895 beati
1755 4841 1973 4895 fimieha
1982 4842 2059 4896 rrli

470 4926 526 4980 in
548 4926 834 4983 ecclesiam
859 4937 1101 4983 nostram
1117 4928 1311 4996 detulit
1329 4948 1341 4997 ;
1358 4933 1588 4986 alterum
1611 4947 1737 4988 vero
1756 4934 1842 4987 ius
1870 4934 2058 5005 ignum

478 5015 696 5073 virtutis
724 5018 813 5073 Dei
839 5019 986 5074 domi
1023 5021 1338 5076 reservavit.

540 5107 632 5161 22.
657 5108 817 5166 Circa
844 5109 985 5167 idem
1011 5122 1226 5184 tempus
1252 5114 1480 5186 cantigit
1502 5116 1556 5169 in
1579 5115 1877 5187 Thuringia
1923 5117 2058 5174 insi-

550 5280 661 5360 (ἣῦ)
695 5281 834 5360 llrbs
858 5284 1174 5358 Thuringtre
1232 5288 1527 5360 prtecipua,
1582 5290 1848 5345 celebrem
1896 5272 2061 5345 habet

2167 4387 2293 4429 cum
2328 4368 2488 4425 funes
2510 4368 2712 4439 quibus
2746 4367 3003 4438 suspensi
3042 4364 3278 4433 fuerant,
3306 4366 3572 4422 omnibus
3596 4367 3650 4421 in
3672 4383 3763 4422 ec-

2164 4463 2389 4519 clesiam
2412 4471 2656 4518 nostram
2680 4460 3099 4516 adventantibus
3121 4460 3335 4530 possint
3358 4460 3757 4515 demonstrari.

2233 4556 2324 4612 23.
2366 4554 2523 4611 Tunc
2567 4552 2827 4624 temporis
2850 4552 2973 4608 dum
2997 4551 3251 4606 mulieres
3276 4550 3344 4605 de
3367 4549 3673 4621 longinquo
3694 4550 3761 4605 ad

2160 4647 2521 4719 patrocinium
2557 4644 2695 4701 beati
2725 4641 3031 4699 Godehardi
3062 4650 3345 4707 venerunt,
3369 4655 3493 4711 qua:
3528 4639 3758 4710 gratiam

2163 4740 2266 4797 sibi
2293 4739 2363 4796 ab
2391 4754 2459 4794 eo
2492 4737 2751 4794 collatam
2780 4733 3130 4791 devotissime
3156 4732 3313 4788 nobis
3344 4732 3605 4786 omnibus
3634 4747 3761 4786 nar-

2162 4838 2446 4889 raverunt.
2480 4828 2615 4884 Nam
2652 4829 2824 4884 altera
2856 4836 2977 4897 post
3004 4824 3327 4880 immensam
3360 4823 3754 4885 infirmitatem,

2160 4938 2377 4981 omnem
2411 4920 2709 4992 appetitum
2737 4917 2841 4976 cibi
2877 4926 2931 4973 et
2971 4925 3131 4986 potus
3180 4916 3384 4981 amisit,
3408 4914 3544 4970 adeo
3569 4923 3629 4968 ut
3658 4930 3757 4969 nec

2163 5017 2344 5074 cibum
2374 5030 2473 5071 nec
2493 5021 2677 5085 potum
2716 5011 2858 5066 intra
2884 5009 3024 5089 duos
3062 5023 3280 5063 menses
3310 5005 3620 5077 sumpserit.
3659 5003 3758 5058 Vi-

2160 5109 2508 5187 dens‘autem
2539 5121 2600 5162 se
2624 5104 2788 5160 vitam
2823 5102 2907 5161 sic
2939 5102 3103 5171 longo
3137 5108 3379 5170 tempore
3430 5113 3539 5153 non
3594 5112 3753 5168 posse

2161 5287 2268 5342 hoc
2295 5290 2548 5360 consule_
2568 5277 3010 5360 Trithemtumin
3055 5280 3335 5360 Chronico
3368 5276 3748 5360 llirsaugiensi
