4018 6462
223 381 372 445 ίΞΠ

1772 375 1952 431 νιτΑ.

3338 362 3514 426 ’1918

221 498 477 564 retinere,
504 490 939 551 misericordiam
970 488 1117 548 beati
1134 488 1445 547 Godehardi
1475 488 1805 559 imploravit,
1836 497 1882 554 Α
1909 495 1969 544 ut
1989 485 2251 558 parvulus
2275 482 2451 557 ipsius
2492 484 2700 542 inscius
2737 484 2961 541 domum
2988 484 3365 557 egrederetur,
3389 498 3521 556 por-

218 599 279 647 et
305 587 597 660 pristinum
623 593 825 640 statuat
851 582 1073 653 recepit.
1104 582 1287 636 Altera
1321 596 1475 646 vero,
1501 594 1627 635 cum
1657 580 1821 651 longo

221 685 469 749 tempore
500 675 708 731 lumine
731 683 878 729 esset
902 674 1133 743 privata,
1164 672 1219 726 in
1239 672 1348 737 via,
1383 672 1440 726 in
1475 686 1583 742 qua
1617 670 1684 725 ad
1719 684 1823 740 pa-

139 818 142 820 .
226 768 520 825 trocinium
582 764 725 820 beati
783 763 1093 820 Godehardi
1148 764 1438 835 pergebat,
1482 772 1567 817 est
1613 762 1822 816 illumi-

246 870 377 918 .ata.

297 953 388 1007 et.
439 950 566 1006 Fuit
620 963 750 1005 vero
804 948 998 1004 iisdem
1039 947 1381 1019 temporibus
1436 947 1492 1002 in
1554 927 1826 1004 Mindens‘

231 1046 345 1119 (88)
383 1046 705 1117 episcopatu
728 1043 815 1099 vir
842 1043 1066 1113 quidam
1115 1042 1486 1098 datmoniacus
1533 1043 1671 1097 adeo
1722 1041 1824 1097 ob-

231 1152 422 1194 sessus
447 1146 508 1192 ut
528 1136 621 1191 vix
645 1136 837 1206 plures
867 1150 995 1190 eum
1020 1133 1338 1199 retinerent,
1368 1134 1501 1204 quin
1537 1149 1597 1189 se
1644 1134 1824 1204 ipsum

231 1229 567 1286 interimeret
598 1236 653 1282 et
680 1227 818 1282 alios
850 1227 972 1281 neci
1025 1225 1280 1281 traderet.
1322 1225 1423 1282 llic
1455 1226 1674 1281 tandem
1712 1239 1829 1279 ma-

235 1321 398 1379 nibus
426 1327 552 1390 post
576 1328 787 1391 tergum
817 1317 1002 1389 ligatis
1051 1325 1106 1373 et
1147 1318 1378 1388 pedibus
1431 1315 1825 1380 concatenatis,

233 1428 332 1484 per
358 1421 612 1483 parentes
640 1426 770 1467 suos
805 1412 874 1465 ad
899 1410 1265 1480 patrocinium
1315 1409 1461 1466 beati
1519 1408 1829 1466 Godehardi

233 1504 541 1571 deducitur,
569 1503 799 1574 ejusque
825 1501 1094 1557 auxilium
1128 1502 1198 1557 ab
1222 1503 1480 1558 omnibus
1523 1501 1831 1558 humillime

194 1620 200 1624 ·
236 1596 578 1667 imploratur.
618 1592 885 1651 Dominus
912 1610 1045 1650 vero
1080 1610 1235 1661 suus,
1264 1593 1555 1651 Hezelinus
1586 1595 1827 1665 nomine,

235 1688 428 1745 videns
447 1702 722 1744 summam
753 1686 873 1757 ejus
897 1687 1245 1742 vexationem
1285 1703 1350 1743 ac
1379 1688 1676 1742 maximam
1730 1684 1831 1743 tri-

237 1778 607 1844 bulationem,
662 1777 921 1834 misertus
972 1777 1094 1848 ejus
1144 1777 1327 1849 ipsum
1379 1779 1719 1847 manumisit,
1765 1795 1832 1837 ac

1925 585 2050 631 tans
2077 572 2455 647 panniculum,
2493 591 2655 646 quem
2693 576 2747 631 in
2782 577 2960 647 platea
2991 577 3300 646 invenerat,
3324 579 3379 634 in
3411 588 3523 648 quo

1924 677 2097 724 mater
2128 685 2324 725 novem
2356 684 2634 735 nummos,
2663 670 2822 739 quasi
2856 670 3134 726 nesciente
3178 687 3348 742 puero
3391 671 3522 741 quid

1924 769 2126 833 ageret,
2149 760 2473 831 reperiebat.
2508 760 2606 817 llis
2635 763 2709 817 ita
2738 762 3131 834 gestis,laudes
3155 762 3266 817 Deo
3288 771 3340 817 et
3362 764 3522 817 beato

1924 853 2250 911 Godehardo
2277 855 2558 925 persolvit,
2588 854 2681 925 qui
2708 863 2761 910 et
2798 855 2971 925 ipsam
3002 856 3070 910 ab
3107 855 3377 909 anxietate
3409 854 3521 909 cri—
3570 885 3575 889 -

1924 945 2064 1016 puit,
2097 955 2151 1001 et
2179 961 2400 1001 omnem
2431 937 2765 1001 dubietatem
2798 962 2829 1000 a
2873 947 3038 1002 corde
3092 945 3265 1017 ipsius
3322 946 3524 1001 eXstir-

1926 1038 2092 1106 pavit.

2002 1129 2089 1183 27.
2131 1128 2290 1185 Circa
2322 1128 2464 1184 idem
2487 1112 2713 1200 tempus
2759 1128 2864 1185 fuit
2906 1145 3041 1200 puer
3097 1129 3152 1186 in
3206 1129 3524 1201 episcopatu

1892 1294 1895 1297 Α
1927 1220 2198 1277 Mindensi
2230 1223 2284 1276 in
2317 1223 2466 1289 villa,
2492 1238 2615 1293 qua:
2638 1220 2980 1293 Lanesberge
3009 1223 3333 1292 appellatur,
3368 1223 3524 1278 clau-

1928 1318 2033 1373 dus
2060 1325 2114 1370 et
2143 1318 2285 1371 miro
2310 1318 2474 1372 modo
2506 1324 2838 1372 contractus.
2867 1313 3025 1369 Hunc
3050 1323 3302 1385 parentes
3329 1314 3524 1385 ipsius,

1928 1409 2058 1464 licet
2087 1424 2376 1479 pauperes,
2401 1409 2470 1463 ad
2504 1408 2870 1479 patrocinium
2905 1407 3048 1463 beati
3081 1406 3388 1462 Godehardi
3431 1407 3533 1462 ad-

1931 1501 2295 1567 duxerunt,et
2317 1518 2417 1571 pro
2445 1501 2565 1571 ejus
2587 1500 2821 1556 sanitate
2867 1487 3237 1570 recuperanda
3283 1499 3526 1555 devotis-

1931 1593 2069 1649 sime
2109 1593 2546 1649 misericordiam
2594 1593 2768 1663 ipsius
2816 1592 3196 1663 implorabant.
3225 1591 3349 1648 Sed
3396 1593 3529 1648 dum

1933 1687 2335 1758 aliquantulum
2361 1705 2575 1743 moram
2602 1688 2862 1755 facerent,
2887 1703 2988 1743 nec
3024 1687 3194 1742 ullum
3222 1685 3529 1757 profectum

1933 1780 1990 1834 in
2018 1797 2190 1852 puero
2230 1782 2499 1849 viderent,
2551 1783 2620 1838 ad
2672 1781 2920 1852 proprias
2973 1780 3288 1835 mansiones
3352 1778 3531 1833 redire

239 1888 458 1931 servum
493 1872 654 1927 beato
675 1869 1002 1926 Godehardo
1035 1871 1277 1927 tradidit.
1315 1870 1437 1939 Quo
1466 1871 1630 1939 facto,
1651 1871 1835 1927 statim
1868 1853 1911 1908 Β
1937 1875 2229 1944 parabant,
2262 1873 2391 1946 quia
2430 1889 2491 1929 se
2514 1873 2762 1929 exaudiri
2783 1872 3037 1942 deinceps
3064 1871 3403 1927 dubitabant.
3424 1867 3531 1923 Sed

239 1966 530 2023 sanitatem
561 1965 787 2035 recepit,
819 1974 875 2019 ct
899 1980 1023 2021 cum
1072 1966 1393 2034 parentibus
1448 1967 1592 2034 suis,
1642 1967 1837 2025 solutis

240 2058 497 2125 vinculis,
526 2056 736 2129 integer
756 2064 812 2112 et
843 2056 1137 2114 incolumis
1170 2057 1394 2114 domum
1423 2061 1687 2115 remeavit

310 2149 402 2205 25.
444 2150 560 2205 Sub
585 2150 779 2206 eodem
815 2157 1058 2220 tempore
1085 2151 1235 2205 venit
1284 2152 1339 2207 in
1392 2154 1681 2209 ecclesiam
1735 2168 1839 2209 no—

242 2250 414 2299 stram
441 2241 527 2297 vir
555 2242 781 2312 quidam
803 2256 1017 2313 magna:
1040 2243 1377 2313 paenitentia:
1410 2256 1466 2299 et
1500 2245 1841 2302 austeritatis

243 2334 341 2405 qui
367 2349 465 2404 per
488 2334 659 2389 multa
685 2341 931 2404 tempora
956 2349 1178 2389 carnem
1210 2350 1365 2390 suam
1388 2336 1590 2407 vigiliis
1618 2345 1674 2392 et
1697 2336 1842 2407 jeju—

244 2426 354 2482 niis
390 2426 727 2493 domaverat,
751 2426 889 2482 adeo
915 2434 976 2482 ut
998 2434 1055 2481 et
1073 2426 1301 2482 loricam
1327 2427 1553 2485 indutus
1596 2430 1664 2484 ad
1714 2444 1842 2486 car—

246 2533 373 2574 nem
397 2526 657 2588 portaret.
676 2516 789 2573 llic
815 2533 940 2573 cum
970 2519 1163 2574 devote
1182 2534 1369 2575 coram
1400 2530 1630 2590 patrono
1652 2529 1843 2577 nostro

247 2607 593 2664 orationibus
629 2607 926 2675 insisteret,
962 2607 1152 2664 multis
1202 2609 1535 2678 videntibus,
1581 2625 1681 2681 per
1720 2625 1846 2682 gra-

247 2700 383 2756 tiam
418 2699 535 2768 Dei,
567 2699 738 2756 lorica
767 2700 929 2771 quasi
962 2700 1067 2756 tela
1117 2716 1333 2757 aranea:
1379 2702 1598 2773 dirupta
1651 2711 1754 2770 est,
1792 2710 1848 2757 et

248 2808 429 2865 usque
448 2793 517 2848 ad
541 2802 741 2849 terram
760 2793 985 2865 dilapsa.
1010 2792 1056 2850 0
1070 2794 1249 2850 virum
1278 2795 1430 2851 omni
1456 2796 1617 2853 laude
1639 2796 1849 2869 dignis-

250 2886 479 2953 simum,
510 2885 671 2960 cujus
702 2885 916 2942 meritis
943 2896 999 2942 et
1048 2887 1269 2943 vincula
1327 2897 1675 2959 peccatorum
1727 2889 1847 2946 dis-

249 2986 602 3047 rumpuntur,
629 2984 684 3032 et
712 2976 962 3048 ligaturat
987 2976 1179 3035 ferreae
1209 2979 1609 3035 dissolvuntur!

324 3070 416 3123 26.
458 3067 702 3126 Habebat
734 3075 880 3128 tunc'
906 3072 1169 3143 temporis
1222 3072 1500 3129 abbatissa
1547 3072 1617 3129 de
1668 3070 1849 3128 Wun-

253 3160 420 3217 storﬂ'
435 3159 549 3232 (89)
578 3162 836 3219 claudum
888 3164 1182 3234 quemdam
1232 3164 1391 3219 valde
1443 3164 1696 3231 debilem,
1752 3162 1853 3237 qui

225 3252 485 3310 .omnino
519 3267 584 3309 os
620 3252 674 3308 in
710 3269 853 3325 genu
880 3255 1161 3320 amiserat,
1188 3263 1242 3310 et
1271 3270 1402 3312 crus
1434 3256 1492 3311 iu
1537 3270 1849 3326 quamcun-

254 3359 367 3415 que
391 3353 600 3415 partem
623 3332 865 3413 volebat,
893 3347 1052 3418 quasi
1112 3347 1235 3404 sine
1275 3348 1535 3418 junctura
1580 3347 1845 3403 vertebat.

259 3434 417 3493 'l‘uuc
442 3438 741 3508 abbatissa,
765 3443 891 3495 cu‘m
919 3448 1071 3495 tanta
1101 3441 1368 3497 miracula
1411 3455 1508 3511 per
1556 3448 1851 3511 patronum

258 3534 511 3582 nostrum
559 3528 681 3584 fieri
729 3530 1052 3601 perciperet,
1092 3545 1280 3586 secum
1331 3531 1653 3601 praedictum
1696 3530 1852 3585 clau—

258 3618 393 3675 dum
442 3636 616 3693 usque
662 3622 732 3679 ad
786 3622 975 3678 limina
1022 3623 1237 3693 patroni
1272 3623 1447 3679 nostri
1480 3623 1751 3694 perduxit,
1778 3628 1851 3688 et,

261 3710 376 3769 Deo
402 3711 654 3782 faciente,
677 3730 875 3771 sanum
899 3724 955 3771 et
984 3716 1314 3772 incolumem
1327 3717 1562 3773 reduxit.
1596 3715 1703 3773 Sed
1729 3731 1856 3773 cum

240 3805 335 3862 ead
363 3806 653 3862 ecclesiam
680 3807 785 3863 sibi
820 3808 1175 3865 commissam
1205 3817 1495 3877 remearet,
1521 3825 1648 3866 cum
1694 3809 1856 3881 bym-

264 3896 436 3954 niset
463 3898 740 3967 laudibus,
763 3913 891 3954 eum
937 3899 1155 3955 reduxit
1197 3898 1443 3956 referens
1495 3899 1698 3972 gratias
1731 3896 1859 3955 'Deo

264 4006 370 4062 pro
378 3993 546 4079 .omni
574 3993 722 4048 dono
753 3993 858 4049 sibi
886 3993 1103 4049 collato.
1131 3991 1258 4049 Haec
1281 3993 1472 4050 videns
1494 3993 1692 4049 mulier
1711 4008 1861 4064 quae-

266 4082 395 4137 dam
426 4084 610 4138 minus
635 4084 909 4154 religiosa,
944 4099 1044 4139 nec
1077 4083 1369 4140 Dominum
1409 4085 1630 4152 timens,
1656 4084 1712 4138 iu
1746 4085 1863 4139 luce

269 4173 435 4228 verba
466 4175 717 4245 prorupit
743 4192 756 4229 :
796 4173 867 4230 Se
897 4190 1179 4245 nunquam
1209 4176 1347 4231 velle
1379 4175 1682 4247 patrocinia
1717 4173 1864 4231 beati

270 4262 580 4320 Godehardi
609 4265 922 4336 implorare,
946 4266 1055 4322 nisi
1089 4281 1320 4338 puerum
1356 4270 1650 4339 quemdam
1685 4266 1867 4324 omni-

271 4356 381 4413 lius
407 4359 674 4415 membris
711 4359 1073 4427 debilitatum,
1102 4376 1269 4432 quem
1317 4368 1447 4417 tunc
1490 4364 1753 4434 temporis
1807 4363 1865 4420 in

272 4448 451 4517 platea
480 4458 782 4521 reptantem
806 4450 961 4518 vidit,
972 4458 1123 4506 recto
1144 4466 1338 4523 gressu
1358 4452 1567 4508 videret
1592 4453 1861 4509 incedere.

1935 1969 2065 2025 dum
2089 1984 2259 2040 prope
2285 1968 2353 2023 ad
2398 1967 2603 2035 villam,
2654 1982 2779 2038 qua:
2830 1964 3151 2035 Runeberge
3207 1962 3529 2033 appellatur,

1935 2051 2239 2129 venissent,
2262 2068 2317 2116 et
2345 2062 2399 2115 in
2427 2060 2665 2132 quodam
2697 2070 2855 2129 prato
2902 2072 2961 2112 se
3014 2056 3301 2127 quieturos
3347 2054 3535 2122 dispo-

1937 2157 2184 2215 suissent
2205 2198 2220 2223 ,
2255 2156 2310 2211 in
2346 2156 2655 2227 lacrymosa
2681 2153 2844 2208 verba
2872 2157 3262 2223 proruperunt,
3292 2161 3536 2216 conque-

1937 2257 2121 2304 rentes
2145 2264 2204 2302 se
2226 2248 2283 2301 in
2309 2247 2481 2301 multa
2508 2243 2860 2300 tribulatione
2892 2242 2958 2297 ad
2995 2240 3358 2311 patrocinium
3388 2235 3535 2292 beati

1942 2341 2255 2398 Godehardi
2290 2340 2527 2405 venisse,
2562 2337 2656 2393 sed
2700 2336 2908 2392 nullam
2960 2334 3192 2407 gratiam
3252 2332 3306 2387 in
3364 2343 3536 2402 puero

1942 2450 2044 2491 suo
2076 2433 2405 2505 percepisse.
2436 2430 2541 2498 Qui
2578 2430 2707 2486 dum
2748 2428 2829 2484 sic
2871 2426 3330 2496 colloquerentur,
3356 2422 3538 2491 subito

1941 2543 2076 2598 puer
2100 2527 2366 2592 membra,
2398 2540 2520 2595 qum
2540 2531 2700 2577 antea
2722 2519 2939 2575 fuerant
2968 2518 3272 2586 incurvata,
3294 2515 3540 2578 extendit

1943 2629 1998 2676 et
2021 2620 2087 2675 de
2122 2635 2287 2675 curru
2320 2618 2375 2672 in
2406 2632 2518 2687 quo
2551 2615 2847 2670 vehebatur
2872 2612 3028 2666 laetus
3065 2618 3119 2665 ct
3155 2624 3328 2664 ovans
3360 2608 3543 2679 prosi-

1944 2711 2065 2767 luit.
2091 2709 2247 2778 Quod
2278 2718 2571 2781 postquam
2603 2722 2734 2777 gens
2763 2704 2942 2759 vicina
2977 2703 3205 2768 viderat,
3232 2702 3378 2756 illico
3404 2716 3542 2759 una-

1945 2801 2171 2857 nimiter
2219 2801 2514 2855 Dominum
2572 2796 2973 2860 collaudabant,
3010 2801 3066 2849 et
3119 2794 3187 2849 ad
3234 2794 3542 2863 proximam

1947 2892 2232 2948 ecclesiam
2264 2905 2494 2961 puerum
2533 2896 2786 2944 sanatum
2809 2883 3161 2941 devotissime
3183 2882 3540 2939 deducebant.

1951 2980 2057 3037 Sed
2081 2996 2149 3037 ne
2181 2988 2398 3035 tantum
2427 2976 2756 3032 miraculum
2778 2976 2833 3029 in
2861 2973 3192 3028 oblivionem
3217 2972 3542 3037 traderetur,

1951 3073 2006 3129 in
2044 3072 2304 3143 praedicto
2330 3071 2454 3126 loco
2493 3083 2677 3124 casam
2718 3065 3013 3137 quamdam
3059 3063 3546 3135 comprovinciales

1951 3166 2255 3238 erigebant,
2299 3164 2393 3219 ubi
2444 3162 2630 3217 ﬁdeles
2680 3166 3071 3230 praetereuntes
3125 3157 3181 3211 in
3243 3154 3548 3211 reverentia

1952 3257 2114 3313 istius
2140 3254 2391 3311 miraculi
2414 3260 2541 3324 post
2565 3251 2740 3306 multo
2774 3256 3017 3320 tempore
3055 3246 3362 3303 oblationes
3394 3244 3549 3301 defe-

1951 3349 2163 3405 rebant.

2024 3464 2113 3519 28.
2153 3461 2291 3517 Fuit‘
2307 3462 2434 3516 item
2469 3458 2698 3519 claudus
2721 3457 2945 3528 quidam
2973 3454 3080 3512 illis
3120 3462 3322 3525 tempe:
3337 3452 3459 3507 ibus
3493 3450 3550 3505 in

1956 3555 2204 3612 Goslaria
2242 3552 2354 3625 (90)
2393 3552 2652 3608 omnibus
2683 3557 2869 3617 notus,
2893 3548 2988 3620 qui
3024 3555 3080 3603 et
3109 3547 3224 3618 ipse
3263 3561 3363 3617 pro
3386 3556 3551 3601 recuu

1954 3647 2196 3720 peranda
2229 3645 2464 3702 sanitate
2499 3644 2567 3699 ad
2592 3643 2812 3698 beatum
2844 3640 3230 3697 Godehardum
3266 3654 3326 3694 se
3354 3644 3550 3693 contu-

1955 3737 2097 3802 lerat
2134 3745 2210 3803 et,
2250 3736 2484 3791 Domino
2524 3734 2837 3806 adjuvante,
2884 3730 3172 3786 sanitatem
3234 3726 3553 3798 recipiebat,

1960 3818 2095 3886 adeo
2120 3836 2180 3884 ut
2230 3812 2726 3899 scabella‘quibus
2772 3834 2933 3880 antea
2981 3821 3248 3892 reptabat,
3287 3819 3445 3889 quasi
3495 3818 3554 3874 in

1961 3922 2179 3993 signum
2208 3918 2508 3986 memoriae,
2534 3918 2588 3972 in
2624 3915 2856 3972 ecclesia
2906 3921 3096 3970 nostra
3154 3911 3557 3981 derelinqueret

1961 4021 2017 4068 et
2048 4012 2163 4083 ipse
2197 4019 2413 4067 erectus
2442 4008 2736 4064 incederet.
2770 4004 2885 4063 Hoc
2917 4005 3102 4076 plures
3132 4003 3372 4075 religiosi
3409 4002 3557 4057 illius

1962 4104 2199 4161 civitatis
2231 4104 2336 4159 viri
2385 4102 2643 4158 omnibus
2692 4099 3018 4156 ﬂducialiter
3067 4097 3435 4164 afﬁrmabant,
3461 4092 3558 4168 qui

1963 4212 2062 4272 per
2090 4196 2262 4252 multa
2290 4205 2533 4266 tempora
2567 4209 2694 4249 eum
2730 4193 2986 4249 claudum
3018 4191 3410 4263 agnoscebant.

2035 4290 2127 4346 29.
2169 4288 2295 4345 Fuit
2325 4303 2455 4343 vero
2493 4298 2624 4343 tunc
2659 4285 2922 4356 temporis
2972 4284 3028 4338 in
3083 4285 3226 4352 loco,
3282 4282 3561 4338 territorio

1966 4382 2211 4439 ecclesia:
2236 4390 2441 4438 nostra:
2491 4380 2728 4446 addicto,
2765 4379 2861 4450 qui
2895 4378 3088 4433 Aulica
3125 4376 3450 4447 appellatur,
3477 4374 3563 4427 vir

1966 4480 2135 4530 tantae
2168 4474 2507 4546 aegritudinis
2536 4473 2591 4528 in
2625 4473 2841 4539 morbo,
2878 4472 2971 4541 qui
3000 4470 3181 4526 ﬁstula
3236 4467 3561 4538 appellatur,

274 4535 504 4593 Factum
537 4547 622 4595 est
655 4539 819 4611 igitur
870 4548 932 4595 ut
981 4549 1238 4611 parentes
1290 4542 1463 4613 ipsius
1502 4543 1699 4614 pueri,
1743 4556 1850 4615 posl

1969 4574 2030 4622 ut
2054 4566 2167 4637 jam
2191 4535 2417 4620 omnino
2441 4564 2609 4618 vitam
2644 4564 2988 4633 desperaret;
3046 4560 3175 4631 quia
3226 4559 3430 4613 nodum
3483 4554 3563 4612 ἴθι

275 4643 483 4699 paucos
506 4628 625 4687 dies
662 4632 731 4687 ad
775 4631 1142 4701 patrocinium
1193 4633 1339 4690 beati
1389 4634 1700 4691 Godehardi
1738 4651 1866 4691 eum

275 4720 570 4790 deferrent,
597 4732 654 4780 et
685 4722 846 4780 factis
877 4725 1219 4782 orationibus
1253 4741 1354 4797 pro
1393 4728 1532 4798 ipso,
1577 4744 1773 4785 sanum
1813 4737 1869 4785 et

277 4814 530 4873 incedere
550 4817 821 4874 valentem
850 4818 1173 4889 reciperent.
1203 4818 1360 4889 Quod
1392 4829 1682 4892 postquam
1733 4822 1871 4880 vidit

276 4905 504 4977 praefata
526 4907 745 4976 mulier,
769 4924 835 4964 ex
859 4909 1042 4965 verbis
1091 4910 1383 4966 temerarie
1420 4913 1670 4982 prolatis,
1707 4914 1870 4970 corde

278 4995 518 5051 contrito
536 5003 592 5051 et
626 4996 916 5053 bumiliato
940 4998 1214 5069 paenituit,
1245 5007 1300 5055 et
1324 5015 1383 5056 se
1409 5000 1749 5058 visitaturam
1774 5019 1872 5075 pa—

278 5091 502 5140 tronum
535 5094 789 5141 nostrum
814 5085 1047 5144 Domino
1078 5090 1244 5144 vovit.
1292 5088 1407 5148 Hoc
1436 5090 1602 5159 facto,
1649 5109 1714 5148 ex
1757 5093 1869 5149 imo

278 5176 464 5232 cordis
496 5178 735 5248 suspiria
784 5178 960 5247 duxit,
997 5181 1356 5240 considerans
1401 5184 1507 5240 sibi
1557 5187 1870 5242 necessaria

279 5266 383 5323 vite
411 5268 621 5338 deesse,
653 5270 740 5325 vel
772 5271 915 5327 unde
944 5272 1131 5342 pueris
1167 5287 1234 5327 ex
1258 5289 1317 5328 se
1352 5275 1550 5346 genitis
1569 5276 1718 5331 donii
1743 5292 1873 5347 pos-

281 5359 354 5415 sit
385 5361 688 5431 providere.
718 5361 852 5430 Quae
876 5364 1009 5420 dum
1034 5364 1116 5421 sic
1145 5366 1480 5435 anxiaretur,
1531 5366 1736 5423 factum
1786 5377 1870 5425 cst

363 5601 492 5687 (ὃβ)⁸
508 5602 691 5661 Minda
720 5606 862 5687 urbs
883 5605 1253 5687 Westpbalizp.
1267 5606 1580 5687 Anzeatica,
1603 5611 1737 5687 olim
1767 5611 1873 5687 sub

280 5658 1872 5750 nenia..pagatimammarnaagiaaaa;inscia}

282 5743 727 5819 Bran_debt_irgico
751 5743 879 5804 data
917 5743 1021 5805 est.

359 5814 475 5891 (89l
511 5814 902 5877 Monasterium
930 5819 986 5875 in
1008 5819 1234 5879 dioecesi
1260 5819 1530 5881 Mindensi
1554 5837 1585 5878 a
1622 5821 1872 5881 Theode-

1969 4658 2140 4714 mdris
2164 4656 2217 4711 in
2246 4656 2507 4725 junctura
2538 4663 2663 4709 ante
2692 4653 2933 4724 positum
2993 4650 3271 4716 amiserat,
3302 4656 3356 4702 et
3400 4654 3564 4703 caete-

1968 4756 2088 4803 ra‘m
2120 4754 2330 4818 partem
2377 4745 2490 4814 jam
2542 4758 2601 4798 se
2649 4741 2985 4797 amissurum
3033 4738 3277 4794 timebat.
3338 4735 3438 4794 llic
3495 4736 3566 4792 ad

1969 4838 2338 4912 patrocinium
2367 4835 2512 4891 beati
2549 4834 2860 4891 Godehardi
2897 4848 3019 4889 sese
3054 4830 3255 4888 deferri
3286 4828 3563 4904 praecepit,

1972 4938 2027 4985 et
2048 4928 2342 4986 sanitatem
2372 4928 2644 4997 corporis,
2694 4924 2807 4981 Deo
2865 4923 3121 4989 faciente,
3166 4921 3389 4992 recepit.
3437 4919 3569 4985 Post

1959 5022 2090 5077 ‘haac
2120 5020 2363 5088 nodum,
2396 5035 2559 5090 quem
2584 5027 2744 5091 antea
2777 5033 2944 5073 manu
2985 5016 3215 5083 ferebat,
3245 5015 3301 5069 in
3348 5012 3566 5085 signum

1971 5111 2226 5168 miraculi
2250 5119 2304 5167 et
2332 5109 2462 5166 doni
2493 5110 2598 5165 sibi
2621 5125 2652 5165 a
2677 5108 2911 5164 Domino
2940 5107 3149 5172 collati,
3183 5106 3242 5160 in
3275 5103 3566 5160 ecclesiam

1970 5204 2232 5276 suspendi
2254 5203 2442 5275 jussit,
2474 5217 2539 5258 ac
2566 5200 2762 5259 deinde
2798 5200 2957 5256 laetus
3004 5204 3059 5254 et
3111 5198 3295 5253 alacer
3341 5195 3567 5251 domum

1968 5297 2255 5353 remeavit.

2041 5388 2131 5444 '50.
2172 5387 2331 5444 Circa
2361 5388 2504 5442 idem
2544 5394 2757 5457 tempus
2795 5383 2899 5439 fuit
2931 5392 3183 5439 matrona
3220 5382 3468 5452 quaedam
3503 5379 3569 5435 de

1974 5608 2241 5687 ricocjus
2265 5608 2420 5687 urbis
2445 5603 3034 5687 episeopoconditum.
3075 5675 3106 5687 ﬂ
3264 5675 3276 5686 ν
3438 5673 3452 5686 .
3488 5672 3500 5683 _

2049 5675 2163 5754 (9οξ
2201 5675 3030 5754 Goslariaiirbs:esl_inferi9ris
3074 5675 3329 5754 Senoniae
3368 5675 3453 5754 sui
3481 5675 3557 5754 ju;

1974 5745 2074 5817 ris,
2099 5752 2167 5807 ad
2207 5751 2385 5806 fontes
2426 5748 2586 5805 Okrze
2619 5747 2789 5819 fluvii,
2815 5747 2870 5801 in
2893 5746 3112 5819 ducatu
3144 5745 3569 5807 Brunswicensi,

1977 5816 2124 5879 haud
2152 5822 2345 5880 procul
2376 5822 2445 5878 ab
2468 5816 2840 5877 Hildesbemio
2873 5816 3087 5873 dissita.
