4056 5360
502 299 638 362 1219

1311 273 1375 355 ε.
1415 297 1814 358 GODEHARDI
1852 293 2166 356 episcopi
2199 281 2826 351 HILDESHEIIENSIS

3655 284 3789 342 1220

499 411 859 470 ﬁervordcnsi
888 412 999 484 (91)
1025 412 1146 467 loco
1174 412 1378 484 genita,
1401 429 1524 484 quae
1553 413 1778 468 omnino
1803 410 1906 466 fuit
1929 426 2091 482 para-
2117 413 2166 473 Α
2194 423 2226 463 a
2253 407 2470 464 nemine
2521 407 2774 477 cognitus
2805 411 2910 460 est.
2944 398 3045 457 Hic
3083 399 3206 458 sine
3252 413 3409 457 mora
3450 399 3525 460 ad
3557 398 3795 472 palmei-

497 505 662 577 lytica
690 513 743 558 et
771 501 1028 559 omnibus
1059 503 1321 559 membris
1341 506 1608 560 dissoluta
1645 523 1656 559 :
1693 505 1904 558 nullum
1945 502 2093 558 enim

500 595 810 651 membrum
833 595 1006 666 ipsius
1032 595 1313 666 proprium
1336 595 1570 650 oﬂicium
1595 596 1860 662 exercuit,
1879 595 1973 650 sed
1997 609 2097 650 nec

500 690 830 760 permultos
859 690 974 744 dies
1019 676 1318 759 adimplere
1371 690 1558 744 valuit.
1617 688 1743 744 llaec
1794 688 2096 744 maximam

503 790 714 850 partem
742 779 1063 834 substantiae
1107 796 1221 834 sure
1251 779 1307 833 in
1338 780 1582 835 medicos
1622 780 1972 850 expcnderat,
2005 777 2101 832 sed

502 886 602 940 per
626 885 721 926 eos
752 870 1038 924 sanitatem
1069 870 1318 940 corporis
1349 886 1676 941 recuperare
1707 886 1817 924 non
1866 879 2096 940 poterat.

505 959 751 1016 Audiens
786 978 915 1016 vero
945 970 1151 1016 tantam
1176 961 1408 1032 gratiam
1437 978 1534 1032 per
1562 961 1755 1016 merita
1806 961 1947 1020 beati
1995 960 2104 1016 Go-

505 1051 733 1106 dehardi
790 1052 1105 1106 hominibus
1149 1069 1176 1106 a
1217 1052 1452 1107 Domino
1508 1067 1855 1118 concessam,
1906 1051 2105 1120 spretis

510 1143 878 1199 exterioribus
905 1144 1151 1211 medicis,
1182 1155 1355 1199 totam
1385 1161 1444 1199 se
1475 1143 1866 1198 misericordizn
1891 1142 2106 1196 Domini

509 1236 930 1301 commendavit,
971 1245 1023 1290 et
1071 1237 1138 1290 ad
1194 1235 1557 1305 patrocinium
1605 1235 1758 1295 beati
1798 1233 2108 1290 Godeliardi

512 1323 711 1377 deferri
749 1327 1024 1394 praecepit.
1063 1325 1196 1391 Quae
1221 1327 1351 1380 dum
1378 1327 1660 1396 aliquanto
1693 1335 1936 1396 tempore
1986 1341 2107 1380 mo-

513 1429 630 1468 ram
662 1413 862 1469 faceret
895 1416 947 1468 in
985 1426 1170 1472 nostra
1222 1416 1474 1482 ecclesia,
1513 1425 1629 1471 tum
1687 1433 1784 1486 per
1833 1416 2110 1471 orationes

497 1506 779 1573 fidelium,
819 1518 935 1562 tum
970 1524 1064 1578 per
1091 1509 1232 1564 beati
1257 1508 1566 1564 Godehardi
1597 1509 1966 1579 patrocinium
2017 1524 2112 1563 sa—

517 1599 676 1654 nitati
701 1609 786 1654 cst
808 1601 1039 1665 reddita,
1077 1610 1129 1656 et
1157 1601 1341 1656 omnia
1395 1603 1641 1656 membra
1699 1603 1818 1672 ejus
1881 1601 2112 1672 pristino

512 1691 690 1762 vigori
727 1693 997 1747 restituta.
1032 1693 1159 1749 Hzec
1205 1705 1392 1764 postea
1444 1694 1760 1766 frequenter
1805 1697 1872 1750 ad
1924 1694 2112 1750 limina

2196 499 2349 552 nium
2380 498 2523 553 beati
2564 495 2874 553 Godehardi
2911 509 2970 550 se
2998 493 3250 559 contulit,
3284 501 3339 547 et
3367 508 3470 563 pro
3499 507 3602 548 sua
3643 492 3791 546 soluo

2197 589 2345 643 tione
2373 588 2576 658 gratias
2604 587 2836 642 Domino
2859 587 2915 639 in
2945 586 3177 642 ecclesia
3203 595 3388 641 nostra
3417 584 3703 655 persolvit.

2267 681 2358 734 55.
2389 679 2512 734 Fuit
2538 695 2668 734 vero
2710 689 2840 734 tunc
2874 677 3134 748 temporis
3159 677 3215 730 in
3259 675 3503 731 Marcbia
3545 674 3797 746 Ungaria:

2200 770 2284 824 vir
2335 771 2558 840 quidam
2619 771 2675 825 in
2722 771 3032 840 captivitate
3083 769 3313 839 positus,
3368 777 3423 823 et
3481 766 3800 823 fortissimis

2201 864 2556 932 compedibus
2609 863 2970 933 eompeditus,
3033 863 3126 933 qui
3179 863 3314 916 nihil
3353 863 3502 916 aliud
3542 860 3802 930 sperabat

2203 970 2368 1024 quam
2403 956 2486 1009 vel
2523 955 2706 1010 omnia
2737 970 2838 1009 sua
2888 955 3139 1009 amittere
3183 954 3268 1008 vel
3303 963 3537 1009 mortem
3594 950 3802 1006 subire.

2204 1045 2286 1100 Ad
2322 1063 2484 1102 aures
2529 1047 2702 1116 ipsius
2733 1046 2878 1102 fama
2924 1046 3070 1102 beati
3112 1047 3421 1101 Godehardi
3451 1046 3717 1112 intonuit,
3755 1053 3804 1100 et

2207 1147 2411 1208 quanta
2461 1138 2726 1216 Dominus
2767 1154 2867 1208 pro
2921 1138 3042 1208 ejus
3087 1154 3276 1192 amore
3321 1146 3649 1208 operaretur
3704 1136 3806 1206 ipsi

2208 1231 2464 1284 innotuit.
2496 1229 2617 1285 Mox
2642 1231 2710 1285 ad
2736 1240 2937 1284 terram
2966 1247 3024 1285 se
3050 1231 3362 1300 prostravit,
3400 1240 3455 1285 et
3475 1230 3601 1300 ejus
3629 1239 3808 1299 patro-

2209 1322 2416 1376 cinium
2452 1322 2802 1378 devotissime
2856 1323 3186 1393 imploravit.
3232 1321 3458 1377 Factum
3506 1332 3594 1377 est
3646 1323 3808 1392 igitur

2211 1424 2269 1470 ut
2294 1416 2411 1486 ipsa
2439 1424 2595 1472 nocte
2621 1425 2811 1472 catena
2839 1432 2946 1487 qua
2985 1417 3181 1486 ligatus
3212 1425 3329 1470 erat
3352 1431 3410 1471 se
3459 1417 3807 1482 dissolveret,

2211 1515 2264 1562 et
2293 1507 2407 1577 ipse
2436 1508 2502 1562 de
2529 1509 2860 1577 captivitate,
2879 1507 2990 1561 Deo
3014 1507 3326 1576 adjuvante,
3342 1507 3626 1561 evaderet.
3656 1505 3812 1562 Hunc

2211 1615 2403 1655 omnes
2448 1600 2504 1654 in
2528 1601 2760 1656 ecclesia
2806 1608 2993 1655 nostra
3021 1599 3297 1666 viderunt,
3339 1608 3393 1654 et
3441 1599 3525 1654 sic
3555 1599 3813 1654 evenisse

2215 1691 2359 1746 circa
2389 1707 2514 1746 eum
2543 1693 2811 1747 veraciter
2838 1699 3216 1762 perceperunt.

498 1783 663 1838 beati
703 1783 1013 1838 Godeliardi
1059 1762 1324 1852 pervenit,
1352 1793 1406 1839 et
1440 1762 1727 1856 pro-dono
1759 1785 1864 1840 sibi
1917 1786 2114 1841 collato
2145 1762 2191 1817 Β
2288 1785 2376 1839 54.
2412 1783 2608 1840 Iisdem
2631 1801 2759 1840 vero
2786 1785 3122 1854 temporibus
3161 1783 3264 1839 fuit
3306 1785 3531 1855 quidam
3563 1794 3815 1856 paganus

513 1876 722 1945 gratias
754 1890 862 1930 non
892 1875 1216 1930 immodicas
1247 1875 1478 1931 Domino
1505 1878 1782 1947 persolvit.

589 1967 679 2020 31.
722 1964 839 2020 Νοη
870 1967 1042 2020 multo
1071 1974 1194 2036 post
1228 1976 1471 2037 tempore
1504 1969 1651 2023 venit
1675 1969 1756 2023 vir
1781 1969 2004 2041 quidam
2058 1969 2113 2024 in

517 2063 766 2110 nostram
814 2055 1127 2122 ecclesiam,
1157 2056 1363 2111 habens
1421 2058 1585 2112 liliam
1633 2058 1788 2114 valde
1839 2059 2115 2128 dilectam,

518 2161 644 2214 quae
671 2146 821 2216 gravi
846 2147 1039 2201 morbo
1072 2147 1356 2202 laborabat
1385 2159 1438 2204 et
1454 2149 1569 2219 jam
1604 2150 1770 2204 morti
1806 2151 2113 2220 propiabat.

521 2237 658 2296 Nam
692 2242 897 2313 gutturi
921 2244 1094 2314 ipsius
1119 2260 1184 2299 os
1208 2245 1492 2301 immensae
1534 2247 1948 2318 magnitudinis,
1972 2259 2024 2305 et
2049 2265 2118 2306 ex

523 2341 760 2404 utraque
815 2345 967 2406 parte
1016 2337 1199 2408 magni
1236 2339 1507 2394 acuminis
1534 2356 1629 2410 per
1659 2357 1756 2395 sex
1785 2341 1902 2396 dies
1933 2343 2119 2398 adhze—

521 2437 695 2494 serat,
731 2430 877 2498 quod
913 2431 1097 2484 nullus
1118 2439 1444 2501 extorquere
1479 2433 1674 2502 quavis
1717 2442 1834 2488 arte
1883 2435 2116 2489 valebat.

521 2518 633 2586 Qui
659 2520 894 2590 primum
921 2523 1164 2578 medicos
1195 2524 1249 2577 in
1282 2524 1498 2578 civitate
1527 2534 1716 2580 nostra
1744 2535 1875 2581 tunc
1905 2536 2120 2597 tempo-

527 2612 608 2668 ris
635 2624 1036 2670 commorantes
1057 2615 1345 2682 circuibat,
1377 2625 1429 2671 et
1456 2617 1526 2671 ab
1554 2619 1633 2672 eis
1668 2619 1958 2674 consilium
1989 2619 2121 2689 quid

523 2702 594 2756 de
618 2701 724 2756 lilia
753 2715 893 2760 esset
925 2715 1150 2760 acturus
1173 2706 1520 2775 requirebat;
1552 2708 1644 2761 sed
1670 2709 1880 2762 nullum
1905 2709 2124 2764 salubre

526 2793 819 2848 consilium
843 2796 1246 2851 adinveniebat.
1277 2795 1579 2852 Destinatus
1622 2805 1803 2852 autem
1847 2800 1998 2854 omni
2030 2817 2125 2854 ex-

531 2885 720 2940 teriori
762 2886 1015 2953 consilio,
1046 2887 1113 2942 ad
1143 2888 1508 2956 patrocinium
1553 2889 1699 2944 beati
1731 2889 2039 2946 Godchardi
2067 2906 2126 2947 se

535 2995 646 3044 una
667 2996 794 3036 cum
819 2981 929 3035 tilia
967 2980 1215 3047 contulit,
1253 2981 1544 3051 ipsumque
1574 2998 1673 3052 pro
1715 2999 1778 3038 ea
1819 2984 2124 3038 humillima

531 3069 820 3127 devotione
844 3072 1173 3142 imploravit.
1211 3071 1435 3126 Factum
1463 3079 1548 3127 est
1579 3089 1710 3143 ergo
1756 3083 1816 3128 ut
1866 3074 1982 3144 ipsa
2040 3074 2127 3129 die

533 3165 712 3234 puella
737 3179 799 3219 os
826 3165 944 3220 sine
971 3165 1192 3219 lzesione
1220 3164 1438 3234 cjicerct
1456 3207 1470 3232 ,
1501 3174 1555 3220 et
1604 3165 1870 3236 integram
1901 3166 2131 3236 sospita-

535 3266 645 3310 tem
678 3266 1044 3326 recuperaret.
1077 3255 1195 3310 Non
1221 3257 1392 3311 multo
1418 3266 1542 3327 post
1571 3257 1760 3312 eodem
1793 3258 1983 3312 morbo
2009 3257 2132 3328 qui-

537 3349 668 3404 dam
695 3365 790 3419 per
820 3359 1026 3419 septem
1062 3349 1180 3404 dies
1208 3349 1510 3415 laborabat,
1558 3358 1613 3404 et
1651 3349 1767 3419 jam
1825 3350 2130 3405 certissime

532 3441 588 3496 ei
622 3457 772 3496 mors
803 3441 1121 3496 imminebat
1165 3458 1178 3494 :
1239 3441 1330 3496 hic
1360 3441 1583 3496 veniens
1635 3443 1702 3496 ad
1765 3442 2130 3512 patrocinium

536 3533 683 3589 beati
713 3534 1042 3600 Godehardi,
1068 3533 1252 3589 statim
1276 3534 1538 3588 liberatus
1563 3542 1664 3601 est,
1685 3542 1738 3588 et
1763 3535 1815 3588 in
1839 3534 2131 3606 pristinum

535 3636 742 3682 statum
775 3627 1080 3682 restitutus.

609 3741 698 3796 ‘52.
737 3739 979 3812 Contigit
1013 3755 1144 3796 vero
1165 3740 1309 3796 circa
1346 3741 1488 3797 idem
1540 3751 1754 3812 tempus
1787 3741 1933 3812 quod
1963 3740 2135 3798 Eeke—

539 3833 746 3889 bardus
790 3833 1014 3904 quidam
1056 3833 1124 3887 de
1165 3831 1441 3904 Wigeleve
1499 3844 1791 3906 cognatum
1841 3835 2132 3905 quemdam

537 3941 704 3981 suum
734 3926 786 3979 vi
809 3933 863 3980 et
900 3924 1167 3995 injuriose
1209 3926 1522 3996 captivavit,
1553 3936 1607 3982 et
1639 3927 1941 3996 contrajus
1969 3935 2024 3982 et
2051 3925 2135 3984 fas

539 4015 920 4073 incarceravit.
947 4014 1052 4083 Qui
1079 4017 1209 4070 dum
1253 4016 1535 4088 aliquanto
1571 4026 1814 4088 tempore
1860 4018 1914 4072 in
1963 4019 2136 4089 capti—

538 4107 712 4162 vitate
742 4109 1106 4174 detineretur,
1139 4109 1368 4179 contigit
1407 4109 1462 4163 in
1507 4109 1624 4179 ipsa
1667 4119 1827 4165 nocte
1872 4109 2137 4166 Penteco—

541 4205 676 4263 stes,
726 4199 856 4253 dum
904 4198 1258 4254 matutinales
1305 4199 1455 4253 horae
1497 4200 1926 4266 celebrarentur,
1975 4209 2037 4256 ut
2069 4200 2138 4257 ad

541 4299 746 4346 terram
785 4304 845 4345 se
889 4299 1258 4359 prosterneret
1288 4305 1353 4345 ac
1383 4289 1746 4362 patrocinium
1783 4293 1928 4348 beati
1959 4293 2138 4374 Code-

545 4383 702 4440 ltardi
741 4399 840 4454 pro
883 4399 983 4438 sua
1016 4383 1354 4438 liberatione.
1383 4384 1718 4454 imploraret.
1779 4381 2023 4440 Tandem
2070 4385 2140 4440 ab

2217 1876 2284 1932 de
2327 1877 2676 1933 ulterioribus
2711 1877 2957 1947 partibus
3005 1875 3236 1932 Sclavia:
3265 1887 3480 1946 captus,
3508 1886 3566 1931 et
3605 1879 3663 1930 in
3693 1876 3816 1930 Hal.

2217 1969 2565 2041 verbergensi
2599 1968 2710 2041 (92)
2745 1969 2878 2024 urbe
2922 1969 3309 2024 incarceratus.
3336 1968 3455 2034 Hic,
3481 1968 3630 2023 fama
3659 1983 3815 2022 reve-

2218 2061 2384 2126 lante,
2409 2062 2474 2116 de
2515 2070 2745 2131 patrono
2779 2070 2969 2116 nostro
3004 2062 3269 2127 audierat,
3302 2071 3356 2116 et
3391 2070 3602 2131 quanta
3631 2060 3819 2114 Domi-

2219 2169 2324 2208 nus
2349 2169 2449 2223 pro
2489 2153 2609 2223 ejus
2647 2168 2834 2208 amore
2887 2163 3205 2223 operaretur
3245 2168 3578 2223 quocunque
3631 2152 3816 2217 modo,

2219 2255 2404 2316 utpote
2428 2261 2693 2316 paganus,
2710 2256 3042 2316 perceperat.
3072 2244 3189 2310 llic,
3217 2247 3453 2316 quadam
3479 2254 3642 2300 nocte
3665 2259 3819 2298 mor-

2221 2340 2292 2394 tis
2329 2339 2522 2392 timore
2553 2347 2797 2403 coactus,
2847 2337 2989 2392 inter
3018 2352 3171 2408 spem
3201 2337 3570 2406 timoremque
3599 2336 3819 2406 pendu-

2222 2430 2329 2497 lus,
2369 2430 2672 2485 orationem
2713 2445 2780 2484 ex
2812 2429 2923 2484 imo
2966 2429 3148 2484 cordis
3183 2429 3250 2483 ad
3277 2429 3497 2483 beatum
3528 2428 3820 2483 Godebar-

2223 2523 2355 2578 dum
2385 2523 2603 2587 direxit,
2650 2532 2705 2577 et
2744 2530 2806 2576 ut
2842 2522 2928 2576 sui
2952 2521 3302 2576 misereretur
3327 2521 3684 2576 devotissime
3724 2535 3821 2575 ex-

2224 2615 2418 2670 oravit.
2445 2613 2565 2681 Quo
2598 2613 2761 2681 facto,
2787 2614 2905 2668 sine
2931 2628 3082 2667 mora
3103 2628 3169 2667 ex
3190 2621 3388 2668 trunco
3415 2627 3630 2683 magna:
3659 2611 3822 2668 molis

2225 2717 2278 2763 et
2307 2695 2663 2773 fortitudinis,
2705 2722 2815 2777 quo
2839 2705 3134 2762 conclusus
3163 2703 3362 2770 fuerat,
3398 2705 3612 2775 integro
3635 2719 3822 2759 remao

2227 2809 2410 2866 nente,
2439 2799 2596 2870 quasi
2619 2816 2686 2854 ex
2717 2798 2923 2868 liquida
2948 2814 3006 2851 re
3023 2797 3141 2852 sine
3165 2797 3384 2852 laesione
3404 2797 3571 2867 pedes
3597 2795 3821 2862 eduxit;

2227 2901 2282 2947 et
2308 2893 2542 2963 qualiter
2570 2891 2623 2946 id
2667 2891 2768 2946 sibi
2800 2891 3091 2947 accidisset
3132 2889 3421 2961 ignoravit,
3476 2905 3583 2944 nec
3632 2887 3823 2959 fugam

2230 2985 2502 3040 ullatenus
2529 2983 2669 3038 iniit.
2700 2981 2797 3036 Die
2832 2997 2961 3037 vero
2986 2982 3334 3036 illucescente
3362 2981 3623 3036 custodes
3653 2979 3821 3034 adve-

2233 3085 2451 3142 nerunt,
2505 3085 2559 3130 et
2588 3091 2696 3129 non
2731 3074 2849 3129 sine
2885 3073 3247 3127 admiratione
3280 3087 3477 3142 magna
3506 3088 3635 3127 eum
3664 3087 3824 3140 repe‘

2234 3176 2441 3222 rerunt.
2477 3166 2832 3222 Sciscitantes
2871 3180 3002 3220 vero
3023 3166 3256 3235 qualiter
3285 3165 3337 3220 id
3370 3165 3476 3220 sibi
3504 3165 3572 3219 ad
3604 3165 3827 3219 invoca-

2233 3258 2439 3314 tionem
2464 3260 2702 3314 nominis
2737 3258 2882 3313 beati
2911 3257 3220 3313 Godehardi
3249 3257 3540 3312 accidisset
3569 3257 3828 3310 admirati

2232 3361 2382 3417 sunt,
2428 3351 2758 3422 dominoque
2809 3365 2912 3406 suo
2961 3350 3284 3414 retulerunt,
3320 3359 3376 3404 et
3401 3349 3534 3420 quid
3565 3349 3827 3418 deinceps

2231 3453 2414 3500 essent
2434 3444 2606 3499 acturi
2633 3443 2988 3513 quaesierunt.
3014 3441 3278 3496 Dominus
3294 3457 3426 3497 vero
3458 3451 3826 3512 compunctus

2233 3543 2384 3591 tanto
2426 3537 2690 3591 miraculo
2720 3535 2950 3607 gratiam
2996 3534 3278 3604 impendit,
3314 3534 3610 3604 ipsumque
3655 3533 3830 3604 capti~

2231 3643 2360 3684 vum
2385 3629 2502 3684 sine
2536 3629 2757 3684 laesione
2781 3627 3072 3683 abscedere
3104 3627 3288 3696 jussit.
3319 3626 3568 3694 Quantos
3592 3642 3744 3690 vero,
3775 3635 3829 3680 et

2233 3731 2369 3794 quot
2398 3721 2787 3788 incarceratos,
2811 3728 2866 3775 et
2893 3718 3152 3774 maximis
3189 3719 3529 3788 compeditos
3551 3719 3828 3788 compedi-

2234 3814 2360 3879 bus,
2391 3812 2656 3868 Dominus
2700 3829 2798 3882 per
2832 3812 3197 3882 patrocinium
3241 3810 3384 3864 beati
3435 3809 3749 3864 Godehardi
3794 3825 3825 3862 a

2235 3921 2450 3962 summa
2486 3905 2838 3961 tribulatione
2866 3903 3180 3968 absolverit,
3210 3903 3434 3973 longum
3462 3912 3548 3956 est
3573 3902 3828 3971 perscri-

2237 4009 2328 4069 pta
2357 4013 2702 4064 enumerare,
2734 4013 2860 4053 cum
2891 3997 3092 4067 quibus
3126 3996 3239 4065 ipsa
3273 4003 3547 4049 tormenta
3577 3995 3632 4048 in
3655 3993 3827 4047 eccle-

2237 4091 2320 4146 sia
2349 4099 2536 4145 nostra
2567 4089 2856 4160 pendentia
2896 4089 3070 4158 possit
3102 4101 3452 4158 cognoscere.
3485 4085 3828 4156 Quapropter

2239 4200 2349 4238 non
2383 4197 2851 4252 supervacaneum
2894 4180 3154 4235 duximus
3184 4179 3419 4248 plurima
3463 4194 3533 4232 ex
3572 4180 3682 4243 his,
3710 4193 3828 4248 qua:

2240 4275 2402 4346 longa
2455 4271 2635 4330 forent
2680 4273 2939 4339 scribere,
2980 4270 3274 4342 praeterire,
3317 4279 3373 4325 et
3417 4270 3486 4325 ad
3520 4271 3629 4324 alia
3673 4271 3828 4325 inno-

2243 4366 2496 4423 tescenda
2525 4365 2780 4421 transire.
3444 4353 3452 4364 ’

527 4474 795 4530 oratione
824 4489 882 4530 se
907 4473 1148 4540 elevans,
1183 4471 1430 4528 foramen
1456 4474 1594 4530 adeo
1639 4483 1852 4530 arctum
1881 4474 2122 4542 accessit,

2313 4459 2402 4513 55.
2435 4455 2555 4512 Non
2583 4457 2754 4512 multo
2776 4462 2899 4525 post
2924 4469 2989 4510 ea
3014 4467 3138 4524 qua:
3160 4451 3423 4518 diximus,
3452 4451 3557 4508 fuit
3591 4452 3678 4507 vir
3707 4449 3833 4522 qui4

544 4574 606 4620 ut
627 4581 763 4636 puer
789 4565 957 4620 trium
982 4578 1254 4620 annorum
1280 4565 1615 4635 pertransire
1639 4563 1802 4639 [non]
1828 4566 2136 4636 potuisset;

545 4655 641 4709 sed
673 4655 801 4708 dum
827 4662 994 4724 caput
1041 4654 1358 4724 applicaret,
1384 4662 1446 4708 ut
1489 4653 1592 4710 sibi
1642 4655 1822 4710 visum
1848 4663 1952 4723 est,
1994 4653 2142 4711 fora-

545 4761 671 4800 men
698 4761 758 4801 se
786 4745 1050 4812 dilatavit,
1069 4753 1123 4800 et
1140 4746 1254 4816 ipse
1282 4761 1451 4802 sanus
1468 4754 1522 4801 et
1549 4745 1842 4804 incolumis
1861 4757 2142 4818 pertrans-

548 4837 666 4892 ivit.
716 4835 814 4894 His
856 4839 930 4893 ita
989 4839 1176 4910 gestis,
1231 4840 1352 4894 sine
1395 4854 1552 4894 mora
1602 4841 1858 4896 omnibus
1905 4839 2146 4895 innotuit

548 4929 823 4999 captivum
875 4929 942 4984 de
980 4945 1202 4984 carcere
1249 4931 1518 5000 erupisse,
1564 4940 1617 4985 et
1663 4931 1843 4986 omnia
1879 4932 2141 4988 evasisse.

551 5020 749 5076 Statim
797 5038 986 5076 omnes
1031 5021 1363 5076 unanimiter
1405 5039 1531 5076 eum
1581 5032 2006 5094 prosequuntur,
2032 5025 2146 5080 vias

551 5113 755 5182 quibus
790 5115 1018 5176 evadere
1047 5113 1220 5183 possit
1242 5115 1506 5168 custodiis
1531 5115 1802 5182 muniunt,
1833 5125 1885 5169 et
1912 5117 2147 5185 qualiter

554 5218 680 5246 enm
723 5205 1122 5246 annrphnnrinnl
1161 5207 1418 5246 nmnilmc
1465 5207 1641 5246 mmlic
1689 5207 1963 5246 nlqlmrnnl
1988 5227 1999 5238 -
2027 5209 2118 5246 οοιι

2243 4551 2372 4606 dam
2414 4551 2624 4606 habens
2669 4549 2840 4604 ﬁlium
2868 4547 3210 4619 unigenitum
3237 4545 3394 4601 valde
3413 4545 3515 4600 sibi
3549 4547 3833 4610 dilectum,

2245 4643 2340 4714 qui
2365 4643 2559 4713 puerili
2583 4656 2732 4696 more
2753 4655 2846 4710 per
2867 4655 3092 4710 campos
3118 4636 3436 4694 cursitando
3464 4638 3712 4703 ludebat,
3744 4637 3838 4694 sed

2247 4733 2474 4790 fortuito
2521 4734 2588 4789 ad
2646 4733 2910 4787 fossatum
2967 4730 3241 4801 quoddam
3294 4731 3540 4795 veniens,
3597 4731 3838 4785 maxima

2248 4826 2540 4883 multitudo
2580 4833 2735 4879 terra:
2758 4840 2824 4878 ex
2855 4823 3154 4892 improviso
3173 4837 3338 4891 super
3364 4835 3492 4875 eum
3520 4821 3835 4876 corruebat.

2250 4920 2354 4976 Sed
2383 4930 2538 4990 pater
2580 4919 2696 4972 haec
2739 4917 3018 4987 ignorans,
3066 4929 3167 4968 nec
3211 4914 3389 4982 ipsum
3425 4927 3663 4980 puerum
3692 4913 3839 4967 domi

2249 5014 2548 5082 reperiens,
2607 5022 3003 5079 usquequaque
3056 5005 3354 5076 quaerebat,
3408 5019 3511 5059 nec
3563 5005 3838 5059 ullatenus

2248 5121 2374 5160 eum
2421 5102 2663 5157 invenire
2709 5107 2938 5169 poterat.
2973 5095 3124 5151 Unde
3172 5097 3373 5151 factum
3400 5104 3486 5149 est
3523 5103 3586 5147 ut
3614 5095 3838 5164 quidam

2250 5198 2456 5244 diceret.
2480 5211 2539 5242 se.
2578 5194 2720 5242 circa
2751 5192 3012 5240 fossatum
3051 5205 3279 5238 nuarum
3308 5188 3582 5236 ludentem
3613 5187 3834 5234 vidisse-
