4056 5360
288 150 426 221 last

1828 144 2013 213 'VITA.

3418 163 3575 222 ,1222

284 275 635 344 transcurrit,
668 283 724 331 et
756 289 1012 348 magnam
1051 273 1459 332 multitudinem
1486 284 1643 332 terra:
1671 275 1887 331 noviter
1914 280 1963 336 Α
1987 276 2211 347 signum
2255 276 2515 348 adjutorii
2544 277 2749 349 populo
2787 271 3067 345 intonuit;
3117 292 3254 349 puer
3297 294 3428 336 vero
3454 295 3584 338 ora-

286 372 567 431 corruisse
590 370 899 439 conspexit.
939 368 1062 437 Quo
1086 369 1226 437 viso,
1284 369 1560 441 adjunctis
1581 369 1686 424 sibi
1713 369 1887 439 pluri-

284 465 417 531 mis,
452 472 658 518 terram
688 478 814 517 cum
844 478 1042 533 magna
1064 462 1416 518 festinatione
1440 463 1656 528 retexit,
1686 470 1742 517 et
1762 478 1889 531 pue-

291 566 414 612 rum
448 554 657 608 nullum
703 552 967 608 indicium
1010 553 1136 608 vita:
1171 554 1464 608 habentem
1512 553 1738 607 invenit.
1789 550 1886 608 His

289 646 365 703 ita
390 644 578 715 gestis,
605 645 736 713 quia
778 659 988 715 magna:
1027 645 1420 700 misericordiae
1454 652 1751 715 patronum
1784 658 1887 698 no-

291 745 473 792 strum
511 736 734 790 beatum
781 733 1165 790 Godehardum
1210 734 1382 790 fuisse
1420 735 1689 801 audierat,
1742 734 1888 790 illico

289 843 483 899 preces
522 826 907 883 devotissimus
930 826 1000 881 ad
1036 827 1217 897 ipsum
1264 826 1471 899 dirigit,
1517 826 1802 897 adjiciens,
1839 826 1888 882 si

292 919 561 975 Dominus
597 934 694 989 per
738 919 932 973 merita
969 919 1143 989 ipsius
1177 919 1347 975 vitam
1390 919 1679 988 pristinam
1723 918 1887 974 resti-

292 1022 490 1081 tucret,
517 1015 697 1083 ipsum
721 1012 773 1067 ei
809 1013 866 1066 in
898 1020 1222 1082 perpetuum
1252 1027 1471 1068 servum
1504 1010 1744 1067 oﬁ‘erret.
1767 1010 1889 1078 Quo

292 1104 458 1171 facto,
488 1120 624 1176 puer
663 1105 790 1159 vitae
835 1105 1081 1175 pristinae
1117 1105 1446 1169 restituitur,
1473 1115 1544 1159 ac
1566 1103 1788 1158 domum
1814 1103 1890 1157 si—

293 1199 409 1253 mul
445 1214 569 1254 cum
595 1205 750 1268 patre
785 1197 1108 1267 regreditur.
1157 1196 1314 1253 Hunc
1356 1206 1546 1268 postea
1576 1212 1703 1252 cum
1735 1205 1889 1266 patre

279 1290 350 1344 in
372 1290 603 1346 ecclesia
655 1299 843 1345 nostra
878 1289 1137 1357 vidimus,
1161 1298 1216 1344 et
1242 1290 1313 1344 ab
1352 1290 1473 1358 ipso
1498 1297 1652 1360 patre
1702 1288 1782 1344 sic
1820 1288 1889 1344 de

292 1394 466 1449 puero
491 1379 741 1434 evenisse
769 1378 1076 1434 certissime
1102 1379 1481 1450 cognovimus.

365 1471 455 1526 56.
492 1471 619 1527 Fuit
664 1486 798 1526 vero
834 1480 965 1528 tunc
1008 1472 1273 1542 temporis
1298 1472 1382 1529 vir
1420 1470 1641 1540 quidam
1666 1470 1886 1537 inloco,

289 1564 389 1634 qui
430 1563 636 1619 Mindin
669 1564 996 1635 appellatur,
1041 1565 1179 1620 adeo
1206 1564 1263 1618 in
1312 1563 1592 1634 hydropisi
1634 1562 1888 1618 detentus

293 1664 356 1711 ut
386 1657 607 1712 circiter
634 1672 841 1711 annum
872 1656 928 1711 in
977 1671 1043 1711 eo
1068 1657 1362 1722 laboraret,
1402 1664 1457 1710 et
1480 1655 1594 1725 jam
1616 1655 1753 1709 nihil
1780 1654 1887 1710 nisi

292 1757 525 1804 mortem
550 1758 817 1819 speraret.
849 1748 969 1816 Hie,
986 1750 1175 1804 audito
1199 1749 1419 1803 nomine
1440 1747 1583 1803 beati
1606 1747 1889 1804 Godehar-

290 1839 372 1907 di,
400 1841 457 1894 in
494 1840 830 1910 adjutorium
877 1855 991 1896 suae
1025 1839 1360 1895 infirmitatis
1402 1854 1530 1893 eum
1572 1838 1889 1908 suppliciter

293 1930 598 1999 invocabat,
624 1939 680 1987 et
723 1941 785 1987 ut
819 1932 923 1987 sibi
966 1931 1021 1986 in
1058 1933 1382 1988 necessitate
1421 1932 1600 2003 posito
1636 1932 1891 1988 subveni-

292 2029 378 2076 ret
400 2022 680 2077 humiliter
716 2025 998 2078 exorabat.
1033 2022 1261 2079 Factum
1292 2031 1378 2079 est
1408 2039 1541 2096 ergo
1575 2039 1683 2079 non
1716 2025 1889 2080 multo

291 2122 417 2183 post
448 2123 505 2169 ut
524 2115 746 2186 quidam
783 2130 949 2187 quem
987 2132 1088 2172 nec
1128 2111 1286 2171 antea
1309 2117 1540 2183 viderat,
1573 2132 1674 2173 nec
1698 2125 1886 2188 postea

285 2207 450 2289 -vidit,
479 2208 549 2263 ad
594 2223 722 2264 eum
766 2209 998 2264 intraret
1026 2227 1040 2276 ;
1074 2218 1148 2277 et,
1187 2208 1332 2265 facta
1355 2209 1643 2276 incisione,
1677 2219 1885 2265 tantam

278 2291 686 2356 abundantiam
715 2312 873 2372 aqua:
908 2314 977 2357 ex
1017 2318 1082 2358 eo
1121 2318 1346 2358 manare
1387 2301 1591 2359 faceret
1623 2312 1885 2374 quantam

292 2380 384 2447 vix
428 2392 539 2447 tina
579 2393 705 2464 quis
746 2393 888 2449 ferre
934 2396 1221 2465 potuisset.
1270 2395 1391 2463 Quo
1431 2394 1597 2462 facto,
1643 2395 1887 2451 adhibita

292 2498 429 2539 cura
454 2486 742 2553 abscessit,
762 2502 861 2541 nec
884 2487 1142 2558 deinceps
1164 2488 1490 2558 comparuit.
1520 2486 1676 2542 llunc
1696 2497 1887 2558 postea

292 2576 529 2647 perfecte
573 2595 771 2634 sanum
808 2580 1068 2647 vidimus,
1094 2588 1169 2647 et,
1202 2597 1267 2636 eo
1315 2580 1603 2649 referente,
1634 2581 1715 2636 sic
1737 2580 1884 2636 circa

292 2684 423 2723 eum
446 2671 695 2727 evenisse
722 2672 988 2727 veraciter
1014 2672 1394 2744 cognovimus.
1832 2732 1835 2736 _

364 2760 454 2815 37.
488 2760 647 2817 Circa
681 2762 824 2818 idem
851 2771 1088 2835 tempus,
1117 2779 1217 2835 per
1243 2765 1464 2819 beatum
1498 2762 1883 2822 Godehardu'm

293 2850 510 2924 insigne
536 2854 765 2926 contigit
810 2855 1138 2911 miraculum
1172 2866 1225 2911 et
1245 2856 1471 2927 dignum
1504 2857 1769 2912 memoria
1792 2872 1884 2914 rc-

294 2942 598 3000 tinendum.
635 2943 773 3000 Nam
792 2946 1015 3016 quidam
1038 2946 1447 3018 peregrinantes
1480 2946 1549 3001 de
1574 2945 1745 3002 Ruzia
1768 2947 1880 3020 (95)

294 3032 365 3089 ad
403 3034 768 3104 patrocinium
805 3036 950 3091 beati
989 3035 1299 3092 Godehardi
1329 3036 1713 3103 adventabant,
1738 3047 1791 3091 et
1826 3038 1884 3091 in

280 3122 384 3178 die
420 3121 735 3180 Palmarum
781 3127 1057 3197 quoddam
1091 3127 1370 3183 desertum
1414 3128 1713 3182 intrabant.
1755 3126 1881 3194 Sed,

281 3210 608 3269 ‘Christiano
656 3231 828 3282 more,
859 3232 984 3271 cum
1015 3216 1262 3272 divinum
1310 3217 1547 3273 cilicium
1581 3219 1886 3275 niterentur

294 3318 572 3376 peragere,
622 3308 848 3380 contigit
875 3316 937 3364 ut
985 3310 1167 3364 subito
1210 3310 1501 3365 multitudo
1544 3326 1883 3382 paganorum

286 3396 353 3451 in
382 3412 477 3453 eos
524 3398 777 3470 irrueret,
816 3410 871 3458 et
921 3412 1190 3475 quotquot
1235 3413 1488 3475 poterant
1534 3405 1655 3461 neci
1701 3406 1882 3461 trade--

295 3498 438 3546 rent.
466 3490 698 3548 Factum
746 3506 831 3552 est
857 3512 991 3569 ergo
1040 3507 1102 3552 ut
1145 3499 1422 3563 sacerdos,
1469 3497 1566 3568 qui
1604 3513 1714 3552 una
1756 3513 1883 3554 cum

294 3578 431 3649 ipsis
452 3579 658 3649 fuerat,
699 3587 1066 3656 occumberet,
1116 3597 1171 3643 et
1204 3604 1303 3659 per
1334 3588 1644 3659 passionem
1683 3589 1751 3643 ad
1776 3587 1885 3643 Do-

296 3670 509 3727 minum
530 3674 797 3747 migraret
820 3695 834 3745 ;
859 3679 952 3733 alii
976 3695 1104 3735 vero
1124 3678 1369 3735 videntes
1397 3695 1456 3735 se
1485 3695 1593 3734 una
1618 3679 1879 3750 interimi,

294 3767 425 3826 licet
457 3769 695 3826 inermes
740 3772 992 3827 resistere
1038 3772 1118 3827 eis
1152 3773 1460 3843 parabant;
1514 3773 1607 3828 sed
1656 3774 1883 3843 propius

296 3861 692 3930 protectionem
720 3863 863 3918 beati
889 3858 1199 3919 Godebardi
1236 3865 1588 3920 devotissime
1618 3865 1881 3935 implora-
1942 3928 1943 3931 η

294 3948 449 4006 bant.
477 3950 599 4018 Quo
626 3951 791 4019 facto,
834 3954 959 4010 licet
986 3955 1170 4025 plures
1199 3962 1253 4010 ct
1292 3955 1487 4010 armati
1521 3964 1711 4011 contra
1736 3957 1885 4011 iner-

283 4056 417 4097 mes
440 4044 924 4114 congrederentur,
960 4052 1168 4113 tamen,
1201 4044 1435 4101 Domino
1483 4045 1737 4115 faciente,
1781 4064 1881 4119 pa-

295 4131 425 4203 gani
454 4147 515 4188 se
543 4132 599 4187 in
624 4131 808 4206 fugam
839 4143 1143 4203 verterunt,
1168 4144 1223 4191 et
1246 4151 1399 4191 arma
1422 4137 1628 4206 passim
1652 4154 1687 4192 a
1707 4153 1765 4193 se
1791 4154 1880 4194 re-

293 4225 563 4296 iecerunt.
613 4224 723 4296 Ipsi
770 4242 902 4282 vero
944 4228 1051 4284 hoc
1106 4229 1354 4284 videntes
1415 4229 1628 4286 baculis
1681 4231 1881 4301 quibus

1988 366 2195 421 tionem
2225 366 2292 421 ad
2319 366 2537 422 beatum
2577 364 2965 421 Godehardum
2988 368 3205 424 direxit.
3239 369 3468 427 Factum
3498 380 3586 428 est

1988 468 2119 524 ergo
2156 463 2215 508 ut
2243 456 2526 525 magister,
2571 455 2665 525 qui
2712 463 2903 510 natare
2946 469 3193 525 noverat,
3219 460 3502 516 conﬁdens
3528 462 3583 517 in

1988 546 2172 616 populi
2215 546 2488 616 adjutorio
2534 547 2999 617 submergeretur,
3051 565 3187 619 puer
3232 568 3361 608 vero
3396 564 3588 609 natare

1974 639 2260 715 nesciens,
2285 654 2381 709 per
2401 638 2722 710 suffragium
2736 639 2881 693 beati
2901 638 3211 698 Godehardi
3238 645 3583 701 liberaretur.

2060 738 2147 792 39.
2176 737 2329 794 Tunc
2364 739 2630 810 temporis
2653 738 2804 793 venit
2831 754 3052 810 quoque
3075 737 3326 808 qumdam
3356 751 3588 807 panper-

1989 830 2113 885 cula
2162 830 2218 885 in
2265 831 2542 887 civitatem
2579 839 2850 899 nostram,
2902 832 2971 886 de
3022 829 3267 901 Spirensi
3310 830 3423 900 (95)
3464 829 3589 885 loco

1990 922 2191 992 genita,
2233 923 2441 978 ducens
2479 938 2668 979 secum
2700 922 2998 993 puellulam
3032 922 3290 978 omnibus
3324 921 3587 977 membris

1988 1014 2346 1081 debilitatam,
2395 1031 2497 1070 nec
2535 1030 2763 1085 prorsus
2815 1014 3067 1071 incedere
3114 1014 3405 1069 valentem.
3453 1012 3588 1081 Quae

1988 1106 2118 1161 dum
2145 1107 2362 1162 circiter
2386 1122 2632 1162 mensem
2677 1107 2733 1161 in
2769 1107 2987 1162 civitate
3033 1114 3220 1160 nostra
3250 1121 3461 1160 moram
3500 1105 3585 1161 fa-

1988 1208 2156 1265 ceret,
2190 1215 2291 1255 nec
2320 1200 2488 1254 ullam
2519 1200 2750 1270 gratiam
2775 1199 2831 1253 in
2860 1198 2969 1253 [iiia
2995 1198 3315 1269 perciperet,
3339 1198 3512 1253 tristis
3530 1198 3587 1253 in

1987 1298 2191 1345 terram
2222 1307 2379 1345 suam
2408 1291 2586 1346 redire
2616 1291 2871 1358 instituit,
2902 1290 3032 1361 quia
3058 1290 3172 1360 jam
3211 1305 3271 1344 se
3303 1290 3585 1361 indignam

1986 1382 2166 1438 audiri
2201 1384 2523 1438 autumavit.
2560 1381 2664 1438 Sed
2693 1399 2819 1438 cum
2845 1399 3008 1453 super
3042 1383 3217 1453 ripam
3252 1380 3513 1449 Weserm,
3530 1381 3587 1437 in

1986 1474 2110 1530 loco
2133 1474 2228 1547 qui
2267 1475 2502 1531 Munden
2544 1468 2870 1546 appellatur,
2903 1476 3263 1546 pervenisset,
3292 1483 3345 1529 et
3365 1475 3585 1531 asinum

1988 1576 2208 1637 pastum
2253 1568 2515 1635 misisset,
2566 1562 2948 1637 filiamquede
3002 1583 3184 1622 curru.
3217 1566 3585 1636 deposuisset,

1990 1669 2165 1716 matre
2198 1669 2429 1727 semota,
2454 1660 2632 1731 puella
2671 1675 2795 1731 quas
2835 1667 2995 1714 antea
3036 1657 3214 1714 fuerat
3246 1657 3463 1724 debilis,
3486 1672 3589 1720 su-

1990 1752 2105 1807 bito
2134 1768 2193 1808 se
2216 1753 2410 1819 erexit,
2446 1760 2505 1807 et
2530 1752 2589 1807 in
2614 1753 2731 1807 haec
2764 1751 2930 1807 verba
2976 1751 3246 1821 prorupit.
3298 1749 3590 1807 Clamalat

1988 1848 2138 1902 enim
2167 1861 2226 1902 se
2256 1846 2487 1917 gratiam
2526 1845 2672 1900 beati
2695 1843 3004 1900 Godebardi
3034 1843 3251 1898 realiter
3285 1841 3585 1913 percipere,

1988 1947 2043 1995 et
2067 1939 2219 1994 illum
2247 1954 2434 1994 secum
2463 1937 2537 1992 ibi
2568 1952 2808 1992 manere.
2837 1934 2958 2002 Quo
2991 1934 3158 2001 dicto,
3193 1934 3378 1988 omnia
3406 1948 3584 1988 mem-

1988 2031 2088 2087 bra
2114 2032 2282 2098 illius,
2307 2047 2430 2102 qua:
2480 2038 2641 2084 antea
2690 2030 2905 2083 fuerant
2936 2027 3155 2093 debilia,
3196 2026 3249 2080 in
3281 2025 3586 2080 naturalem

1987 2129 2191 2177 statum
2217 2130 2347 2176 sunt
2370 2119 2641 2185 restituta,
2666 2125 2720 2173 et
2755 2118 2872 2187 ipsa
2895 2116 3232 2187 integralitcr
3254 2122 3339 2171 est
3369 2122 3581 2170 sanata.

1987 2210 2141 2266 lianc
2182 2225 2376 2265 omnes
2404 2209 2460 2263 in
2506 2207 2737 2263 ecclesia
2784 2213 2974 2261 nostra
3022 2212 3270 2262 sanatam
3321 2204 3582 2272 vidimus,

1987 2299 2332 2370 Dominoque
2359 2300 2426 2355 de
2448 2299 2593 2353 dono
2616 2296 2721 2352 sibi
2747 2296 2952 2352 collato
2976 2294 3165 2351 laudes
3194 2294 3582 2365 persolvimus.

2056 2393 2146 2448 40.
2172 2391 2299 2447 Fuit
2324 2393 2471 2448 circa
2516 2389 2843 2461 principium
2872 2387 3252 2443 translationis
3298 2387 3443 2441 beati
3470 2387 3583 2442 Go-

1985 2482 2212 2539 dehardi
2260 2482 2484 2553 quidam
2541 2479 3061 2546 Selavus,*lumine
3129 2478 3302 2550 longo
3342 2485 3584 2548 tempore

1985 2576 2254 2646 privatus,
2299 2575 2441 2629 intra
2485 2587 2734 2644 paganos
2778 2570 2992 2627 moram
3040 2566 3270 2625 faciens.
3316 2566 3442 2637 Hic,
3485 2572 3577 2624 aué

1983 2666 2141 2722 diens
2166 2666 2397 2721 virtutes
2431 2680 2571 2736 quas
2592 2663 2738 2718 Deus
2774 2662 2841 2718 in‘
2862 2663 3071 2718 honore
3090 2654 3253 2717 beati"
3271 2660 3583 2717 Godehardi

1980 2757 2336 2827 'Operabatur,
2365 2771 2543 2827 usque
2572 2755 2641 2811 ad
2663 2754 2850 2809 limina
2877 2753 2997 2823 ejus
3024 2751 3289 2824 pervenit,
3311 2767 3377 2807 ac
3398 2760 3586 2824 patro-

1983 2850 2190 2905 cinium
2219 2850 2340 2921 ejus
2369 2849 2649 2904 humiliter
2674 2847 3004 2919 imploravit.
3041 2844 3148 2901 Sed
3173 2847 3305 2901 dum
3333 2860 3585 2901 commu—

1986 2958 2085 2998 nes
2106 2957 2209 3013 pro
2230 2958 2297 2998 eo
2326 2942 2383 2996 in
2405 2941 2638 2997 ecclesia
2664 2949 2853 2995 nostra
2894 2939 3088 2997 ﬁerent
3112 2939 3412 3006 orationes,
3451 2938 3583 3009 quia

1986 3035 2199 3089 noviter
2226 3034 2417 3089 relicto
2445 3048 2633 3087 errore
2662 3031 2995 3105 gentilitatis,
3024 3037 3247 3085 venerat
3278 3030 3346 3084 ad
3397 3044 3584 3084 sacra-

1984 3132 2230 3180 mentum
2279 3122 2644 3193 baptismatis,
2689 3120 2894 3175 factum
2933 3128 3037 3187 est,
3087 3119 3329 3190 peccatis
3374 3117 3582 3175 nostris

1983 3216 2349 3289 exigentibus,
2394 3223 2456 3271 ut
2482 3216 2772 3271 sanitatem
2811 3228 2927 3268 non
2963 3212 3247 3284 reciperet,
3285 3213 3378 3268 sed
3420 3212 3575 3270 omni

1983 3325 2080 3380 spe
2112 3310 2405 3366 destitutus
2450 3316 2576 3379 post
2603 3308 2831 3379 aliquod
2860 3315 3075 3378 tempus
3113 3307 3339 3363 domum
3367 3324 3582 3377 remea-

1984 3412 2086 3459 ret.
2114 3402 2360 3475 Contigit
2380 3409 2565 3457 autem
2592 3410 2654 3456 ut
2682 3399 2770 3456 sui
2803 3400 3163 3468 contribules,
3194 3401 3374 3457 adhuc
3395 3402 3452 3457 in
3479 3417 3580 3457 sua

1983 3496 2282 3569 gentilitate
2321 3501 2728 3565 permanentes,
2771 3491 2866 3563 qui
2901 3507 3027 3547 eum
3061 3492 3242 3547 visum
3290 3507 3399 3548 non
3425 3508 3583 3548 recu-

1982 3603 2205 3660 perasse
2252 3586 2527 3652 viderunt,
2573 3584 2835 3639 continuo
2870 3584 2926 3637 in
2972 3582 3326 3653 Opprobrium
3362 3592 3416 3638 et
3436 3583 3581 3638 deri-

1983 3679 2194 3734 sionem
2236 3692 2363 3732 eum
2400 3676 2764 3741 deduxerunt,
2794 3674 3173 3744 seilicetquo'i
3209 3672 3381 3729 Deum
3414 3689 3579 3731 suum

1981 3772 2386 3842 dereliquisset,
2417 3779 2473 3825 et
2500 3770 2556 3824 in
2595 3769 2705 3824 alio
2734 3769 2941 3824 nullam
2981 3768 3214 3824 salutem
3256 3766 3576 3823 invenisset.
3614 3775 3623 3789 '

1982 3863 2111 3920 Haec
2136 3872 2190 3919 et
2213 3864 2300 3919 bis
2337 3858 2537 3918 similia
2582 3860 2690 3917 illis
2723 3860 3202 3932 exprobrantibus,
3250 3857 3451 3914 factum
3494 3866 3582 3914 est

1980 3965 2045 4013 ut
2076 3956 2368 4028 prmdictus
2397 3956 2483 4011 vir
2529 3955 2739 4026 pudore
2780 3952 3230 4021 confunderetur,
3266 3960 3320 4007 et
3345 3958 3579 4007 mortem

1982 4051 2087 4109 sibi
2118 4050 2323 4129 inferre
2346 4050 2631 4105 niteretur.
2676 4046 2803 4116 Sed,
2835 4062 2870 4103 ο
2898 4047 3093 4105 virum
3114 4048 3265 4102 omni
3295 4047 3455 4102 laude
3494 4046 3581 4102 di-

1982 4144 2331 4217 gnissimum,
2363 4144 2459 4215 qui
2478 4152 2535 4199 et
2555 4142 2724 4198 vitam
2750 4139 3106 4212 temporalem
3130 4141 3182 4196 ei
3209 4140 3577 4208 conservavit,

1981 4245 2038 4292 et
2059 4254 2091 4292 a
2118 4243 2296 4292 morte
2320 4244 2523 4291 aeterna
2552 4250 2677 4289 eum
2726 4233 2977 4288 liberavit
3001 4236 3014 4288 l
3053 4231 3212 4300 Nam,
3240 4233 3371 4288 dum
3399 4230 3579 4289 adhuc

298 4324 532 4372 utuntur
579 4319 870 4389 peregrini,
920 4320 1048 4376 illos
1097 4319 1385 4388 feriebant,
1424 4330 1480 4377 et
1521 4322 1740 4378 circiter
1785 4340 1881 4380 sex
1913 4329 2040 4397 Din
2070 4329 2176 4385 hac
2218 4328 2519 4383 intentione
2561 4333 2927 4396 permaneret,
2980 4333 3044 4379 ut
3077 4331 3309 4379 mortem
3361 4325 3465 4379 sibi
3495 4326 3579 4379 in-

293 4408 467 4463 morti
494 4409 851 4477 tradiderunt,
885 4410 1231 4484 victoresque
1265 4409 1465 4477 effecti,
1500 4426 1654 4466 arma
1704 4428 1829 4483 qua:
1851 4430 1882 4468 a

298 4514 362 4558 se
386 4500 629 4557 latrones
671 4502 974 4573 rejecerant
1019 4512 1367 4574 acceperunt,
1412 4512 1468 4559 et
1507 4512 1621 4559 tam
1664 4513 1882 4560 scutum

295 4609 467 4666 quam
502 4595 740 4667 gladium
776 4596 833 4652 in
870 4596 1087 4668 signum
1116 4597 1362 4653 victoriae
1391 4597 1446 4651 in
1469 4596 1758 4653 ecclesiam
1782 4614 1883 4654 no-

298 4694 471 4742 stram
494 4689 825 4744 detulerunt.

370 4779 457 4835 58.
514 4779 635 4837 Non
686 4782 860 4837 multo
913 4792 1037 4854 post
1086 4784 1221 4852 haec,
1272 4783 1502 4855 contigit
1550 4784 1879 4856 piscatorem

296 4874 587 4942 quemdam
617 4890 745 4931 cum
768 4891 937 4945 puero
965 4892 1064 4933 suo
1087 4876 1370 4935 Weseram
1396 4878 1509 4948 (9i)
1538 4879 1677 4935 velle
1699 4890 1882 4937 trans-

296 4966 398 5036 ire,
427 4978 480 5023 et
513 4971 680 5026 solito
723 4985 872 5025 more
903 4972 1121 5026 utilitati
1153 4988 1266 5030 suae
1306 4973 1584 5029 insistere.
1618 4972 1725 5030 Sed
1751 4991 1877 5032 cum

291 5059 403 5131 jam
433 5060 542 5119 fere
576 5061 820 5117 medium
849 5079 1004 5135 aquae
1032 5063 1375 5133 obtinuisset,
1408 5071 1555 5117 tanta
1582 5074 1879 5137 tempestas

295 5152 532 5213 incubuit
563 5165 630 5212 ut
666 5155 775 5208 vita
799 5154 992 5230 [salva]
1018 5174 1075 5213 se
1095 5163 1321 5220 evadere
1348 5156 1640 5215 dubitarit.
1672 5160 1876 5217 Videns

291 5254 465 5302 autem
487 5257 720 5307 ventum
753 5252 922 5321 magis
946 5266 1011 5306 ac
1044 5253 1215 5322 magis
1243 5258 1562 5321 insurgere,
1615 5256 1878 5326 magister

1983 4419 2169 4487 ferret,
2198 4435 2298 4491 per
2327 4419 2521 4474 merita
2547 4417 2696 4472 beati
2738 4416 3048 4471 Godehardi
3077 4424 3162 4472 est
3192 4408 3531 4472 illumin'atus
3560 4435 3574 4487 ;

1982 4511 2051 4568 iis
2076 4527 2109 4567 a
2131 4512 2332 4583 quibus
2355 4511 2507 4581 prius
2517 4507 2919 4567 contumeliosa
2939 4514 3276 4577 susceperat,
3297 4508 3430 4564 deos
3446 4519 3578 4564 suos

1982 4606 2181 4662 surdos
2204 4612 2259 4660 et
2292 4611 2476 4658 mutos
2496 4599 2883 4672 exprobrabat,
2908 4607 2962 4655 et
2999 4614 3057 4654 se
3087 4614 3370 4670 nunquam
3401 4601 3470 4655 ab
3498 4602 3580 4657 eis

1981 4696 2119 4753 bene
2140 4696 2272 4768 quid
2316 4699 2639 4764 accepturos
2662 4691 2950 4748 verissime
2994 4689 3376 4746 confirmabat.
3422 4687 3582 4745 Hunc

1981 4799 2171 4862 postea
2217 4790 2272 4844 in
2297 4787 2530 4844 ecclesia
2579 4794 2769 4843 nostra
2817 4784 3004 4855 plures
3055 4785 3331 4846 viderunt,
3368 4789 3423 4836 et
3454 4795 3585 4838 eum

1981 4882 2151 4940 fuisse
2172 4881 2543 4938 illuminatum
2572 4878 2857 4937 verissime
2888 4882 3286 4946 cognoverunt.

2057 4977 2140 5033 ll.
2177 4974 2417 5043 Contigit
2436 4987 2569 5027 vero
2585 4990 2695 5030 non
2722 4973 2897 5029 multo
2920 4979 3046 5040 post
3069 4968 3365 5044 quemdam
3387 4965 3452 5020 de
3474 4966 3591 5049 PQ-

1980 5069 2128 5127 lonia
2174 5068 2240 5125 ad
2293 5065 2663 5137 patrocinium
2712 5066 2856 5123 beati
2902 5061 3216 5121 Godehardi
3274 5058 3594 5121 adventare.

1980 5160 2087 5217 Sed
2115 5163 2245 5217 dum
2272 5157 2396 5227 jam-
2431 5156 2636 5213 ostium
2683 5165 2886 5215 nostrae
2919 5153 3170 5213 ecclesize
3214 5152 3480 5209 niteretur
3510 5155 3599 5211 ia-

1980 5253 2168 5321 troire,
2193 5248 2378 5306 subito
2400 5263 2432 5303 a
2462 5248 2707 5321 maligno
2738 5247 2934 5317 spiritu
2955 5252 3043 5299 est
3074 5258 3286 5321 raptus,
3312 5249 3366 5295 et
3386 5243 3454 5298 ad
3478 5252 3596 5304 ter-
