4056 5360
555 230 694 289 1225

1425 221 1482 278 S.
1524 218 1921 279 CODEHARDI
1960 214 2270 276 EPISCOPI
2308 214 2928 316 HlLDESHEIMENSlS

3687 210 3819 267 19.9.!

551 359 668 400 ram
698 342 947 398 horribili
980 341 1143 397 modo
1173 339 1414 411 deiectus
1441 360 1454 398 :
1480 342 1573 412 qui
1605 342 1734 396 dum
1773 341 1829 395 in
1858 340 2146 397 ecclesiam
2175 345 2223 401 Α
2246 338 2393 395 circa
2424 353 2551 394 eum
2581 338 2661 394 sic
2690 336 2937 393 evenisse
2963 331 3106 390 veris
3135 331 3533 390 assertionibus
3564 334 3823 405 cognovi-

547 434 603 489 vi
633 432 938 499 duceretur,
967 441 1023 487 et
1063 431 1132 487 ad
1159 431 1403 501 tumbam
1446 430 1591 486 beati
1628 430 1935 486 Godehardi
1961 431 2135 500 appli-

547 533 788 591 caretur,
824 532 979 580 tanto
1032 522 1217 579 furore
1245 522 1408 593 cmpit
1447 520 1790 595 debacchari,
1847 530 1909 577 ut
1953 521 2134 591 quivis

545 626 730 688 posset
749 615 1030 673 admirari.
1070 615 1312 670 Tandem
1335 630 1536 682 corpus
1563 613 1703 667 beati
1736 612 2043 667 Godehardi
2064 611 2133 667 ad

544 723 673 763 eum
694 707 956 774 defertur,
983 717 1038 762 et
1066 707 1223 777 signo
1261 714 1463 762 sancte
1504 704 1686 759 crucis
1714 703 2055 759 benedicitur
2080 709 2135 758 et

546 799 666 855 sine
691 814 844 854 mora
887 799 1070 854 statim
1111 814 1236 854 cum
1268 798 1470 852 indicio
1505 797 1687 868 magni
1724 796 1916 852 fetoris
1939 796 2135 852 libera-

546 897 659 946 tur.

614 1001 704 1056 42.
733 1000 859 1056 Fuit
893 1017 1019 1057 vero
1069 1010 1201 1056 tunc
1229 1000 1492 1071 temporis
1550 999 1605 1053 in
1652 998 1990 1069 Trajectensi
2014 998 2132 1069 cpi-

545 1101 772 1163 scopatu
792 1094 876 1147 vir
898 1093 1120 1164 quidam
1145 1093 1259 1148 arti.
1285 1092 1622 1147 mercatoria:
1643 1091 1876 1156 deditus,
1908 1091 1998 1160 qui
2024 1089 2135 1145 fre-

542 1193 774 1255 quenter
796 1200 945 1239 mare
966 1185 1237 1253 transivit,
1270 1192 1323 1238 et
1352 1199 1475 1254 quae
1500 1184 1603 1239 sibi
1640 1183 1951 1238 necessaria
1977 1189 2135 1238 erant

543 1275 893 1345 conquisivit.
938 1274 1036 1330 llic
1075 1277 1312 1346 quodam
1367 1284 1612 1344 tempore
1656 1274 1895 1329 maxima
1925 1281 2131 1343 tempe-

540 1373 683 1420 state
704 1366 757 1419 in
782 1366 961 1421 medio
989 1367 1126 1421 mari
1153 1358 1596 1437 deprehenditur,
1624 1366 1694 1421 ab
1713 1365 1970 1420 omnibus
1996 1380 2130 1419 con—

540 1456 827 1524 clamatur,
887 1466 942 1512 et
991 1457 1067 1512 nil
1107 1458 1223 1528 jam
1267 1459 1373 1513 nisi
1420 1459 1647 1513 ultimus
1696 1458 1821 1512 vita:
1866 1457 2129 1513 terminus

539 1545 781 1601 tinuetur.
816 1546 1079 1617 Tandem,
1111 1550 1265 1604 linito
1293 1550 1571 1619 aliquanto
1618 1559 2127 1620 tempore,'resum-

537 1637 649 1708 ptis
692 1640 900 1695 viribus
952 1642 1167 1709 animm,
1209 1642 1473 1698 auxilium
1504 1642 1648 1697 beati
1679 1640 1989 1696 Godehardi
2020 1640 2127 1694 im-

2241 445 2295 485 tu
2302 444 2383 484 IIS.

2313 542 2400 597 45.
2429 539 2549 596 Non
2574 541 2747 597 multo
2770 548 2895 611 post
2934 548 3177 609 tempore
3198 536 3425 610 contigit
3452 537 3510 592 in
3549 536 3824 612 Hungari—

2238 631 2319 689 eis
2344 632 2655 704 regionibus
2695 630 2959 688 celebrari
3008 630 3332 686 miraculum
3361 638 3416 684 et
3448 630 3685 700 dignum
3709 646 3823 687 me-

2238 724 2414 779 moria
2436 723 2799 779 retinendum.
2833 723 2967 778 Nam
2996 737 3181 778 comes
3203 723 3425 792 quidam
3457 722 3612 778 illius
3649 725 3825 794 regio-

2236 817 2323 872 nis
2348 815 2519 871 ﬁlium
2543 816 2829 882 habuerat,
2854 815 2907 869 in
2928 828 3040 885 quo
3059 830 3277 870 omnem
3300 830 3449 885 spem
3465 817 3826 885 temporalem

2234 913 2289 961 et
2313 906 2567 962 ﬁduciam
2601 913 2879 977 posuerat.
2915 905 3157 977 Contigit
3192 919 3325 960 vero
3366 920 3493 959 eum
3539 914 3827 976 aegrotare,

2234 1007 2290 1054 et
2302 998 2415 1068 jam
2444 1013 2620 1068 usque
2642 998 2709 1053 ad
2741 1005 2969 1053 mortem
2991 997 3305 1067 periclitari.
3337 996 3572 1051 Factum
3602 1008 3692 1052 est
3727 998 3825 1068 igi-

2236 1099 2345 1156 tur,
2397 1090 2528 1145 dum
2579 1106 2772 1146 omnes
2806 1090 3037 1147 sollicite
3088 1098 3247 1146 nocte
3287 1090 3483 1159 dieque
3509 1090 3668 1145 circa
3704 1105 3826 1144 eum

2233 1182 2538 1253 vigilarent,
2563 1190 2617 1237 et
2642 1183 2782 1239 inter
2809 1198 2962 1252 spem
3008 1182 3369 1257 timoremque
3398 1181 3747 1245 hzesitarent,
3771 1188 3830 1236 ut

2232 1286 2368 1345 puer
2397 1275 2561 1330 morti
2586 1276 2951 1346 appropiaret,
2983 1284 3037 1331 et
3066 1276 3302 1347 quadam
3333 1272 3422 1329 die
3448 1274 3603 1330 circa
3633 1275 3827 1330 horam

2232 1367 2464 1437 primam
2512 1368 2833 1437 exspiraret.
2870 1367 2966 1423 His
3011 1368 3084 1423 ita
3116 1367 3306 1438 gestis,
3345 1366 3478 1421 dum
3518 1381 3723 1421 omnes
3745 1367 3828 1421 lu-

2234 1465 2419 1523 ctum,
2472 1457 2818 1529 lamentaque
2859 1459 3228 1530 geminarent,
3270 1466 3325 1512 et
3373 1473 3497 1528 quae
3546 1457 3831 1528 exsequiis

2233 1557 2392 1603 erant
2437 1550 2745 1605 necessaria
2794 1558 3177 1620 prmpararent,
3210 1549 3348 1605 forte
3384 1550 3615 1619 quidam
3650 1551 3738 1605 vir
3764 1550 3831 1605 de

2234 1639 2493 1696 Bavarica
2542 1641 2763 1712 regione
2807 1642 3116 1707 advenerat,
3166 1641 3263 1711 qui
3295 1651 3347 1696 et
3375 1642 3558 1711 ipsum
3591 1658 3828 1712 puerum

537 1728 850 1798 piorabaut,
892 1740 948 1786 et
992 1742 1306 1803 argenteam
1336 1734 1517 1787 navim
1544 1733 1842 1800 delaturos,
1864 1734 1910 1789 si
1937 1736 2132 1789 evadc-
2163 1708 2206 1762 Β
2231 1734 2299 1789 de
2325 1749 2483 1789 sacro
2506 1708 2656 1789 fonte
2682 1734 2974 1790 levaverat.
3005 1732 3105 1789 llic
3127 1708 3290 1804 igitur
3315 1708 3506 1789 videns
3531 1708 3827 1803 incompa-

538 1827 680 1884 reut,
751 1820 1109 1877 devoverant.
1174 1821 1286 1877 llos
1332 1823 1387 1876 in
1442 1824 1670 1878 ecclesia
1713 1833 1900 1879 nostra
1947 1825 2127 1880 navim

535 1919 853 1981 argenteam
875 1913 1181 1970 deferentes
1209 1923 1398 1985 postea
1426 1916 1684 1982 vidimus,
1712 1924 1768 1970 et
1800 1916 1881 1972 sic
1905 1917 1985 1971 eis
2013 1931 2133 1971 cve-

536 2001 685 2058 nisse
714 2005 999 2060 verissime
1028 2007 1406 2077 cognovimus.

607 2117 696 2172 L5.
745 2117 986 2191 Contigit
1031 2120 1194 2175 etiam
1244 2129 1376 2176 tunc
1424 2122 1683 2190 temporis
1738 2121 1790 2175 in
1821 2120 2128 2190 IIollandia,

534 2209 684 2278 quod
706 2211 940 2280 quodam
987 2220 1231 2282 tempore
1273 2228 1424 2267 mare
1455 2228 1551 2282 per
1597 2213 2013 2270 inundationem
2042 2214 2129 2268 ia-

520 2297 710 2382 .fluxit,
741 2312 795 2356 et
818 2303 1084 2357 inﬁnitam
1109 2304 1512 2359 multitudinem
1537 2306 1863 2375 populorum
1885 2307 2132 2361 submer-

535 2390 626 2447 sit.
653 2391 767 2448 Hoc
811 2395 1033 2465 quidam
1065 2397 1449 2466 percipientcs,
1503 2396 1557 2450 in
1591 2397 1874 2452 basilicam
1926 2414 2125 2469 quam-

533 2483 661 2539 dam
699 2485 755 2539 in
788 2486 1052 2542 honorem
1089 2497 1292 2543 sancta:
1336 2487 1518 2543 Maria}
1547 2488 1853 2544 dedicatam
1891 2506 2012 2545 sese
2036 2506 2126 2545 re-

535 2585 820 2645 ceperunt,
861 2576 913 2631 iu
946 2594 1054 2648 qua
1099 2588 1331 2633 mortem
1369 2594 1428 2634 se
1453 2595 1716 2635 evasuros
1749 2590 2123 2650 speraverunt.

536 2664 645 2722 Sed
667 2682 790 2722 cum
818 2668 931 2738 jam
969 2686 1120 2724 mare
1149 2670 1323 2742 magis
1352 2687 1417 2724 ac
1439 2671 1615 2742 magis
1648 2672 1909 2739 efﬂueret,
1937 2682 1991 2728 et
2010 2674 2125 2743 jam

535 2756 717 2827 ipsum
747 2774 966 2815 murum
1008 2762 1250 2817 basilicae
1278 2763 1619 2833 impingeret,
1656 2764 1902 2819 videntes
1931 2780 1991 2819 se
2015 2781 2125 2819 non

533 2864 699 2921 posse
749 2853 1000 2921 evadere,
1053 2855 1318 2907 auxilium
1349 2855 1493 2908 beati
1531 2852 1839 2910 Godehardi
1868 2856 2127 2927 implora—

532 2951 770 2997 verunt:
814 2945 961 3014 quod
1016 2946 1202 3000 statim
1243 2945 1522 2999 evidenter
1569 2954 1949 3016 perceperunt.
1987 2946 2123 3001 Nam

533 3036 798 3090 continuo
849 3051 1001 3091 mare
1054 3037 1122 3091 ad
1167 3036 1390 3091 s'olitum
1440 3035 1621 3090 locum
1667 3037 1950 3104 relabitur,
1979 3046 2034 3092 et
2059 3053 2195 3119 nec

535 3127 794 3198 deinceps
820 3129 1000 3184 locum
1025 3129 1222 3184 habeat
1249 3129 1512 3199 evagandi
1533 3128 1796 3183 divinitus
1824 3130 2121 3184 inhibetur.

534 3217 760 3273 Factum
813 3228 898 3273 est
932 3219 1098 3290 igitur
1136 3227 1197 3273 ut
1247 3218 1511 3275 Dominus
1545 3229 1734 3275 noster
1761 3220 2126 3289 patrocinium

532 3311 683 3368 beati
716 3309 1024 3368 Godehardi
1054 3310 1211 3367 nobis
1236 3327 1346 3366 non
1372 3319 1586 3365 tantum
1615 3311 1671 3365 in
1700 3312 1862 3367 terris
1883 3313 2131 3368 ostende-

529 3412 637 3476 ret,
666 3404 761 3459 sed
784 3404 948 3458 etiam
976 3404 1029 3458 in
1058 3404 1195 3458 mari
1217 3398 1524 3459 certissime
1554 3402 1950 3459 manifestaret.
1991 3403 2127 3458 Nam

533 3504 671 3566 quot
689 3510 854 3551 naves
890 3495 943 3550 in
980 3512 1178 3567 magna
1210 3503 1530 3566 tempestate
1553 3496 1922 3565 deprehensas
1942 3495 2129 3550 Danai-

533 3602 640 3643 nus
661 3601 757 3657 per
790 3602 917 3641 eum
946 3586 1219 3654 liberavit,
1246 3595 1518 3642 testantur
1555 3588 1737 3642 adhuc
1759 3603 1931 3643 cerea:
1960 3603 2126 3643 naves

533 3676 591 3733 in
622 3679 853 3734 ecclesia
878 3687 1065 3736 nostra
1096 3680 1414 3753 pendentes.

602 3792 693 3847 44.
725 3790 885 3847 Circa
920 3793 1060 3848 idem
1112 3803 1324 3864 tempus
1354 3791 1649 3848 Lotharius
1690 3792 1988 3864 imperator
2017 3791 2127 3846 Ro-

532 3899 821 3938 manorum
851 3883 1059 3956 legatos
1086 3900 1237 3951 suos,
1275 3884 1484 3940 scilicet
1530 3883 1829 3939 Eilbcrtum
1862 3885 2128 3955 praeposi-

532 3974 699 4030 situm
726 3974 1133 4031 Goslariensem
1160 3975 1383 4031 fratrem
1427 3984 1697 4043 nostrum,
1726 3977 1792 4032 ad
1826 3978 2124 4046 imperato-

534 4080 651 4120 rem
691 4064 1359 4137 Coustanlinopolitanum
1400 4068 1687 4138 dirigebat,
1743 4077 1797 4122 et
1837 4069 2124 4139 antiquum

535 4154 715 4212 fiedus
745 4157 1159 4227 imperatorum,
1187 4160 1333 4230 quod
1358 4160 1473 4230 jam
1499 4174 1635 4229 pene
1675 4160 1977 4230 neglectum
2001 4159 2123 4216 fue-

533 4254 639 4325 rat,
673 4245 814 4301 inter
839 4247 990 4317 ipsos
1025 4250 1333 4319 reparabat.
1363 4248 1461 4304 Hic
1483 4250 1613 4305 dum
1650 4266 1799 4305 mare
1843 4252 2121 4319 transiret,

531 4346 587 4393 et
610 4338 725 4407 jam
747 4355 1008 4410 prospero
1044 4356 1210 4396 cursu
1250 4349 1516 4412 pergeret,
1547 4341 1777 4413 contigit
1803 4351 1862 4396 ut
1897 4343 2122 4413 quidam

531 4428 775 4486 famulus
812 4430 988 4503 ipsius
1014 4434 1307 4505 resupinus
1342 4435 1408 4489 de
1436 4434 1601 4506 puppi
1626 4435 1862 4503 caderet,
1881 4443 1935 4491 et
1959 4437 2121 4509 longo

531 4531 775 4593 tempore
804 4526 907 4580 sub
946 4526 1110 4582 undis
1151 4526 1321 4582 maris
1365 4526 1605 4583 existens
1631 4528 1766 4583 nulli
1812 4536 2116 4600 appareret.

532 4613 759 4671 Factum
799 4626 885 4673 est
929 4633 1082 4691 ergo,
1127 4619 1259 4675 dum
1303 4620 1372 4674 ab
1417 4619 1580 4675 undis
1632 4614 1804 4676 maris
1855 4600 2000 4677 esset
2026 4621 2123 4676 ab-

531 4716 775 4779 sorptus,
812 4717 866 4765 et
890 4712 1068 4767 omnis
1109 4727 1216 4766 vox
1258 4720 1404 4768 esset
1436 4713 1759 4781 interrupta,
1799 4713 1914 4768 sola
1944 4713 2123 4768 inten-

530 4799 682 4856 tione
702 4817 811 4872 qua
841 4811 1053 4872 poterat
1089 4804 1452 4874 patrocinium
1485 4805 1633 4859 beati
1675 4803 1981 4861 Godehardi
2012 4805 2119 4859 im-

531 4892 802 4962 plorabat,
832 4904 887 4950 et
931 4904 992 4949 ut
1011 4911 1135 4950 eum
1182 4912 1214 4951 a
1243 4896 1435 4951 mortis
1472 4896 1716 4967 periculo
1751 4892 2122 4952 liberarctde-

531 4984 817 5041 votissime
862 4987 1153 5060 rogitabat.
1205 4987 1285 5042 Eo
1319 4988 1399 5043 sic
1433 4988 1728 5061 cogitante,
1773 4988 2024 5059 apparuit
2069 4987 2119 5044 ei

530 5078 756 5147 quidam
783 5090 981 5137 canuta
1003 5082 1160 5150 facie,
1184 5083 1532 5154 educcnsque
1557 5083 1611 5137 in
1641 5070 1983 5152 superﬁciem
2007 5098 2121 5136 ma-

535 5173 635 5238 ris,
662 5168 821 5241 quod,
838 5182 963 5230 ante
991 5190 1102 5230 non
1131 5184 1376 5242 noverat,
1413 5175 1841 5231 doeuit‘natare.
1863 5173 2115 5230 Videntes

534 5268 718 5315 autem
744 5264 839 5333 qui
873 5266 927 5320 in
959 5269 1082 5322 navi
1108 5268 1342 5335 fuerant,
1368 5269 1546 5326 velum
1573 5268 1909 5334 relaxabant,
1937 5276 1990 5322 et
2012 5266 2115 5321 mi-

2230 1826 2458 1880 rabilem
2493 1826 2736 1881 dolorem
2762 1827 2933 1897 patris
2960 1836 3014 1881 et
3057 1826 3267 1891 matris,
3320 1825 3584 1881 misertus
3607 1840 3827 1891 eorum,

2232 1918 2394 1987 cepit
2421 1917 2500 1973 eis
2522 1933 2721 1972 nomen
2744 1918 2885 1973 beati
2916 1917 3224 1973 Godehardi
3248 1916 3525 1984 intimare,
3565 1925 3620 1971 et
3655 1933 3830 1986 quan-

2230 2019 2342 2065 tam
2370 2009 2601 2080 gratiam
2647 2010 2899 2065 ﬁdclibus
2940 2010 2995 2064 iu
3025 2024 3149 2064 eum
3177 2007 3526 2079 sperantibus
3554 2007 3828 2063 Dominus

2228 2102 2592 2168 administrct,
2643 2102 2994 2157 devotissime
3052 2102 3396 2157 annuntiare.
3440 2098 3540 2156 His
3596 2101 3825 2165 auditis,

2229 2194 2347 2250 sine
2374 2196 2719 2250 cunctatione
2745 2204 2898 2266 pater
2919 2203 2972 2251 et
3000 2201 3176 2249 mater
3209 2193 3367 2248 ﬁrma
3394 2192 3501 2249 [ide
3523 2193 3595 2247 ad
3616 2201 3822 2247 terram

2230 2299 2289 2339 se
2318 2294 2692 2354 prosternunt,
2735 2284 3168 2340 misericordiam
3222 2282 3365 2338 beati
3389 2282 3704 2338 Godehardi
3729 2284 3828 2338 de—

2226 2377 2507 2432 votissime
2549 2376 2860 2447 implorant,
2891 2391 3121 2447 seseque
3160 2376 3498 2431 devovebant
3532 2392 3663 2431 cum
3704 2375 3827 2432 suis

2228 2466 2594 2522 oblationibus
2629 2467 2697 2521 ad
2730 2458 2918 2521 limina
2954 2467 3127 2536 ipsius
3162 2467 3264 2521 iter
3303 2466 3638 2533 instaurare,
3673 2467 3723 2522 si
3752 2467 3827 2522 ad

2225 2556 2514 2626 pristinam
2553 2556 2719 2611 vitam
2749 2572 2846 2626 per
2884 2556 3004 2626 ejus
3049 2555 3415 2626 patrocinium
3448 2555 3624 2611 ﬁlium
3656 2574 3826 2613 suum

2225 2648 2438 2717 possint
2497 2663 2837 2718 recuperare.
2900 2647 2996 2704 His
3044 2647 3235 2716 ﬁnitis,
3279 2648 3395 2717 jam
3441 2650 3827 2719 vespertinum

2225 2749 2441 2811 tempus
2476 2743 2788 2808 advenerat,
2811 2758 2936 2797 cum
2971 2743 3250 2813 insperato
3274 2744 3439 2798 modo
3470 2759 3611 2813 puer
3634 2744 3705 2798 ad
3736 2745 3826 2799 vi-

2224 2838 2335 2886 tam
2368 2830 2525 2898 redit,
2568 2841 2643 2898 et,
2670 2834 2817 2903 quod
2854 2833 3101 2888 mirabile
3139 2834 3285 2889 dictu
3320 2842 3424 2899 est,
3451 2833 3574 2888 sine
3619 2834 3831 2888 indicio

2222 2921 2463 2978 laesionis
2484 2922 2550 2977 de
2583 2923 2723 2977 lecto
2752 2925 2989 2979 surrexit
3016 2924 3375 2995 aegritudinis.
3428 2921 3630 2978 Votum
3662 2938 3826 2989 vero,

2227 3013 2371 3081 quod
2399 3012 2689 3083 praedictus
2723 3022 2876 3083 pater
2902 3023 2956 3069 et
3005 3023 3179 3068 mater
3203 3013 3463 3080 fecerant,
3499 3013 3622 3069 sine
3663 3028 3831 3069 mora

2227 3104 2677 3174 adimplevcrunt,
2728 3115 2783 3159 et
2811 3106 3179 3161 oblationibus
3223 3120 3333 3159 nou
3372 3105 3605 3160 modicis
3628 3105 3830 3161 limina

2225 3196 2368 3251 beati
2392 3197 2605 3267 patroni
2640 3198 2815 3253 nostri
2846 3198 3153 3253 Godehardi
3192 3197 3573 3253 visitaverunt.
3620 3196 3738 3254 Nos
3764 3199 3829 3255 in

2225 3288 2452 3343 ecclesia
2475 3297 2664 3344 nostra
2688 3289 2987 3345 honoriﬁce
3004 3274 3369 3360 suscepimus,
3388 3299 3443 3345 et
3471 3290 3553 3346 sic
3578 3290 3664 3346 eis
3691 3305 3834 3347 con-

2227 3379 2414 3450 tigisse
2432 3382 2613 3436 veraci
2639 3383 2901 3438 relatione
2927 3382 3304 3453 cognovimus.

2296 3493 2385 3547 46.
2418 3474 2576 3549 Circa
2606 3494 2749 3549 idem
2774 3503 3010 3565 tempus,
3046 3494 3177 3551 dum
3211 3500 3363 3549 tanta
3412 3495 3683 3551 miracula
3721 3512 3826 3568 per

2223 3584 2446 3641 beatum
2472 3586 2857 3643 Godehardum
2898 3588 3174 3656 florerent,
3203 3589 3434 3660 contigit
3482 3591 3626 3647 duos
3666 3593 3826 3650 viros

2225 3680 2394 3735 nimia
2436 3680 2717 3751 potatione
2756 3681 3114 3754 iugurgitatos
3141 3680 3417 3736 civitatem
3448 3691 3698 3738 nostram
3729 3701 3829 3740 ex-

2188 3768 2193 3773 ’
2227 3772 2326 3839 ire,
2350 3780 2404 3828 et
2439 3773 2505 3827 ad
2536 3769 2843 3842 proximam
2876 3774 3063 3828 villam
3087 3773 3223 3829 velle
3246 3773 3488 3829 transire
3524 3792 3538 3827 :
3566 3774 3664 3844 qui
3691 3777 3825 3830 dum

2225 3865 2407 3919 medio
2433 3879 2629 3935 eampo
2672 3865 3053 3932 consisterent,
3107 3866 3245 3920 alter
3296 3865 3543 3935 ipsorum
3594 3864 3826 3922 fortuito

2225 3971 2290 4012 os
2319 3955 2544 4022 invenit,
2568 3958 2715 4027 quod
2753 3940 3045 4013 sublevans
3084 3973 3249 4013 manu
3279 3972 3377 4028 per
3400 3957 3600 4012 horam
3632 3973 3824 4013 secum

2225 4048 2479 4119 portavit.
2516 4047 2620 4104 Sed
2648 4050 2839 4105 videns
2880 4050 3060 4120 ipsum
3101 4065 3164 4105 os
3187 4064 3309 4104 esse
3334 4064 3551 4119 magna:
3574 4051 3826 4119 pulchri-

2226 4139 2433 4195 tudinis
2461 4148 2516 4195 et
2538 4141 2813 4210 candoris,
2837 4142 3049 4197 dicebat
3070 4158 3128 4198 se
3153 4150 3354 4196 terram
3375 4142 3515 4196 velle
3537 4152 3825 4211 pertrans-

2228 4233 2326 4300 ire,
2367 4242 2421 4288 et
2461 4233 2719 4290 omnibus
2752 4234 3034 4291 notiﬁcare
3080 4251 3139 4290 se
3185 4233 3446 4304 reliquias
3486 4236 3668 4290 nostri
3721 4251 3823 4307 pa-

2226 4324 2372 4380 troni
2399 4324 2631 4392 deferre,
2659 4335 2712 4381 et
2756 4326 2835 4382 sic
2882 4328 3183 4399 temporale
3228 4327 3467 4393 lucrum,
3502 4336 3563 4382 ut
3610 4330 3819 4398 caeteri,

2148 4421 2198 4476 ΔΙ)
2223 4417 2526 4488 acquirere.
2559 4416 2681 4485 Quo
2724 4417 2892 4487 dicto,
2945 4419 3064 4475 sine
3102 4435 3253 4475 mora
3277 4419 3333 4473 in
3358 4420 3644 4475 vesaniam
3688 4437 3820 4492 rapo

2222 4516 2390 4576 tatur,
2422 4515 2477 4564 et
2498 4509 2732 4579 loquens
2761 4509 2937 4565 aliena
2972 4510 3194 4566 domum
3228 4509 3540 4577 deducitur,
3584 4521 3643 4567 et
3677 4513 3823 4567 mala

2224 4609 2400 4656 morte
2421 4601 2673 4672 proxima
2698 4609 2857 4657 nocte
2881 4602 3133 4658 traditur.
3163 4601 3262 4658 His
3287 4603 3513 4668 auditis,
3540 4605 3825 4659 maximus

2220 4702 2400 4749 terror
2428 4693 2744 4749 hominibus
2772 4694 3056 4762 incutitur,
3082 4702 3157 4762 et,
3189 4693 3237 4750 si
3270 4709 3380 4763 qua
3405 4695 3665 4750 dubietas
3691 4711 3821 4750 cor-

2224 4784 2386 4842 dibus
2409 4785 2654 4855 ipsorum
2686 4786 2753 4841 de
2782 4795 2971 4841 nostro
2999 4794 3233 4857 patrono
3262 4785 3593 4855 irrepserat,
3637 4789 3823 4841 omni-

2225 4877 2392 4933 modo
2419 4876 2489 4932 ab
2520 4877 2602 4932 eis
2628 4878 2961 4933 eliminatur.

2293 4991 2383 5045 47.
2414 4989 2541 5045 Fuit
2564 4991 2901 5061 temporibus
2926 4991 3035 5046 illis
3061 4990 3237 5061 pistor
3254 4989 3512 5058 fratrum,
3541 4990 3824 5046 Adelwar.

2223 5084 2327 5139 dus
2356 5082 2594 5149 nomine,
2632 5082 2699 5136 ad
2741 5082 2900 5151 cujus
2950 5082 3250 5151 hospitium
3285 5081 3561 5151 peregrini
3590 5081 3819 5153 quidam

2222 5175 2649 5241 declinaverunt,
2680 5181 2735 5228 et
2763 5174 3020 5244 hospitali
3051 5188 3226 5239 more,
3251 5188 3439 5227 secum
3481 5181 3643 5228 nocte
3685 5187 3819 5241 pcr-

2222 5273 2560 5321 manseruut.
2586 5263 2689 5332 Qui
2723 5266 2853 5320 dum
2913 5280 3085 5334 equos
3121 5279 3253 5319 suos
3288 5264 3681 5334 adaquandum
3724 5264 3823 5317 dc-
