4056 5360
223 203 248 257 1
258 203 362 258 225

1770 201 1947 258 VITA.

3357 209 3492 266 1226

221 315 306 371 dis
331 314 685 382 subducitur,
708 322 763 370 et
792 311 881 368 tibi
910 311 1083 383 qnzeri
1111 311 1284 383 possit
1314 311 1384 368 ab
1429 313 1686 370 omnibus
1727 314 1806 387 ig-
1835 322 1880 380 Α
1907 317 2174 388 quosdam
2200 319 2636 390 captivaverunt,
2667 318 2919 392 bonaque
2967 322 3212 394 ipsorum
3247 323 3497 396 diripue-

219 416 468 463 noratur.
499 405 602 462 Sed
647 405 918 477 peregrini
959 419 1068 459 non
1108 405 1350 462 valentes
1390 420 1620 476 puerum
1648 421 1807 478 repe-

220 505 349 571 rire,
383 503 566 558 tristes
587 502 811 557 demum
861 501 1110 567 redeunt,
1150 501 1403 572 patrique
1425 516 1547 571 quae
1576 501 1721 557 circa
1746 501 1808 556 fl-

219 597 352 652 lium
377 605 669 652 evenerant
727 595 1132 650 nuntiaverunt.
1159 594 1371 660 Quibus
1402 594 1623 661 auditis,
1655 602 1810 664 pater

218 689 436 745 concito
487 689 681 760 surgit,
729 687 903 743 tristis
947 687 1013 742 ad
1043 702 1241 758 aquam
1273 686 1470 757 pergit,
1518 685 1810 757 uavimque

218 781 380 853 longe
402 780 723 838 subductam
752 780 978 852 requirit
1004 796 1018 845 ;
1049 788 1103 834 et
1132 787 1191 833 ut
1228 778 1396 832 filium
1433 779 1624 834 saltem
1656 793 1808 834 mor-

220 883 398 936 tuum,
429 890 552 929 cum
581 891 685 927 non
715 882 901 944 posset
930 873 1139 937 vivum,
1189 869 1508 925 adinvenire
1561 870 1811 925 elabora-

219 966 317 1020 vit.
369 966 494 1033 Qui,
527 967 655 1020 dum
687 966 776 1020 diu
827 980 1055 1036 puerum
1104 963 1156 1018 in
1209 964 1329 1019 loco
1395 961 1485 1016 ubi
1531 963 1810 1018 deciderat

217 1068 519 1130 quzereret,
553 1075 649 1112 nec
679 1057 968 1124 inveniret,
1013 1056 1080 1111 ad
1123 1065 1323 1110 terram
1363 1054 1542 1121 rediit,
1605 1071 1807 1112 uncum

215 1151 471 1221 quaesivit
507 1166 655 1221 :quo
687 1159 922 1219 reperto,
974 1158 1096 1218 post
1119 1148 1342 1219 longum
1391 1148 1627 1217 spatium
1676 1163 1810 1218 puc-

216 1259 343 1300 rum
387 1243 611 1298 invenit.
648 1241 742 1297 llis
794 1241 868 1297 ita
922 1241 1110 1313 gestis,
1165 1240 1219 1294 in
1247 1241 1470 1296 domum
1503 1239 1807 1310 proximam

215 1335 535 1401 declinavit,
564 1337 746 1406 ibique
771 1350 1000 1406 puerum
1028 1343 1329 1398 mortuum,
1361 1342 1414 1388 et
1441 1332 1649 1388 nullum
1689 1332 1810 1389 vitae

215 1427 437 1498 signum
468 1427 756 1483 habentem
816 1427 1090 1498 deposuit,
1133 1435 1455 1496 tantumque
1503 1441 1627 1496 qua:
1653 1439 1811 1480 exse.-

213 1520 368 1591 quiis
399 1520 708 1576 necessaria
756 1530 915 1576 erant
950 1519 1180 1574 sollicite
1223 1517 1495 1588 quiesivit.
1524 1517 1662 1572 Dum
1694 1517 1809 1574 lucc

215 1612 298 1668 sic
329 1621 615 1683 geruntur,
665 1621 839 1668 mater
866 1612 1021 1682 pueri
1051 1625 1176 1666 cum
1225 1610 1436 1667 caeteris
1463 1610 1806 1676 mulieribus,

1911 418 2058 464 runt.
2085 407 2231 465 lntcr
2265 426 2408 482 quos
2443 411 2687 483 captivos
2741 409 3034 484 praedictus
3068 417 3173 486 vir,
3197 431 3322 474 cum
3359 434 3498 490 quo-

1910 500 2032 556 dam
2060 516 2231 572 puero
2264 504 2376 560 lilio
2405 502 2591 562 fratris
2613 505 2694 560 sui
2721 507 3048 577 captivatur,
3073 519 3130 565 et
3154 509 3208 564 in
3239 512 3498 569 remotis-

1911 596 2080 650 simas
2111 606 2292 666 partes
2319 613 2658 669 paganorum
2705 599 3021 669 deducitur;
3053 601 3235 673 ibique
3261 603 3314 658 in
3359 620 3500 676 qua-

1910 686 2036 742 dam
2069 689 2246 744 insula
2277 687 2477 745 Oceani
2503 692 2614 763 (96)
2639 692 2932 757 detinetur,
2964 694 3052 749 ubi
3080 709 3205 750 cum
3237 696 3327 752 diu
3377 711 3497 753 ser-

1909 780 2001 834 vili
2030 797 2192 851 opere
2218 782 2531 850 desudaret,
2555 793 2609 839 et
2633 785 2776 840 unde
2794 785 3091 856 eriperetur
3112 802 3220 843 non
3251 789 3495 854 haberet,
3537 767 3558 778 ’

1911 881 2098 941 utpote
2123 871 2213 926 ubi
2241 887 2392 927 mare
2428 865 2678 944 undique
2703 875 3124 941 circumfltterct,
3176 892 3277 934 nec
3325 879 3498 934 ullum

1911 961 2090 1016 locum
2121 963 2382 1018 evadendi
2410 963 2697 1031 inveniret,
2717 967 2932 1022 tandem
2957 983 3016 1024 se
3037 969 3102 1025 ad
3132 971 3498 1040 patrocinium

1911 1053 2052 1108 beati
2079 1053 2385 1110 Godehardi
2418 1056 2632 1127 patroni
2678 1057 2848 1113 nostri
2909 1058 3112 1115 iturum
3164 1062 3412 1130 devovet,
3451 1064 3500 1119 si

1913 1162 2200 1217 perquam
2249 1159 2459 1218 partem
2511 1164 2710 1205 manus
2765 1151 2982 1206 illorum
3020 1152 3257 1224 ell‘ugcre
3289 1165 3496 1226 posset,

1913 1236 1984 1290 illi
2010 1237 2428 1295 demonstraret.
2483 1237 2580 1297 His
2609 1240 2680 1295 ita
2711 1241 2898 1313 gestis,
2935 1244 3169 1314 quadam
3227 1245 3316 1301 die
3367 1246 3498 1302 dum

1910 1327 2055 1384 circa
2087 1329 2238 1386 littus
2287 1331 2456 1388 maris
2493 1333 2876 1404 angustiando,
2906 1345 2955 1390 et
2994 1337 3338 1395 orationibus
3358 1339 3499 1396 insi-

1911 1423 2104 1476 stendo
2130 1423 2523 1493 deambularet,
2563 1427 2815 1498 cymbam
2869 1443 3093 1498 parvam
3153 1430 3208 1485 in
3259 1431 3501 1489 obscuro

1912 1514 2032 1569 loco
2068 1515 2267 1572 littoris
2321 1517 2547 1586 invenit,
2582 1519 2633 1573 in
2663 1535 2770 1590 qua
2814 1535 2874 1576 se
2902 1537 3054 1578 mare
3097 1525 3352 1594 transire,
3402 1527 3500 1584 Dei

1911 1606 2206 1676 adiutorio,
2238 1609 2516 1678 speravit;
2549 1611 2641 1666 sed
2665 1611 2793 1681 quia
2822 1627 2972 1668 utare
2996 1629 3254 1686 magnum
3281 1627 3337 1674 et
3365 1633 3499 1688 spa-

211 1720 456 1777 qttarum
485 1721 680 1776 magna
726 1703 1014 1759 multitudo
1035 1703 1259 1758 domum
1307 1701 1610 1767 introierat,
1645 1701 1808 1755 misce
1843 1683 1882 1738 Β
1912 1699 2110 1755 tiosum
2127 1699 2545 1768 fuerat,tantum
2564 1703 2865 1774 perieulum
2887 1683 3153 1763 attentare
3172 1683 3498 1781 trepidabat,

213 1797 513 1854 ricordiam
550 1796 764 1852 Domini
792 1807 848 1853 et
880 1795 1019 1852 beati
1053 1794 1359 1850 Godchardi
1420 1793 1702 1864 implorat;
1730 1802 1804 1859 et,

212 1900 274 1945 ut
295 1890 513 1945 solitam
571 1888 986 1960 benignitatem,
1036 1903 1200 1958 quam
1234 1886 1490 1942 onmibus
1525 1885 1805 1956 impende-

212 1988 326 2047 rat,
355 1996 464 2036 non
495 1981 596 2037 sibi
663 1981 970 2048 subtrahat,
1023 1980 1377 2036 devotissime
1405 1989 1614 2034 exorat.
1665 1977 1808 2045 Quid

214 2074 411 2145 plura?
436 2082 561 2146 post
591 2090 817 2144 parvum
845 2084 1079 2145 tempus,
1109 2089 1242 2144 puer
1275 2072 1548 2142 singultus
1577 2071 1804 2138 emittit;

211 2182 384 2238 aqua,
427 2183 592 2238 quam
637 2168 914 2233 hauserat,
959 2183 1082 2223 cum
1129 2163 1804 2237 tnagnoitnpetttellluxit,

209 2270 265 2316 et
288 2261 507 2316 tandem
537 2260 704 2316 vitam
736 2260 1021 2332 pristinam
1056 2258 1368 2329 resumpsit.

281 2351 377 2407 48.
407 2350 530 2407 Fuit
557 2367 686 2408 vero
716 2352 858 2406 circa
885 2351 1024 2406 idem
1081 2360 1293 2420 tempus
1343 2349 1427 2403 vir
1471 2347 1808 2404 mercatoria:

208 2445 321 2499 arti
355 2445 592 2513 deditus,
617 2445 711 2516 qui
777 2443 1101 2516 negotiando
1150 2443 1394 2498 diversas
1453 2449 1629 2497 terras
1682 2455 1807 2511 per-

212 2537 508 2602 transibat,
545 2546 600 2592 et
621 2537 722 2594 sibi
753 2536 978 2607 suisque
1023 2535 1226 2591 victum
1275 2533 1562 2590 diﬂiculter
1596 2547 1807 2604 quaere-

213 2629 330 2685 bat.
388 2629 630 2702 Contigit
658 2644 789 2686 vero
839 2640 897 2684 ut
950 2628 1036 2683 hic
1073 2629 1309 2698 quodam
1354 2636 1598 2697 tempore
1637 2641 1806 2682 causa

213 2731 542 2782 mercatura:
569 2739 696 2779 eum
753 2723 1000 2794 pluribus
1031 2721 1154 2776 aliis
1185 2721 1325 2775 inter
1352 2735 1593 2791 paganos
1621 2718 1807 2774 tende-

212 2824 322 2883 ret,
349 2825 402 2870 et
429 2815 832 2888 possessionem
859 2829 967 2869 non
1001 2812 1270 2869 modicam
1320 2827 1506 2868 secum
1547 2809 1801 2866 deferret.

210 2906 324 2974 Qui
353 2908 484 2963 dum
537 2917 857 2978 prosperato
887 2906 1078 2962 itinere
1110 2915 1422 2976 pergerent,
1460 2903 1688 2975 contigit
1708 2917 1804 2958 eos

1910 1805 2136 1863 seseque
2167 1793 2510 1851 orationibus
2539 1795 2680 1851 beati
2721 1795 3028 1854 Godebardi
3058 1802 3499 1874 commendabat,

1910 1894 2099 1954 petens
2123 1896 2180 1942 ut
2213 1887 2398 1943 animo
2424 1887 2570 1944 illius
2601 1889 2912 1960 inspiraret,
2938 1901 2992 1947 et
3012 1896 3374 1965 competentia
3397 1897 3499 1952 ad-

1910 1977 2168 2033 minicula
2193 1978 2242 2034 ei
2261 1991 2611 2051 praepararet,
2634 1982 2834 2052 quibus
2856 1993 3061 2040 tantam
3094 1987 3500 2046 tribulationem

1909 2069 2138 2125 evadere
2201 2071 2488 2141 potuisset.
2517 2071 2612 2129 llis
2671 2074 2859 2143 finitis,
2891 2076 3006 2147 jam
3067 2094 3174 2134 nox
3207 2080 3503 2138 advenerat

1910 2177 2034 2217 cum
2053 2161 2168 2232 jam
2199 2163 2307 2219 tixo
2337 2164 2524 2220 animo
2552 2181 2612 2221 se
2640 2168 2706 2222 ad
2739 2167 2920 2240 fugam
2947 2173 3305 2242 prteparabat.
3330 2173 3502 2230 Acce—

1908 2253 2016 2324 ptis
2043 2254 2208 2327 igitur
2233 2257 2446 2314 duabus
2475 2258 2732 2317 lanceolis
2753 2269 2808 2316 et
2837 2277 3020 2332 panno
3045 2264 3349 2335 deiculeitra
3373 2266 3502 2324 abso

1911 2354 2108 2413 tracto,
2178 2347 2245 2403 ad
2294 2364 2524 2419 puerum
2573 2351 2744 2407 filium
2799 2352 2985 2410 fratris
3017 2357 3126 2424 sui,
3174 2357 3268 2428 qui
3305 2357 3360 2413 in
3391 2359 3500 2416 alia

1907 2439 2036 2494 villa
2064 2441 2404 2509 morabatur,
2430 2443 2622 2516 pergit,
2650 2461 2886 2516 eumque
2906 2462 3094 2503 secum
3120 2449 3363 2506 abduxit.
3389 2451 3500 2508 Sed

1909 2545 2034 2586 cum
2051 2532 2120 2587 ad
2148 2534 2459 2590 naviculum
2483 2537 3026 2605 venisset,1|aneeolis
3047 2549 3295 2612 etpanno
3331 2559 3500 2615 quem

1909 2639 2096 2681 secum
2129 2628 2386 2697 portavit,
2423 2628 2614 2684 'velum
2666 2631 2965 2702 adoptavit,
2993 2643 3047 2689 et
3075 2634 3156 2691 sic
3200 2650 3259 2692 se
3284 2635 3499 2693 miseri.-

1908 2717 2110 2774 cordize
2155 2717 2370 2774 Domini
2427 2731 2482 2777 ct
2548 2722 2688 2777 beati
2739 2723 3498 2786 Godehardicommcndavit.

1908 2808 2064 2876 Quod
2112 2810 2354 2869 videntes
2383 2813 2555 2884 quiin
2611 2813 2789 2871 insula
2839 2820 3340 2890 commorabantur,
3371 2838 3500 2878 eum

1908 2904 2094 2960 subito
2150 2906 2424 2976 prosecuti
2471 2915 2631 2974 sunt;
2665 2908 2779 2976 sed,
2845 2908 2956 2966 Deo
3007 2912 3320 2983 adjuvante,
3373 2929 3501 2974 eum

212 3008 432 3056 vastam
504 2999 855 3056 solitudinem
935 2998 1183 3063 introire,
1246 2997 1337 3051 ubi
1365 3012 1474 3051 non
1529 2995 1802 3050 modicam
1831 3031 1874 3090 ο
1907 2996 2372 3067 comprehendere
2418 3000 2736 3071 nequibant,
2767 3001 3099 3074 domumque
3156 3005 3358 3063 infecto
3404 3022 3504 3064 ne-

201 3091 621 3158 ,multitudinem
651 3107 988 3163 paganorum
1011 3089 1226 3145 obviam
1251 3089 1506 3143 habuere.
1540 3086 1697 3154 Quod
1727 3086 1805 3141 vi-

213 3185 411 3242 dentes
457 3185 525 3241 ad
561 3201 716 3240 arma
750 3190 1134 3249 cucurrerunt,
1165 3181 1513 3238 defensacula
1565 3180 1805 3250 undique

213 3277 321 3333 sibi
357 3287 828 3350 prieparaverunt;
879 3276 974 3331 sed
1020 3274 1355 3329 multitudini
1408 3273 1626 3328 illorum
1667 3269 1806 3326 resi-

213 3381 364 3430 Stere
409 3386 518 3426 non
555 3370 862 3426 valuerunt.
897 3368 1051 3425 Tunc
1074 3383 1205 3424 vero
1237 3367 1506 3439 quosdam
1549 3380 1617 3421 ex
1668 3364 1804 3435 ipsis

215 3462 384 3518 morti
455 3461 749 3532 dederunt,
797 3461 1067 3536 quosdam
1114 3475 1344 3532 corpore
1391 3465 1802 3526 truncaverunt,

231 3654 1053 3678 Ἥ..-

1911 3091 2060 3160 gotio
2098 3092 2453 3163 remigabant.
2495 3093 2796 3150 Prmdictus
2824 3111 2954 3151 vero
3009 3096 3112 3164 vir,
3151 3113 3261 3153 non
3306 3099 3504 3158 imme-

1913 3198 2036 3237 mor
2057 3184 2200 3254 quod
2232 3184 2342 3240 Deo
2368 3195 2612 3252 voverat,
2641 3187 2759 3242 sine
2811 3202 2964 3242 mora
3021 3187 3090 3242 ad
3130 3191 3496 3260 patrocinium

1913 3275 2055 3333 beati
2086 3276 2395 3334 Godebardi
2441 3279 2713 3346 veniebat,
2766 3290 2822 3335 et
2874 3281 3094 3338 lanceas
3145 3293 3200 3338 et
3252 3300 3496 3355 pannum

1913 3369 2056 3426 unde
2085 3370 2262 3426 velum
2296 3369 2517 3439 fecerat,
2543 3371 2596 3426 in
2629 3373 2952 3429 memoriam
2989 3375 3132 3430 tanti
3162 3377 3411 3434 miraculi
3442 3381 3502 3436 in

1907 3462 2139 3530 ecclesia
2164 3473 2350 3520 nostra
2385 3464 2646 3536 suspendi
2673 3466 2918 3537 rogabat.

1055 3657 3505 3682 *Μ

1590 3840 2136 3920 APPENDIX.

295 4034 606 4095 ‘9.lnterea
640 4034 770 4090 dum
796 4034 909 4090 hmc
932 4043 1188 4106 aguntur,
1202 4033 1530 4091 etmetnoria
1545 4034 1686 4091 beati
1709 4034 1813 4092 Go-

205 4129 453 4192 .dehardi
484 4129 640 4184 valde
672 4127 900 4184 celebris
951 4127 1198 4193 habetur,
1259 4127 1487 4198 contigit
1519 4136 1578 4182 ttt
1630 4127 1810 4183 archi-

202 4223 515 4294 episcopus
535 4220 900 4286 Coloniensis,
926 4218 1190 4276 Henricus
1212 4220 1324 4289 (97)
1349 4221 1588 4288 nomine,
1611 4222 1807 4279 civita-

203 4323 332 4370 “tem
361 4325 604 4370 nostrain
635 4328 761 4367 cum
795 4327 900 4365 non
934 4311 1147 4367 modica
1178 4327 1340 4367 manu
1383 4313 1512 4368 cieri
1545 4323 1600 4368 et
1626 4314 1805 4385 populi

1917 4035 2152 4090 adesset.
2185 4030 2302 4089 Non
2335 4032 2508 4089 multo
2562 4041 2687 4104 post
2736 4042 3001 4105 tempore,
3031 4033 3289 4091 dominus
3322 4041 3510 4092 noster

1911 4142 2037 4183 cum
2066 4126 2119 4180 in
2149 4136 2418 4182 conventu
2449 4135 2638 4182 nostro
2670 4125 2784 4182 haec
2811 4125 3121 4196 supradicta
3135 4127 3505 4199 cognovisset,

1910 4217 2574 4290 petitioniarchiepiscopi
2606 4218 2898 4289 acquievit,
2951 4227 3006 4275 et
3032 4235 3157 4290 qua:
3199 4220 3270 4276 ab
3316 4233 3382 4274 eo
3405 4236 3507 4290 po-

1911 4311 2258 4366 stulabantur
2289 4309 2393 4365 sibi
2423 4310 2613 4366 donari
2651 4311 2926 4381 praecepit.
2968 4309 3093 4366 Mox
3140 4312 3310 4368 abbas
3359 4311 3505 4369 beati

209 4407 605 4478 pertransit-et,
655 4415 708 4460 et
760 4404 1013 4475 praedicta
1049 4404 1335 4469 miracula,
1385 4421 1508 4475 quae
1554 4421 1649 4476 per
1680 4422 1806 4461 eum
1837 4378 1885 4438 θ
1912 4402 2219 4458 Godehardi
2251 4403 2318 4456 ad
2344 4418 2468 4458 eum
2494 4417 2619 4459 cum
2644 4404 2893 4473 portione
2932 4404 3287 4474 reliquiarum
3323 4412 3505 4459 trans-

222 4499 447 4564 fiebant,
472 4509 843 4570 cognosceret.
870 4495 925 4551 In
947 4506 1276 4552 conventum
1297 4513 1426 4568 ergo
1456 4497 1687 4553 fratrum
1711 4515 1810 4554 no-

223 4601 464 4648 strorum
493 4590 660 4653 venit,
690 4600 740 4643 et
773 4587 1165 4642 fraternitatem
1196 4596 1438 4642 nostram
1487 4589 1678 4643 devote
1720 4604 1813 4659 po-

203 4684 467 4739 "stulavit.
502 4682 580 4736 .\d
611 4682 769 4752 cujus
793 4679 1146 4735 fraternitatis
1194 4680 1662 4734 confirmationem
1692 4680 1812 4736 dari

225 4777 332 4832 sibi
363 4775 430 4831 de
469 4775 716 4844 reliquiis
772 4774 916 4829 beati
945 4771 1162 4843 patroni
1195 4772 1369 4826 nostri
1408 4772 1692 4826 humiliter
1715 4789 1811 4844 pe-

227 4870 336 4931 tiit,
362 4870 684 4938 promittens
725 4882 786 4921 se
813 4865 1086 4920 facturum
1118 4873 1178 4932 ut
1205 4864 1258 4919 in
1286 4864 1438 4919 omni
1465 4864 1688 4919 dioecesi
1713 4881 1814 4922 sua

227 4960 460 5015 celebris
518 4958 830 5024 haberetur,
885 4964 939 5012 et
985 4971 1263 5026 congruos
1292 4955 1471 5009 honor
1509 4964 1660 5010 tanto
1695 4957 1814 5011 viro

227 5051 608 5114 exhiberetur;
638 5048 731 5104 sed
781 5051 908 5121 quia
946 5048 1261 5120 petitionem
1311 5047 1430 5116 ejus
1467 5057 1690 5118 propter
1715 5051 1814 5104 ab-

229 5145 456 5200 sentiam
486 5141 730 5216 pastoris
753 5141 930 5198 nostri
964 5140 1296 5205 distulimus,
1327 5149 1381 5194 et
1408 5147 1542 5197 tunc
1589 5155 1693 5197 nos
1723 5159 1810 5199 sa—

230 5234 543 5293 tisfacturos
579 5232 847 5290 voluntati
871 5234 1040 5306 ipsius
1088 5232 1313 5301 polliciti
1368 5245 1586 5300 sumus,
1638 5235 1732 5291 ubi
1770 5235 1818 5290 is

1912 4494 2150 4548 mittitur
2178 4502 2234 4548 et
2263 4493 2333 4548 ab
2365 4507 2431 4548 eo
2472 4479 2826 4550 devotissiuic
2856 4489 3175 4564 suscipitur.
3203 4492 3358 4550 llanc
3377 4509 3508 4550 vero

1911 4585 2218 4655 portionem
2247 4583 2696 4653 archiepiscopus
2729 4584 2781 4638 in
2811 4593 3014 4639 terram
3039 4583 3337 4639 nativitatis
3367 4598 3504 4650 suae,

1915 4679 1966 4732 id
1989 4687 2074 4734 est
2099 4679 2153 4733 in
2181 4676 2460 4741 Sneviam,
2507 4677 2832 4743 transmisit,
2875 4678 3058 4748 ibique
3085 4677 3377 4749 quamdam
3410 4692 3518 4735 ec-°

1914 4772 2138 4827 clesiam
2168 4772 2224 4826 in
2251 4771 2515 4824 honorem
2548 4770 2722 4841 ipsius
2749 4771 2987 4826 instituit
3021 4789 3034 4827 :
3065 4773 3132 4826 ad
3174 4783 3340 4840 quam
3381 4786 3510 4828 cum

1915 4865 2070 4920 multi
2107 4864 2463 4929 confluerent,
2491 4874 2544 4917 et
2574 4863 2937 4919 certissimam
2961 4865 3198 4919 salutem
3230 4861 3434 4919 animae
3457 4874 3514 4922 et

1917 4961 2163 5030 corporis
2189 4967 2596 5027 recuperarent,
2623 4957 2854 5029 contigit
2898 4966 2957 5010 ut
2991 4958 3227 5028 quadam
3273 4953 3362 5010 die
3396 4960 3519 5018 cui-

1917 5051 2043 5107 dam
2069 5057 2189 5110 viro
2223 5063 2421 5104 manus
2441 5047 2875 5114 abscinderetur,
2905 5048 3046 5105 adeo
3076 5058 3135 5104 ut
3154 5061 3254 5102 uec
3283 5045 3530 5117 minima

1918 5143 2186 5213 particula
2241 5138 2455 5209 corpori
2479 5137 2823 5210 jungeretur.
2858 5135 3068 5198 Videns
3096 5151 3228 5210 ergo
3255 5150 3379 5190 man
3393 5157 3534 5206 cum

1921 5247 1980 5288 se
2009 5249 2154 5304 esse,
2183 5244 2411 5290 manum
2437 5229 2694 5299 arripuit,
2751 5237 2806 5287 et
2861 5225 2967 5282 fide
3023 5233 3235 5287 ﬁrmata
3275 5239 3398 5282 eam
3460 5240 3541 5301 ad
