4056 5360
515 172 658 243 ΒΞἹ

1402 144 1459 223 's.
1497 162 1896 223 GODEHARDI
1933 159 2245 220 EPISCOPI
2283 159 2905 218 HlLDESiIEIMENSlS

3666 146 3793 215 ιω

514 298 772 342 truncum
803 259 1079 354 apposuit,
1107 286 1162 336 et
1205 274 1276 335 ad
1302 278 1551 336 eamdem
1595 275 1887 355 ecclesiam
1918 276 1986 333 ad
2010 291 2111 347 pne
2136 278 2182 335 Α
2207 290 2322 345 per.
2362 293 2381 327 ι
2417 273 2604 331 Dictus
2645 284 2826 330 autem
2873 271 3128 329 infirmus
3171 272 3431 341 surrexit,
3464 280 3524 327 et
3550 273 3698 344 quod
3747 276 3793 328 ei
3832 278 3837 283 ‘

514 379 813 435 trociuium
864 376 1008 433 beati
1035 372 1351 430 Codehardi
1372 372 1626 444 migravit
1657 390 1673 425 :
1730 370 1823 426 ubi
1856 385 1981 425 cum
2011 369 2108 423 de-

511 456 799 528 votissime
821 466 1260 542 misericordiam
1310 464 1482 536 ipsius
1511 463 1848 534 imploraret,
1881 460 2109 531 contigit

514 563 931 621 celeberrimum
960 559 1311 625 miraculum,
1343 565 1403 611 ut
1424 565 1622 611 trunco
1657 569 1856 608 manus
1880 552 2107 622 conglu-

516 655 806 718 tinaretnr,
839 659 894 706 et
921 651 975 704 in
996 647 1289 720 pristinum
1317 653 1522 701 statum
1559 643 1955 699 restitueretur.

586 745 678 801 50.
710 742 809 798 Vir
846 743 1072 814 quidam
1108 740 1399 804 honestus,
1428 736 1592 806 cujus
1620 749 1823 790 nomen
1855 731 2111 789 Theodo-

514 837 687 903 ricus,
710 835 847 891 civis
876 830 1430 888 llildeneshemensis.
1461 826 1567 883 llic
1602 825 1891 882 devotione
1921 823 2110 895 singu-

514 928 619 984 lari
645 935 851 994 motus,
890 923 1287 980 fraternitatem
1313 920 1553 976 instituit
1582 917 1758 976 sancti
1777 915 2106 983 Godebardi,

514 1028 571 1076 et
598 1021 655 1075 in
684 1035 805 1094 eam
828 1018 1112 1086 utriusque
1135 1029 1303 1075 sexus
1326 1012 1582 1069 homines
1603 1009 1839 1076 induxit,
1862 1009 2110 1064 tribuens

515 1114 585 1169 de
604 1111 838 1183 propriis
874 1111 1277 1179 eleemosynam
1330 1105 1665 1176 pauperibus
1726 1102 1860 1159 satis
1900 1101 2108 1172 largam

516 1206 575 1261 in
609 1205 748 1260 festo
786 1201 916 1259 dicti
950 1199 1221 1273 pontificis
1273 1196 1604 1255 Codehardi.
1634 1194 1738 1255 Hic
1788 1194 1847 1253 in
1887 1191 2111 1249 inﬁrmi-

515 1305 629 1353 tate
649 1295 894 1367 quadam
945 1292 1303 1358 decumbens,
1348 1305 1474 1360 qua:
1507 1287 1748 1360 phthisis
1804 1286 2027 1351 dicitur,
2077 1299 2110 1345 a

519 1384 751 1450 medicis
769 1381 1190 1453 derelinquitur,
1229 1378 1327 1450 qui
1369 1378 1437 1434 de
1477 1377 1590 1433 vita
1625 1376 1800 1447 ipsius
1848 1374 2109 1444 despera-

514 1480 665 1539 bant.
698 1477 947 1545 Quadam
975 1489 1106 1533 vero
1130 1481 1312 1539 nocte,
1341 1486 1509 1541 quam
1551 1483 1691 1539 pene
1711 1466 1870 1524 duxit
1897 1466 2109 1523 insom—

516 1590 665 1643 nem,
698 1572 955 1644 apparuit
975 1571 1026 1626 ei
1055 1576 1283 1627 sanctus
1306 1566 1668 1624 Codehardus
1692 1564 1749 1619 in
1763 1562 1953 1620 habitu
1977 1576 2113 1632 pon-

515 1670 725 1736 tiﬁcali,
757 1669 948 1725 dicens
969 1666 1022 1722 ei
1057 1685 1070 1722 :
1106 1685 1125 1718 ι
1156 1663 1298 1732 Quid
1320 1662 1459 1735 agis,
1483 1660 1651 1717 frater
1675 1660 1697 1713 ?
1726 1676 1826 1716 cur
1851 1659 1931 1714 sic
1954 1658 2109 1730 jaces

516 1775 828 1839 prostratus
854 1765 911 1820 in
933 1763 1117 1820 lecto?
1172 1781 1191 1814 ι
1246 1759 1351 1815 Cui
1375 1757 1753 1814 Theodorieus
1782 1753 2103 1827 respondit:

522 1882 543 1917 ι
588 1862 907 1918 Inﬁrmitate
954 1867 1214 1932 gravatus
1266 1856 1466 1923 valida,
1521 1854 1670 1910 aliud
1722 1868 1833 1909 non
1878 1866 2109 1924 possum

515 1968 686 2024 quam
710 1959 1020 2023 prostratus
1041 1949 1255 2020 jacere;
1285 1945 1382 2002 sed
1410 1960 1545 2017 rogo
1580 1952 1655 2010 te,
1710 1950 1901 2001 sancte
1933 1939 2111 1998 Gude-

518 2046 708 2113 harde,
724 2062 819 2102 ora
854 2059 954 2116 pro
974 2057 1082 2099 me.
1114 2060 1136 2094 ι
1175 2040 1279 2097 Cui
1335 2040 1419 2095 vir
1448 2047 1677 2095 sanctus
1718 2037 1797 2092 ait
1831 2057 1842 2092 :
1878 2054 1899 2089 ι
1936 2034 2112 2107 Surge

518 2138 577 2192 in
598 2136 821 2191 nomine
851 2134 1072 2189 Domini
1130 2131 1305 2188 nostri
1328 2129 1461 2187 Jesu
1486 2129 1716 2195 Christi,
1753 2138 1807 2183 et
1854 2127 1991 2183 vade
2041 2124 2113 2181 ad

517 2228 900 2295 ecclesiam,et
926 2225 1154 2282 ostende
1183 2233 1235 2280 te
1258 2222 1632 2279 eonfratribus
1660 2220 1791 2287 tuis,
1812 2227 1865 2275 et
1887 2218 1973 2275 die
1995 2218 2076 2273 eis
2098 2237 2111 2273 :

518 2320 660 2388 Quia
683 2319 950 2375 Dominus
970 2317 1132 2374 Jesus
1148 2316 1359 2373 meritis
1382 2315 1519 2370 meis
1542 2323 1592 2371 te
1618 2312 1853 2377 sanavit,
1878 2327 1945 2367 eo
1968 2310 2114 2382 quod

519 2413 789 2469 honorem
812 2426 994 2479 meum
1028 2411 1081 2465 in
1112 2410 1217 2465 hac
1264 2408 1579 2463 infirmitate
1598 2403 2111 2477 procurastiulnsu-

518 2521 618 2576 per
643 2506 733 2561 dic
753 2504 835 2561 eis
861 2511 926 2559 ut
961 2503 1020 2558 in
1047 2500 1300 2572 inemptis
1348 2506 1717 2572 perseverent,
1747 2510 1803 2554 et
1852 2513 1953 2570 ego
1997 2494 2111 2551 fra-

521 2608 604 2654 ter
626 2614 824 2655 eorum
847 2612 964 2663 ero,
989 2605 1045 2651 et
1102 2594 1362 2650 defensor
1386 2592 1459 2649 ab
1491 2593 1650 2648 hoste
1684 2591 1945 2662 maligno,
1969 2597 2023 2644 et
2045 2588 2115 2644 ab

522 2691 784 2746 omnibus
809 2705 934 2761 quae
960 2690 1247 2754 honorem,
1308 2687 1499 2751 vitam,
1533 2685 1649 2741 sive
1694 2683 1897 2739 famam
1922 2696 2113 2739 eorum

524 2780 722 2840 laedere
742 2787 994 2852 possunt,
1017 2788 1073 2835 et
1095 2778 1239 2848 apud
1281 2776 1455 2833 Deum
1495 2778 1832 2833 intercessor
1852 2790 1948 2831 ero
1970 2790 2117 2831 sem-

2208 366 2415 422 dictum
2437 365 2614 422 fuerat
2649 365 2796 445 fecit.
2822 364 2887 420 Et
2915 380 3107 421 omnes
3125 366 3221 436 qui
3242 365 3535 422 audierant
3574 366 3793 421 verbum

2210 456 2380 512 Deum
2424 456 2839 524 benedicebant,
2882 457 2978 527 qui
3022 457 3190 513 talem
3222 458 3303 512 eis
3324 467 3625 527 patronum
3653 456 3797 512 dedit

2208 558 2262 605 et
2281 550 2719 606 intercessorem.
2762 548 2953 606 Dictus
3002 558 3185 606 autem
3225 548 3612 605 Theodoricus
3633 564 3795 605 sanus

2108 672 2109 675 η
2209 652 2264 697 et
2283 641 2497 707 hilaris,
2515 652 2706 712 postea
2745 641 2883 696 vixit
2938 641 3100 697 annis
3157 640 3369 710 multis,
3391 641 3591 697 devote
3619 639 3797 696 Decet

2210 744 2400 790 sancto
2421 733 2748 790 Codehardo
2774 749 2834 790 se
2855 733 3277 792 commendans.

2280 848 2368 903 5|.
2410 846 2666 920 Magister
2685 845 2924 904 Joannes
2954 847 3066 919 (98)
3089 848 3333 904 decanus
3355 847 3658 919 Aquensis,
3682 864 3797 904 cum

2210 939 2479 996 scholaris
2497 947 2664 1006 esset,
2696 947 2806 995 tam
2846 940 3081 1012 graviter
3108 940 3344 1011 quodam
3380 949 3635 1011 tempore
3656 941 3801 995 inﬁr-

2211 1040 2393 1087 matus
2414 1038 2519 1096 est,
2541 1039 2602 1085 ut
2621 1029 2911 1087 confessus
2929 1041 2984 1087 et
3002 1032 3264 1089 inunctus
3284 1032 3421 1088 nihil
3445 1033 3497 1088 ei
3521 1033 3636 1088 nisi
3660 1048 3801 1088 mors

2209 1122 2504 1177 videretur.
2534 1120 2639 1189 Qui
2664 1136 2790 1178 cum
2818 1123 3047 1179 materia
3068 1132 3223 1195 rapta
3239 1125 3465 1181 essetin
3492 1125 3799 1191 cerebrum,

2211 1214 2365 1270 solus
2395 1214 2585 1285 jacens
2643 1214 2701 1269 in
2753 1218 3234 1285 excessumvenit,
3258 1218 3504 1289 viditque
3557 1219 3802 1274 homines

2212 1306 2316 1361 sibi
2346 1306 2563 1378 ignotos
2610 1307 2837 1376 intrare,
2860 1308 2956 1380 qui
2987 1308 3175 1367 lances
3207 1326 3347 1381 quas
3392 1311 3662 1367 manibus
3685 1327 3803 1381 por-

2212 1398 2403 1453 tabant
2424 1413 2553 1454 eum
2579 1399 2746 1472 lignis
2774 1400 3038 1457 brevibus
3054 1409 3121 1457 et
3149 1402 3436 1473 quadratis
3461 1412 3602 1458 ante
3632 1404 3803 1473 ipsum

2212 1489 2508 1561 ponebant.
2542 1490 2826 1549 Stantibus
2854 1492 2993 1564 ipsis
3027 1508 3096 1549 e-x
3121 1509 3230 1550 una
3264 1503 3420 1566 parte
3441 1496 3657 1561 lectuli,
3681 1513 3797 1553 com

2214 1582 2509 1653 templatus
2541 1591 2628 1639 est
2648 1584 2877 1641 introire
2898 1594 3010 1641 tres
3032 1585 3267 1658 inclytus
3286 1585 3670 1651 eonfessores,
3685 1602 3806 1641 san-

2211 1682 2363 1731 ctum
2412 1675 2659 1733 videlicet
2703 1676 3001 1733 Martinum
3046 1677 3447 1745 Turonensem,
3476 1688 3536 1734 et
3555 1688 3805 1734 sanetum

2213 1765 2599 1824 Codehardum
2655 1770 2973 1842 episcopum
3023 1769 3630 1853 Hildenesbemensem,
3684 1774 3806 1827 bea-

2164 1900 2169 1907 ς
2214 1867 2442 1932 tumque
2466 1860 2878 1931 Bernvvardum,
2907 1863 3003 1936 qui
3029 1879 3158 1920 cum
3190 1873 3349 1935 parte
3389 1880 3457 1920 ex
3486 1865 3669 1920 altera
3706 1865 3809 1921 eir-

2212 1963 2562 2011 cumstetere.
2596 1955 2654 2012 in
2677 1971 2915 2028 quorum
2956 1966 3253 2028 conspectu
3277 1972 3417 2028 puer
3441 1956 3698 2012 Joannes
3718 1957 3808 2011 uni

2213 2046 2518 2117 imponitur
2552 2047 2720 2116 lanci,
2758 2057 2814 2104 et
2856 2048 3003 2120 ligna
3052 2049 3312 2120 ponderis
3338 2048 3516 2103 alteri.
3562 2047 3809 2118 Cumque

2214 2139 2422 2194 elevata
2445 2146 2669 2207 statera,
2688 2138 2907 2211 juvenis
2924 2155 3070 2212 aeger
3108 2140 3295 2196 minus
3315 2140 3525 2196 habens
3554 2140 3811 2195 inventus

2214 2240 2320 2299 est,
2346 2231 2588 2303 praedicti
2611 2231 2959 2289 confessores
2979 2233 3269 2304 puerulum
3324 2248 3559 2304 parvum
3584 2243 3643 2289 et
3665 2249 3811 2288 men-

2216 2321 2400 2377 dicum
2423 2322 2569 2377 sinui
2603 2321 2721 2393 ejus
2746 2322 3150 2392 imposuerunt,
3168 2322 3263 2393 qui
3289 2322 3455 2379 simul
3483 2323 3709 2379 lancem
3722 2323 3813 2377 ad-

2218 2430 2431 2471 versam
2457 2430 2583 2471 mox
2607 2416 3021 2486 suspendentes,
3046 2416 3210 2486 lignis
3231 2416 3509 2487 graviores
3539 2429 3813 2486 apparue-

2218 2515 2368 2573 runt,
2397 2508 2692 2578 statimque
2724 2505 2986 2574 Joannes,
3036 2508 3131 2578 qui
3179 2508 3316 2562 mihi
3362 2508 3507 2563 Itane
3537 2508 3812 2565 visionem

2216 2596 2425 2663 retulit,
2468 2596 2525 2651 in
2551 2598 2808 2653 sudorem
2831 2612 3127 2667 erumpens
3175 2597 3345 2665 crisin
3372 2595 3522 2664 fecit,
3548 2607 3613 2653 et
3638 2596 3709 2652 de
3729 2611 3815 2651 ea-

2218 2688 2345 2745 dem
2381 2688 2697 2743 infirmitate
2718 2688 2882 2744 citius
2916 2688 3214 2745 convaluit.

1137 2893 1525 2954 Postremum
1555 2887 1928 2952 miraculum
1967 2888 2267 2951 editionis
2315 2888 2653 2968 Li'psz'antr,
2698 2892 2841 2951 eine
2870 2890 3198 2954 brevioris.

524 3004 532 3012 ‘
601 2997 689 3053 52.
727 2996 887 3051 Anno
940 2993 1155 3050 Domini
1203 2994 1341 3051 1558
1397 2993 1591 3049 civitas
1634 2991 1977 3048 Pataviensis
2022 3007 2118 3062 per
2151 2997 2194 3058 C
2228 2991 2387 3046 miter
2413 3007 2471 3047 se
2491 2992 2762 3047 missuros
2787 2993 2997 3063 aliquot
3018 2993 3085 3049 de
3133 2993 3346 3049 civibus
3368 3010 3494 3050 cum
3521 2992 3820 3049 oblationi-

525 3087 845 3158 episcopum
870 3083 1247 3140 Patavicnscm
1275 3083 1411 3156 (99),
1435 3100 1559 3139 cum
1584 3083 1754 3138 multa
1776 3090 2114 3138 armatorum

526 3165 744 3245 militia,
782 3176 1186 3233 circumvallata
1215 3177 1295 3232 sic
1329 3176 1661 3243 arctabatur,
1687 3174 1833 3246 quod
1883 3174 2119 3245 populus

526 3269 586 3324 in
606 3285 671 3326 ca
695 3270 1017 3341 desperatus
1039 3270 1105 3325 de
1139 3269 1335 3334 salute,
1360 3267 1615 3324 hostibus
1665 3267 1782 3322 suis
1823 3281 1885 3321 se
1905 3266 2120 3321 tradere

526 3363 764 3419 volebat.
789 3362 1031 3435 Contigit
1059 3370 1243 3418 autem
1279 3368 1340 3416 ut
1375 3377 1520 3416 unus
1550 3361 1693 3415 inter
1720 3374 1817 3415 eos
1838 3358 1894 3413 in
1927 3365 2119 3414 sancto

529 3454 856 3512 Codehardo
879 3455 1167 3525 specialem
1205 3470 1400 3525 gerens
1432 3453 1710 3520 fiduciam,
1751 3460 1805 3507 et
1827 3450 1969 3505 inter
1997 3466 2118 3505 ma-

529 3549 681 3620 jores
708 3546 946 3603 civitatis
969 3546 1235 3613 residens,
1266 3545 1503 3601 diceret:
1562 3564 1581 3596 ι
1628 3543 1953 3599 Audivimus
1974 3541 2121 3597 muln
2168 3536 2171 3537 ⁷

528 3649 586 3696 ta
611 3641 829 3712 pictatis
861 3640 1096 3711 insignia
1118 3647 1172 3695 et
1197 3639 1458 3695 salutaris
1480 3637 1668 3693 auxilii
1698 3644 1988 3708 augmenta
2010 3650 2120 3690 non

534 3732 778 3799 modica,
840 3732 1117 3804 quomodo
1160 3740 1387 3788 sanctus
1414 3730 1772 3787 Codeliardus
1800 3730 1867 3786 de
1892 3730 1996 3786 liae
2018 3743 2120 3784 no-

533 3829 647 3879 stra
667 3832 825 3879 ortus
854 3832 1021 3890 terra,
1055 3822 1167 3878 imo
1187 3823 1255 3878 de
1279 3823 1383 3879 hac
1425 3830 1613 3878 nostra
1647 3822 1894 3889 dioecesi,
1934 3820 2121 3876 multis

531 3914 706 3970 astitit
735 3914 1031 3981 tribulatis,
1066 3922 1123 3970 et
1143 3913 1575 3970 consolationem
1597 3914 1667 3969 ab
1688 3928 1756 3969 eo
1776 3920 2118 3984 receperunt,

536 4013 597 4059 ut
619 4005 806 4061 multis
857 4013 942 4061 est
976 4004 1347 4061 notissimum.
1397 4003 1627 4074 Expedit
1670 4018 1802 4076 ergo
1854 4011 1913 4058 ut
1944 4011 1999 4058 et
2020 4017 2122 4057 nos

533 4094 709 4167 ipsius
731 4096 1065 4167 adjutorinm
1110 4097 1487 4167 imploremus,
1534 4104 1778 4167 petentes
1835 4095 2123 4151 devotione

535 4186 767 4258 supplici
796 4195 859 4242 ut
884 4187 1180 4243 clementer
1235 4186 1397 4244 nobis
1449 4187 1695 4255 assistat,
1734 4196 1790 4243 et
1817 4188 1954 4244 iram
2001 4186 2118 4255 Dei,

534 4293 633 4350 per
684 4294 851 4350 quam
901 4279 1204 4335 meruimus
1265 4279 1408 4335 hanc
1460 4280 1845 4349 calamitatem,
1878 4295 1909 4336 a
1960 4280 2121 4337 nobis

533 4380 762 4427 avertat.
808 4391 827 4425 i
869 4371 1080 4429 Placuit
1116 4362 1373 4429 omnibus
1416 4372 1644 4428 verbum
1695 4372 1865 4439 senis,
1893 4372 2122 4443 ejusque

539 4476 727 4520 omnes
748 4462 930 4520 favent
958 4465 1325 4532 hortamento,
1356 4472 1411 4521 et
1435 4472 1622 4520 votum
1654 4462 1899 4520 fecerunt
1925 4463 2121 4519 unani-

2220 3084 2343 3150 bus,
2381 3093 2624 3155 petentes
2649 3094 2707 3139 ut
2725 3086 2805 3139 eis
2828 3085 2881 3139 in
2907 3086 3322 3141 necessitatibus
3350 3087 3468 3142 suis
3494 3087 3673 3144 citius
3691 3088 3815 3143 sub-

2220 3178 2446 3232 veniret.
2480 3179 2600 3243 Quo
2624 3186 2749 3232 voto
2771 3178 2993 3244 emisso,
3032 3178 3168 3233 mira
3193 3179 3477 3234 celeritate
3502 3195 3565 3234 se
3598 3179 3819 3234 intrent-

2221 3277 2349 3323 runt
2384 3271 2714 3325 consolatos.
2744 3268 2880 3325 Nam
2904 3287 3201 3342 generosus
3223 3271 3623 3343 princepsdux
3650 3272 3818 3327 Bura—-

2220 3359 2317 3415 rite
2338 3359 2483 3431 ([00)
2509 3362 2752 3429 veniens,
2792 3362 3072 3435 negotium
3096 3365 3401 3435 intercepit,
3435 3374 3488 3420 ct
3524 3365 3685 3421 inter
3705 3364 3817 3436 epi-

2224 3466 2450 3521 scopum
2482 3451 2859 3509 Putavit-nsum
2895 3465 2948 3510 et
2979 3455 3125 3511 cives
3153 3456 3311 3511 dictu:
3362 3457 3612 3513 civitatis
3666 3458 3736 3512 ab
3758 3472 3819 3511 eo

2224 3542 2463 3598 obsessae
2504 3551 2725 3615 trcugas
2766 3546 3051 3602 cunstituit
3081 3547 3414 3604 amicabiles.
3446 3545 3657 3619 Sicque
3684 3565 3817 3620 prce-

2224 3638 2699 3705 sulabscessit,ct
2755 3638 2948 3695 civitas
2992 3657 3124 3711 pace
3182 3642 3459 3713 gaudebat
3508 3643 3815 3714 insperata.

2225 3725 2330 3783 Sed
2353 3728 2602 3783 etmcdio
2632 3738 2875 3800 tempore
2896 3730 3076 3785 dictus
3098 3732 3206 3785 dux
3242 3731 3489 3787 Bavarize
3514 3747 3712 3802 pacem
3737 3733 3817 3786 in-

2222 3826 2306 3874 ter
2345 3820 2665 3891 episcopum
2713 3822 3060 3878 etcivilatem
3098 3823 3390 3893 incoeptum
3447 3824 3817 3889 conﬁrmavit,

2216 3919 2278 3967 et
2299 3914 2734 3968 consolationem
2763 3915 3080 3970 hominibus
3109 3915 3398 3986 utriusque
3421 3931 3595 3972 sexus
3620 3916 3818 3972 condo-

2220 4002 2391 4059 navit.
2419 4002 2579 4061 Civcs
2601 4014 2779 4061 autem
2808 4006 2966 4062 dicta:
2984 4007 3221 4061 civitatis
3272 4021 3423 4073 suos,
3448 4016 3512 4062 ut
3530 4013 3815 4070 voverant,

2224 4096 2292 4151 ad
2321 4096 2632 4167 sepulcrum
2666 4098 2940 4154 miserunt
2965 4099 3141 4155 sancti
3181 4097 3494 4155 Godehardi
3518 4114 3651 4154 cum
3675 4098 3816 4153 voti-

2223 4185 2307 4242 vis
2335 4186 2728 4255 oblationibus,
2750 4190 3008 4246 omnibus
3038 4190 3237 4245 ibidem
3268 4198 3563 4247 narrantes
3585 4191 3817 4262 qualiter

2225 4275 2498 4349 suffragiis
2511 4280 2686 4335 sancti
2719 4280 3027 4337 Codehardi
3073 4281 3141 4337 de
3183 4280 3541 4338 tribulatione
3579 4282 3814 4338 maxi

2226 4370 2411 4426 subito
2431 4369 2633 4428 fuerint
2655 4373 2887 4429 liberati.

518 4584 527 4589 .
557 4559 3817 4597 *ΜΝ-Μ

1674 4668 2194 4749 APPENDIX
2250 4667 2673 4747 ALTERA.

989 4780 1255 4838 Hii-acula
1279 4784 1335 4838 in
1361 4782 1556 4838 exteris
1582 4783 1869 4854 provinciis
1895 4781 2065 4853 facta,
2092 4780 2149 4833 in
2171 4795 2305 4851 quas
2327 4778 2522 4834 delata:
2548 4787 2670 4834 sunt
2698 4778 2756 4836 S.
2786 4780 3086 4838 Godeltardt'
3109 4781 3369 4856 reliquiae.

610 4939 765 4996 Scire
792 4936 1102 4994 volentibus
1130 4953 1255 5009 quae
1280 4946 1334 4994 et
1354 4946 1560 5009 quanta
1592 4937 1860 4996 Dominus
1902 4939 2120 5011 operari
2150 4940 2201 5001 D
2224 4935 2365 4992 viter
2397 4935 2647 5006 quaedam
2677 4936 2940 4993 adnotare
2961 4938 3296 4995 curavimus.
3327 4937 3719 4998 Honorabilem
3740 4942 3817 4996 vi-

536 5030 609 5085 sit
635 5029 890 5100 dignatus
925 5043 1024 5099 per
1048 5030 1245 5085 merita
1278 5030 1424 5085 beati
1451 5029 1781 5096 Godehardi,
1823 5046 1947 5086 cum
1972 5046 2122 5088 esse—

534 5134 663 5174 mus
689 5120 743 5174 in
773 5121 1052 5190 provincia
1088 5119 1449 5193 Trajectensi,
1489 5122 1628 5178 etin
1669 5124 1792 5180 aliis
1835 5124 1995 5190 locis,
2020 5124 2125 5181 lia-

2229 5040 2353 5081 rum
2375 5026 2625 5081 abbatem
2650 5027 2705 5081 in
2728 5026 3006 5100 Dokkinge
3023 5037 3274 5085 curatum
3302 5030 3585 5088 evidenter
3610 5047 3813 5105 cogno—

2227 5124 2456 5183 vimusa
2478 5127 2626 5183 ﬂuxu
2652 5129 2959 5200 sanguinis,
2984 5143 3095 5200 quo
3128 5131 3483 5187 vehementer
3528 5142 3585 5188 et
3613 5134 3713 5189 diu
3742 5133 3815 5186 la-

517 5210 731 5284 bentes
759 5212 1043 5267 nobiseum
1060 5213 1399 5270 venerabiles
1422 5214 1683 5285 reliquias
1710 5213 1975 5285 ejusdem,
2003 5213 2128 5271 bre—
2206 5219 2538 5276 .boraverat.
2607 5220 2711 5276 Per
2758 5220 2880 5291 ejus
2904 5221 3225 5294 suffragium
3271 5232 3586 5281 matronam
3652 5227 3813 5281 etiam

610 5337 723 5360 [An\
763 5338 843 5360 ΙΙ-
894 5358 897 5360 .
1000 5344 1012 5356 ο
1152 5348 1167 5360 1
1384 5348 1406 5360 ιι
1472 5358 1475 5360 .
1698 5347 1734 5360 η
