4018 6384
206 398 347 465 1229

1644 402 2027 463 EPISTOLE.

3330 410 3470 466 {230

208 518 528 593 quamdam,
560 532 681 589 quae
718 516 861 572 bona
885 530 980 587 spe
999 516 1217 573 easdem
1235 514 1496 587 reliquias
1518 515 1586 571 ad
1612 531 1672 572 se
1689 517 1787 573 de-
1815 531 1870 588 Α
1962 517 2052 574 55.
2085 514 2183 573 Vir
2224 517 2390 574 etiam
2428 517 2651 591 quidam
2697 533 2950 590 magnus,
2973 518 3133 575 nobis
3154 518 3310 576 valde
3334 535 3470 575 con-

203 614 334 669 ferri
374 612 548 683 petiit,
579 610 725 666 Deus
758 625 789 665 a
808 607 1011 680 duplici
1041 604 1255 677 morbo,
1293 609 1590 681 hydropico
1615 617 1786 681 etpo-

203 704 452 777 dagrico.
485 718 596 774 quo
618 703 710 759 diu
734 702 1098 772 laboraverat,
1139 701 1383 772 ejusdem
1433 701 1645 757 meritis
1688 717 1787 775 po-

203 803 385 851 tenter
433 802 596 865 atque
643 794 920 849 evidenter
948 791 1241 865 liberavit.
1306 790 1575 847 Prmterea
1634 790 1788 847 zonis

202 888 505 941 multorum
544 885 829 957 applicatis
859 884 927 940 ad
955 885 1175 940 easdem
1219 883 1501 954 reliquias,
1526 892 1580 938 et
1615 897 1787 953 appo-

202 978 326 1034 sitis
350 978 419 1032 ad
441 977 683 1031 membra
708 975 1072 1042 infirmorum,
1105 984 1218 1030 tam
1244 975 1592 1031 saecularium
1620 989 1785 1045 quam

202 1069 599 1133 claustralium,
633 1068 686 1121 in
717 1067 1019 1123 continenti
1050 1067 1341 1121 sanitatem
1395 1065 1665 1135 recepisse
1689 1080 1789 1120 no-

204 1170 434 1217 scuntur
455 1179 469 1227 ;
494 1160 745 1216 videlicet
775 1159 975 1214 infirmi
999 1159 1311 1214 laborantes
1325 1158 1789 1228 quotidiana,ter—

202 1253 375 1320 tiana,
407 1253 596 1308 dolore
617 1251 833 1323 capitis,
857 1252 1164 1319 oculorum,
1196 1250 1440 1306 dentium
1469 1259 1523 1305 et
1561 1258 1786 1306 caetero-

202 1360 327 1401 rum
353 1344 747 1400 membrorum.

275 1436 364 1491 54.
411 1434 550 1491 Cum
584 1433 785 1490 femina
836 1434 1087 1505 quadam
1144 1434 1286 1490 inter
1328 1434 1581 1490 concives
1634 1449 1786 1501 suos,

202 1527 463 1582 dantibus
489 1527 649 1583 nobis
679 1527 1187 1583 confraternitatem
1211 1542 1365 1583 more
1396 1527 1577 1593 solito,
1607 1525 1678 1582 ab
1706 1528 1789 1598 ip-

202 1634 264 1675 sa
294 1634 352 1675 se
381 1620 709 1686 absentaret,
741 1620 949 1675 monita
993 1635 1091 1690 per
1120 1618 1301 1675 visum
1342 1635 1373 1674 a
1428 1619 1587 1674 beato
1614 1618 1790 1676 Gede-

203 1712 378 1775 hardo
408 1729 508 1768 cur
526 1728 589 1769 se
641 1721 793 1768 tanto
814 1712 1080 1768 benclicio
1124 1710 1328 1782 privari
1373 1711 1571 1783 vellet,
1613 1718 1667 1767 et
1699 1726 1789 1767 re-

203 1808 482 1876 spondens
519 1806 669 1877 quod
700 1806 839 1860 nihil
887 1804 1226 1861 olferendum
1265 1806 1510 1873 haberet,
1561 1803 1785 1874 audivit,

1889 610 2091 667 trarius
2124 611 2386 680 existens,
2416 628 2540 668 cum
2580 612 2842 684 populum
2865 627 2896 667 a
2932 612 3091 668 nobis
3125 621 3395 679 avertere,
3418 622 3475 669 et

1888 703 2169 774 negotium
2220 713 2470 760 nostrum
2518 703 2849 759 omnimodis
2898 704 3159 774 impedire
3206 704 3470 773 studeret,

1889 795 1965 851 ita
1988 812 2085 867 per
2123 795 2458 854 inflationem
2480 797 2719 870 gutturis
2741 804 2795 852 et
2818 797 2987 854 totius
3020 798 3215 868 capitis
3253 799 3474 868 pericli-

1889 888 1995 943 tari
2014 890 2199 960 coepit,
2226 898 2286 945 ut
2305 890 2419 960 jam
2454 906 2591 961 pene
2622 889 2855 945 deficere
2877 890 3173 957 videretur,
3213 890 3389 948 donec
3412 891 3468 946 in

1889 995 1948 1036 se
1975 981 2193 1036 rediens
2218 991 2273 1036 et
2296 982 2459 1037 corde
2483 982 2772 1053 paenitens,
2797 997 2895 1053 per
2916 982 3173 1055 suffragia
3194 982 3336 1039 beati
3360 981 3471 1039 Go-

1888 1072 2115 1130 dehardi
2170 1074 2239 1130 ab
2287 1074 2461 1145 ipsius
2491 1075 2688 1130 mortis
2723 1073 2978 1130 faucibus
3011 1075 3295 1144 liberatus,
3318 1092 3473 1133 erro-

1888 1178 2005 1221 rem
2030 1181 2192 1221 suum
2215 1165 2503 1223 devotione
2525 1174 2580 1222 et
2605 1166 2909 1223 humilitate
2930 1168 3185 1223 correxit.

1961 1300 2049 1356 56.
2075 1299 2334 1367 Quaedam
2356 1301 2554 1357 mulier
2573 1317 2697 1358 cum
2722 1302 2970 1375 geminos
3014 1312 3320 1374 generaret,
3355 1319 3470 1359 uno

1890 1394 2067 1450 soluta
2109 1403 2234 1449 ante
2264 1402 2512 1450 nostrum
2563 1394 2877 1462 adventum,
2916 1396 3093 1451 tribus
3113 1396 3307 1451 diebus
3340 1411 3466 1451 cum

1889 1486 2062 1541 altero
2081 1487 2379 1557 periclitari
2403 1487 2597 1557 cmpit;
2621 1487 2715 1542 sed
2737 1488 2898 1543 nobis
2926 1488 3365 1555 advenientibus,
3389 1498 3473 1543 at-

1890 1588 2038 1635 tactu
2070 1595 2221 1635 zona:
2265 1580 2472 1636 sanctis
2497 1580 2742 1652 reliquiis
2763 1581 3045 1653 appositae,
3083 1581 3140 1636 in
3167 1582 3468 1637 continenti

1890 1673 2048 1728 enixa
2067 1672 2430 1743 dignoscitur.

1964 1807 2052 1862 57.
2104 1805 2375 1862 Praeterea
2424 1822 2550 1862 cum
2597 1808 2776 1880 major
2821 1808 3048 1865 ecclesia
3103 1807 3470 1879 Trajectensis

202 1906 264 1953 ut
294 1914 453 1954 mane
473 1914 722 1971 surgens,
751 1897 1017 1969 quidquid
1050 1898 1195 1969 apud
1223 1912 1282 1954 se
1323 1898 1591 1954 inveniret
1631 1897 1789 1953 offer-
1821 1873 1864 1929 Β
1890 1900 2249 1970 suspensione
2278 1900 2590 1955 divinorum
2614 1900 2778 1972 longe
2806 1909 3049 1972 tempore
3087 1900 3252 1957 nimis
3282 1902 3476 1957 turba-

203 1997 315 2045 ret:
349 1990 537 2062 sicque
564 1992 620 2049 in
646 1991 813 2048 bursa
865 1992 1004 2048 duos
1033 1991 1303 2063 gravioris
1354 2000 1585 2048 moneta:
1626 2007 1787 2046 num—
1890 2001 2060 2058 retur,
2098 2000 2320 2062 propter
2340 1992 2633 2048 adventum
2654 1994 3012 2064 reliquiarum
3030 1994 3173 2049 beati
3190 1992 3475 2050 Godebar-

204 2099 325 2140 mos
383 2084 666 2141 inveniens
703 2084 918 2151 obtulit,
960 2093 1015 2139 et
1044 2084 1186 2141 idem
1225 2083 1429 2140 factum
1458 2100 1643 2141 coram
1683 2100 1784 2155 po-
1888 2083 1964 2150 di,
1986 2083 2168 2139 divina
2198 2085 2492 2154 resumpsit
2516 2084 2685 2156 (lOl),
2710 2094 2764 2141 et
2783 2088 2883 2141 toti
2904 2087 3101 2159 pepqu
3125 2087 3316 2159 ingens
3339 2103 3473 2158 gau-

203 2172 333 2246 pulo
358 2174 600 2246 professa
630 2184 731 2234 est.
1884 2177 2036 2231 dium
2058 2176 2248 2232 tribuit
2266 2177 2323 2232 in
2350 2177 2711 2245 dedicatione,
2738 2179 2989 2236 videlicet
3009 2180 3180 2252 ipsius
3204 2180 3468 2237 ecclesiae.

214 2337 3464 2381 mm

688 2503 1205 2620 SANCTI
1305 2498 2131 2618 GODEHARDI
2207 2499 2989 2617 EPISTOLZE.

1244 2723 1517 2794 (MABll.L.,
1548 2722 1789 2777 Analect.
1814 2737 1941 2776 nov.
1971 2721 2127 2789 cdit.,
2153 2738 2274 2795 pag.
2304 2722 2453 2793 453.)

691 3032 1027 3093 EPISTOLA
1063 3033 1297 3090 PRIMA.
1816 3040 1863 3103 ο
1893 3034 2019 3091 culo
2048 3035 2435 3108 liquidissimo,
2475 3035 2842 3094 Genaunos
2884 3036 2997 3094 Deo
3040 3038 3253 3111 sibique
3289 3055 3481 3097 mona-

205 3145 510 3188 GDDEIHIDI
531 3144 752 3184 ᾹΒΒΑΊΊΒ
770 3143 1159 3187 TECERNCENSIS
1180 3143 1247 3182 AD
1268 3108 1789 3182 Νωειιλιτλιιὶῖῖςεεεξ.

210 3223 445 3281 Nuntiet
493 3222 753 3294 quomodo
807 3237 840 3275 a
897 3219 1646 3294 Tegernseemibusrajceptus
1693 3220 1791 3285 sit,

278 3289 525 3365 aptatque
566 3300 624 3346 ut
654 3301 843 3346 mutua
881 3289 1092 3362 precum
1130 3289 1423 3344 communio
1453 3289 1591 3343 inter
1619 3301 1796 3344 ueros—

281 3382 381 3436 que
415 3366 507 3418 sit.

284 3455 645 3512 Gonenannus
698 3453 888 3521 abbas,
914 3452 1166 3525 quamvis
1200 3452 1477 3525 indignus,
1512 3448 1603 3505 W.
1636 3458 1797 3506 czcte-

208 3549 404 3618 risque
443 3547 726 3613 fratribus,
754 3545 1017 3616 quidquid
1056 3545 1270 3600 dilectis
1306 3543 1432 3599 filiis
1465 3542 1522 3598 in
1552 3541 1792 3601 Christo.

283 3639 606 3710 Quanquam
649 3645 851 3693 nostra:
898 3637 1209 3709 fragilitatis
1237 3637 1410 3707 legem
1442 3635 1670 3691 interius
1703 3650 1797 3691 ex-

211 3733 496 3803 teriusque
537 3730 856 3796 laborando,
880 3737 1074 3785 natura
1099 3736 1345 3800 cogente,
1386 3728 1581 3783 merito
1618 3727 1797 3797 patia-

213 3841 370 3892 mur;
403 3833 581 3878 tamen
624 3822 680 3877 in
708 3822 814 3876 hoc
842 3820 1055 3887 itinere,
1097 3820 1243 3891 quod
1263 3819 1422 3891 jussu
1460 3818 1668 3874 domini
1694 3832 1797 3872 no-

212 3924 317 3983 stri
343 3926 498 3981 ducis
534 3922 1004 3996 aggrediebamur,
1042 3920 1222 3976 adhuc
1249 3934 1352 3975 nos
1372 3918 1681 3990 prosperari
1701 3934 1796 3973 ve-

213 4017 315 4074 stri
364 4015 704 4072 orationibus
734 4013 1093 4086 gratulamur.
1121 4010 1256 4066 Nam
1278 4010 1579 4066 honorifice
1604 4009 1798 4066 simul-

212 4125 322 4183 que
343 4107 666 4165 charitative
704 4122 736 4162 a
757 4105 971 4162 eunetis
1004 4102 1267 4160 fratribus
1303 4102 1541 4173 suscepti
1580 4094 1797 4169 sumus,

212 4212 269 4257 et
289 4203 479 4258 devote
510 4198 720 4255 faciunt
754 4212 1096 4268 quaecunque
1133 4195 1213 4251 eis
1253 4194 1574 4267 regulariter
1604 4193 1796 4264 praeci-

213 4296 416 4368 pimus.
466 4292 691 4363 Insuper
720 4289 886 4347 etiam
924 4304 1217 4361 precamur
1253 4298 1315 4345 ut
1339 4286 1668 4346 fraternitati
1701 4302 1797 4342 vc-

217 4397 450 4457 straeque
483 4384 716 4441 orationi
739 4383 997 4453 deinceps
1026 4382 1427 4447 consociemur,
1454 4388 1510 4435 et
1540 4395 1650 4436 una
1679 4396 1797 4435 me-
1828 4398 1874 4453 ι)

218 4495 342 4535 cum
387 4476 774 4534 commendant
801 4476 957 4532 vobis
998 4474 1194 4529 fratres
1226 4481 1468 4538 nostros,
1499 4486 1641 4542 quos
1674 4471 1803 4528 huic

218 4570 492 4637 misimus,
516 4577 577 4624 ut
594 4568 674 4625 eis
699 4583 919 4624 omnem
949 4566 1267 4624 charitatem
1298 4564 1804 4633 humanitatemque

218 4662 551 4730 exhibeatis,
587 4670 649 4716 ut
692 4659 937 4733 praecipit
968 4659 1162 4715 beatus
1199 4655 1364 4712 Pater
1407 4664 1595 4712 noster
1627 4654 1799 4711 Bene-

218 4756 419 4812 dictus.
470 4754 666 4811 Mittite
713 4753 1125 4811 nobis-lihrum
1180 4749 1387 4806 Horatii
1438 4758 1493 4805 et
1543 4748 1802 4820 epistolas

220 4847 407 4904 Tullii.

797 4934 1131 4994 EPlSTOLA
1170 4935 1235 4991 II.

254 5047 488 5087 EIUSDEI
518 5044 818 5086 consumet
844 5044 910 5083 an
935 5042 1253 5083 rneoouwu
1285 5025 1432 5098 (10‘2)
1456 5039 1762 5081 EPISCOPUI.

224 5122 350 5178 Non
379 5122 690 5192 cupiditate,
710 5137 800 5175 nec
815 5120 1121 5192 ambitione,
1142 5118 1230 5192 sed
1260 5118 1555 5192 obedientia
1577 5115 1805 5192 principi

293 5188 600 5277 pre-stendo
626 5210 680 5247 se
720 5192 789 5245 ad
822 5190 1126 5244 monasterii
1156 5188 1546 5259 Tegeruseensis
1573 5189 1803 5261 regimen

250 5314 257 5320 .
295 5278 597 5320 0668881886.

293 5357 508 5427 Domno
539 5353 851 5421 Tnsoouso,
873 5350 1266 5425 pontiﬁcalium
1303 5349 1652 5407 sacerdotum
1678 5364 1806 5421 spe-

297 5489 445 5563 (fol)
489 5488 605 5545 Hoc
633 5488 958 5563 miraculum
986 5486 1054 5543 ad
1076 5484 1266 5563 saeculi
1284 5500 1354 5541 xv
1377 5483 1618 5563 _initium
1640 5497 1805 5563 revo-

220 5554 459 5619 candum
480 5575 602 5630 esse
625 5561 857 5630 videtur,
889 5572 1000 5630 quo
1055 5558 1225 5630 abbas
1247 5555 1444 5630 Insulae
1492 5556 1664 5630 beatae
1691 5554 1806 5609 Ma-

220 5634 502 5713 ria2,.teste
529 5629 697 5707 Heda,
725 5625 1354 5713 Trajeetensesollﬂomani
1390 5625 1806 5713 pontificis-hau:

221 5696 475 5760 etoritate
500 5696 1010 5764 excommunieavit,
1033 5698 1124 5767 qui
1144 5696 1453 5754 .Suederum
1489 5697 1804 5767 episcopum

223 5716 475 5760 etontate
500 5716 1010 5764 excommumeavtt,
1074 5716 1124 5753 ut
1144 5716 1453 5754 .aueaerum
1489 5716 1795 5767 episcopum

223 5775 545 5849 reiecerant.
573 5771 628 5849 l_d
651 5771 718 5827 ad
742 5787 951 5849 annum
977 5716 1112 5849 1&7
1138 5766 1795 5849 perdu'ravit..Quo‘anno,

224 5836 419 5916 agente
452 5842 673 5898 Nicolao
696 5842 954 5898 cardiuali
975 5836 1217 5908 Cusano,
1247 5839 1551 5895 Walrarius
1593 5836 1800 5893 Rudol—

1897 3127 2061 3185 chum
2084 3128 2377 3195 mentiens,
2404 3130 2541 3199 proh
2563 3129 2766 3200 pudor!
2796 3128 3161 3186 Dominicum.

1970 3239 2330 3298 Scintillantis
2352 3242 2571 3310 calami,
2593 3242 2878 3298 aestuantis
2899 3242 3091 3311 animi,
3106 3243 3483 3315 vituperabilis

1898 3332 2222 3388 invectionis
2253 3332 2308 3387 in
2339 3347 2443 3388 nos
2477 3334 2798 3406 excogitatae
2823 3334 3050 3390 ulterior
3072 3337 3269 3393 modus
3298 3339 3483 3394 cemi-

1898 3430 1989 3479 tur
2023 3439 2146 3480 esse
2170 3440 2336 3495 quam
2363 3424 2738 3481 admirandus.
2769 3424 2827 3479 Si
2855 3426 2912 3481 in
2940 3427 3105 3483 unius
3127 3435 3238 3484 tam
3261 3428 3484 3486 nefariae

1899 3515 2303 3573 criminationis
2324 3533 2493 3574 causa
2533 3532 2621 3573 me
2643 3532 2887 3587 unquam
2910 3519 3331 3590 reprehenderet
3355 3538 3479 3593 prov

1896 3609 2017 3680 p:ia
2048 3610 2404 3676 conscientia,
2450 3626 2615 3681 quam
2651 3612 2962 3668 verecundo
3008 3612 3161 3668 vultu
3207 3630 3487 3685 quamque

1896 3700 2183 3771 pcnnitenti
2216 3700 2401 3755 animo
2442 3716 2564 3756 mea
2602 3709 2795 3771 sponte
2824 3702 3121 3759 voluissem
3162 3719 3251 3770 me
3291 3720 3487 3776 seque-

1901 3798 2077 3844 strare
2111 3806 2141 3844 a
2164 3790 2332 3845 totius
2352 3787 2783 3847 Christianitatis
2813 3794 3236 3850 communione!
3262 3795 3419 3852 Absit
3452 3812 3487 3852 a

1900 3893 1989 3933 me
2008 3878 2282 3949 deceptrix
2313 3880 2604 3951 cupiditas,
2630 3890 2690 3935 ut
2723 3882 2917 3938 alienis
2947 3891 3057 3938 tam
3097 3884 3262 3955 impie
3290 3887 3484 3942 vellem

1902 3966 2136 4035 inhiare,
2161 3985 2476 4042 quanquam
2514 3972 2632 4028 sine
2678 3973 2877 4029 vestris
2912 3974 3064 4030 nullo
3095 3976 3260 4032 modo
3302 3976 3488 4034 vivere

1901 4076 2141 4132 possem.
2176 4060 2429 4130 Veneria,
2480 4063 2729 4135 quinimo
2778 4065 3118 4136 cupidinaria
3143 4065 3486 4137 fascinatrix,

1900 4152 1976 4207 ita
2000 4153 2217 4223 penitus
2243 4153 2342 4211 fiat
2365 4155 2419 4210 in
2454 4172 2541 4211 me
2569 4157 2767 4226 sopita,
2794 4165 2855 4211 ut
2877 4158 3103 4213 alterius
3131 4159 3340 4231 copulae
3358 4160 3489 4232 jun-

1900 4253 2047 4300 ctam
2097 4246 2183 4300 vel
2231 4247 2645 4318 concupiscibili
2695 4249 2857 4305 oculo
2899 4249 3167 4306 invidiose
3218 4251 3490 4323 inspicere

1899 4351 2248 4407 praesumam.
2273 4335 2484 4394 Nostra:
2516 4340 2976 4409 possessiunculae
3005 4341 3212 4412 absque
3244 4341 3371 4400 fuco
3410 4344 3489 4399 si-

1904 4430 2223 4487 mulationis
2259 4431 2697 4488 renuntiavimus
2742 4448 2918 4504 euge:
2972 4434 3066 4489 sed
3121 4450 3233 4490 non
3274 4443 3488 4490 tantum

1902 4530 2093 4591 postea
2114 4519 2447 4592 profecimus
2476 4530 2537 4576 ut
2556 4522 2865 4589 debuimus,
2902 4524 3030 4593 quia
3065 4523 3148 4595 (ut
3171 4525 3353 4581 verius
3377 4527 3487 4581 sci-

1904 4611 2012 4683 tur)
2042 4627 2219 4686 neque
2242 4628 2432 4669 omnes
2458 4611 2755 4669 Christiani
2791 4610 3089 4671 Christiani
3131 4623 3279 4683 sunt,
3311 4631 3489 4688 neque

1902 4717 2096 4760 omnes
2124 4706 2229 4760 viri
2264 4705 2368 4761 viri
2395 4713 2545 4772 sunt,
2575 4720 2675 4761 nec
2712 4720 2903 4760 omnes
2941 4706 3195 4762 monachi
3231 4708 3487 4765 monachi

1903 4805 2063 4864 sunt;
2111 4796 2411 4854 Christiani
2454 4806 2636 4852 tamen
2678 4797 2771 4853 isti
2815 4805 3028 4852 suntet
3059 4798 3359 4854 monachi:
3393 4800 3490 4856 sed

1905 4889 2021 4946 haec
2059 4891 2368 4947 conversim
2402 4889 2677 4955 volumus,
2714 4888 2810 4944 sed
2849 4903 2960 4944 non
3000 4903 3325 4959 possumus;
3356 4891 3489 4945 niti-

1904 4997 2049 5050 mur,
2078 4984 2175 5041 sed
2198 4983 2560 5039 infirmamur.
2586 4981 2690 5050 Qui
2722 4981 2905 5053 aliqua
2927 4980 3357 5039 Christianitatis
3384 4982 3491 5038 tin-

1903 5078 2085 5134 ctione
2115 5076 2201 5131 vel
2229 5076 2547 5146 aspersionc
2578 5082 2664 5130 est
2685 5074 2999 5145 insignitus,
3032 5074 3077 5129 si
3101 5073 3369 5130 eatholice
3394 5090 3493 5129 ex-

1902 5182 2131 5225 cusatur
2151 5176 2316 5223 tantae
2336 5166 2756 5237 perniciositatis
2774 5165 2973 5237 ﬂagitia
2997 5180 3107 5219 non
3128 5165 3489 5232 committere,

1903 5260 2124 5332 quando
2158 5258 2458 5328 qualiterve
2499 5256 2774 5322 laudatur,
2803 5255 2901 5326 qui
2938 5263 3017 5310 tot
3045 5255 3192 5310 vitiis
3219 5255 3491 5311 obnoxius

1902 5368 2025 5409 esse
2065 5350 2422 5408 criminatur?
2456 5348 2604 5422 quod
2640 5363 2727 5403 me
2758 5347 2960 5404 furtive
2998 5347 3052 5402 in
3089 5347 3229 5404 ovile
3271 5345 3514 5403 Domini-

1902 5487 1959 5544 fo
1979 5496 2104 5544 post
2124 5486 2427 5543 Suederum
2456 5484 2627 5542 electo
2647 5481 2832 5540 cessit.

2002 5559 2124 5626 102)
2154 5558 2205 5615 ls
2234 5565 2320 5613 est
2347 5555 2740 5613 Goteschalcus
2766 5553 3065 5626 episcopus
3092 5552 3488 5626 Frisingensis,

1903 5641 1958 5712 at
1984 5623 2045 5712 in
2070 5623 2337 5712 αρεειοεο.
2352 5627 2733 5712 discam"?
2748 5623 3207 5712 Εἰίθὶηὲθηείυηλ
3224 5623 3487 5712 aiatait:

1907 5700 2191 5827 gotlsscagch
2215 5693 2300 5757 es't
2323 5693 2582 5756 idiomate
2620 5694 2926 5753 Tbeodiseo
2951 5693 3129 5750 Servus
3158 5694 3278 5765 Dei,
3303 5693 3493 5752 Graeco

1951 5794 2014 5827 ιω
2052 5795 2108 5826 ’λυ
2130 5792 2214 5827 Ακ.

1904 5774 2214 5832 Germaniae.
