4018 6424
577 437 709 491 1251

574 639 872 698 Christiani
918 640 1207 694 innumera
1238 636 1478 707 agmina,
1521 633 1648 705 quia
1690 630 1828 686 nihil
1865 630 1933 685 de
1972 636 2169 683 vestra)

573 732 858 804 potestatis
890 730 971 786 vel
993 729 1227 800 alicujus
1253 727 1479 782 alterius
1515 724 1858 804 subiectione
1883 720 2019 777 mihi
2045 720 2168 774 vin-

573 802 761 879 dicare
801 820 1145 893 praesumpsi,
1184 818 1290 873 nisi
1331 818 1474 888 quod
1521 817 1589 872 de
1630 802 1953 886 potestativa
2000 827 2166 865 manu

575 913 778 970 summi
821 910 1092 982 Principis
1136 909 1299 965 hodie
1341 908 1483 978 (non
1522 906 1698 961 fateor
1742 914 1928 959 utrum
1973 902 2167 957 vellem

575 1015 672 1062 aut
700 1004 923 1075 nollem)
956 1002 1194 1072 suscepi.
1229 999 1557 1070 Hujusmodi
1586 997 2012 1070 prohibitionem
2037 994 2168 1050 obe-

575 1097 799 1152 ditionis
824 1096 876 1149 in
910 1093 1093 1165 regula
1122 1089 1493 1160 conscriptam
1513 1089 1638 1143 vitae
1661 1085 2025 1142 Benedictinae
2054 1099 2167 1139 non

578 1186 782 1253 iuveni,
825 1183 1078 1256 quamvis
1121 1196 1264 1253 saepe
1309 1181 1512 1251 saepius
1541 1180 1672 1234 hinc
1714 1177 1839 1232 inde
1872 1175 2070 1231 detrita
2098 1174 2169 1230 sit

576 1292 690 1347 prae
728 1274 981 1331 manibus
1028 1273 1254 1327 nostris.
1304 1269 1462 1338 Quod
1510 1270 1565 1324 in
1610 1268 1699 1323 bis
1742 1265 2038 1337 deliquisse
2080 1278 2167 1319 mc

577 1354 756 1420 sentio
790 1378 857 1418 ex
903 1370 1036 1418 testu
1081 1361 1209 1416 talis
1248 1358 1695 1431 pcriculositatis,
1726 1365 1939 1413 certum
1985 1363 2163 1419 teneo,

579 1466 713 1512 teste
749 1455 1049 1510 multorum
1083 1451 1441 1517 conscientia,
1471 1450 1678 1520 absque
1719 1449 1829 1503 ullo
1856 1448 2042 1502 labore
2080 1461 2167 1500 me

575 1561 850 1617 cmergere
882 1560 1066 1617 posse.
1099 1542 1301 1598 Valete.

1128 1656 1468 1713 msvom
1513 1655 1601 1710 ιιι.
1636 1726 1641 1731 ο

680 1772 913 1812 Ειιῖειιειι
940 1771 1006 1819 AD
1030 1768 1296 1807 AZELINUM
1333 1766 1579 1819 ABBATEM
1610 1763 2054 1804 LUNELACENSEM.

671 1847 739 1903 Ut
770 1847 1161 1919 quamprimum
1196 1861 1250 1897 se
1287 1843 1527 1913 episcopo
1556 1839 1864 1894 Pataviensi
1893 1841 2071 1894 sistat.

647 1941 831 1995 Abbas
862 1940 928 1995 G.
960 1947 1142 1993 vester
1177 1937 1231 1991 in
1275 1935 1531 1991 omnibus
1562 1932 1841 1990 eonfrater
1877 1932 2154 1988 devotissi-

575 2030 723 2097 mus,
751 2032 817 2087 A.
863 2029 1387 2086 Lunilacunensium
1429 2027 1634 2095 abbati,
1675 2024 2166 2097 multiplicissimas

575 2124 629 2181 in
655 2125 888 2180 Domino
926 2124 1151 2179 salutes.
1544 2178 1547 2181 _

596 2228 603 2236 '
644 2217 703 2273 ln
727 2217 983 2272 omnibus
1004 2230 1104 2271 vos
1131 2212 1441 2285 prosperari
1468 2212 1644 2269 nostri
1667 2211 1862 2268 scitote
1883 2203 2006 2268 esse
2032 2225 2165 2283 gau-

572 2309 832 2377 dimonii;
864 2318 924 2365 et
953 2308 998 2365 si
1025 2308 1204 2375 aliter,
1229 2306 1288 2369 in
1322 2306 1412 2363 his
1440 2306 1673 2362 libenter
1704 2304 2069 2375 compatimur
2090 2302 2166 2359 si-

574 2402 794 2458 militer.
842 2400 1101 2456 Proximo
1130 2398 1506 2470 apostolorum
1536 2397 1785 2452 natalitio
1815 2394 2166 2452 interfuimus

572 2493 805 2549 solemni
831 2493 1131 2549 missarum
1154 2492 1331 2547 ofﬁcio
1354 2490 1630 2562 pontiﬁcis
1654 2487 1956 2545 Christiani
1984 2487 2166 2557 (Pata-

570 2585 821 2658 viensis),
857 2586 1109 2656 quamvis
1132 2584 1295 2640 nobis
1316 2598 1535 2639 summo
1566 2582 1749 2638 studio
1781 2580 2162 2645 renitentibus,

572 2676 955 2748 episcopaliter
985 2684 1166 2731 tamen
1209 2674 1424 2729 vocavit
1446 2688 1567 2739 vos,
1598 2672 1785 2739 ethoc
1815 2669 2044 2725 ﬁrmiter
2071 2669 2166 2726 dc-

572 2766 768 2833 ﬁnivit,
801 2765 910 2820 nisi
947 2766 1092 2819 intra
1133 2764 1534 2836 quatuor-decim
1569 2772 1743 2817 noctes
1792 2762 1861 2817 ad
1892 2777 1951 2818 se
1978 2760 2164 2816 venia-

573 2859 664 2927 tis,
684 2874 785 2914 vos
808 2857 1417 2913 cxcommunicandum.
1445 2856 1789 2926 Quapropter
1810 2854 2166 2913 consiliamur

571 2950 730 3007 vobis
763 2958 823 3005 ut
847 2965 973 3007 cum
998 2948 1217 3005 licentia
1251 2949 1491 3019 episcopi
1520 2948 1686 3003 vestri
1713 2947 1776 3003 G.
1802 2948 1869 3002 ad
1894 2948 2045 3002 illum
2073 2963 2166 3003 ve-

571 3042 760 3109 niatis,
789 3050 847 3097 ct
882 3056 982 3097 vos
1026 3039 1601 3112 ipse'przesentlaliter
1638 3039 1875 3094 audiatis
1932 3039 2166 3110 qualiter

570 3144 799 3192 eventus
836 3136 1002 3206 hujus
1031 3136 1111 3191 rei
1142 3135 1429 3191 habeatur.
1478 3136 1538 3191 Si
1566 3134 1774 3206 aliquid
1818 3134 1995 3189 nostri
2023 3134 2165 3188 indi-

1263 427 1320 485 S.
1362 423 1759 485 GODEIIARDI
1800 418 2110 477 EPISCOPI
2146 419 2165 473 l

2266 412 2771 473 DESllElMENSlS
2812 411 3176 469 EPISTOLIE

575 552 757 608 dicitis
806 547 1088 620 irrupisse,
1132 545 1288 602 testis
1340 555 1426 601 cst
1461 543 1635 599 ﬁdelis
1679 530 1833 598 curia
1873 537 2169 610 populique
2196 540 2244 597 Α

3696 416 3798 470 lilii

2839 572 3178 630 EPISTOLA
3219 571 3284 627 ιι.

2271 745 2736 788 TEGERNSEENSIUM
2777 744 2844 784 AD
2892 744 3250 783 GODEIIABDUII
3300 741 3583 783 EPISCOPL'I
3627 743 3800 786 ιιιιιτῑε-

2900 835 3225 879 ιιειιιιεκδεδι.

2270 973 2523 1034 Indicant
2553 990 2628 1041 se,
2656 983 2773 1046 post
2816 973 3101 1046 Albinum,
3144 972 3477 1046 Elliugerum
3524 974 3578 1029 in
3610 977 3804 1033 abbatem

2838 1046 3029 1099 iterum
3052 1045 3289 1116 elegisse.

2276 1163 2315 1179 ’
2339 1180 2572 1236 Domino
2602 1180 2666 1236 G.
2710 1180 3066 1251 pontiﬁcatus
3110 1179 3283 1236 infula
3313 1180 3585 1249 decorate,
3611 1182 3805 1237 meritis-

2267 1287 2374 1344 que
2396 1271 2573 1327 ofﬁcio
2592 1270 3042 1342 congruentibus,
3060 1287 3224 1341 supra
3247 1281 3479 1327 cunctos
3499 1272 3719 1342 ejusdem
3736 1288 3806 1326 no-

2269 1365 2434 1420 minis
2445 1364 2549 1420 hoc
2561 1373 2801 1434 tempore
2813 1363 3074 1419 divinitus
3085 1363 3398 1431 sublimato,
3411 1363 3602 1419 fratres
3612 1363 3805 1436 Tigre"-

2268 1473 2356 1513 ses
2384 1456 2487 1513 sub
2516 1455 2861 1527 patrocinatu
2907 1453 2965 1509 S.
3003 1454 3223 1522 Quirini
3257 1456 3643 1523 deservientes,
3679 1457 3804 1527 quid-

2267 1548 2397 1620 quid
2432 1548 2528 1603 ﬁlii
2548 1548 2715 1603 charo
2749 1548 2891 1619 patri
2922 1547 3257 1619 dominoque
3275 1547 3490 1603 famuli.

2344 1642 2411 1698 Ut
2457 1643 2719 1698 sanctitas
2766 1650 2969 1708 vestra,
3023 1640 3188 1697 Pater
3236 1642 3553 1710 reverende,
3600 1640 3725 1697 felici
3767 1651 3809 1695 et

2266 1746 2533 1805 prospero
2562 1743 2757 1789 eventu
2807 1735 2864 1789 in
2891 1734 3107 1790 cunctis
3131 1734 3223 1789 diu
3270 1734 3434 1806 longa
3474 1749 3571 1805 per
3609 1742 3809 1805 tempora

2268 1827 2446 1898 vigeat
2473 1836 2528 1882 et
2551 1827 2748 1892 valeat,
2784 1826 3101 1897 paternitati
3129 1836 3324 1882 vestra:
3358 1827 3712 1882 indubitanter
3735 1842 3811 1881 no-

2196 1890 2238 1951 Β
2269 1890 2383 1975 tuin
2420 1919 2513 1987 sit,
2544 1890 2751 1974 intenta
2785 1890 3082 1975 devotione
3109 1934 3212 1975 nos
3249 1916 3362 1974 Deo
3392 1918 3482 1974 die
3508 1927 3563 1974 et
3583 1927 3725 1974 nocte
3738 1918 3809 1990 διν

2266 2012 2404 2083 giter
2458 2012 2788 2082 supplicare,
2847 2026 3147 2083 precesque
3196 2012 3345 2082 ipsas
3394 2022 3589 2068 sancto
3625 2021 3812 2082 patrono

2266 2117 2457 2163 nostro
2482 2106 2714 2174 Quirino
2743 2121 2842 2177 pro
2863 2106 3020 2162 vobis
3045 2106 3113 2162 ad
3157 2105 3330 2161 Deum
3373 2105 3712 2176 perferendas
3733 2106 3815 2162 huc

2266 2201 2382 2255 mili
2429 2199 2826 2270 supplicatione
2882 2198 3291 2265 commendare,
3356 2212 3647 2269 quousque
3693 2198 3813 2254 locus

2266 2304 2453 2349 noster
2475 2308 2698 2348 manere
2738 2292 2956 2363 poterit,
2990 2290 3379 2347 beneﬁciorum
3416 2306 3445 2345 a
3499 2299 3669 2347 vestra
3693 2290 3815 2346 benis

2266 2386 2471 2459 gnitate
2509 2385 2672 2442 nobis
2716 2385 3093 2456 impensorum
3146 2400 3430 2455 nunquam
3484 2384 3678 2440 oblivio
3717 2379 3812 2439 erii.

2265 2478 2403 2535 Nam
2450 2479 2546 2535 ﬁlii
2571 2479 2664 2550 qui
2690 2487 3003 2545 nascentur,
3029 2487 3082 2533 et
3116 2472 3433 2548 exsurgent,
3460 2477 3646 2532 eadem
3666 2484 3814 2548 poste-

2266 2572 2345 2629 ris
2375 2573 2765 2627 annuntiantes
2801 2571 2983 2627 dicent
3014 2589 3029 2627 :
3076 2569 3366 2638 Quomodo
3390 2570 3677 2625 miseretur
3696 2578 3817 2641 pater

2266 2664 2526 2733 ﬁliorum,
2548 2664 2629 2721 sic
2654 2665 2744 2720 ille
2766 2678 2995 2719 suorum
3040 2662 3301 2719 misertus
3320 2671 3406 2719 est
3435 2678 3651 2734 semper
3680 2662 3817 2734 gratis

2266 2756 2621 2815 famulorum.
2653 2758 2786 2826 Quae
2826 2759 3197 2813 remuneratio
3229 2758 3447 2814 etiamsi
3491 2759 3715 2813 humana
3736 2757 3818 2811 lin-

2265 2869 2373 2924 gua
2397 2853 2646 2921 tacuerit,
2677 2853 2822 2923 apud
2849 2850 3019 2908 Deum
3053 2860 3109 2907 et
3134 2849 3192 2906 S.
3218 2849 3515 2919 Quirinum
3538 2850 3686 2907 vobis
3702 2858 3815 2906 cena

2265 2946 2390 3001 erit.

2330 3045 2585 3114 Proinde,
2614 3044 2777 3102 Pater
2804 3046 3068 3113 amanda,
3107 3056 3393 3117 nunquam
3431 3045 3614 3118 magis
3659 3044 3722 3099 ab
3745 3058 3817 3097 us-

2266 3154 2373 3211 que
2409 3138 2680 3211 principio
2710 3139 2879 3194 vestri
2924 3139 3111 3194 auxilii
3160 3147 3218 3195 et
3261 3138 3657 3195 consolationis
3691 3136 3819 3209 egui-

571 3227 766 3300 gebitis
792 3228 859 3283 ad
886 3228 939 3282 id
966 3243 1191 3284 causam
1219 3227 1442 3300 negotii,
1469 3228 1647 3299 parati
1670 3242 1864 3283 sumus
1898 3227 2163 3298 qualiter-
2192 3247 2234 3305 α
2266 3247 2413 3300 mus,
2433 3247 2600 3303 quam
2626 3247 2793 3298 nunc,
2820 3231 3059 3287 instante
3081 3231 3425 3298 necessitate,
3450 3247 3689 3304 egemus.
3710 3227 3816 3283 Nam

571 3336 790 3393 cunque
814 3321 980 3377 vultis
1006 3322 1160 3379 vobis
1190 3322 1499 3393 suffragari.
1532 3321 1735 3377 Valete.

1109 3433 1450 3491 El‘lSTOLA
1484 3434 1574 3489 IV.

852 3540 1086 3580 EJUSDEII
1123 3542 1192 3580 AD
1230 3542 1484 3589 QUAIIDAM
1524 3541 1875 3580 ABBATISSAH.

644 3617 830 3674 Abbas
860 3616 925 3673 G.
955 3618 1202 3673 omnium
1243 3618 1338 3689 qui
1381 3626 1625 3688 pratsunt
1665 3618 1913 3685 ultimus,
1949 3617 2167 3673 domum

571 3710 866 3767 abbatissae
908 3709 973 3765 Τ.
1016 3710 1102 3765 vel
1146 3709 1211 3765 A.
1258 3710 1432 3765 seduli
1480 3710 1809 3780 prccaminis
1848 3707 2168 3779 servitiique

571 3804 918 3860 devotionem
950 3804 1007 3859 in
1031 3803 1274 3860 Christo.

644 3894 1053 3961 Recordamini,
1097 3895 1356 3964 petimus,
1389 3894 1536 3965 quod
1572 3909 1789 3965 semper
1826 3908 1928 3949 vos
1954 3893 2008 3947 in
2053 3891 2165 3948 Do-

568 3985 725 4041 .mino
779 3985 1177 4057 diligebamus,
1228 3985 1593 4056 dilectamque
1635 3984 1842 4040 Christi
1895 3984 2166 4056 agnellam

572 4082 691 4138 ﬁeri
712 4082 1047 4153 optavimus,
1073 4097 1138 4137 ac
1168 4080 1329 4138 nobis
1352 4081 1409 4135 in
1439 4080 1675 4151 speciale
1705 4092 1907 4134 nomen
1931 4077 2168 4134 dilectis-

576 4173 730 4229 simae
764 4172 974 4227 sororis
1006 4171 1362 4243 eligeba’mus.
1389 4170 1497 4227 lsta
1524 4185 1683 4227 soror
1709 4178 1898 4226 nostra
1920 4170 2069 4226 venit
2096 4170 2166 4226 ad

576 4275 679 4316 nos
702 4269 828 4316 ante
857 4259 1046 4315 Natale
1069 4259 1306 4328 Domini,
1333 4260 1654 4331 multiplicis
1676 4260 2023 4317 necessitatis
2052 4266 2167 4319 snite

575 4348 854 4407 miseriam
872 4351 1032 4405 nobis
1053 4359 1381 4421 conquesta;
1408 4366 1574 4421 quam
1600 4350 1960 4408 libentissime
1985 4353 2168 4411 nobis-

574 4457 701 4497 cum
733 4443 1067 4499 commorari
1099 4444 1562 4514 permitteremus,
1593 4444 1724 4500 etin
1756 4454 2025 4523 quantum
2057 4444 2167 4503 suf-

2267 3324 2549 3381 tribulatio
2569 3333 2623 3380 et
2647 3324 2899 3396 angustia
2939 3325 3162 3395 propria
3198 3324 3303 3379 sibi
3335 3325 3391 3379 in
3416 3325 3584 3379 nobis
3606 3323 3710 3394 jam
3738 3321 3819 3376 du-

2266 3418 2419 3485 dum,
2453 3426 2514 3472 ut
2537 3417 2613 3471 ita
2640 3416 2911 3484 dicamus,
2943 3432 3176 3488 posuere
3198 3416 3420 3471 cubilia.
3452 3416 3589 3483 Qua:
3621 3415 3745 3471 mala
3768 3411 3820 3466 ad

2267 3510 2584 3582 depellenda
2616 3519 2809 3567 vestrae
2838 3512 3144 3568 sanctitatis
3174 3512 3244 3567 ad
3284 3510 3463 3566 Deum
3506 3509 3819 3581 interpellan-

2268 3610 2357 3657 tur
2381 3602 2607 3659 auxilia.
2635 3602 2756 3658 Tibi
2783 3603 2967 3676 itaque
2995 3613 3120 3675 post
3150 3602 3324 3660 Deum
3360 3604 3688 3678 lacrymosis
3704 3600 3821 3655 voei‘

2266 3694 2373 3750 bus
2402 3694 2671 3751 dicimus:
2696 3694 2904 3750 Memor
2931 3705 3050 3751 esto
3073 3697 3525 3769 congregationis
3546 3706 3667 3759 tuze,
3688 3706 3821 3765 quam

2269 3798 2461 3859 sponte
2500 3788 2792 3860 possedisti
2824 3790 2894 3845 ab
2920 3788 3099 3857 initio,
3146 3790 3364 3861 adjutor
3406 3790 3469 3845 in
3496 3785 3823 3845 tribulationi-

2267 3880 2392 3949 bus,
2438 3898 2560 3953 quae
2592 3882 2918 3938 invenerunt
2965 3898 3067 3938 nos
3099 3883 3284 3939 nimis.
3326 3882 3532 3937 Senior
3571 3890 3742 3937 noster
3771 3877 3820 3930 Α.

2269 3972 2546 4046 [Albinus]
2572 3974 2911 4046 aegritudinis
2937 3973 2990 4028 vi
3017 3982 3343 4045 o‘ccupatus,
3370 3973 3675 4044 prioratum
3693 3982 3821 4027 suum

2266 4066 2539 4137 deposuit,
2571 4073 2625 4121 et
2659 4081 2760 4122 nos
2797 4066 3020 4121 orbatos
3049 4065 3288 4137 reliquit.
3319 4063 3497 4137 Igitur
3538 4060 3822 4121 convenient.

2266 4168 2370 4228 tes,
2403 4158 2739 4232 Ellingerum
2783 4160 2939 4216 nobis
2976 4173 3211 4231 patrem,
3243 4159 3289 4216 si
3324 4158 3441 4214 Deo
3474 4160 3669 4231 placet,
3709 4153 3818 4211 reci-

2265 4271 2394 4326 pere
2438 4255 2722 4327 elegimus.
2757 4254 2932 4323 Quam
2974 4255 3299 4311 electionem
3348 4255 3696 4311 inimicorum
3728 4265 3823 4305 ma-

2268 4348 2676 4405 chinationibus
2718 4349 2917 4419 pendet
2970 4348 3018 4403 si
3072 4348 3323 4403 obtinere
3368 4348 3669 4418 possimus.
3715 4342 3822 4398 Nam

2266 4444 2576 4514 paternitati
2617 4453 2815 4500 vestra:
2857 4444 3269 4515 conqucrimur,
3312 4443 3444 4515 quia
3482 4454 3682 4500 conatu
3714 4454 3825 4514 prte-

574 4533 887 4605 ﬁceremus,
914 4535 1246 4592 ministrare
1284 4536 1363 4591 illi
1398 4537 1711 4593 necessaria
1741 4537 2085 4608 juberemus,
2117 4538 2165 4597 si
2198 4600 2235 4609 “
2267 4534 2363 4590 fati
2389 4536 2455 4592 A.
2485 4553 2623 4608 pene
2642 4537 2698 4591 in
2722 4537 2913 4592 aliena:
2942 4546 2997 4592 et
3026 4537 3225 4609 ignotm
3245 4538 3536 4608 potestatis
3559 4533 3823 4593 dominium

573 4629 812 4699 qualitas
849 4644 1015 4685 sexus
1052 4629 1264 4700 aliquot
1306 4629 1646 4701 permitteret
1679 4631 2017 4691 monasterio
2050 4630 2166 4687 fra-

572 4729 720 4777 trum
764 4721 994 4778 feminas
1040 4722 1398 4778 cobabitare:
1445 4723 1575 4794 quia
1621 4730 1747 4778 uta
1792 4723 1998 4780 sanctis
2032 4723 2167 4781 viris

572 4816 980 4886 comprobatur,
1012 4812 1245 4886 stipulae,
1269 4817 1458 4887 paleae,
1484 4818 1736 4889 ignisque
1757 4834 2038 4888 nunquam
2061 4817 2165 4874 sibi

573 4909 952 4978 paciﬁcantur,
1001 4908 1107 4964 nisi
1150 4908 1288 4965 alter
1330 4910 1559 4966 alterius
1595 4912 1800 4966 damno
1841 4910 2003 4967 citius
2032 4925 2165 4965 con-

575 5010 939 5057 summentur.
970 5000 1241 5068 Quocirca
1264 5002 1503 5072 petimus
1524 5019 1592 5059 ne
1615 5004 1682 5059 ad
1703 5004 1941 5059 dedecus
1962 5011 2164 5059 nostra:

573 5091 954 5164 professionis,
1006 5094 1111 5149 vel'
1144 5093 1364 5150 habitus
1417 5095 1849 5162 monasterialis,
1900 5111 2012 5166 quo
2060 5095 2163 5150 ista

562 5201 734 5242 soror
757 5187 1005 5254 vestitur,
1038 5186 1270 5243 ulterius
1303 5186 1452 5243 illam
1476 5190 1663 5260 vagari
1690 5204 1786 5259 per
1808 5189 2024 5244 diversa
2046 5189 2164 5244 loca

574 5281 901 5349 patiamini:
947 5280 1040 5335 sed
1085 5294 1186 5350 pro
1234 5295 1421 5337 amore
1464 5280 1560 5337 Dei
1608 5290 1920 5353 nostrzeque
1969 5281 2165 5337 futura:

560 5373 946 5427 excusationis
981 5382 1109 5428 ante
1149 5371 1341 5441 Deum,
1369 5374 1455 5428 vel
1489 5374 1812 5430 ancillarum
1856 5362 2164 5429 vestrarum

578 5465 834 5532 operibus
878 5481 997 5520 eam
1041 5466 1351 5522 consociari
1393 5467 1714 5540 dignemini,
1768 5476 1931 5538 atque
1970 5482 2161 5522 ncces-

560 5556 744 5623 .saria,
784 5563 1053 5628 quantum
1098 5558 1458 5632 elecmosynte
1499 5568 1584 5617 est
1628 5560 1816 5631 vestri,
1859 5560 1908 5617 ci
1953 5559 2161 5632 largiri.

564 5647 787 5706 'Valete.
887 5668 893 5675 ·
1496 5658 1497 5661 ‘

2198 4600 2243 4656 D

2270 4629 2582 4702 ignorantes
2604 4629 2789 4686 traditi
2815 4628 3042 4685 fuimus.
3067 4629 3223 4697 Quod
3247 4629 3355 4685 nisi
3378 4628 3530 4686 Deus
3553 4628 3718 4685 oculis
3736 4638 3824 4682 sua

2272 4724 2643 4780 miserationis
2666 4740 2767 4780 nos
2805 4724 3125 4795 respexerit,
3146 4724 3352 4803 adhuc
3379 4725 3694 4797 contingere
3735 4721 3823 4777 for—

2271 4817 2564 4873 midamus.
2609 4816 2781 4889 Igitur
2811 4817 3200 4888 benignitatem
3229 4826 3467 4874 vestram
3493 4816 3705 4873 obnixis
3725 4828 3822 4885 pre-

2270 4910 2428 4965 cibus
2465 4910 2843 4978 obsecramus,
2893 4917 2954 4965 ut
2987 4900 3517 4966 consuetudinaliter
3564 4925 3661 4982 pro
3698 4905 3821 4963 nobis

2271 5002 2571 5074 dignemini
2611 5004 2853 5071 studere,
2903 5012 2965 5058 ut
2997 5002 3065 5058 de
3097 5002 3441 5072 paternitatis
3485 5012 3680 5059 vestrm
3704 5000 3821 5055 inco-

2273 5096 2541 5164 lumitate,
2575 5096 2700 5151 licet
2740 5096 3015 5163 absentes,
3055 5095 3353 5151 debeamus
3401 5097 3659 5168 gaudere,
3698 5100 3749 5149 ut
3781 5097 3822 5145 et

2271 5197 2460 5244 nostra
2487 5189 2821 5245 concedatur
2864 5188 3024 5244 nobis
3052 5180 3265 5254 electio,
3308 5197 3364 5244 et
3413 5204 3604 5244 rerum
3642 5194 3820 5242 nostr:-

2269 5297 2415 5347 rum,
2448 5283 2594 5352 qqu
2617 5282 2777 5352 quasi
2799 5291 2923 5337 ante
2958 5282 3146 5337 oculos
3167 5281 3319 5336 omni
3354 5282 3441 5337 die
3475 5281 3817 5339 formidamus.

2270 5375 2340 5430 ab
2370 5375 2696 5445 imperatore
2735 5389 2846 5430 non
2881 5371 3331 5430 ﬁat'abstractio.
3364 5373 3502 5429 Nam
3529 5373 3667 5445 apud
3689 5369 3819 5425 cele-

2272 5477 2409 5524 stem
2456 5468 2843 5539 imperatorem
2891 5470 3126 5524 multum
3200 5483 3300 5524 vos
3340 5467 3528 5523 valere
3575 5478 3724 5522 nemo
3754 5467 3817 5514 est

2266 5562 2362 5631 qui
2400 5562 2600 5617 audeat
2653 5561 2908 5618 dubitare
2938 5604 2953 5631 ,
3005 5576 3105 5632 pro
3161 5560 3366 5631 quibus
3415 5557 3633 5614 meritis
3683 5552 3815 5609 etiam

2244 5654 2413 5725 'apud
2433 5662 2745 5711 terrestrem
2776 5654 3032 5727 quaelibet
3066 5652 3297 5725 potestis
3327 5652 3640 5724 impetrare.

2036 5894 2431 5913 Μ
