4056 5360
267 153 407 209 1Β7
1376 155 1770 212 ΕΙῙΒΟΝΙΕΟΝ
1811 156 2430 216 ιιιιῡεδιιειλιεκεε.
3352 158 3361 165 ’
3388 158 3389 161 “
3410 155 3540 212 1358

340 266 527 337 Poppo
555 265 1051 325 Patberburnensis
1080 267 1391 340 episcopus.
1440 267 1608 341 (Obiit
1631 286 1682 324 a.
1720 270 1859 325 1084
1885 276 1933 332 Α
1957 282 2169 342 noster,
2209 272 2610 331 Wormacieusi
2656 273 2914 346 episcopo
2966 272 3259 329 Adalberto
3291 271 3312 303 ³
3350 285 3542 341 super-

267 359 303 413 4
339 357 458 416 Kal.
486 359 641 431 Dec.)
1957 367 2179 437 ponitur
2203 366 2262 422 in
2290 366 2570 436 scismate,
2601 366 2749 438 quod
2785 366 2886 423 fuit
2915 365 3058 421 inter
3091 364 3396 420 Romanam
3430 378 3540 417 rec-

339 448 493 507 Ceno
518 450 878 509 Brissinensis
913 453 1224 525 episcopus.
1271 453 1596 528 (Brixiensis
1636 455 1773 512 obiit
1799 472 1832 512 c
1955 457 2180 514 clesiam
2194 464 2251 512 et
2274 456 2585 515 Heinricum
2613 466 2868 532 quartum
2894 471 3076 530 regem
3094 455 3258 527 hujus
3280 450 3538 510 nominis.

269 557 323 597 a.
354 541 538 614 1087.)

1953 550 2128 623 (Obiit
2150 567 2201 608 c.
2231 567 2284 608 a.
2320 551 2504 624 1101.)

340 631 529 692 Bcnno
562 633 1001 710 Oscnburgensis
1039 640 1060 674 ’
1106 640 1399 713 episcOpus
1439 649 1496 697 et
1531 642 1857 714 praepositus
2026 642 2310 699 Albwinus
2359 643 2599 714 primum
2659 642 2920 714 magister
2967 641 3244 699 scalarum
3289 638 3544 694 Hildene—

270 735 477 783 noster.
521 726 691 799 (Obiit
722 744 773 784 a.
808 730 945 785 1088
970 730 1025 786 6.
1058 729 1175 786 Kal.
1216 732 1379 804 Aug.)
1962 731 2138 799 shcm,
2195 742 2383 805 postea
2438 732 2909 806 Merseburgensis
2934 736 2957 765 ⁸
3004 732 3316 805 episcopus.
3375 728 3546 802 (Obiit

340 819 668 877 Volcmarus
691 820 989 881 Mindensis
1017 824 1309 896 cpiscOpus
1338 825 1391 880 in
1421 825 1696 882 scismate.
1723 822 1856 895 (Ob-
1962 823 2049 879 11.
2083 865 2097 880 .
2128 866 2142 881 .
2180 826 2270 881 10.
2302 823 2420 882 Kal.
2451 825 2614 897 Nov.)

271 913 335 968 iit
367 928 419 968 a.
454 912 645 984 1097.)
2030 916 2315 974 Siwardus
2354 917 2656 976 Mindensis
2701 919 3011 991 episcopus.
3067 917 3239 991 (Obiit
3268 931 3340 974 ‘a.
3404 910 3545 973 mo

342 1002 488 1075 Erpo
518 1003 966 1063 Monasteriensis
996 1006 1289 1079 episcopus
1315 1010 1371 1063 in
1397 1007 1672 1064 scismate.
1718 1007 1851 1079 (Ob-
1958 1007 1992 1061 4
2021 1005 2140 1062 Kal.
2170 1006 2336 1078 Mai.)-

268 1096 350 1151 iit.
377 1112 429 1151 a.
463 1096 620 1152 1097.
648 1096 727 1153 id.
757 1095 920 1170 Nov.)
2038 1098 2157 1156 Udo
2176 1101 2198 1133 '
2234 1098 2703 1174 Osenbrucgensis
2750 1102 3060 1174 episcopus,
3102 1100 3381 1173 primum“
3404 1116 3546 1171 prae-

335 1188 625 1247 Conradus
662 1189 1033 1262 Trajectensis
1070 1193 1361 1265 episcopus
1401 1192 1641 1251 occisus.
1685 1191 1859 1267 (Obiit
1965 1193 2178 1263 positus
2200 1192 2375 1248 sancti
2404 1191 2661 1249 Mauritii.
2696 1193 2862 1266 (Obiit
2886 1210 2938 1250 a.
2978 1194 3135 1249 1141.
3164 1194 3219 1249 4.
3245 1191 3363 1248 Kal.
3386 1191 3521 1262 Jul.)

190 1278 201 1289 ’
269 1299 324 1343 a.
356 1282 600 1340 1099M.
627 1283 827 1355 April.)
928 1296 932 1303 '
2036 1284 2391 1341 Bernhardus
2419 1287 2440 1358 ζ
2473 1283 2866 1343 Palburnensis
2935 1286 3227 1358 episcopus
3251 1288 3293 1339 ⁷.
3380 1282 3551 1339 (Obiit

262 1410 267 1415 ι
332 1374 854 1447 lippopraepositus
908 1377 1091 1433 sancti
1131 1376 1278 1434 Petri
1327 1376 1621 1444 Goslariae,
1687 1374 1856 1432 frater
1964 1393 2017 1433 a.
2050 1376 2235 1449 1160.)

352 1466 688 1549 (190L129)
738 1468 1014 1530 Nomina
1036 1469 1478 1532 (ecclesiarum
1506 1468 1623 1548 qui
1654 1468 1844 1531 nobis
1866 1469 2102 1532 fratres
2135 1475 2199 1532 et
2233 1485 2492 1533 sorores
2533 1468 2601 1532 in
2651 1469 2905 1535 Christo
2945 1475 3196 1549 nostras
3222 1466 3549 1549 orationes

266 1545 338 1607 in
362 1545 711 1629 cotidianis
738 1548 1076 1629 sacrificiis
1102 1566 1142 1612 a
1168 1549 1362 1612 nobis
1392 1545 1768 1629 expectant,
1815 1555 1878 1612 et
1927 1565 2079 1613 suas
2115 1549 2577 1617 debentnobis
2615 1549 2780 1614 vivis
2828 1557 2892 1613 et
2927 1547 3275 1623 defunctis,
3316 1546 3485 1610 sicut
3513 1564 3552 1609 α

268 1624 628 1705 majoribus
652 1627 898 1690 nostris
920 1629 1311 1708 accepimus.
1476 1624 1499 1629 ⁷
1862 1634 1873 1639 ⁴

339 1725 932 1797 Βεωθιιείε,ωοο1εείε,
962 1745 1089 1805 quae
1130 1738 1304 1789 mater
1355 1728 1459 1785 fuit
1505 1727 1930 1794 HildeneshevB
1955 1730 2180 1788 nomina
2206 1739 2264 1787 et
2289 1731 2472 1787 obitus
2506 1729 2892 1788 defunctorum
2933 1743 3161 1785 suorum
3207 1744 3305 1799 per
3341 1728 3554 1783 litteras
3648 1788 3655 1793 _

268 1819 475 1875 mensis
494 1820 754 1885 acclesize
773 1821 831 1876 in
851 1822 1118 1879 canonica
1141 1822 1503 1879 institutione.
1535 1821 1863 1879 Parisiensis
1962 1832 2018 1880 et
2042 1840 2139 1895 per
2163 1825 2395 1881 nuncios
2425 1824 2582 1880 nobis
2609 1823 2947 1879 annunciare
2971 1822 3188 1887 debent,
3221 1829 3274 1876 et
3316 1836 3419 1876 nos
3446 1819 3550 1874 illis

267 1909 327 1966 in
355 1910 608 1969 Francia.
657 1910 847 1970 Sancti
872 1912 1137 1971 Gereonis
1164 1914 1221 1970 in
1258 1914 1508 1970 Colonia.
1552 1913 1863 1970 Babenber-
1964 1926 2284 1973 nostrorum
2338 1916 2594 1983 fratrum,
2650 1924 2712 1970 ut
2746 1914 2897 1973 ﬁant.
2923 1929 3246 1971 communes
3275 1912 3552 1968 orationes

268 2003 475 2074 gensis.
502 2001 970 2063 Monasteriensis.
1000 2004 1519 2062 Paterbrunnensis.
1549 2004 1863 2062 llalversta—
1962 2025 2060 2079 per
2090 2008 2161 2065 50
2187 2009 2338 2076 dies;
2364 2016 2421 2065 ct
2448 2008 2503 2063 in
2534 2007 2953 2073 anniversariis,
2984 2007 3040 2062 in
3063 2006 3253 2062 missis
3274 2013 3331 2060 et
3363 2004 3420 2059 in
3460 2020 3555 2059 ec-

267 2095 476 2157 densis.
507 2094 820 2154 Vuldensis.
867 2096 1315 2155 Beresfeldensis.
1359 2098 1730 2156 Corbeicnsis.
1764 2098 1865 2154 ilc-
1963 2101 2096 2156 teris
2162 2099 2780 2159 commemorationibus
2830 2108 3173 2155 mortuorum
3230 2107 3286 2153 et
3341 2098 3397 2153 in
3451 2113 3555 2152 au-

271 2187 906 2248 lemwardeshusensis-
975 2190 1225 2250 Heresa..
1282 2190 1862 2248 Gandcrhcmmcnsis.
1963 2200 2157 2252 tumno
2174 2209 2283 2264 per
2308 2205 2419 2249 tres
2453 2192 2570 2249 dies
2604 2192 3001 2248 recordationis
3030 2191 3284 2256 fratrum,
3330 2188 3557 2245 nomina

269 2281 679 2343 Goslariensis...
713 2282 1055 2355 Ringelbem.
1131 2283 1470 2341 Bruneswic.
1545 2282 1887 2357 Pragensis,
1962 2285 2349 2355 praedictarum
2376 2284 2751 2341 mcclesiarum
2778 2285 2833 2339 in
2858 2294 3134 2341 conventu
3159 2283 3379 2354 publico
3417 2282 3557 2337 reei—

268 2369 692 2430 Montccassino.
741 2373 1000 2433 Turonis.
1045 2376 1633 2449 Quidilingburgensis.
1677 2376 1862 2448 Mage-
1962 2377 2067 2432 tari
2090 2376 2322 2445 .debent,
2352 2385 2407 2432 et
2458 2377 2513 2431 in
2551 2376 2784 2448 publicis
2837 2375 3043 2443 missis,
3096 2385 3209 2430 tam
3262 2390 3362 2445 pro
3413 2373 3556 2429 vivis

269 2463 678 2538 tlieburgcnsis.
728 2466 1240 2542 Oseubrucgiensis.
1265 2469 1597 2525 Altahcnsis.
1635 2468 1865 2541 Tegrin-
1962 2486 2130 2543 quam
2163 2488 2265 2543 pro
2292 2470 2586 2539 defunctis,
2610 2471 2876 2527 memoria
2899 2470 3133 2525 fratrum
3160 2476 3479 2524 nostrorum
3503 2478 3558 2521 et

270 2569 479 2624 scnses,
511 2559 608 2629 qui
635 2560 858 2619 missale
887 2576 1013 2619 cum
1046 2562 1416 2632 evangeliario
1438 2571 1494 2617 et
1539 2562 1863 2618 lectionario
1963 2580 2222 2621 sororum
2246 2581 2345 2636 per
2377 2566 2479 2622 hos
2519 2573 2631 2620 tres
2659 2564 2774 2621 dies
2826 2580 2952 2620 cum
3001 2563 3373 2619 oblationibus
3410 2561 3556 2616 cele-

270 2645 328 2703 in
381 2648 600 2722 signum
648 2651 1007 2709 fraternitatis
1062 2653 1172 2709 huc
1222 2653 1508 2709 dederunt.
1565 2652 1629 2708 Hi
1674 2669 1866 2710 omnes
1944 2656 2120 2713 'brari
2145 2657 2308 2714 debet
2331 2663 2387 2713 et
2410 2656 2743 2714 elemosinis.

351 2744 500 2832 Haec
522 2753 685 2832 _su_nt
712 2748 978 2832 nomine
1007 2748 1464 2832 episcoporum
1498 2749 2150 2815 Hildeneshemensis
2182 2750 2491 2817 mcclesite
2516 2768 2553 2816 a
2587 2758 2877 2832 tempore
2918 2749 3139 2813 Karoli
3169 2746 3407 2830 Magni,
3441 2747 3558 2827 qui

206 2914 219 2919 α
248 2821 579 2889 .fundavit
595 2825 758 2889 hanc
780 2821 1161 2895 mcelesiém.

343 2924 679 2985 Guntbarius
708 2927 917 2999 primus
951 2930 1264 3001 episcopus.
1881 2939 1924 2996 ς,
2025 2933 2399 2991 Bernwardus
2423 2932 2633 2988 tercius
2668 2930 2918 2989 decimus
2944 2930 3258 2999 episcopus.

342 3017 671 3077 Reinbertus
690 3023 975 3081 secundus.
989 3023 1301 3093 episcopus.
2033 3024 2393 3081 Godebardus
2413 3032 2645 3094 quartus
2678 3022 2927 3079 decimus
2956 3020 3269 3091 episcopus.

341 3112 458 3167 Ebo
491 3114 708 3181 tertius,
741 3114 836 3185 qui
875 3115 1027 3185 prius
1057 3113 1361 3171 Rcmensis.
1389 3113 1855 3186 archiepiscopus.
2036 3115 2389 3171 Tliietmarus
2411 3115 2639 3186 quintus
2669 3113 2917 3170 decimus
2939 3111 3248 3184 episcopus.

343 3203 585 3262 Alfridus
608 3216 838 3276 quartus
863 3207 1181 3278 episcopus.
2037 3208 2293 3265 Ezelinus
2319 3206 2407 3262 16.
2439 3207 2753 3278 episcopus.

343 3296 712 3358 Marcwardus
735 3299 968 3370 quintus
995 3300 1336 3371 episcopus.
2039 3299 2210 3356 Ettilo
2236 3298 2323 3353 l7.
2365 3297 2677 3368 episcopus.

344 3390 658 3462 Wigbertus
687 3401 877 3450 sextus
902 3394 1217 3465 episcopus.
2039 3392 2163 3450 Udo
2196 3391 2284 3448 18.
2325 3390 2634 3461 episcopus.

345 3480 658 3541 Walbertus
685 3485 949 3555 septimus
978 3486 1319 3558 episcepus..
2040 3484 2327 3542 Bertoldus
2348 3483 2438 3539 19.
2476 3482 2786 3554 episcopus.
2836 3482 2859 3515 ⁸

345 3572 625 3632 Sehardus
649 3585 875 3635 octavus
906 3578 1219 3649 episcopus.
2040 3575 2393 3634 Bernhardus
2428 3574 2519 3631 20.
2565 3576 2875 3647 episcopus.

344 3668 721 3729 'l‘liiethardus
742 3688 924 3728 nonus
946 3672 1261 3744 episcopus.
2040 3669 2228 3726 Bruno
2258 3668 2350 3723 21.
2386 3668 2700 3740 episcopus.

342 3760 592 3819 Otwinus
621 3764 868 3822 decimus
904 3766 1221 3836 episcopus.
2039 3762 2391 3819 Hermannus
2420 3760 2511 3815 22.
2564 3760 2875 3831 episcopus.

343 3852 596 3927 Osdagus
619 3857 944 3917 undecimus
966 3857 1281 3929 episcopus.
2040 3855 2317 3927 Melogus
2340 3853 2430 3910 25.
2469 3854 2783 3926 episcopus.

344 3945 627 4021 Gerdagus
655 3950 1016 4007 duodecimus
1047 3949 1361 4021 episcopus.

304 4119 316 4130 .
349 4042 624 4134 Nomina
661 4039 1878 4134 presbyterorum_Hilqenesh_emensis
1908 4037 2217 4134 {ecclesias
2243 4035 2740 4134 canonicorum,
2778 4034 3216 4134 quinabanno
3256 4033 3553 4134 incarna-

270 4114 1052 4213 tionispominiem'mjs
1082 4128 1226 4213 post
1273 4121 1525 4213 obitum
1556 4119 1897 4213 Pttylonis
1955 4118 2055 4211 171
2098 4115 2388 4200 episcopi
2438 4116 2743 4180 obierunt
2776 4115 2845 4178 in
2885 4114 3140 4180 Christo
3173 4115 3296 4178 sub
3333 4114 3554 4177 Udone

272 4199 369 4261 18°
399 4201 725 4282 episcopo,
765 4202 844 4265 de
874 4199 1103 4284 majori
1130 4199 1525 4265 monasterio
1554 4199 1799 4262 Sancta;
1830 4199 2073 4262 Marias.

269 4294 529 4356 Reteldus
552 4301 853 4374 presbyter.
1387 4296 1544 4354 Dudo
1572 4298 1876 4371 presbyter.
2508 4294 2859 4352 'lliethmarus
2879 4297 3167 4368 presbyter
3193 4294 3553 4349 Hildeneshe-

271 4389 636 4463 Sigemannus
665 4394 966 4468 presbyter.
1387 4387 1738 4447 Bernbardus
1764 4389 2065 4462 presbyter.
2577 4386 2785 4444 mensis
2807 4387 3131 4455 canonicus,
3145 4393 3335 4458 postea
3355 4399 3554 4440 mona-

224 4525 235 4537 .
262 4477 570 4538 ﬂartnidus
597 4484 900 4557 presbyter.
1388 4479 1692 4537 Aldomnus
1710 4481 2015 4553 presbyter.
2579 4480 2719 4536 chus
2743 4478 2801 4533 in
2828 4486 3017 4535 monte
3044 4476 3299 4535 Cassino.

267 4568 525 4628 Ezelinus
552 4573 856 4647 presbyter.
1389 4569 1722 4628 Gumbertus
1750 4572 2054 4644 presbyter.
2507 4569 2863 4629 Everbardus
2889 4570 3192 4644 presbyter.

266 4657 557 4718 Heinricus
587 4665 889 4737 presbyter.
1389 4664 1657 4723 Ludolfus
1680 4666 1985 4738 presbyter.
2508 4660 2871 4724 Wideroldus
2897 4663 3202 4737 presbyter.

266 4752 570 4811 Edwardus
595 4757 896 4829 presbyter.
1388 4753 1669 4829 Genlagus
1696 4756 1999 4828 presbyter.
2507 4751 2808 4818 Odelricus
2848 4754 3127 4826 presbyter
3180 4749 3431 4807 decanos
3464 4763 3570 4804 no-

240 4904 245 4905 ,
269 4840 522 4898 Sibertus
550 4845 851 4916 presbyter.
1242 4893 1249 4896 .
1391 4843 1640 4903 Sibertus
1669 4848 1842 4918 presbj

1860 4852 1972 4902 rter.
2611 4858 2736 4908 sum
2766 4845 3026 4905 adesim
3052 4832 3462 4898 thesaurarius.

268 4931 575 4990 Gozbertus
621 4938 947 5009 praepositus
989 4947 1042 4995 et
1081 4942 1312 5015 presby--
1387 4935 1550 4992 Ezelo
1573 4941 1873 5015 presbyter.
2510 4934 2705 5002 Betto
2727 4934 3021 5010 ρτθδὶδνεθτ.

342 5032 442 5079 ter.
1382 5028 1678 5091 Adeloldus
1706 5033 2016 5107 presbyter.
2517 5025 2728 5095 Heico
2748 5026 3039 5101 pNSbyt-er-

269 5112 422 5169 Bodo
440 5119 763 5189 praepositus
785 5129 840 5176 et
862 5122 1157 5196 presbyter.
1378 5121 1554 5177 Abico
1582 5129 1886 5200 presbyter.
2523 5114 2936 5183 αὶὶεθωθτίιιθ
2958 5111 3255 5200 Ρτθεδῖίέδ

246 5172 837 5282 ’δεπόρτὲεὖγιεῖ
1374 5172 1959 5289 ἰίἐὶέῐοτῖῼῖεὲἱζέέεν.
2523 5172 3059 5277 sistamus.
3076 5172 3338 5259 genesis
3362 5183 3620 5250 decun-

1602 5350 1992 5360 --——-—h‘
