4056 5360
289 217 417 277 Iw

1409 226 1802 285 CHRONICON
1841 227 2461 286 IIILDESIIEIMENSE.

3413 224 3548 289 1219

290 329 631 403 pontiﬁcibus
663 331 926 405 Gregorio
951 333 1064 406 γη,
1092 344 1149 394 et
1178 335 1392 397 Victore
1417 339 1484 395 lli
1500 380 1515 411 ,
1562 341 1785 400 Urbano
1815 343 1861 399 Il
1889 348 1936 409 Α
1962 344 2143 416 primo
2161 343 2219 399 in
2242 341 2733 409 Brunesteshusen,
2756 351 2811 398 et
2828 349 3024 413 quarto
3043 342 3304 413 posthaec
3323 354 3468 397 anno
3488 339 3547 397 in

289 432 342 481 et
370 422 619 481 Paschali
649 424 715 495 ll,
756 428 1319 489 annoinearnationis
1352 432 1650 492 Dominicaa
1690 435 1860 507 1107,

289 518 647 575 ordinationis
681 534 796 576 suae
828 536 973 577 anno
1008 522 1080 578 53
1110 523 1154 556 “
1182 524 1318 581 obiit
1351 527 1415 580 ι’.
1460 525 1727 599 Regnavit
1760 543 1862 585 au-

289 619 395 667 tem
438 619 567 682 post
602 610 811 669 obitum
869 615 1039 687 patris
1076 616 1249 674 beatae
1289 620 1570 677 memoria:
1608 618 1865 694 Heynrici

289 703 632 774 imperatoris
695 706 783 762 51.
832 705 893 764 In
938 709 1124 780 vigilia
1173 709 1492 783 epyphaniae
1538 712 1757 770 Domini
1807 715 1864 772 in

288 796 595 869 Inghelhem
631 800 802 871 regali
837 802 990 858 curia
1028 803 1086 859 in
1128 805 1419 875 prmeentia
1455 805 1553 863 lilii
1595 806 1680 863 sui
1718 808 1865 880 regis

286 887 539 963 Heynriei
571 892 736 963 hujus
768 894 1011 951 nominis
1036 896 1234 966 quinti,
1271 896 1328 952 in
1359 898 1633 954 audientia
1660 900 1863 955 multo-

286 997 407 1037 rum
428 983 736 1055 principum
761 986 936 1056 regni,
961 987 1061 1057 qui
1077 988 1149 1043 ab
1171 1004 1239 1044 eo
1261 989 1626 1046 discesserant
1644 1002 1865 1062 propter

287 1077 929 1146 excommunicationem,
942 1079 1178 1135 etﬁlium
1193 1096 1355 1137 suum
1367 1097 1548 1153 regem
1562 1084 1862 1154 elegerunt,

287 1167 682 1224 absolutionem
707 1170 947 1240 quesivit
987 1186 1020 1227 a
1060 1170 1319 1229 Romanis
1355 1174 1547 1245 legatis
1590 1173 1865 1230 Richardo

284 1259 578 1315 Albanensi
627 1266 682 1315 ct
736 1259 1096 1319 Ghebehardo
1143 1260 1548 1321 Constantieusi
1574 1306 1590 1332 ,
1648 1273 1703 1319 et
1752 1278 1865 1324 non

282 1352 517 1423 accepit,
547 1360 601 1409 et
626 1352 699 1408 ibi
731 1367 989 1410 coronam
1015 1364 1067 1411 et
1091 1364 1272 1411 cetera
1300 1356 1501 1429 regalia
1526 1357 1866 1428 principibus

285 1443 536 1501 reddidit.
592 1442 797 1500 Eodem
819 1459 964 1502 anno
989 1445 1040 1501 7.
1076 1445 1204 1506 Idus
1240 1446 1473 1520 Augusti
1504 1449 1640 1505 obiit
1677 1447 1867 1510 Leodii

282 1549 391 1597 non
412 1535 703 1593 absolutus
727 1537 793 1597 ".

352 1629 403 1683 1.
428 1627 667 1687 Karolus
693 1630 994 1702 imperator
1014 1647 1248 1705 magnus
1264 1674 1278 1701 ,
1302 1633 1397 1704 qui
1425 1648 1720 1705 suppremo
1741 1635 1869 1693 vitae

1961 435 2328 493 Gandesheim
2358 437 2424 503 ",
2448 443 2509 491 ut
2527 443 2886 507 praenotatum
2916 442 3020 501 est,
3045 433 3341 490 inchoavit.
3361 430 3470 501 Qui
3492 439 3548 489 et

1961 527 2262 584 atcclesiam
2297 527 2498 583 ibidem
2533 526 2801 583 aediﬁcare
2847 526 3031 597 cmpit,
3058 533 3113 581 et
3150 522 3548 581 IIathamodam

1961 621 2083 692 ejus
2104 621 2262 677 ducis
2285 620 2453 676 ﬁliam
2481 619 2714 692 primam
2741 618 3079 675 abbatissam
3098 616 3298 672 ibidem
3322 614 3548 672 ordina-

1961 716 2059 783 vit,
2096 714 2337 771 decimas
2360 714 2527 770 etiam
2554 728 2622 770 ex
2656 711 2987 784 proprietate
3017 725 3132 767 suae
3160 707 3418 765 ecclesia:
3446 705 3549 763 ibi-

1961 807 2085 863 dem
2110 822 2211 878 pro
2229 804 2537 862 exhibendo
2578 804 2682 861 sibi
2717 802 3009 861 servimine
3034 810 3090 858 et
3120 816 3286 857 censu
3308 799 3364 856 in
3384 799 3551 855 bene-

1961 898 2148 954 ﬁcium
2189 897 2460 968 praestitit,
2504 905 2558 952 et
2587 905 2765 952 cetera
2793 896 2867 951 ibi
2893 895 3113 951 Christo
3160 892 3551 948 famulantibus

1961 988 2248 1061 profutura
2274 1004 2341 1044 ex
2372 1003 2475 1045 suo
2520 996 2747 1059 paterna
2777 987 2976 1057 pietate
3021 984 3276 1056 providit.
3313 982 3419 1051 Qui
3458 981 3547 1037 18.

1961 1089 2086 1153 post
2112 1097 2259 1138 anno
2288 1079 2630 1137 Hathamoda
2662 1078 2919 1135 defuncta
2942 1077 3270 1148 Gerbergam
3304 1089 3553 1132 sororem

1962 1173 2083 1244 ejus
2116 1173 2450 1231 abbatissam
2494 1172 2785 1229 ordinavit.
2823 1170 2927 1242 (Cf.
2978 1170 3119 1224 Ann.
3156 1166 3389 1241 Ilildes.)
3432 1165 3554 1239 Ipse

1962 1265 2133 1331 etiam
2149 1280 2296 1321 anno
2324 1264 2722 1322 incarnationis
2742 1262 2959 1321 Domini
2991 1262 3117 1329 872,
3150 1276 3264 1316 suae
3290 1275 3423 1315 vero
3452 1274 3550 1316 or-

1963 1356 2262 1415 dinationis
2285 1357 2378 1426 26,
2409 1357 2727 1414 inchoatum
2756 1353 3136 1411 Hildeneshem
3160 1351 3554 1408 monasterium

1964 1449 2078 1506 Deo
2121 1451 2326 1522 gratias
2375 1450 2800 1517 consummavit,
2847 1456 2903 1504 et
2945 1447 3145 1504 divina:
3191 1444 3465 1517 majestati
3497 1443 3555 1498 in

1966 1540 2176 1618 honore
2210 1551 2417 1601 sancta:
2455 1541 2640 1599 Maria:
2671 1541 2774 1599 sub
2800 1540 2974 1613 tytulo
3008 1548 3323 1595 sanctorum
3343 1535 3557 1591 Cosme:

1967 1641 2022 1687 et
2055 1631 2326 1700 Damiaui,
2364 1632 2613 1706 Tyburtii
2638 1641 2693 1689 et
2712 1631 3005 1699 Valeriani,
3030 1638 3085 1685 et
3108 1638 3310 1685 sanctae
3328 1628 3557 1706 virginis

284 1735 395 1777 suae
428 1730 676 1794 tempore
699 1722 945 1781 Saxones
972 1724 1204 1782 diversis
1224 1726 1503 1797 variisque
1522 1726 1868 1786 conﬂictibus
1898 1710 1942 1767 Β
1965 1723 2183 1781 Ceciliae
2213 1725 2566 1783 devotissime
2604 1723 2875 1781 dedicavit
2912 1721 3031 1777 Kal.
3064 1720 3406 1777 Novembris.
3451 1718 3557 1789 Qui

282 1811 606 1868 duodecimo
640 1813 861 1869 demum
895 1814 1037 1871 bello
1065 1815 1131 1871 ad
1159 1815 1320 1873 fidem
1349 1815 1555 1874 Christi
1584 1819 1864 1890 compulit,

282 1911 335 1959 et
359 1901 451 1960 Dei
483 1905 690 1965 auxilio
722 1906 1215 1979 episcoporumque
1242 1909 1473 1965 consilio
1498 1908 1867 1969 Christianam

282 1995 597 2069 religionem
630 2014 797 2069 super
825 2014 920 2057 eos
945 2001 1340 2081 corroboravit,
1363 2002 1641 2060 tecclesias
1660 2003 1869 2061 scilicet

283 2103 377 2159 per
428 2089 551 2146 loca
598 2089 1011 2161 Patherhurne,
1055 2092 1330 2163 Corbeite,
1370 2093 1636 2167 Myndeu,
1672 2094 1870 2169 llylde—

284 2181 542 2248 neshem,
585 2181 881 2251 Herstelle,
931 2193 988 2240 et
1039 2193 1252 2243 ceteras
1299 2186 1558 2244 aediﬁcari
1609 2186 1768 2257 fecit,
1816 2198 1871 2245 et

283 2272 631 2347 episcopatus
663 2275 864 2332 ibidem
899 2275 1116 2334 futuros
1154 2278 1575 2348 praeordinavit,
1616 2295 1763 2337 anno
1784 2282 1871 2336 in-

285 2366 619 2425 carnationis
643 2366 856 2427 Domini
879 2368 1004 2424 8M.
1027 2369 1096 2425 ad
1115 2368 1400 2427 Christum
1419 2371 1697 2444 migravit,
1724 2388 1870 2429 anno

284 2458 455 2517 aetatis
471 2474 587 2515 sua:
605 2459 693 2527 72,
725 2460 877 2533 regni
902 2470 1085 2519 autem
1112 2462 1232 2533 ejus
1257 2464 1348 2531 45,
1373 2463 1589 2535 imperii
1613 2476 1745 2522 vero
1771 2464 1867 2533 li;

284 2551 370 2607 cui
421 2552 572 2609 ﬁlius
602 2554 724 2625 ejus
750 2553 1096 2613 Lothewicus
1125 2557 1409 2613 successit.
1439 2555 1545 2629 Qui
1572 2565 1626 2613 et
1648 2558 1872 2615 eosdem

285 2644 633 2715 episcopatus
667 2644 826 2715 juxta
859 2646 1140 2704 decretum
1168 2649 1342 2719 patris
1376 2648 1634 2717 instituit,
1661 2658 1718 2706 et
1756 2650 1873 2722 ipse

286 2734 748 2793 GUNTHARIUM
782 2740 1021 2810 primum
1047 2741 1369 2813 episcopum
1402 2742 1458 2797 in
1485 2740 1872 2800 Hildeneshem

288 2827 540 2884 ordinari
562 2826 712 2884 fecit.
730 2828 834 2897 Qui
861 2832 1156 2903 episcopus
1170 2833 1350 2904 primo
1375 2849 1491 2893 sua:
1508 2834 1874 2893 ordinationis

284 2928 533 2993 tempore
565 2922 622 2978 in
660 2923 946 2996 cymiterio
976 2925 1238 2997 capellam
1272 2926 1580 2996 aediﬁcavit,
1612 2927 1668 2983 in
1699 2942 1806 2999 qua
1831 2926 1874 2959 “

1967 1824 2022 1872 et
2052 1817 2213 1874 tertio
2236 1826 2360 1889 post
2380 1833 2546 1887 anno,
2576 1832 2691 1873 suae
2716 1813 3081 1873 ordinationis
3108 1813 3199 1879 29,
3222 1812 3415 1883 plenus
3442 1809 3559 1877 die;

1968 1927 2092 1967 rum
2108 1918 2163 1967 et
2203 1927 2329 1967 vere
2350 1912 2545 1983 plenus
2579 1912 2849 1967 bonorum
2881 1922 3110 1979 operum
3140 1905 3206 1959 18
3230 1903 3497 1959 Kalendas
3515 1901 3558 1933 ¹⁸

1970 1999 2310 2074 Septembris
2362 2004 2532 2075 (871),
2584 2002 2795 2059 scilicet
2841 2001 2898 2056 in
2942 1997 3318 2069 assumptione
3359 2003 3560 2067 sanctas

1969 2093 2174 2165 Mariae,
2202 2095 2257 2150 in
2287 2094 2627 2152 consortium
2672 2101 2992 2150 sanctorum
3039 2089 3306 2146 veraciter
3340 2102 3560 2143 assum-

1970 2194 2098 2258 ptus
2118 2186 2391 2258 migravit,
2428 2194 2484 2242 et
2511 2185 2726 2244 Asnede
2753 2185 2810 2240 in
2835 2199 2932 2241 sua
2963 2181 3229 2248 mcclesia,
3254 2195 3416 2252 quam
3447 2177 3559 2250 ipso

1970 2279 2272 2347 inchoavit,
2303 2278 2728 2346 consummavit,
2753 2276 2931 2334 dedier
2957 2274 3046 2342 vit,
3077 2273 3321 2345 sepultus
3334 2269 3559 2343 quievit,

1972 2372 2048 2429 ibi
2087 2387 2263 2443 usque
2286 2371 2449 2429 hodie
2469 2371 2526 2426 in
2551 2370 2943 2427 miraculorum
2976 2366 3266 2425 virtutibus
3306 2380 3403 2436 per
3443 2363 3560 2442 plu;

1970 2465 2112 2521 rima
2137 2464 2432 2521 sanitatum
2461 2463 2718 2537 insignia,
2744 2472 2807 2519 ut
2831 2479 2898 2519 eo
2918 2462 3025 2518 loci
3047 2467 3455 2517 commanentes
3472 2472 3558 2512 ve-

1972 2559 2176 2615 raciter
2195 2558 2485 2627 aliirmant,
2533 2558 2791 2615 omnibus
2824 2554 3139 2615 innotescit.
3168 2552 3368 2623 Eodem
3397 2551 3563 2621 etiam

1962 2665 2140 2719 anno,
2185 2650 2241 2707 id
2272 2659 2357 2708 est
2388 2649 2787 2707 incarnationis
2822 2644 3039 2704 lic-mini
3080 2645 3207 2712 875,
3247 2642 3567 2699 Lodcwieus

1972 2742 2274 2815 imperator
2306 2743 2463 2811 obiit,
2497 2742 2644 2799 ﬁlius
2669 2741 2962 2798 Lodewici.
3542 2798 3545 2805 l

2047 2836 2209 2907 (Ann.
2264 2836 2447 2905 Hild.)
2494 2834 2626 2892 Post
2664 2832 2960 2890 Altl‘ridum
3006 2828 3292 2887 Liudoll'us
3343 2826 3567 2901 quidam

1975 2927 2282 2984 monachus
2323 2926 2588 2983 Corbeius
2636 2926 2972 2997 designatur,
3026 2922 3120 2979 sed
3171 2921 3351 2978 subita
3396 2926 3569 2976 morte

281 3015 635 3084 postmodum
665 3016 911 3087 sepultus
929 3032 1060 3074 cum
1082 3017 1200 3075 suis
1226 3019 1642 3077 successoribus
1666 3020 1873 3092 quievit
1899 3062 1944 3123 Ο
1974 3030 2283 3092 praeventus
2308 3018 2574 3076 aufertur.

265 3106 350 3178 (τ
373 3124 462 3163 an.
497 3106 643 3164 est?
660 3107 778 3165 Jul.
804 3109 882 3182 5).

350 3198 407 3253 3.
447 3196 592 3254 Huic
615 3200 882 3256 successit
900 3198 1341 3258 REINBERTUS
1363 3202 1638 3259 secundus
1661 3202 1875 3273 episco—

262 3305 409 3369 pus,
437 3306 553 3362 quo
579 3290 836 3348 defuncto
861 3308 1008 3348 anno
1034 3293 1233 3350 dehinc
1251 3295 1525 3365 praedicta:
1550 3294 1877 3353 incarnatio-

281 3381 372 3437 nis
398 3381 619 3439 Domini
641 3382 769 3439 855⁰
801 3382 985 3454 (Febr.
1010 3384 1121 3456 12).

353 3475 409 3530 5.
451 3473 590 3531 EBG
647 3475 1091 3548 archiepiscopus
1143 3476 1331 3535 Remis
1370 3479 1683 3551 deponitur,
1724 3489 1775 3537 et
1820 3481 1875 3536 in

284 3565 673 3626 llildeneshem
712 3569 1061 3640 imperatoris
1108 3570 1395 3629 clementia
1433 3573 1721 3646 relegatur.
1772 3572 1877 3641 Qui

285 3659 355 3727 12
382 3660 548 3723 annis
568 3661 833 3719 :ecclesize
853 3660 1092 3733 praefuit,
1122 3670 1179 3719 et
1206 3663 1570 3735 episcopalem
1607 3664 1875 3734 ordinem,

284 3762 345 3810 ut
371 3755 479 3812 sibi
506 3755 796 3811 videbatur
820 3756 1067 3811 exercuit
1091 3756 1202 3824 (an.
1225 3758 1267 3826 -ι-
1292 3756 1416 3823 851,
1451 3756 1612 3813 Hart.
1639 3756 1754 3824 20).

353 3848 410 3902 4.
450 3848 616 3904 Anno
635 3847 829 3905 deinde
860 3846 967 3904 847
989 3848 1032 3880 ⁸⁸
1056 3847 1454 3905 incarnationis
1479 3848 1696 3905 Domini
1719 3848 1881 3905 ALT-

285 3938 549 3998 FRIDUS
573 3948 805 4012 quartus
822 3940 1113 4012 episcopus
1132 3941 1419 3998 ordinatur
1437 3941 1583 4014 (ante
1605 3941 1743 4013 Aug.
1764 3942 1875 4014 15).

284 4030 394 4099 Qui
432 4032 741 4091 tecclesiam
774 4033 1097 4106 regulariter
1130 4033 1388 4105 regendo,
1423 4033 1685 4105 quicquid
1721 4042 1879 4091 ante-

284 4139 476 4183 cessor
518 4127 657 4184 suus
695 4126 763 4182 de
805 4125 980 4183 sacris
1023 4126 1309 4183 ordinibus
1343 4135 1547 4184 temere
1575 4127 1878 4198 usurpavit,

285 4218 511 4276 decreto
538 4233 812 4276 canonum
825 4218 1222 4277 rationabiliter
1236 4220 1558 4277 annullavit.
1583 4218 1729 4275 Idem
1749 4235 1883 4291 prab-

285 4310 374 4367 sul
400 4310 802 4369 monasterium
834 4320 1083 4367 nostrum
1110 4311 1167 4366 in
1188 4311 1387 4368 timore
1412 4310 1629 4367 Domini
1651 4311 1880 4368 inchoa-

2046 3113 2082 3168 5
2113 3112 2273 3184 (Ann.
2329 3111 2509 3182 Hild.)
2549 3107 3076 3178 MARCQUABDUS
3119 3106 3318 3162 dehinc
3339 3105 3569 3176 quintus

1975 3202 2266 3274 episcopus
2290 3201 2574 3268 successit,
2605 3202 2700 3272 qui
2720 3202 2885 3256 etiam
2906 3199 2962 3255 in
2992 3196 3357 3255 Gandesheim
3382 3194 3568 3250 trahes

1976 3295 2238 3352 περιθείη)
2259 3294 2464 3365 posuit,
2495 3294 2593 3365 qui
2617 3294 2671 3349 4.
2705 3290 3069 3348 ordinationis
3099 3305 3213 3345 sua:
3243 3303 3387 3344 anno
3414 3285 3567 3342 occi-

1978 3402 2074 3443 sus
2100 3396 2185 3444 est
2204 3403 2235 3443 a
2260 3386 2469 3443 Sclavis
2494 3387 2534 3418 ¹⁹
2566 3386 2629 3455 (-1-
2655 3384 2797 3439 Ann.
2828 3382 2952 3451 880,
2980 3380 3137 3436 Febr.
3171 3380 3248 3451 2).
3275 3378 3393 3449 Ipse
3413 3376 3571 3448 juxta

1978 3477 2297 3534 relationem
2325 3485 2572 3533 veterum
2621 3475 2909 3547 praedictas
2950 3472 3200 3529 abhatias
3230 3468 3572 3541 Salegenstat

1978 3580 2035 3629 et
2059 3571 2264 3627 Asnide
2286 3571 2623 3643 negligenter
2648 3568 2855 3625 amisit.

2050 3664 2084 3720 6
2109 3664 2269 3737 (Ann.
2304 3664 2482 3736 Hild.)
2518 3664 2678 3720 Anno
2718 3661 2912 3719 deinde
2936 3657 3329 3716 incarnationis
3357 3654 3571 3711 Domini

1979 3757 2104 3825 880,
2130 3756 2546 3813 WICBERTUS
2574 3757 2863 3828 episcopus
2896 3755 3101 3810 electus
3123 3759 3228 3817 est,
3250 3749 3358 3827 (qui
3384 3748 3440 3802 in
3470 3764 3573 3829 suo

1979 3858 2224 3920 tempore
2250 3849 2537 3905 medicina:
2579 3848 2714 3905 artis
2749 3846 3117 3918 peritissimus
3156 3842 3261 3899 fuit
3289 3842 3356 3910 ὀ,
3390 3849 3444 3896 et
3485 3840 3572 3895 bi-

1980 3943 2311 4000 bliothecam
2336 3941 2508 4015 (109),
2532 3958 2654 4014 quae
2679 3942 2857 3997 adhuc
2871 3940 2926 3995 in
2942 3936 3278 3995 monasterio
3302 3943 3572 4001 servatur,

1980 4036 2204 4108 propria
2230 4052 2397 4091 manu
2423 4032 2743 4101 elaboravit,
2769 4041 2823 4090 et
2845 4032 3109 4104 pluralem
3146 4029 3435 4087 utilitatem
3458 4041 3574 4095 sua:

1980 4129 2242 4185 aecclesia:
2269 4128 2533 4200 praevidit.
2568 4126 2688 4199 Ipse
2717 4126 2884 4182 etiam
2919 4124 3142 4181 utilitati
3176 4122 3406 4179 fratrum
3437 4135 3575 4176 con—

1983 4221 2190 4287 sulens,
2217 4234 2439 4277 omnem
2463 4218 2828 4276 substantiam
2850 4214 3252 4273 aecclesiastica:
3271 4210 3579 4284 proprieta-

1982 4313 2055 4369 tis
2102 4311 2292 4369 subtili
2346 4312 2644 4383 sagacitate
2671 4310 3006 4368 distribuens
3034 4324 3131 4378 per
3156 4306 3334 4373 villas,
3369 4310 3574 4368 curtes,

284 4403 387 4471 vit,
416 4412 476 4459 et
509 4403 616 4459 sub
639 4403 762 4474 ipso
788 4402 1154 4459 inchoationis
1180 4403 1408 4459 exordio
1434 4404 1667 4474 criptam
1694 4403 1882 4460 orien-
1909 4406 1958 4465 D
1983 4402 2222 4459 familias
2254 4411 2309 4458 et
2329 4402 2591 4469 decimas,
2620 4401 2848 4457 terciam
2877 4407 3088 4471 partem
3126 4396 3195 4451 ad
3224 4391 3576 4465 praebendam

285 4496 453 4556 talem
478 4496 539 4553 in
572 4496 783 4555 honore
822 4505 1027 4555 sanctae
1050 4495 1236 4553 Mariae
1260 4495 1488 4567 virginis
1516 4495 1877 4552 consecravit.
1981 4492 2215 4548 fratrum
2262 4491 2548 4547 instituere
2587 4490 2861 4557 decrevit,
2918 4487 3013 4541 sed
3067 4485 3217 4540 obitu
3266 4486 3577 4552 praeventus

285 4588 394 4658 Qui
423 4598 479 4648 et
508 4592 650 4649 duas
678 4600 862 4649 curtes
888 4607 1002 4649 sua:
1026 4589 1376 4663 proprietatis
1419 4588 1812 4659 Saleghenstad
1840 4588 1884 4620 "
1981 4584 2213 4642 eandem
2262 4583 2672 4653 inscriptionem
2704 4578 3013 4637 successori
3060 4593 3163 4634 suo
3201 4569 3577 4642 complendam

287 4681 441 4756 (107)
480 4690 541 4739 et
565 4682 782 4741 Asnede
824 4682 972 4757 (108)
1013 4691 1219 4740 nostra:
1245 4680 1505 4738 aecclcsia:
1532 4680 1881 4736 condonavit.
1985 4677 2227 4751 reliquit.
2262 4675 2417 4748 (Vita
2437 4671 2664 4745 Godeh.)
2689 4670 2789 4728 Hic
2809 4670 2973 4727 etiam
3002 4683 3149 4724 anno
3174 4664 3298 4757 888.
3323 4664 3580 4717 incarna-

286 4772 349 4831 In
384 4774 591 4847 quibus
633 4755 900 4845 abbatias,
956 4774 1309 4848 Salegenstad
1367 4771 1789 4842 monachorum,
1830 4780 1887 4828 et
1987 4772 2156 4828 tionis
2185 4766 2405 4826 Domini
2428 4774 2487 4822 et
2519 4781 2636 4824 sua:
2664 4760 3029 4819 ordinationis
3055 4773 3202 4817 anno
3235 4755 3289 4848 1,
3324 4766 3585 4848 consum-

286 4843 508 4923 Asnede
531 4866 807 4940 virginum
831 4843 1175 4926 coadunavit.
1202 4864 1310 4938 (Cf.
1338 4863 1515 4919 Vitam
1531 4862 1881 4935 Godehardi.)
1967 4873 2196 4924 matam
2219 4858 2528 4919 tecelesiam
2550 4860 2608 4918 in
2630 4853 2996 4914 Gandeshcim
3023 4843 3589 4946 dedicavit,Ghe1'.-:

287 4954 410 5031 Ipse
442 4929 739 5032 episcopus
764 4960 890 5019 852.
927 4929 1630 5033 praedictze‘incarnationis
1664 4929 1882 5014 Domini
1991 4959 2157 5032 berga
2178 4952 2454 5013 abbatissa
2475 4954 2738 5011 defuncta
2761 4960 3010 5005 sororem
3040 4950 3163 5022 ejus
3186 4936 3519 4997 Christinam
3542 4929 3597 4975 “-

288 5064 439 5106 anno
502 5066 633 5106 cum
690 5050 996 5127 Liudnlpho
1059 5052 1534 5111 Gandeshemense
1589 5050 1883 5110 cenobium
1993 5051 2231 5112 instituit
2257 5045 2463 5104 ibidem
2482 5048 2609 5124 (an.
2642 5044 2685 5116 ’ὶ-
2710 5041 2838 5110 905.
2869 5036 3010 5094 Νου-
3045 5043 3121 5117 1).

1569 5183 1810 5244 VARle
1844 5184 2251 5252 LECTIONES.

1613 5314 1625 5322 ·
1851 5314 1895 5326 ⁸⁸
1935 5317 1983 5330 ⁸·
2061 5315 2246 5350 :...;...'r
2290 5310 2341 5350 9.,
