4056 5360
458 206 609 283 5243

1530 211 1869 272 APPENDIX
1906 201 2001 267 AD
2035 209 2093 267 S.
2135 211 2635 269 GODEIIARDUM.

3594 226 3597 231 ‘
3618 212 3752 271 nu

489 342 497 351 '
529 341 562 395 7
622 334 760 397 Huic
780 332 1225 395 WALBERTUS
1246 327 1510 408 septimus
1527 329 1819 406 episcopus
1838 342 2051 389 succes—
2077 328 2133 394 A
2228 328 2315 387 15.
2360 329 2426 403 (Τ
2431 345 2606 388 [[1κοιί
2617 345 2697 386 un
2739 328 2859 383 Vita
2878 326 3111 399 Bernw.)
3129 327 3333 386 Deinde
3352 329 3753 393 incarnationis

458 432 553 501 sit,
580 432 672 504 qui
704 433 1120 504 praepositurum
1143 438 1195 485 et
1221 427 1570 501 prmbeudam
1595 424 1851 492 fratrum,
1868 432 1929 478 ut
1949 440 2052 478 an-

460 518 702 581 técessor
728 537 863 577 suus
897 519 1266 593 praetitulavit,
1295 515 1525 573 ﬁdeliter
1557 515 1813 583 instituit,
1844 522 1900 569 et
1935 529 2055 568 ain-.-

460 615 636 670 bobus
674 623 892 670 :eternae
946 612 1323 668 retributionis
1368 609 1656 681 praemium
1703 623 1892 664 coram
1944 605 2065 661 Deo

461 707 774 778 acquisivit.
803 705 959 777 (Vita
994 704 1219 776 Godeh.)
1241 703 1363 774 Ipse
1389 701 1556 758 etiam
1585 699 1862 757 Christina
1887 700 1931 731 ²²
1958 698 2057 754 «ιθ-τ

464 798 648 855 functa
669 798 985 854 Roswidam
1030 797 1367 853 abbatissam
1398 792 1672 852 ordinavit
1709 793 1771 866 (οξ-
1812 808 1899 847 an.
1929 790 2053 859 919,

468 886 607 947 Non.
643 890 720 963 5).

486 1004 491 1007 ·
538 980 591 1036 8.
637 981 797 1051 (Ληη.
862 980 1036 1054 ΗίΜ.)
1100 980 1235 1037 Post
1284 980 1628 1037 Walbcrtum
1688 976 2058 1036 SEHARDUS

467 1082 695 1130 octavus
721 1076 1009 1146 episcopus
1045 1074 1381 1147 praeponitur
1403 1118 1417 1143 ,
1446 1074 1539 1145 qui
1568 1089 1713 1130 anno
1745 1072 1872 1129 926.
1902 1073 1948 1105 “
1973 1072 2059 1126 in-

465 1169 801 1225 camationls
824 1167 1037 1224 Domini
1072 1169 1268 1224 turrim
1299 1167 1690 1224 occidentalem
1720 1167 1776 1221 in
1810 1164 2057 1221 Gaudes-

466 1262 612 1317 Iieim
636 1261 923 1330 dedicavit,
964 1270 1021 1317 et
1060 1260 1316 1317 Roswida
1361 1259 1619 1318 defuncta
1660 1257 2058 1330 Wendelgbar-

461 1354 590 1409 dam
628 1353 963 1410 abbatissam
990 1353 1281 1409 ordinavit.
1306 1352 1428 1424 Ipse
1450 1352 1615 1409 etiam
1643 1352 1699 1407 in
1726 1360 1916 1408 nostro
1938 1364 2059 1406 mo-

465 1446 706 1502 nasterio
731 1448 902 1503 altare
949 1455 1153 1503 sancta:
1192 1445 1385 1502 Crucis
1415 1452 1469 1501 et
1495 1444 1730 1517 parietes
1754 1453 1809 1500 et
1832 1442 2060 1516 pulpita!

465 1537 809 1608 evangelium
841 1546 1066 1611 argento
1115 1538 1340 1593 honeste
1382 1535 1657 1591 redimivit
1696 1534 1808 1607 (an.
1851 1533 1901 1607 1-
1928 1533 2057 1602 928,

468 1626 591 1685 Oct.
626 1629 738 1703 ιο).

536 1721 592 1778 9.
631 1691 791 1795 (.4)...
821 1722 1002 1795 Hild.)
1033 1724 1193 1780 Auno
1216 1723 1414 1779 dehinc
1439 1722 1566 1790 928,
1598 1720 1844 1777 Sehardo
1865 1718 2059 1777 defun-
2087 1691 2130 1752 Β

470 1822 579 1884 cto,
610 1813 1107 1872 THIETHARDUS
1137 1817 1307 1873 abbas
1333 1814 1633 1871 IIerveldiae
1656 1829 1835 1871 nonus
1861 1813 1908 1846 "’
1937 1812 2058 1884 epi-

466 1920 669 1978 scopus
703 1907 862 1964 nobis
885 1907 1190 1976 ordinatur,
1218 1907 1315 1980 qui
1356 1908 1499 1963 inter
1524 1906 1758 1978 plurima
1794 1921 1910 1962 suae
1945 1904 2061 1976 pie-

464 1998 598 2056 tatis
620 1998 821 2056 indicia
847 2000 1091 2056 tabulam
1115 2000 1432 2072 principalis
1458 1999 1647 2056 altaris
1668 2013 1805 2055 auro
1823 1998 2058 2069 purissi—

467 2106 581 2161 mo,
606 2093 838 2165 gemmis
863 2094 918 2149 et
937 2093 1209 2166 lapidibus
1234 2093 1522 2165 preciosis,
1552 2103 1613 2148 ut
1632 2092 1794 2148 hodie
1812 2097 2058 2162 apparet,

467 2183 722 2241 decenter
744 2186 1051 2255 adornavit,
1074 2187 1170 2258 qui
1192 2194 1245 2242 et
1271 2187 1328 2241 in
1354 2184 1717 2242 Gaudesheim
1733 2199 1933 2240 novam
1955 2197 2062 2239 teo-

469 2275 697 2333 clesiam
745 2278 814 2334 ad
862 2278 1161 2334 monacbas
1204 2293 1350 2333 anno
1391 2276 1517 2332 959.
1564 2272 1614 2309 "
1662 2274 2060 2331 incarnationis

471 2364 691 2424 Domini
718 2370 775 2424 in
805 2370 1013 2427 honore
1035 2376 1239 2427 sanctae
1267 2368 1452 2425 Maria
1478 2367 1838 2425 consecravit.

548 2459 636 2516 10.
673 2460 798 2533 (An.
824 2461 864 2532 ’ί-
890 2461 1017 2530 954,
1048 2459 1195 2533 Sept.
1230 2460 1344 2533 1‘5.)
1382 2459 1503 2528 Quo
1545 2456 1913 2515 ordinationis
1944 2470 2062 2512 sure

470 2552 616 2606 anno
653 2551 748 2607 27.‘
777 2550 1053 2609 'defuncto
1099 2551 1192 2625 (cf.
1239 2553 1378 2608 Ann.
1433 2550 1647 2623 Hild),
1683 2546 2062 2607 OTHWINUS

470 2647 1006 2721 Parthenopolitanaa
1036 2651 1182 2707 sedis
1204 2649 1373 2705 abbas
1392 2649 1640 2706 decimus
1662 2648 1953 2721 episcopus
1976 2662 2064 2702 or—

470 2742 694 2796 dinatur
714 2743 782 2797 ".
816 2741 920 2810 Qui
939 2743 1205 2814 pluralem
1224 2743 1515 2798 utilitatem
1551 2758 1664 2798 sua:
1678 2741 1937 2797 tecclesize
1964 2756 2062 2811 per

471 2830 543 2889 50
567 2848 741 2890 annos
763 2833 1031 2904 praevidit,
1060 2835 1372 2905 specialiter
1400 2842 1583 2890 tamen
1613 2842 1825 2889 curtem
1852 2830 2061 2905 Gyseu-

473 2922 621 2979 heim
653 2924 800 2996 (110)
819 2925 875 2980 in
898 2926 1188 2982 utilitatem
1213 2924 1445 2982 fratrum
1472 2926 1517 2959 "'
1541 2924 1849 2995 acquisivit,
1871 2924 2061 2978 vinum

468 3016 634 3071 etiam
665 3017 721 3072 in
754 3019 987 3075 summis
1020 3018 1409 3076 festivitatibus
1437 3034 1536 3091 per
1564 3015 1632 3074 16
1660 3017 1779 3075 dies
1798 3016 2061 3076 fratribus
2088 3058 2130 3116 Ο

471 3110 728 3166 instituit.
760 3109 878 3182 Ipse
902 3112 1066 3168 etiam
1094 3111 1407 3183 preciosum
1436 3126 1631 3166 aurum
1655 3119 1711 3168 et
1740 3125 1984 3183 gemmas
2008 3119 2063 3165 et

468 3198 673 3271 lapides
716 3212 770 3258 et
825 3203 1153 3276 margaritas
1199 3203 1256 3259 in
1286 3203 1750 3260 constructionem
1779 3202 1966 3259 calicis
2007 3209 2064 3257 et

470 3290 669 3360 patinae
687 3292 934 3365 collegit;
988 3294 1083 3349 sed
1124 3294 1443 3350 inﬁrmitate
1481 3301 1813 3365 praeventus,
1849 3293 1953 3348 sub
1985 3291 2062 3349 si-

467 3381 601 3454 gillo
620 3392 671 3439 et
702 3383 806 3440 ﬁde
823 3385 1032 3442 Christi
1059 3387 1367 3443 successori
1391 3402 1495 3442 suo
1518 3385 1835 3442 reservavit.
1854 3384 1960 3452 Qui
1990 3384 2060 3440 '50

468 3477 832 3536 ordinationis
855 3497 969 3537 suae
996 3498 1142 3539 anno
1168 3483 1236 3538 ad
1267 3482 1547 3539 Christum
1591 3481 1823 3537 feliciter
1855 3481 2059 3553 migra-

466 3569 566 3625 vit.
592 3568 748 3642 (Vita
771 3569 993 3644 Godelt.)
1025 3572 1145 3644 Ipse
1171 3574 1339 3630 etiam
1385 3573 1821 3646 Wcudelgharda
1862 3573 2059 3628 defun-

466 3670 576 3730 cta,
611 3662 942 3737 Gerbergam
972 3666 1018 3699 ’⁸
1048 3667 1382 3725 abbatissam
1409 3668 1466 3724 in
1497 3667 1859 3725 Gaudesbeim
1907 3668 2059 3724 ordi-

468 3756 623 3813 navit
657 3756 768 3830 (an.
807 3759 934 3830 984,
962 3759 1089 3817 Dec.
1121 3761 1196 3836 1).

538 3849 625 3904 11.
664 3848 881 3909 Otwino
906 3855 1149 3925 pontiﬁci
1179 3855 1251 3913 29
1273 3857 1319 3890 ”
1341 3853 1717 3914 OSDAGIIUS
1736 3856 2060 3913 undecimus

466 3942 754 4015 episcopus
777 3948 1043 4003 successit
1072 3947 1184 4022 (an.
1218 3948 1348 4021 985)
1377 3968 1391 4006 :
1424 3951 1601 4021 quiex
1624 3966 1723 4007 sua
1747 3950 2060 4006 haereditate

466 4045 522 4091 et
534 4039 894 4108 acquisitione
909 4050 1119 4099 curtem
1151 4042 1379 4113 majoris
1402 4040 2057 4115 Aleghrimesheim(111)

471 4142 596 4182 cum
635 4128 704 4184 50
728 4134 939 4200 mansis
973 4134 1030 4189 in
1067 4134 1360 4191 utilitatem
1399 4133 1631 4191 fratrum
1664 4133 1901 4190 instituit
1943 4134 2054 4205 (an.

470 4221 597 4290 989,
633 4222 770 4278 Nov.
807 4225 884 4298 8).

544 4360 549 4365 .
580 4315 635 4370 2.
674 4316 796 4384 Quo
830 4326 1025 4388 quarto
1062 4319 1423 4377 ordinationis
1468 4336 1585 4378 suae
1621 4334 1766 4377 anno
1803 4317 2059 4376 defuncto

2158 421 2375 477 Domini
2399 424 2534 478 993°
2558 422 2707 495 (Jan.
2736 420 2826 494 15)
2851 418 3349 483 BERNWARDUS'
3365 420 3557 493 regius
3582 421 3758 491 capel-

2157 514 2319 569 lanus
2364 514 2625 570 decimus.
2653 513 2851 570 tertius
2912 514 3204 585 episcopus
3244 512 3513 568 teeclesiae
3553 520 3758 567 nostra

2157 606 2529 663 constituitur.
2557 606 2665 675 Qui
2682 590 2769 662 'ab
2800 607 3032 663 exordio
3052 603 3419 678 promotionis
3448 619 3569 659 sua
3597 604 3754 674 quicv

2157 700 2291 772 quid
2314 701 2597 772 acquirere
2616 699 2793 771 potuit
2817 699 3039 755 utilitati
3068 715 3191 756 sure
3207 697 3545 756 περιθείη-³⁸
3582 696 3756 752 ﬁdelis

2157 794 2509 865 dispensator
2533 793 2832 865 prudenter
2854 792 3181 864 impertivit;
3212 806 3411 848 aurum
3433 806 3681 863 namque
3701 798 3759 847 et

2156 885 2383 957 lapides,
2415 900 2556 957 quos
2599 885 2772 941 beata:
2800 885 3081 943 memoria:
3110 883 3419 952 Othwiuus,
3459 892 3524 940 ut
3558 884 3760 956 pradi-

2158 988 2306 1036 ctum
2336 987 2440 1047 est,
2467 977 2785 1048 reservavit,
2811 978 2915 1035 iste
2938 977 2999 1033 in
3031 978 3257 1035 calicem
3290 986 3345 1035 et
3361 978 3613 1051 patinam
3642 993 3759 1035 ma-

2159 1090 2278 1148 gum
2300 1073 2724 1146 pulchritudinis
2755 1081 2811 1131 et
2850 1074 2896 1108 ³⁸
2937 1073 3180 1147 pulchra
3226 1071 3651 1146 magnitudinis,
3699 1083 3759 1131 ut

2159 1166 2324 1221 modo
2370 1167 2608 1234 videtur,
2653 1166 2962 1235 fabricavit,
3006 1175 3062 1223 et
3096 1167 3334 1239 plurima
3375 1166 3662 1236 utensilia,
3699 1176 3759 1223 ut

2159 1258 2300 1315 inter
2322 1260 2446 1317 vitae
2468 1276 2584 1316 suae
2618 1275 2785 1332 opera
2814 1260 3155 1329 inscribitur,
3190 1276 3306 1319 suae
3333 1262 3605 1319 mcclesiae
3624 1277 3758 1318 con-

2158 1351 2301 1407 tulit.
2341 1351 2733 1409 Monasterium
2758 1354 2804 1388 ³³
2828 1369 3049 1426 quoque
3071 1354 3760 1412 sanetLMichahelis'eon-

2160 1445 2358 1503 struxit
2401 1453 2456 1501 et
2494 1461 2560 1503 ex
2587 1454 2744 1518 parte
2771 1446 3058 1514 dedicavit,
3081 1447 3139 1503 in
3167 1463 3277 1519 quo
3305 1456 3359 1504 et
3396 1448 3681 1504 abbatiam
3708 1459 3763 1506 et

2160 1538 2634 1611 congregationem
2656 1540 3052 1596 monachorum
3076 1541 3330 1597 instituit.
3363 1540 3619 1609 Quarum
3650 1545 3762 1599 uti-

2158 1629 2295 1686 litati
2335 1633 2535 1702 prardia
2566 1642 2620 1689 et
2644 1644 2829 1691 curtes
2861 1642 2915 1690 et
2944 1634 3182 1692 familias
3204 1637 3271 1692 ad
3290 1646 3570 1694 trecentos
3601 1654 3762 1694 man-

2162 1738 2256 1780 sos
2284 1724 2633 1793 condonavit,
2651 1726 2883 1783 fratrum
2900 1729 3062 1784 etiam
3086 1729 3376 1785 utilitatem
3392 1730 3449 1785 in
3461 1730 3762 1803 praebenda

2126 1846 2130 1852 ς
2160 1823 2215 1869 et
2239 1812 2502 1871 vestitura
2535 1817 2831 1873 clementer
2864 1817 3178 1889 ampliavit,
3216 1819 3418 1889 quibus
3458 1829 3676 1875 curtem
3722 1821 3769 1852 ³⁵

2161 1904 2628 1963 Hemethesdoron
2658 1909 2703 1943 ³⁸
2727 1908 2874 1980 (115)
2913 1923 3038 1964 cum
3071 1923 3171 1965 sua
3211 1909 3574 1980 possessione
3598 1911 3655 1967 in
3684 1910 3768 1967 fas

2160 1998 2329 2054 miliis
2362 2007 2418 2054 et
2441 2000 2669 2056 decimis
2698 2000 2743 2033 ³⁸
2771 2001 2985 2083 ειᾱοιιεεο
3019 2000 3292 2072 implenda
3316 2003 3612 2075 delegavit.
3648 2004 3761 2077 (an.

2163 2088 2323 2159 1022,
2364 2090 2483 2147 Oct.
2516 2091 2631 2165 50.)
2657 2092 2778 2163 Ipse
2801 2093 2967 2149 etiam
2996 2093 3052 2148 in
3084 2093 3453 2151 Gandesheim
3475 2139 3492 2164 ,
3527 2106 3591 2153 ut
3619 2114 3765 2169 pra:—

2159 2190 2410 2239 notatum
2434 2192 2537 2251 est,
2567 2199 2599 2240 a
2627 2182 2936 2256 Willighiso
2981 2186 3393 2258 archiepiscopo
3412 2196 3469 2243 et
3490 2189 3661 2244 etiam
3697 2189 3766 2245 ab

2160 2274 2400 2332 Aribone
2430 2277 2580 2333 varia
2625 2279 2914 2335 vexatione
2959 2277 3235 2350 fatigatus,
3276 2282 3496 2336 tandem
3536 2281 3766 2352 justicia

2159 2367 2478 2424 dominante
2504 2368 2791 2425 victoriam
2838 2368 3093 2436 obtinuit,
3135 2378 3193 2426 et
3231 2386 3434 2426 novum
3477 2379 3765 2441 monaste-

2160 2460 2304 2515 rium
2326 2460 2526 2516 ibidem
2551 2461 2606 2516 in
2634 2470 2932 2531 conspectu
2954 2462 3101 2533 regis
3123 2460 3365 2518 Heinrici
3379 2472 3435 2518 et
3456 2461 3766 2536 Willig'hisi

2161 2553 2558 2625 archiepiscopi
2581 2554 2976 2610 incarnationis
3010 2553 3228 2610 Domini
3254 2554 3415 2623 1007,
3442 2563 3499 2612 et
3521 2571 3645 2612 sua:
3664 2571 3763 2612 or-

2161 2644 2460 2701 dinationis
2522 2646 2609 2701 15.
2669 2646 2832 2717 digne
2890 2647 3231 2703 consecravit
3291 2634 3418 2719 (an.
3478 2649 3524 2721 -ι-
3578 2647 3764 2717 1022,

2164 2735 2302 2792 Nov.
2338 2736 2455 2807 20.)

2234 2829 2320 2884 14.
2362 2828 2684 2903 (Woeruum
2739 2830 2859 2886 Vita
2901 2830 3125 2900 Godelt.)
3164 2831 3324 2886 Anno
3358 2830 3765 2889 incarnationis

2163 2919 2379 2976 Domini
2426 2920 2564 2976 1022
2613 2922 2760 2995 (Dec.
2807 2923 2885 2994 2),
2924 2938 3037 2979 sum
3074 2939 3206 2979 vero
3256 2923 3627 2980 ordinationis
3668 2922 3765 2991 30,

2161 3014 2355 3071 beatus
2376 3013 2739 3080 Bernvvardus
2767 3016 3059 3086 episcopus
3078 3016 3146 3071 ad
3165 3015 3449 3072 Christum
3475 3016 3763 3088 migravit,

2163 3106 2252 3162 cui
2303 3108 2630 3164 venerabilis
2691 3106 3161 3163 GODEHAllDUS
3216 3107 3534 3164 Altahensis
3588 3108 3765 3164 abbas

2164 3200 2449 3256 successit.
2473 3200 2576 3269 Qui
2604 3199 2862 3256 omnibus
2883 3201 3162 3271 exemplar
3181 3200 3419 3271 iusticie
3448 3208 3506 3257 et
3531 3200 3767 3257 humili-

2140 3288 2294 3345 tatis
2320 3289 2376 3344 in
2405 3289 2568 3346 tinem
2592 3292 2967 3362 perseveravit
2990 3292 3045 3346 in
3074 3291 3227 3347 omni
3254 3289 3521 3363 religione
3551 3291 3763 3348 sandi-

2161 3381 2312 3436 tatis.
2347 3380 2449 3449 Qui
2492 3383 2595 3438 sub
2635 3383 2793 3438 initio
2836 3383 3197 3454 promotionis
3245 3396 3361 3439 suae
3402 3384 3474 3438 ab
3515 3383 3761 3440 Λήδοω

2161 3473 2452 3548 Μοεοιιιίω
2484 3476 2895 3548 archiepiscopo
2928 3492 3095 3549 super
3133 3476 3606 3533 Gaudeshemensi
3654 3493 3759 3534 ec-

2162 3572 2327 3628 clesia
2352 3571 2649 3643 impetitur,
2677 3581 2732 3628 et
2752 3588 2848 3643 per
2869 3571 3080 3643 aliquot
3104 3586 3279 3627 annos
3297 3571 3450 3626 varia
3469 3570 3759 3627 vexatione

2162 3664 2444 3732 irritatur;
2471 3664 2647 3719 donec
2670 3665 2712 3697 ³⁷
2742 3665 2961 3719 tandem
2999 3679 3144 3720 anno
3168 3662 3475 3720 Dominicae
3498 3663 3756 3719 incarna-

2160 3757 2330 3812 tionis
2364 3755 2523 3823 1027,
2568 3757 2722 3829 regni
2757 3757 2802 3790 ³⁸
2841 3772 2974 3812 vero
3001 3755 3243 3812 Cunradi
3277 3756 3325 3790 ”
3358 3756 3506 3829 regis
3534 3765 3754 3828 quarto,

2162 3847 2376 3918 imperii
2401 3856 2580 3902 autem
2598 3849 2796 3919 primo.
2819 3847 3030 3919 synodo
3052 3846 3291 3919 generali
3306 3844 3754 3902 Francanovordi

2161 3941 2491 4009 coaduuata,
2530 3942 2650 4013 ipso
2682 3942 3010 4013 imperatore
3047 3956 3171 3996 cum
3214 3940 3491 4012 episcopis
3518 3939 3593 3995 22
3621 3954 3757 4012 pra:-

2136 4034 2393 4101 sidente,
2439 4032 2701 4090 diocesim
2755 4044 2809 4090 et
2860 4042 3184 4105 potestatem
3227 4048 3388 4105 super
3440 4031 3755 4089 Gandesbe—

2161 4142 2349 4183 mense
2368 4127 2703 4183 territorium
2722 4128 3198 4200 synodalidecreto
3215 4125 3536 4182 testimonio
3551 4132 3753 4196 septem

2161 4219 2542 4290 episcoporum
2572 4220 2832 4275 canonice
2861 4218 3104 4274 retinuit.
3153 4217 3274 4289 Ipse
3313 4217 3478 4273 etiam
3524 4216 3755 4272 fratrum

2161 4312 2450 4368 utilitatem
2477 4312 2532 4367 in
2568 4312 2855 4383 praebenda
2895 4319 2951 4367 ct
2994 4312 3257 4367 vestitura
3298 4311 3603 4367 clementer
3639 4325 3754 4366 an-

471 4407 582 4479 (an.
608 4406 733 4480 990)
762 4408 1507 4471 GERDAGUSduodecimus
1529 4414 1820 4485 episcopus
1850 4428 2065 4469 succes-
2093 4409 2141 4468 D
2165 4405 2374 4478 pliavit.
2400 4404 2518 4475 Ipse
2542 4406 2707 4460 etiam
2740 4405 2795 4459 in
2831 4413 2986 4461 eurte
3027 4418 3127 4460 sua
3150 4402 3562 4469 Hildeneshem,
3589 4402 3757 4459 veteri

470 4502 575 4571 sit;
608 4503 876 4574 quietiam
898 4520 963 4560 ex
995 4522 1093 4562 sua
1116 4506 1459 4577 proprietate
1470 4514 1525 4562 et
1552 4506 1912 4578 acquisitione
1933 4521 2060 4561 cur—

473 4601 582 4650 tem
608 4597 836 4653 miuoris
863 4598 1312 4671 Alegrimcsheim
1329 4609 1382 4656 et
1395 4598 1992 4672 Sighebrectheshusen
2014 4597 2058 4629 ”

469 4684 619 4760 (112)
652 4689 915 4747 fratribus
945 4693 1012 4747 ad
1046 4691 1116 4747 40
1160 4708 1383 4749 mansos
1408 4693 1647 4748 donavit.
1681 4692 1843 4764 (Ann.
1880 4689 2057 4761 Hild.)

469 4780 577 4850 Qui
620 4786 778 4842 tertio
836 4802 949 4841 sua:
981 4786 1343 4843 ordinationis
1372 4802 1518 4842 anno
1546 4784 1778 4840 Romam
1816 4782 1967 4848 adiit,
2005 4790 2060 4837 et

470 4875 596 4932 inde
622 4878 836 4933 rediens
866 4878 916 4932 7.
949 4876 1074 4934 Idus
1103 4877 1415 4936 Decembris
1442 4878 1511 4936 ad
1540 4875 1821 4933 Christum
1850 4873 2052 4945 migrav

467 4969 544 5025 vit
569 4969 680 5041 (an.
707 4970 833 5040 992,
862 4969 987 5026 Dec.
1016 4969 1090 5044 7).

2161 4498 2408 4554 :ecclesia
2436 4513 2602 4568 quam
2635 4495 2884 4553 Otwinus
2914 4497 3205 4567 episcopus
3234 4495 3441 4551 ibidem
3468 4494 3760 4550 adiﬁcavit

2161 4590 2394 4661 dilapsa,
2418 4590 2711 4660 pulchrum
2737 4589 3134 4645 monasterium
3156 4588 3209 4642 in
3238 4588 3449 4644 honore
3474 4588 3759 4643 ascensio-

2159 4684 2249 4738 nis
2286 4682 2491 4738 Christi
2531 4681 2862 4738 construxit.
2890 4680 2951 4737 Iu
2977 4696 3089 4753 quo
3114 4680 3347 4736 clericus
3376 4678 3564 4751 plures
3593 4680 3651 4734 in
3671 4680 3758 4736 di-

2157 4791 2321 4832 verso
2344 4776 2526 4830 studio
2549 4775 2833 4845 scripturae
2852 4784 2908 4830 et
2930 4774 3156 4846 pictum
3177 4773 3580 4829 rationabiliter
3597 4773 3758 4828 utiles

2163 4868 2532 4940 congregavit.
2569 4866 2782 4934 Quibus
2823 4866 2890 4922 de
2931 4867 3297 4938 acquisitione
3342 4882 3447 4921 sua
3488 4866 3671 4921 victus
3705 4874 3761 4921 et

2134 4962 2395 5018 'vcstitus
2441 4961 2754 5017 necessaria
2789 4960 2835 4993 “
2880 4960 3117 5032 providit
3144 4958 3503 5016 suiiicienter.
3538 4957 3637 5014 Set
3661 4974 3759 5030 pro

1763 5076 1997 5135 VARUE
2039 5074 2443 5134 LECTIONES.
3778 5120 3779 5123 η

469 5244 488 5260 ‘
526 5176 587 5226 .¹²
612 5178 912 5260 christiana
935 5196 982 5236 c.
1032 5183 1107 5260 f3
1143 5182 1556 5260 DCCCCXXIII.
1583 5183 1669 5260 2.‘
1714 5181 1759 5213 “
1788 5194 1966 5260 novus
2012 5178 2089 5260 12'
2107 5178 2162 5260 2:
2239 5172 2829 5260 f'_DC(_I-CCXX'XVIII.
2866 5179 2958 5260 2.“
2998 5175 3045 5207 ²⁶
3073 5190 3124 5230 ο.
3156 5173 3309 5260 prius
3328 5180 3473 5260 (ante
