4056 5360
494 188 637 247 1247

1594 191 1934 247 APPENDIX
1976 192 2070 248 AD
2111 192 2169 249 S.
2212 189 2704 250 CODlillAliliL'M.

3643 193 3776 250 1248

491 307 671 362 etesia:
695 307 986 361 numerum
1008 310 1124 363 Deo
1143 312 1509 363 ’sementtum
1532 308 1760 365 studens
1784 324 2004 383 augere,
2031 309 2084 365 in
2114 313 2161 373 Λ
2192 308 2359 366 tionis
2402 322 2562 379 ιιαιιι.ι
2605 308 2847 364 diximus
2876 307 3221 375 iunooatum,
3275 319 3585 366 certissunc
3645 312 3777 366 sciat

492 398 700 455 honore
747 399 923 456 sancti
967 399 1228 468 Mauritii,
1258 400 1315 455 in
1353 400 1689 459 monasterio
1722 403 1872 472 quod
1914 403 2087 460 beata:
2187 401 2586 463 Adalberonetu
2661 399 3184 472 “'em-burgensem
3266 400 3587 472 episcopum
3652 418 3774 457 cum

491 492 776 556 memoria:
845 491 1211 549 Godehardus
1259 492 1304 544 Ψ
1351 492 1644 565 episcopus
1697 494 2082 565 mdilicaverat,

491 585 938 642 sanetimoniales
990 585 1257 653 instituit;
1322 585 1532 644 scilicet
1578 587 1928 645 considerato
1977 590 2083 648 ltoe

490 690 625 731 sexu
666 685 784 732 tum
844 678 1218 748 oportunitate
1277 678 1384 734 loci
1454 686 1574 737 tum
1633 687 1830 736 natura
1855 680 2081 752 adpec-

489 768 726 825 caudam
752 770 1026 840 proniora,
1051 770 1185 841 ipsis
1213 770 1402 841 ejectis
1421 770 1493 826 20
1518 770 1818 829 canonicos
1845 788 1989 829 novo
2026 775 2078 831 in

490 864 825 919 monasterio
855 864 1115 935 reposuit,
1140 862 1343 934 quibus
1359 864 1537 921 vietus
1560 875 1616 921 et
1632 865 1863 923 vestitus
1894 881 2083 924 neces-

489 955 635 1011 saria
659 971 982 1026 procurans,
1014 956 1296 1024 Cononem
1325 957 1801 1030 consanguinitate
1824 959 1931 1015 sibi
1954 975 2079 1031 pro~

486 1050 722 1117 simum,
748 1060 872 1121 post
896 1049 1299 1107 Brissinensem
1329 1051 1670 1123 episcopum,
1700 1051 1834 1123 ipsis
1870 1068 2080 1124 pra-po-

488 1143 621 1199 suit.
649 1143 771 1199 Jam
801 1152 984 1200 autem
1012 1144 1250 1201 instante
1274 1145 1451 1202 anatis
1471 1161 1587 1202 sua:
1615 1160 1839 1217 vespere
1861 1161 2080 1218 vespero

486 1235 665 1291 tinum
699 1236 987 1298 oblaturus
1015 1238 1368 1304 sacrificium,
1392 1238 1446 1294 in
1474 1238 1722 1294 orientali
1769 1250 1971 1318 nostrze
1995 1238 2077 1294 ci-

482 1327 673 1383 vitatis
696 1326 851 1399 parte
890 1330 1046 1401 prius
1078 1329 1303 1386 domum
1362 1331 1483 1386 belli
1525 1331 1582 1387 in
1631 1330 1854 1388 domum
1904 1332 2078 1402 pacis,

486 1419 746 1489 adjuncto
765 1420 930 1477 etiam
961 1437 1113 1487 novo~
1128 1437 1312 1493 opere,
1331 1421 1712 1491 commutavit,
1735 1433 1790 1480 et
1817 1423 1884 1478 15
1910 1436 2081 1478 cano-

484 1512 625 1567 nicis
656 1512 924 1571 institutis
968 1514 1295 1586 abundeque
1323 1515 1430 1573 illis
1450 1516 1780 1575 necessariis
1821 1516 2080 1589 provisis,

484 1605 747 1662 Adcloldo
768 1606 1082 1680 prurposito,
1116 1608 1237 1665 viro
1267 1619 1472 1666 sancta:
1517 1611 1820 1678 memoriae,
1885 1628 2077 1684 regen-

2188 492 2427 549 Eilberto
2477 492 2743 550 Mindcusi
2794 493 3052 564 episcopo
3106 493 3431 549 auctoritate
3477 495 3775 565 apostolica

2183 584 2430 645 Corbcia:
2465 585 2788 648 absolvisse,
2818 598 2918 641 nec
2947 595 3134 655 postea
3179 600 3304 641 eum
3356 600 3612 656 corpore,
3639 602 3777 642 nuu-

2182 692 2347 749 quam
2375 688 2556 734 autem
2581 676 2768 733 animo
2787 676 3276 734 exeommtmicatis
3312 678 3772 735 communicasse.

2182 766 2329 826 Obiit
2357 781 2540 828 autem
2580 770 2752 827 beata!
2781 770 3060 826 memoria!
3087 770 3326 827 domnus
3389 769 3608 843 llettylo
3658 771 3774 841 cpi-

2181 876 2382 934 scopus
2403 879 2549 919 anno
2568 862 2862 919 Dominicm
2903 862 3298 921 incarnationis
3336 863 3473 920 1079
3510 865 3674 936 (Aug.
3697 865 3773 932 5).

2179 956 2543 1013 ordinationis
2573 970 2703 1012 vero
2734 972 2849 1013 sine
2872 955 2943 1011 2‘5
2970 956 3039 1022 '°,
3063 966 3115 1011 et
3141 955 3194 1010 in
3230 954 3570 1012 monasterio
3599 956 3775 1010 sancti

2180 1047 2442 1114 Ilauritii,
2470 1050 2524 1104 in
2555 1049 2676 1105 loco
2695 1064 2857 1120 quem
2892 1048 3008 1119 ipse
3043 1047 3144 1104 sibi
3179 1046 3526 1120 pra-fuderat.
3560 1048 3776 1119 requie—

2180 1143 2305 1199 scit.
2329 1142 2501 1213 Cujus
2534 1141 2662 1214 quia
2684 1142 2863 1198 adhuc
2890 1142 2945 1197 in
2986 1151 3170 1198 nostra
3200 1139 3625 1215 congregatione
3653 1141 3774 1208 plu-

2180 1235 2321 1292 rima
2350 1236 2541 1292 vivunt
2569 1234 2853 1301 beneficia,
2882 1234 3005 1307 ejus
3023 1248 3245 1305 quoque
3293 1234 3435 1305 apud
3480 1247 3587 1291 nos
3631 1247 3772 1289 nova

2179 1344 2398 1401 semper
2421 1339 2476 1384 et
2505 1328 2736 1387 celebris
2760 1326 2893 1384 vivit
2926 1326 3211 1384 memoria.

2254 1422 2343 1478 18.
2374 1420 2511 1478 lluic
2550 1432 2780 1478 octavus
2806 1420 3054 1478 decimus
3113 1418 3405 1491 cpiscopus
3453 1416 3594 1475 L'DO
3648 1432 3775 1473 sue-

2177 1514 2366 1581 cessit.
2390 1515 2483 1587 qui
2507 1514 2765 1572 :ecclesize
2792 1525 2995 1572 nostrm
3027 1513 3097 1569 5'5
3127 1511 3290 1568 annis
3339 1510 3578 1582 pra‘fuit.
3656 1509 3775 1576 llic,

2179 1618 2238 1664 ut
2258 1608 2506 1664 omnium
2535 1623 2669 1680 pace
2689 1607 2926 1673 dicatur,
2956 1621 3081 1663 cum
3104 1604 3524 1661 oblectamentis
3550 1615 3770 1673 tenipo-

483 1696 586 1753 dos
614 1699 915 1756 commisit.
953 1699 1207 1773 Set-quia
1238 1701 1382 1759 idem
1410 1703 1807 1763 monasterium
1840 1680 2074 1761 inltrtni-
2108 1684 2150 1744 Β
2181 1703 2312 1759 ralis
2348 1703 2476 1758 vitae
2503 1703 2666 1759 nimis
2700 1701 3024 1774 indulgeret,
3073 1680 3229 1770 justo
3264 1698 3356 1754 Dei
3398 1697 3613 1770 judicio
3640 1713 3776 1752 cou-

482 1797 596 1844 tate
640 1800 950 1862 prazventus
990 1808 1317 1850 consecrare
1368 1809 1477 1851 non
1510 1795 1709 1866 potuit,
1758 1795 2076 1852 llurcbardo

483 1880 928 1941 llalverstadensi
955 1885 1235 1958 episcopo,
1278 1884 1582 1945 fortissimo
1625 1887 1678 1943 in
1731 1889 1871 1944 bello
1893 1890 2075 1946 :rccle-

476 1976 581 2032 sia>
616 1978 794 2042 militi,
843 1979 949 2034 sub
998 1979 1156 2035 titulo
1201 1990 1405 2037 sancta:
1459 1981 1654 2039 Crucis
1681 1993 1736 2037 et
1789 1982 2072 2038 beatorum

484 2071 859 2139 apostolorum
888 2070 1033 2127 Petri
1053 2081 1109 2128 et
1145 2071 1296 2128 Pauli
1321 2073 1752 2130 consecrandqu
1776 2074 2071 2132 commisit.

484 2161 606 2229 Quo
644 2164 710 2219 ad
746 2180 947 2235 purum
990 2165 1326 2222 infirmitatis
1379 2166 1503 2239 igne
1541 2177 1790 2233 excocto,
1835 2168 2071 2239 pranlieti

484 2258 735 2327 praesulis
757 2258 1084 2325 amtnonitu,
1106 2257 1367 2315 fratribus
1427 2259 1634 2316 nostris
1669 2275 1735 2316 ex
1773 2261 1934 2316 corde
1961 2274 2076 2332 pm-

485 2350 667 2406 nitens
687 2350 949 2422 quicquid
971 2352 1292 2421 abstulerat,
1319 2352 1563 2410 decimas
1584 2352 1791 2411 scilicet
1815 2362 1867 2408 ct
1890 2352 2074 2409 curias

485 2437 816 2514 Wangarde,
855 2443 1147 2516 Eymbrikc
1177 2445 1349 2518 (H7),
1382 2444 1749 2518 Poppcuburg
1776 2446 1926 2516 (118)
1953 2446 2073 2501 red-

481 2535 636 2601 didit,
681 2545 736 2592 et
764 2548 889 2608 quae
924 2538 1087 2611 longo
1118 2547 1363 2610 tempore
1402 2549 1848 2612 congregaverat,
1876 2539 1991 2610 ipse
2014 2549 2072 2594 ut

479 2628 726 2697 prudens
755 2630 962 2686 animal
997 2625 1093 2701 per
1124 2648 1322 2689 manus
1344 2643 1646 2704 pauperum
1679 2632 1912 2689 Domine
1936 2632 2069 2689 olfe-

479 2720 649 2775 renda
668 2723 952 2791 praemisit.
983 2723 1354 2780 Considerans
1394 2726 1542 2781 enim
1588 2725 1925 2797 impossibile
1948 2740 2073 2782 esse

480 2813 779 2868 multorum
824 2830 934 2870 non
982 2816 1231 2871 exaudiri
1281 2818 1580 2886 orationes,
1629 2819 1834 2874 nullam
1860 2818 1913 2874 iu
1960 2828 2070 2875 tota

481 2901 723 2959 Saxonia
790 2907 1271 2978 congregationem
1325 2907 1702 2979 prmtermisit,
1753 2924 1917 2980 quam
1963 2925 2068 2965 non

456 2998 983 3069 quantolocumque
1002 2998 1254 3056 karitatis
1292 3016 1521 3056 munere
1547 3001 1915 3057 lionoraverit.
1950 3001 2068 3073 ipse
2097 3035 2142 3099 Ο

478 3107 697 3161 quoque
718 3092 785 3146 de
808 3092 1191 3149 immutatione
1213 3094 1388 3150 nostri
1418 3094 1627 3151 ordinis
1662 3093 1804 3151 facta
1851 3095 2068 3153 confes-

478 3183 632 3238 sione
654 3184 1032 3254 pmnitentiam
1056 3186 1284 3257 accepit,
1307 3195 1362 3242 et
1384 3186 1582 3245 fratres
1634 3197 1855 3245 nostros
1876 3199 2067 3244 astan-

477 3283 561 3330 tes
581 3276 685 3331 sub
729 3279 1079 3333 attestatione
1126 3278 1297 3334 divini
1334 3280 1549 3337 timoris
1578 3282 1717 3337 utin
1774 3282 2066 3352 pristinum

476 3367 878 3435 restitueretur,
933 3370 1270 3427 consulendo
1321 3372 1687 3443 praecipiendo
1737 3374 2059 3430 atnmouttit.

475 3458 556 3515 Ad
588 3448 746 3532 cujus
804 3462 1021 3520 virtutis
1066 3464 1347 3519 cumulum
1393 3465 1498 3521 ltoc
1536 3480 1757 3537 quoque
1814 3467 2067 3524 laudibus

475 3553 595 3621 ejus
618 3554 817 3624 placuit
844 3556 1219 3625 inserendum,
1240 3558 1370 3628 quia
1400 3573 1538 3628 pene
1560 3560 1816 3614 omnibus
1840 3558 2066 3616 Ytalieis

476 3654 531 3699 et
553 3644 1154 3720 Teutonicisepiscopis
1202 3649 1504 3706 inauditam
1544 3650 1677 3706 etin
1702 3650 1855 3706 omni
1898 3665 2066 3706 eano-

475 3747 609 3792 num
641 3739 783 3795 serie
804 3756 916 3795 non
954 3741 1148 3797 lectam
1201 3740 1390 3796 domui
1430 3740 1675 3813 Gregorii
1706 3759 1860 3814 papte
1900 3743 2064 3815 hujus

440 3840 448 3847 '
473 3831 717 3887 nominis
738 3834 956 3904 septimi
987 3834 1428 3905 dampnationem
1475 3835 1965 3903 subscribentibns,
1989 3837 2067 3907 ip-

446 3932 536 3978 ‘se
557 3940 777 3995 quoque
811 3925 1009 3980 timore
1030 3908 1226 3981 mortis
1247 3926 1596 3997 subscripsit,
1629 3936 1712 3982 set
1751 3927 1898 3997 quod
1926 3929 2061 3983 srri-

474 4024 679 4086 pserat,
706 4025 766 4070 ut
796 4016 962 4071 homo
991 4017 1332 4088 sagacissimi
1355 4018 1579 4089 ingenii,
1626 4019 1784 4074 obelo
1809 4019 2062 4089 suposito

473 4105 809 4176 dampuavit.
837 4105 1009 4175 Cujus
1029 4107 1160 4178 quia
1186 4108 1607 4178 subscriptionis
1636 4125 1854 4180 ptenam
1901 4121 1956 4166 et
1974 4125 2065 4166 cx-

438 4220 443 4228 -
473 4197 1054 4265 communicationem,
1077 4196 1284 4254 scilicet
1307 4199 1411 4255 bac
1426 4215 1526 4271 pro
1548 4199 1908 4256 inobedientia
1939 4204 2061 4258 sub-

474 4296 743 4357 secutam,
774 4290 1011 4346 maxime
1040 4302 1231 4347 nostro
1255 4292 1310 4347 in
1359 4301 1605 4366 tempore
1652 4294 1856 4351 luimus
1887 4296 2058 4365 (H9),

2174 1794 2369 1868 dignas
2390 1796 2626 1853 levitatis
2654 1811 2768 1853 sua:
2801 1808 2991 1866 pmnas
3017 1791 3239 1850 exolvit.
3270 1790 3505 1848 Ecberto
3532 1806 3777 1859 namque

2179 1893 2496 1949 marcbioue
2521 1892 2897 1963 episcopatum
2936 1903 3185 1946 nostrum
3219 1886 3486 1943 incendiis
3507 1900 3573 1940 ac
3620 1885 3774 1956 rapi-

2179 1988 2265 2045 nis
2288 1989 2547 2044 atrociter
2578 1988 2888 2051 inradeutc,
2911 1995 2965 2041 et
2994 1997 3183 2041 muros
3236 1982 3391 2038 urbis
3438 1981 3775 2054 gravissima

2176 2083 2463 2139 obsidione
2488 2092 2792 2145 coartaute,
2849 2079 2992 2135 idem
3045 2079 3337 2149 episcOpus
3363 2075 3433 2132 ob
3468 2076 3513 2107 ⁵¹
3544 2074 3771 2131 tutelam

2176 2178 2262 2234 sui
2290 2189 2343 2233 ct
2396 2176 2766 2232 defensionem
2802 2170 3065 2228 teet-lesiae
3109 2169 3375 2235 decimas,
3422 2182 3547 2239 quae
3576 2182 3771 2222 omnes

2178 2275 2294 2325 tere
2336 2269 2411 2323 illi
2464 2264 3024 2334 vaeabaut,aliasque
3067 2259 3329 2317 meclcsia:
3385 2257 3772 2330 possessiones

2175 2372 2401 2417 coaetus
2427 2370 2507 2416 est
2538 2357 2805 2413 militibus
2847 2353 3137 2426 impertiri,
3166 2362 3221 2408 et
3246 2349 3394 2424 quod
3430 2349 3613 2421 magis
3641 2364 3770 2421 per-

2176 2454 2447 2509 niciosum
2475 2460 2556 2507 est
2590 2450 2842 2517 tnttlttas,
2901 2461 3092 2518 pinnas
3145 2443 3396 2502 videlicet
3421 2443 3773 2514 pecuniarias

2174 2559 2275 2616 pro
2318 2542 2698 2598 crintiualibus
2734 2539 2909 2611 culpis
2953 2536 3251 2601 institutas,
3300 2535 3620 2594 hominibus
3657 2550 3772 2591 suae

2173 2635 2397 2692 ditionis
2425 2635 2685 2690 relaxare.
2714 2632 2972 2688 Extremo
2998 2642 3178 2686 tamen
3227 2629 3350 2684 vita:
3379 2642 3495 2686 sua:
3523 2637 3769 2699 tempore

2175 2729 2423 2785 moribus
2453 2728 2665 2784 sincere
2689 2727 2970 2787 correctis.
2998 2723 3197 2795 prredia
3222 2726 3468 2793 quautam
3499 2736 3619 2777 sum
3642 2734 3769 2791 pro-

2176 2821 2421 2893 prietatis
2450 2837 2577 2877 cum
2635 2819 2902 2875 ministris
2926 2817 2993 2872 ad
3023 2817 3113 2887 jus
3145 2815 3455 2886 episcopale
3494 2813 3763 2877 contulit;

2173 2933 2297 2989 quae
2323 2929 2451 2972 vero
2488 2914 2541 2969 in
2570 2912 2829 2968 liorbolte
2875 2911 3025 2976 μευ)
3057 2911 3230 2983 ty'ulu
3266 2906 3612 2962 hereditaria:
3636 2920 3764 2962 suc-

2172 3008 2441 3066 cessionis
2478 3010 2815 3079 possederat,
2838 3015 2891 3060 ct
2919 3002 3065 3075 quod
3104 3005 3156 3057 in
3219 3000 3496 3057 \\'ttisleve
3545 2998 3699 3069 (121)
3734 3014 3765 3053 a

2171 3101 2412 3173 quodam
2449 3098 2826 3155 Godesrbalco
2851 3095 3147 3168 emptionis
3197 3093 3417 3155 nomine
3461 3090 3769 3162 acquisivc-

2171 3203 2276 3261 rat,
2301 3193 2367 3249 ad
2399 3207 2540 3264 opus
2570 3192 2800 3247 fratrum
2845 3188 3136 3262 delegavit.
3188 3187 3418 3256 Insuper
3451 3185 3602 3255 quod
3626 3184 3675 3215 ⁸⁸
3702 3182 3766 3237 ti-

2169 3284 2257 3342 lize
2302 3275 2488 3343 fr'atris
2515 3285 2599 3342 sui
2636 3283 2783 3339 ῌιὶιει
2813 3292 2865 3339 et
2912 3279 3250 3338 Allielbeidis
3274 3278 3322 3311 ⁸³
3356 3277 3697 3332 venerabiles
3717 3276 3767 3308 “

2168 3377 2485 3442 abbatissae.
2527 3379 2789 3449 prtedtum
2831 3390 2990 3433 suum
3038 3374 3091 3429 iu
3146 3370 3506 3428 llercnbuscn
3535 3368 3690 3433 (19.9.)
3718 3368 3767 3400 ³⁸

2167 3486 2292 3528 cum
2329 3471 2588 3528 omnibus
2616 3484 2735 3526 suis
2764 3467 3066 3524 attinentiis
3089 3464 3348 3521 :ccclesite
3376 3473 3578 3518 nostra:
3602 3459 3768 3528 lami-

2169 3575 2379 3631 rentur,
2411 3562 2587 3619 ell‘ecit
2617 3566 2728 3634 (an.
2764 3562 2920 3623 lil-i,
2953 3564 3072 3615 οτι.
3103 3557 3211 3621 19).

2238 3654 2367 3711 l‘ost
2424 3656 2569 3710 hunc
2620 3651 3013 3709 IlliLMGGL'S
3064 3647 3434 3706 Goslariensis
3479 3647 3763 3708 decauus,

2165 3757 2323 3802 :ctate
2364 3756 2610 3800 maturus
2656 3754 2709 3799 et
2770 3743 3036 3798 industria
3085 3741 3451 3809 cont5picuus.
3504 3735 3767 3791 teet-lesia:

2166 3853 2366 3896 nostra:
2382 3838 2659 3907 delegatur
2682 3837 2793 3903 (an.
2825 3836 2982 3893 HIS)
3027 3834 3131 3902 Qui
3152 3840 3526 3902 episcopatum
3544 3828 3763 3899 quidem

2166 3942 2414 3987 nostrum
2441 3941 2678 3999 quatuor
2704 3930 2864 3984 annis
2893 3927 3348 3997 gubernavit,.set
3378 3937 3505 3978 cum
3558 3936 3591 3975 a
3648 3919 3763 3974 Blo-

2164 4024 2396 4096 gttntiuo
2440 4021 2734 4077 Adellurrte
2761 4020 3229 4075 consecrationem
3265 4017 3429 4070 nollet
3457 4012 3759 4083 suscipere,

2162 4115 2537 4185 episcopatum
2593 4110 2928 4182 resignavit;
2999 4120 3051 4165 et
3103 4109 3170 4164 ad
3222 4107 3528 4162 a-celesiam
3588 4102 3762 4163 sancti

2164 4201 2552 4269 liartbolomei,
2600 4202 2961 4273 cuiquredam
3007 4202 3076 4256 de
3124 4199 3284 4255 bonis
3330 4195 3759 4268 episcopalibus,

2161 4298 2409 4369 qumdam
2471 4297 2540 4352 de
2596 4295 2758 4352 rebus
2813 4291 3160 4366 proprietatis
3230 4289 3577 4353 contulerat,
3642 4300 3763 4341 sese

472 4382 653 4438 visum
679 4392 765 4439 est
785 4385 1070 4453 socordiaz,
1095 4395 1307 4442 tantam
1369 4388 1504 4442 tanti
1531 4387 1634 4443 viri
1680 4388 2055 4459 sagacitatem.
2090 4391 2136 4448 D
2163 4387 2461 4452 transtulit,
2494 4386 2676 4457 ibique
2702 4387 2845 4441 diem
2876 4387 3058 4440 exitus
3088 4381 3171 4438 sui
3228 4379 3337 4436 Deo
3384 4378 3617 4434 devotus
3659 4392 3754 4430 ex-

446 4489 582 4543 ‘qua
611 4490 669 4530 se
691 4477 761 4531 ab
787 4477 892 4532 hac
916 4493 1104 4534 comm
1138 4478 1248 4535 Deo
1270 4480 1535 4552 jabsolvit,
1572 4480 1790 4537 silentio
1834 4492 2061 4553 prrcter-

470 4564 569 4622 ire.
614 4565 713 4624 Hic
741 4576 867 4626 eum
897 4569 1186 4629 Ileinricus
1217 4589 1309 4629 rex
1348 4573 1513 4645 bujus
1560 4573 1795 4631 nominis
1830 4584 2061 4645 quartus

468 4668 639 4720 totam
660 4678 798 4732 pene
830 4663 1124 4721 Saxoniam
1173 4666 1365 4738 rapina
1404 4677 1644 4723 vastaret
1696 4677 1752 4723 et
1785 4667 2059 4737 incendio,

464 4753 595 4809 data
616 4755 827 4812 infinita
849 4760 1102 4829 pecunia,
1132 4768 1196 4815 ut
1232 4777 1301 4815 ne
1336 4776 1445 4816 una
1467 4761 1666 4817 domus
1691 4760 1745 4816 in
1767 4760 1918 4817 omni
1953 4776 2055 4816 no-

434 4858 435 4861 ‘
468 4853 582 4902 stro
604 4848 924 4921 episcopatu
945 4853 1362 4909 combureretur
1398 4853 1593 4911 effecit.
1624 4853 1682 4909 Si
1714 4844 1837 4925 quis
1867 4863 2051 4910 autem

2157 4477 2394 4551 peetavit
2419 4476 2466 4509 “
2496 4480 2608 4546 (au.
2640 4477 2798 4539 “20,
2835 4474 2998 4530 Mart.
3036 4474 3114 4541 5).

2230 4571 2319 4626 19.
2361 4568 2569 4627 Dehinc
2595 4566 3025 4632 BEltTOl.DUS,
3059 4562 3384 4621 venerabilis
3414 4570 3604 4616 noster
3624 4573 3760 4631 prte-

2158 4666 2395 4738 positus,
2444 4664 2574 4722 cieri
2613 4665 2894 4737 plebisque
2935 4676 3210 4719 consensu
3259 4658 3519 4716 :ecclesize
3559 4664 3759 4710 nostra:

2159 4757 2456 4830 praeficitur
2479 4756 2591 4828 (an.
2621 4756 2781 4824 1119,
2807 4766 2941 4811 mter
2962 4752 3092 4809 Jun.
3121 4754 3154 4808 5
3173 4763 3222 4806 ct
3258 4749 3378 4806 Oct.
3405 4748 3519 4818 51).
3558 4744 3664 4814 Qui
3705 4751 3759 4798 et

2160 4853 2337 4911 ollicio
2364 4852 2751 4911 aecclesiastico
2783 4852 3108 4907 excellenter
3128 4846 3395 4908 eruditus,
3419 4852 3475 4899 et
3495 4840 3757 4914 religiosa:
