  <div class='ocr_page' id='page_1' title='image "/cluster/home/n/w/nwhite01/storage/ocr_20150623/141/hvd.32044015471790/630.png"; bbox 0 0 4056 5360; ppageno 0'>
   <div class='ocr_carea' id='block_1_1' title="bbox 216 268 366 326">
    <p class='ocr_par' dir='ltr' id='par_1_1' title="bbox 216 268 366 326">
     <span class='ocr_line' id='line_1_1' title="bbox 216 268 366 326; baseline 0.02 -3"><span class='ocrx_word' id='word_1_1' title='bbox 216 268 366 326; x_wconf 66' lang='grc' dir='ltr'><strong>1ὶ49</strong></span> 
     </span>
    </p>
   </div>
   <div class='ocr_carea' id='block_1_2' title="bbox 1333 249 2393 313">
    <p class='ocr_par' dir='ltr' id='par_1_2' title="bbox 1333 249 2393 313">
     <span class='ocr_line' id='line_1_2' title="bbox 1333 249 2393 313; baseline -0.007 0"><span class='ocrx_word' id='word_1_2' title='bbox 1333 252 1726 313; x_wconf 73' lang='lat' dir='ltr'><strong>CIIRONICON</strong></span> <span class='ocrx_word' id='word_1_3' title='bbox 1768 249 2393 307; x_wconf 75' lang='lat' dir='ltr'><strong>IIILDESIIEIMENSE.</strong></span> 
     </span>
    </p>
   </div>
   <div class='ocr_carea' id='block_1_3' title="bbox 3387 253 3524 311">
    <p class='ocr_par' dir='ltr' id='par_1_3' title="bbox 3387 253 3524 311">
     <span class='ocr_line' id='line_1_3' title="bbox 3387 253 3524 311; baseline 0 -1"><span class='ocrx_word' id='word_1_4' title='bbox 3387 253 3524 311; x_wconf 73' lang='grc'><strong>1250</strong></span> 
     </span>
    </p>
   </div>
   <div class='ocr_carea' id='block_1_4' title="bbox 211 363 3527 455">
    <p class='ocr_par' dir='ltr' id='par_1_4' title="bbox 211 363 3527 455">
     <span class='ocr_line' id='line_1_4' title="bbox 211 363 3527 455; baseline -0.005 -15"><span class='ocrx_word' id='word_1_5' title='bbox 211 394 488 455; x_wconf 79' lang='lat' dir='ltr'><strong>personas</strong></span> <span class='ocrx_word' id='word_1_6' title='bbox 532 369 788 433; x_wconf 80' lang='lat' dir='ltr'><strong>omnibus</strong></span> <span class='ocrx_word' id='word_1_7' title='bbox 829 370 1008 430; x_wconf 87' lang='lat' dir='ltr'><strong>modis</strong></span> <span class='ocrx_word' id='word_1_8' title='bbox 1053 386 1168 429; x_wconf 69' lang='lat' dir='ltr'><strong>sure</strong></span> <span class='ocrx_word' id='word_1_9' title='bbox 1209 386 1504 445; x_wconf 76' lang='lat' dir='ltr'><strong>aggregare</strong></span> <span class='ocrx_word' id='word_1_10' title='bbox 1546 370 1823 425; x_wconf 85' lang='lat' dir='ltr'><strong>nitebatur</strong></span> <span class='ocrx_word' id='word_1_11' title='bbox 1851 370 1895 426; x_wconf 78' lang='grc' dir='ltr'><strong>Α</strong></span> <span class='ocrx_word' id='word_1_12' title='bbox 1922 366 1991 422; x_wconf 88' lang='lat' dir='ltr'><strong>ad</strong></span> <span class='ocrx_word' id='word_1_13' title='bbox 2016 366 2238 422; x_wconf 89' lang='lat' dir='ltr'><strong>beatum</strong></span> <span class='ocrx_word' id='word_1_14' title='bbox 2264 363 2650 421; x_wconf 88' lang='lat' dir='ltr'><strong>Godehardum</strong></span> <span class='ocrx_word' id='word_1_15' title='bbox 2683 363 3009 433; x_wconf 77' lang='lat' dir='ltr'><strong>offeruntur,</strong></span> <span class='ocrx_word' id='word_1_16' title='bbox 3037 365 3279 438; x_wconf 89' lang='lat' dir='ltr'><strong>itemque</strong></span> <span class='ocrx_word' id='word_1_17' title='bbox 3300 365 3527 422; x_wconf 79' lang='lat' dir='ltr'><strong>ublatio&#39;</strong></span> 
     </span>
    </p>
   </div>
   <div class='ocr_carea' id='block_1_5' title="bbox 213 463 1818 540">
    <p class='ocr_par' dir='ltr' id='par_1_5' title="bbox 213 463 1818 540">
     <span class='ocr_line' id='line_1_5' title="bbox 213 463 1818 540; baseline -0.011 -9"><span class='ocrx_word' id='word_1_18' title='bbox 213 472 503 531; x_wconf 62' lang='lat' dir='ltr'><strong>tecclesiaa.</strong></span> <span class='ocrx_word' id='word_1_19' title='bbox 547 468 666 540; x_wconf 75' lang='lat' dir='ltr'><strong>Ipse</strong></span> <span class='ocrx_word' id='word_1_20' title='bbox 709 482 895 523; x_wconf 88' lang='lat' dir='ltr'><strong>sacras</strong></span> <span class='ocrx_word' id='word_1_21' title='bbox 917 464 1155 536; x_wconf 77' lang='lat' dir='ltr'><strong>virgines</strong></span> <span class='ocrx_word' id='word_1_22' title='bbox 1185 463 1239 518; x_wconf 88' lang='lat' dir='ltr'><strong>in</strong></span> <span class='ocrx_word' id='word_1_23' title='bbox 1270 463 1586 534; x_wconf 86' lang='lat' dir='ltr'><strong>episcopatu</strong></span> <span class='ocrx_word' id='word_1_24' title='bbox 1628 469 1818 515; x_wconf 86' lang='lat' dir='ltr'><strong>nostro</strong></span> 
     </span>
    </p>
   </div>
   <div class='ocr_carea' id='block_1_6' title="bbox 214 553 1822 634">
    <p class='ocr_par' dir='ltr' id='par_1_6' title="bbox 214 553 1822 634">
     <span class='ocr_line' id='line_1_6' title="bbox 214 553 1822 634; baseline -0.01 -14"><span class='ocrx_word' id='word_1_25' title='bbox 214 565 435 634; x_wconf 86' lang='lat' dir='ltr'><strong>primus</strong></span> <span class='ocrx_word' id='word_1_26' title='bbox 457 560 676 616; x_wconf 82' lang='lat' dir='ltr'><strong>inclusit</strong></span> <span class='ocrx_word' id='word_1_27' title='bbox 696 559 762 626; x_wconf 83' lang='lat'><strong>&quot;,</strong></span> <span class='ocrx_word' id='word_1_28' title='bbox 794 566 849 614; x_wconf 91' lang='lat' dir='ltr'><strong>et</strong></span> <span class='ocrx_word' id='word_1_29' title='bbox 870 557 1100 613; x_wconf 83' lang='lat' dir='ltr'><strong>clericos</strong></span> <span class='ocrx_word' id='word_1_30' title='bbox 1127 570 1266 626; x_wconf 90' lang='lat' dir='ltr'><strong>quos</strong></span> <span class='ocrx_word' id='word_1_31' title='bbox 1306 553 1586 625; x_wconf 78' lang='lat' dir='ltr'><strong>regulares</strong></span> <span class='ocrx_word' id='word_1_32' title='bbox 1622 558 1822 607; x_wconf 88' lang='lat' dir='ltr'><strong>vocant</strong></span> 
     </span>
    </p>
   </div>
   <div class='ocr_carea' id='block_1_7' title="bbox 215 641 1820 722">
    <p class='ocr_par' dir='ltr' id='par_1_7' title="bbox 215 641 1820 722">
     <span class='ocr_line' id='line_1_7' title="bbox 215 641 1820 722; baseline -0.01 -11"><span class='ocrx_word' id='word_1_33' title='bbox 215 653 568 719; x_wconf 69' lang='lat' dir='ltr'><strong>introduxit,</strong></span> <span class='ocrx_word' id='word_1_34' title='bbox 637 650 993 722; x_wconf 81' lang='lat' dir='ltr'><strong>ejusdemque</strong></span> <span class='ocrx_word' id='word_1_35' title='bbox 1037 645 1245 702; x_wconf 87' lang='lat' dir='ltr'><strong>ordinis</strong></span> <span class='ocrx_word' id='word_1_36' title='bbox 1289 642 1706 715; x_wconf 52' lang='lat' dir='ltr'><strong>praaposituram</strong></span> <span class='ocrx_word' id='word_1_37' title='bbox 1764 641 1820 695; x_wconf 92' lang='lat' dir='ltr'><strong>in</strong></span> 
     </span>
    </p>
   </div>
   <div class='ocr_carea' id='block_1_8' title="bbox 215 730 1822 813">
    <p class='ocr_par' dir='ltr' id='par_1_8' title="bbox 215 730 1822 813">
     <span class='ocr_line' id='line_1_8' title="bbox 215 730 1822 813; baseline -0.008 -14"><span class='ocrx_word' id='word_1_38' title='bbox 215 743 641 802; x_wconf 83' lang='lat' dir='ltr'><strong>Banchenrotbe</strong></span> <span class='ocrx_word' id='word_1_39' title='bbox 662 741 834 813; x_wconf 75' lang='lat'><strong>(123),</strong></span> <span class='ocrx_word' id='word_1_40' title='bbox 863 739 1004 795; x_wconf 89' lang='lat' dir='ltr'><strong>etde</strong></span> <span class='ocrx_word' id='word_1_41' title='bbox 1027 737 1143 794; x_wconf 87' lang='lat' dir='ltr'><strong>suis</strong></span> <span class='ocrx_word' id='word_1_42' title='bbox 1164 745 1218 791; x_wconf 88' lang='lat' dir='ltr'><strong>et</strong></span> <span class='ocrx_word' id='word_1_43' title='bbox 1237 733 1639 805; x_wconf 77' lang='lat' dir='ltr'><strong>cpiscOpalibus</strong></span> <span class='ocrx_word' id='word_1_44' title='bbox 1664 730 1822 786; x_wconf 88' lang='lat' dir='ltr'><strong>bonis</strong></span> 
     </span>
    </p>
   </div>
   <div class='ocr_carea' id='block_1_9' title="bbox 216 823 1823 902">
    <p class='ocr_par' dir='ltr' id='par_1_9' title="bbox 216 823 1823 902">
     <span class='ocr_line' id='line_1_9' title="bbox 216 823 1823 902; baseline -0.007 -13"><span class='ocrx_word' id='word_1_45' title='bbox 216 834 481 893; x_wconf 76' lang='lat' dir='ltr'><strong>instituit.</strong></span> <span class='ocrx_word' id='word_1_46' title='bbox 544 832 603 887; x_wconf 92' lang='lat' dir='ltr'><strong>In</strong></span> <span class='ocrx_word' id='word_1_47' title='bbox 665 832 843 902; x_wconf 87' lang='lat' dir='ltr'><strong>capite</strong></span> <span class='ocrx_word' id='word_1_48' title='bbox 901 829 1067 885; x_wconf 87' lang='lat' dir='ltr'><strong>etiam</strong></span> <span class='ocrx_word' id='word_1_49' title='bbox 1131 824 1429 883; x_wconf 87' lang='lat' dir='ltr'><strong>sanctuarii</strong></span> <span class='ocrx_word' id='word_1_50' title='bbox 1506 823 1823 896; x_wconf 83' lang='lat' dir='ltr'><strong>principalis</strong></span> 
     </span>
    </p>
   </div>
   <div class='ocr_carea' id='block_1_10' title="bbox 214 915 1820 996">
    <p class='ocr_par' dir='ltr' id='par_1_10' title="bbox 214 915 1820 996">
     <span class='ocr_line' id='line_1_10' title="bbox 214 915 1820 996; baseline -0.012 -12"><span class='ocrx_word' id='word_1_51' title='bbox 214 927 482 983; x_wconf 74' lang='lat' dir='ltr'><strong>:ecclcsiae</strong></span> <span class='ocrx_word' id='word_1_52' title='bbox 498 941 636 996; x_wconf 87' lang='lat' dir='ltr'><strong>opus</strong></span> <span class='ocrx_word' id='word_1_53' title='bbox 647 922 909 995; x_wconf 88' lang='lat' dir='ltr'><strong>elegantis</strong></span> <span class='ocrx_word' id='word_1_54' title='bbox 930 928 1219 978; x_wconf 76' lang='lat' dir='ltr'><strong>structura:</strong></span> <span class='ocrx_word' id='word_1_55' title='bbox 1230 916 1515 973; x_wconf 75' lang='lat' dir='ltr'><strong>rediticavit</strong></span> <span class='ocrx_word' id='word_1_56' title='bbox 1528 916 1638 989; x_wconf 86' lang='lat' dir='ltr'><strong>(an.</strong></span> <span class='ocrx_word' id='word_1_57' title='bbox 1664 916 1684 969; x_wconf 89' lang='grc'><strong>1</strong></span> <span class='ocrx_word' id='word_1_58' title='bbox 1702 915 1820 982; x_wconf 79' lang='grc'><strong>150,</strong></span> 
     </span>
    </p>
   </div>
   <div class='ocr_carea' id='block_1_11' title="bbox 219 1022 534 1091">
    <p class='ocr_par' dir='ltr' id='par_1_11' title="bbox 219 1022 534 1091">
     <span class='ocr_line' id='line_1_11' title="bbox 219 1022 534 1091; baseline -0.01 -14"><span class='ocrx_word' id='word_1_59' title='bbox 219 1024 390 1078; x_wconf 76' lang='lat' dir='ltr'><strong>Mart.</strong></span> <span class='ocrx_word' id='word_1_60' title='bbox 424 1022 534 1091; x_wconf 78' lang='grc'><strong>1-1).</strong></span> 
     </span>
    </p>
   </div>
   <div class='ocr_carea' id='block_1_12' title="bbox 289 1100 1819 1176">
    <p class='ocr_par' dir='ltr' id='par_1_12' title="bbox 289 1100 1819 1176">
     <span class='ocr_line' id='line_1_12' title="bbox 289 1100 1819 1176; baseline -0.01 -6"><span class='ocrx_word' id='word_1_61' title='bbox 289 1115 383 1170; x_wconf 71' lang='lat'><strong>20.</strong></span> <span class='ocrx_word' id='word_1_62' title='bbox 430 1112 570 1168; x_wconf 85' lang='lat' dir='ltr'><strong>Iluie</strong></span> <span class='ocrx_word' id='word_1_63' title='bbox 600 1105 1071 1164; x_wconf 74' lang='lat' dir='ltr'><strong>BERNIIARDUS</strong></span> <span class='ocrx_word' id='word_1_64' title='bbox 1096 1105 1387 1176; x_wconf 86' lang='lat' dir='ltr'><strong>cpiscopus</strong></span> <span class='ocrx_word' id='word_1_65' title='bbox 1416 1100 1680 1157; x_wconf 86' lang='lat' dir='ltr'><strong>successit</strong></span> <span class='ocrx_word' id='word_1_66' title='bbox 1709 1100 1819 1171; x_wconf 84' lang='lat' dir='ltr'><strong>(an.</strong></span> 
     </span>
    </p>
   </div>
   <div class='ocr_carea' id='block_1_13' title="bbox 220 1192 1824 1273">
    <p class='ocr_par' dir='ltr' id='par_1_13' title="bbox 220 1192 1824 1273">
     <span class='ocr_line' id='line_1_13' title="bbox 220 1192 1824 1273; baseline -0.011 -11"><span class='ocrx_word' id='word_1_67' title='bbox 220 1206 383 1273; x_wconf 77' lang='grc'><strong>1150,</strong></span> <span class='ocrx_word' id='word_1_68' title='bbox 412 1207 552 1259; x_wconf 78' lang='lat' dir='ltr'><strong>iu‘cr</strong></span> <span class='ocrx_word' id='word_1_69' title='bbox 580 1202 721 1257; x_wconf 80' lang='lat' dir='ltr'><strong>Mar.</strong></span> <span class='ocrx_word' id='word_1_70' title='bbox 752 1201 823 1256; x_wconf 72' lang='lat'><strong>28</strong></span> <span class='ocrx_word' id='word_1_71' title='bbox 851 1209 901 1255; x_wconf 85' lang='lat' dir='ltr'><strong>et</strong></span> <span class='ocrx_word' id='word_1_72' title='bbox 922 1198 1051 1253; x_wconf 84' lang='lat' dir='ltr'><strong>Jun.</strong></span> <span class='ocrx_word' id='word_1_73' title='bbox 1090 1198 1198 1270; x_wconf 70' lang='grc'><strong>12).</strong></span> <span class='ocrx_word' id='word_1_74' title='bbox 1227 1196 1332 1263; x_wconf 85' lang='lat' dir='ltr'><strong>Qui</strong></span> <span class='ocrx_word' id='word_1_75' title='bbox 1360 1194 1599 1265; x_wconf 90' lang='lat' dir='ltr'><strong>primum</strong></span> <span class='ocrx_word' id='word_1_76' title='bbox 1648 1192 1824 1263; x_wconf 88' lang='lat' dir='ltr'><strong>magi-</strong></span> 
     </span>
    </p>
   </div>
   <div class='ocr_carea' id='block_1_14' title="bbox 217 1285 1823 1361">
    <p class='ocr_par' dir='ltr' id='par_1_14' title="bbox 217 1285 1823 1361">
     <span class='ocr_line' id='line_1_14' title="bbox 217 1285 1823 1361; baseline -0.011 -6"><span class='ocrx_word' id='word_1_77' title='bbox 217 1308 328 1355; x_wconf 86' lang='lat' dir='ltr'><strong>ster</strong></span> <span class='ocrx_word' id='word_1_78' title='bbox 363 1296 663 1361; x_wconf 89' lang='lat' dir='ltr'><strong>scolarum,</strong></span> <span class='ocrx_word' id='word_1_79' title='bbox 701 1292 896 1348; x_wconf 90' lang='lat' dir='ltr'><strong>deinde</strong></span> <span class='ocrx_word' id='word_1_80' title='bbox 926 1289 1152 1360; x_wconf 86' lang='lat' dir='ltr'><strong>majoris</strong></span> <span class='ocrx_word' id='word_1_81' title='bbox 1194 1286 1454 1343; x_wconf 64' lang='lat' dir='ltr'><strong>:eeclesim</strong></span> <span class='ocrx_word' id='word_1_82' title='bbox 1476 1285 1823 1355; x_wconf 70' lang='lat' dir='ltr'><strong>praepositus,</strong></span> 
     </span>
    </p>
   </div>
   <div class='ocr_carea' id='block_1_15' title="bbox 219 1377 1826 1464">
    <p class='ocr_par' dir='ltr' id='par_1_15' title="bbox 219 1377 1826 1464">
     <span class='ocr_line' id='line_1_15' title="bbox 219 1377 1826 1464; baseline -0.011 -16"><span class='ocrx_word' id='word_1_83' title='bbox 219 1393 336 1464; x_wconf 87' lang='lat' dir='ltr'><strong>pari</strong></span> <span class='ocrx_word' id='word_1_84' title='bbox 362 1389 638 1447; x_wconf 88' lang='lat' dir='ltr'><strong>desiderio</strong></span> <span class='ocrx_word' id='word_1_85' title='bbox 670 1387 801 1443; x_wconf 91' lang='lat' dir='ltr'><strong>cleri</strong></span> <span class='ocrx_word' id='word_1_86' title='bbox 828 1394 883 1441; x_wconf 90' lang='lat' dir='ltr'><strong>et</strong></span> <span class='ocrx_word' id='word_1_87' title='bbox 912 1382 1097 1455; x_wconf 89' lang='lat' dir='ltr'><strong>populi</strong></span> <span class='ocrx_word' id='word_1_88' title='bbox 1129 1398 1293 1453; x_wconf 84' lang='lat' dir='ltr'><strong>supra</strong></span> <span class='ocrx_word' id='word_1_89' title='bbox 1323 1379 1546 1433; x_wconf 82' lang='lat' dir='ltr'><strong>modum</strong></span> <span class='ocrx_word' id='word_1_90' title='bbox 1584 1377 1826 1432; x_wconf 85' lang='lat' dir='ltr'><strong>renitens</strong></span> 
     </span>
    </p>
   </div>
   <div class='ocr_carea' id='block_1_16' title="bbox 219 1470 1828 1555">
    <p class='ocr_par' dir='ltr' id='par_1_16' title="bbox 219 1470 1828 1555">
     <span class='ocr_line' id='line_1_16' title="bbox 219 1470 1828 1555; baseline -0.011 -15"><span class='ocrx_word' id='word_1_91' title='bbox 219 1486 275 1540; x_wconf 88' lang='lat' dir='ltr'><strong>in</strong></span> <span class='ocrx_word' id='word_1_92' title='bbox 298 1484 626 1555; x_wconf 82' lang='lat' dir='ltr'><strong>episcopum</strong></span> <span class='ocrx_word' id='word_1_93' title='bbox 654 1479 891 1551; x_wconf 85' lang='lat' dir='ltr'><strong>eligitur.</strong></span> <span class='ocrx_word' id='word_1_94' title='bbox 936 1476 1157 1531; x_wconf 86' lang='lat' dir='ltr'><strong>Electus</strong></span> <span class='ocrx_word' id='word_1_95' title='bbox 1188 1482 1370 1528; x_wconf 89' lang='lat' dir='ltr'><strong>autem</strong></span> <span class='ocrx_word' id='word_1_96' title='bbox 1403 1472 1547 1526; x_wconf 89' lang='lat' dir='ltr'><strong>sicut</strong></span> <span class='ocrx_word' id='word_1_97' title='bbox 1576 1470 1657 1525; x_wconf 90' lang='lat' dir='ltr'><strong>vir</strong></span> <span class='ocrx_word' id='word_1_98' title='bbox 1683 1470 1828 1524; x_wconf 88' lang='lat' dir='ltr'><strong>litte-</strong></span> 
     </span>
    </p>
   </div>
   <div class='ocr_carea' id='block_1_17' title="bbox 219 1565 1830 1640">
    <p class='ocr_par' dir='ltr' id='par_1_17' title="bbox 219 1565 1830 1640">
     <span class='ocr_line' id='line_1_17' title="bbox 219 1565 1830 1640; baseline -0.01 -6"><span class='ocrx_word' id='word_1_99' title='bbox 219 1586 407 1634; x_wconf 89' lang='lat' dir='ltr'><strong>ratura</strong></span> <span class='ocrx_word' id='word_1_100' title='bbox 435 1591 503 1631; x_wconf 90' lang='lat' dir='ltr'><strong>ac</strong></span> <span class='ocrx_word' id='word_1_101' title='bbox 529 1574 860 1630; x_wconf 85' lang='lat' dir='ltr'><strong>discretione</strong></span> <span class='ocrx_word' id='word_1_102' title='bbox 903 1570 1162 1640; x_wconf 88' lang='lat' dir='ltr'><strong>omnique</strong></span> <span class='ocrx_word' id='word_1_103' title='bbox 1186 1568 1454 1622; x_wconf 85' lang='lat' dir='ltr'><strong>virtutum</strong></span> <span class='ocrx_word' id='word_1_104' title='bbox 1476 1565 1673 1620; x_wconf 90' lang='lat' dir='ltr'><strong>decore</strong></span> <span class='ocrx_word' id='word_1_105' title='bbox 1701 1579 1830 1620; x_wconf 87' lang='lat' dir='ltr'><strong>con-</strong></span> 
     </span>
    </p>
   </div>
   <div class='ocr_carea' id='block_1_18' title="bbox 219 1667 1827 1740">
    <p class='ocr_par' dir='ltr' id='par_1_18' title="bbox 219 1667 1827 1740">
     <span class='ocr_line' id='line_1_18' title="bbox 219 1667 1827 1740; baseline -0.007 -15"><span class='ocrx_word' id='word_1_106' title='bbox 219 1670 472 1740; x_wconf 87' lang='lat' dir='ltr'><strong>spicuus,</strong></span> <span class='ocrx_word' id='word_1_107' title='bbox 500 1667 746 1737; x_wconf 80' lang='lat' dir='ltr'><strong>dispersa</strong></span> <span class='ocrx_word' id='word_1_108' title='bbox 771 1678 1125 1736; x_wconf 77' lang='lat' dir='ltr'><strong>congregare,</strong></span> <span class='ocrx_word' id='word_1_109' title='bbox 1155 1670 1209 1716; x_wconf 89' lang='lat' dir='ltr'><strong>et</strong></span> <span class='ocrx_word' id='word_1_110' title='bbox 1236 1667 1562 1731; x_wconf 86' lang='lat' dir='ltr'><strong>congregata</strong></span> <span class='ocrx_word' id='word_1_111' title='bbox 1604 1674 1827 1714; x_wconf 91' lang='lat' dir='ltr'><strong>conser-</strong></span> 
     </span>
    </p>
   </div>
   <div class='ocr_carea' id='block_1_19' title="bbox 217 1754 1824 1830">
    <p class='ocr_par' dir='ltr' id='par_1_19' title="bbox 217 1754 1824 1830">
     <span class='ocr_line' id='line_1_19' title="bbox 217 1754 1824 1830; baseline -0.009 -11"><span class='ocrx_word' id='word_1_112' title='bbox 217 1780 365 1830; x_wconf 80' lang='lat' dir='ltr'><strong>vare,</strong></span> <span class='ocrx_word' id='word_1_113' title='bbox 419 1771 481 1817; x_wconf 92' lang='lat' dir='ltr'><strong>et</strong></span> <span class='ocrx_word' id='word_1_114' title='bbox 527 1761 713 1817; x_wconf 89' lang='lat' dir='ltr'><strong>habita</strong></span> <span class='ocrx_word' id='word_1_115' title='bbox 758 1758 939 1814; x_wconf 89' lang='lat' dir='ltr'><strong>modis</strong></span> <span class='ocrx_word' id='word_1_116' title='bbox 985 1754 1423 1826; x_wconf 87' lang='lat' dir='ltr'><strong>competentibus</strong></span> <span class='ocrx_word' id='word_1_117' title='bbox 1470 1760 1824 1825; x_wconf 86' lang='lat' dir='ltr'><strong>augmentare</strong></span> 
     </span>
    </p>
   </div>
   <div class='ocr_carea' id='block_1_20' title="bbox 219 1842 1821 1921">
    <p class='ocr_par' dir='ltr' id='par_1_20' title="bbox 219 1842 1821 1921">
     <span class='ocr_line' id='line_1_20' title="bbox 219 1842 1821 1921; baseline -0.009 -9"><span class='ocrx_word' id='word_1_118' title='bbox 219 1856 453 1914; x_wconf 89' lang='lat' dir='ltr'><strong>curavit.</strong></span> <span class='ocrx_word' id='word_1_119' title='bbox 491 1852 779 1909; x_wconf 85' lang='lat' dir='ltr'><strong>Abbatiam</strong></span> <span class='ocrx_word' id='word_1_120' title='bbox 820 1849 1091 1921; x_wconf 82' lang='lat' dir='ltr'><strong>siquidem</strong></span> <span class='ocrx_word' id='word_1_121' title='bbox 1145 1847 1619 1920; x_wconf 83' lang='lat' dir='ltr'><strong>Ringelcmcnsem</strong></span> <span class='ocrx_word' id='word_1_122' title='bbox 1672 1842 1821 1917; x_wconf 66' lang='grc'><strong>(121)</strong></span> 
     </span>
    </p>
   </div>
   <div class='ocr_carea' id='block_1_21' title="bbox 218 1938 1825 2020">
    <p class='ocr_par' dir='ltr' id='par_1_21' title="bbox 218 1938 1825 2020">
     <span class='ocr_line' id='line_1_21' title="bbox 218 1938 1825 2020; baseline -0.007 -16"><span class='ocrx_word' id='word_1_123' title='bbox 218 1950 369 2020; x_wconf 88' lang='lat' dir='ltr'><strong>prius</strong></span> <span class='ocrx_word' id='word_1_124' title='bbox 392 1947 657 2019; x_wconf 83' lang='lat' dir='ltr'><strong>regalem,</strong></span> <span class='ocrx_word' id='word_1_125' title='bbox 682 1960 825 2000; x_wconf 92' lang='lat' dir='ltr'><strong>nunc</strong></span> <span class='ocrx_word' id='word_1_126' title='bbox 847 1959 977 1999; x_wconf 90' lang='lat' dir='ltr'><strong>vero</strong></span> <span class='ocrx_word' id='word_1_127' title='bbox 1008 1942 1397 2013; x_wconf 89' lang='lat' dir='ltr'><strong>episcopalem,</strong></span> <span class='ocrx_word' id='word_1_128' title='bbox 1423 1938 1677 1995; x_wconf 85' lang='lat' dir='ltr'><strong>Conrado</strong></span> <span class='ocrx_word' id='word_1_129' title='bbox 1699 1952 1825 2009; x_wconf 84' lang='lat' dir='ltr'><strong>rege</strong></span> 
     </span>
    </p>
   </div>
   <div class='ocr_carea' id='block_1_22' title="bbox 220 2030 1827 2110">
    <p class='ocr_par' dir='ltr' id='par_1_22' title="bbox 220 2030 1827 2110">
     <span class='ocr_line' id='line_1_22' title="bbox 220 2030 1827 2110; baseline -0.008 -14"><span class='ocrx_word' id='word_1_130' title='bbox 220 2056 502 2107; x_wconf 87' lang='lat' dir='ltr'><strong>consensu</strong></span> <span class='ocrx_word' id='word_1_131' title='bbox 540 2037 849 2110; x_wconf 88' lang='lat' dir='ltr'><strong>principum</strong></span> <span class='ocrx_word' id='word_1_132' title='bbox 882 2036 1140 2102; x_wconf 85' lang='lat' dir='ltr'><strong>donante,</strong></span> <span class='ocrx_word' id='word_1_133' title='bbox 1190 2034 1245 2088; x_wconf 92' lang='lat' dir='ltr'><strong>in</strong></span> <span class='ocrx_word' id='word_1_134' title='bbox 1285 2041 1608 2105; x_wconf 90' lang='lat' dir='ltr'><strong>perpetuum</strong></span> <span class='ocrx_word' id='word_1_135' title='bbox 1631 2030 1735 2085; x_wconf 91' lang='lat' dir='ltr'><strong>sibi</strong></span> <span class='ocrx_word' id='word_1_136' title='bbox 1772 2038 1827 2084; x_wconf 86' lang='lat' dir='ltr'><strong>et</strong></span> 
     </span>
    </p>
   </div>
   <div class='ocr_carea' id='block_1_23' title="bbox 225 2123 1828 2199">
    <p class='ocr_par' dir='ltr' id='par_1_23' title="bbox 225 2123 1828 2199">
     <span class='ocr_line' id='line_1_23' title="bbox 225 2123 1828 2199; baseline -0.006 -11"><span class='ocrx_word' id='word_1_137' title='bbox 225 2131 644 2189; x_wconf 89' lang='lat' dir='ltr'><strong>successoribus</strong></span> <span class='ocrx_word' id='word_1_138' title='bbox 686 2130 802 2185; x_wconf 90' lang='lat' dir='ltr'><strong>suis</strong></span> <span class='ocrx_word' id='word_1_139' title='bbox 846 2128 1082 2183; x_wconf 79' lang='lat' dir='ltr'><strong>obtinuit</strong></span> <span class='ocrx_word' id='word_1_140' title='bbox 1109 2127 1218 2199; x_wconf 86' lang='lat' dir='ltr'><strong>(an.</strong></span> <span class='ocrx_word' id='word_1_141' title='bbox 1266 2126 1424 2191; x_wconf 76' lang='grc'><strong>1151,</strong></span> <span class='ocrx_word' id='word_1_142' title='bbox 1455 2123 1594 2191; x_wconf 82' lang='lat' dir='ltr'><strong>Jul.,</strong></span> <span class='ocrx_word' id='word_1_143' title='bbox 1620 2124 1733 2195; x_wconf 78' lang='lat'><strong>&#39;50),</strong></span> <span class='ocrx_word' id='word_1_144' title='bbox 1763 2139 1828 2179; x_wconf 89' lang='lat' dir='ltr'><strong>ac</strong></span> 
     </span>
    </p>
   </div>
   <div class='ocr_carea' id='block_1_24' title="bbox 222 2203 1826 2297">
    <p class='ocr_par' dir='ltr' id='par_1_24' title="bbox 222 2203 1826 2297">
     <span class='ocr_line' id='line_1_24' title="bbox 222 2203 1826 2297; baseline -0.007 -16"><span class='ocrx_word' id='word_1_145' title='bbox 222 2203 645 2297; x_wconf 60' lang='lat' dir='ltr'><strong>priepcsituram</strong></span> <span class='ocrx_word' id='word_1_146' title='bbox 673 2224 729 2278; x_wconf 93' lang='lat' dir='ltr'><strong>in</strong></span> <span class='ocrx_word' id='word_1_147' title='bbox 758 2222 993 2293; x_wconf 81' lang='lat' dir='ltr'><strong>Alsburg</strong></span> <span class='ocrx_word' id='word_1_148' title='bbox 1020 2220 1192 2291; x_wconf 75' lang='grc'><strong>(125),</strong></span> <span class='ocrx_word' id='word_1_149' title='bbox 1220 2235 1345 2275; x_wconf 92' lang='lat' dir='ltr'><strong>cum</strong></span> <span class='ocrx_word' id='word_1_150' title='bbox 1368 2227 1492 2272; x_wconf 88' lang='lat' dir='ltr'><strong>ante</strong></span> <span class='ocrx_word' id='word_1_151' title='bbox 1518 2232 1629 2271; x_wconf 87' lang='lat' dir='ltr'><strong>non</strong></span> <span class='ocrx_word' id='word_1_152' title='bbox 1656 2224 1826 2271; x_wconf 89' lang='lat' dir='ltr'><strong>totam</strong></span> 
     </span>
    </p>
   </div>
   <div class='ocr_carea' id='block_1_25' title="bbox 225 2308 1826 2389">
    <p class='ocr_par' dir='ltr' id='par_1_25' title="bbox 225 2308 1826 2389">
     <span class='ocr_line' id='line_1_25' title="bbox 225 2308 1826 2389; baseline -0.007 -14"><span class='ocrx_word' id='word_1_153' title='bbox 225 2319 552 2389; x_wconf 86' lang='lat' dir='ltr'><strong>possideret,</strong></span> <span class='ocrx_word' id='word_1_154' title='bbox 584 2314 842 2371; x_wconf 84' lang='lat' dir='ltr'><strong>Ileinrieo</strong></span> <span class='ocrx_word' id='word_1_155' title='bbox 902 2314 1040 2369; x_wconf 90' lang='lat' dir='ltr'><strong>duce</strong></span> <span class='ocrx_word' id='word_1_156' title='bbox 1068 2320 1278 2384; x_wconf 89' lang='lat' dir='ltr'><strong>partem</strong></span> <span class='ocrx_word' id='word_1_157' title='bbox 1307 2326 1464 2366; x_wconf 90' lang='lat' dir='ltr'><strong>suam</strong></span> <span class='ocrx_word' id='word_1_158' title='bbox 1491 2308 1826 2377; x_wconf 86' lang='lat' dir='ltr'><strong>conferente,</strong></span> 
     </span>
    </p>
   </div>
   <div class='ocr_carea' id='block_1_26' title="bbox 228 2405 1829 2486">
    <p class='ocr_par' dir='ltr' id='par_1_26' title="bbox 228 2405 1829 2486">
     <span class='ocr_line' id='line_1_26' title="bbox 228 2405 1829 2486; baseline -0.008 -17"><span class='ocrx_word' id='word_1_159' title='bbox 228 2410 572 2486; x_wconf 81' lang='lat' dir='ltr'><strong>intcgraliter</strong></span> <span class='ocrx_word' id='word_1_160' title='bbox 594 2408 756 2466; x_wconf 89' lang='lat' dir='ltr'><strong>bonis</strong></span> <span class='ocrx_word' id='word_1_161' title='bbox 778 2405 1158 2478; x_wconf 89' lang='lat' dir='ltr'><strong>proprietariis</strong></span> <span class='ocrx_word' id='word_1_162' title='bbox 1185 2405 1447 2460; x_wconf 71' lang='lat' dir='ltr'><strong>mcelcsiae</strong></span> <span class='ocrx_word' id='word_1_163' title='bbox 1487 2412 1691 2458; x_wconf 80' lang='lat' dir='ltr'><strong>nostra:</strong></span> <span class='ocrx_word' id='word_1_164' title='bbox 1736 2417 1829 2457; x_wconf 88' lang='lat' dir='ltr'><strong>co-</strong></span> 
     </span>
    </p>
   </div>
   <div class='ocr_carea' id='block_1_27' title="bbox 231 2493 1831 2569">
    <p class='ocr_par' dir='ltr' id='par_1_27' title="bbox 231 2493 1831 2569">
     <span class='ocr_line' id='line_1_27' title="bbox 231 2493 1831 2569; baseline -0.006 -12"><span class='ocrx_word' id='word_1_165' title='bbox 231 2501 513 2557; x_wconf 85' lang='lat' dir='ltr'><strong>adunavit.</strong></span> <span class='ocrx_word' id='word_1_166' title='bbox 540 2498 600 2554; x_wconf 92' lang='lat' dir='ltr'><strong>In</strong></span> <span class='ocrx_word' id='word_1_167' title='bbox 616 2499 827 2555; x_wconf 91' lang='lat' dir='ltr'><strong>honore</strong></span> <span class='ocrx_word' id='word_1_168' title='bbox 850 2513 1068 2569; x_wconf 88' lang='lat' dir='ltr'><strong>quoque</strong></span> <span class='ocrx_word' id='word_1_169' title='bbox 1095 2496 1239 2552; x_wconf 90' lang='lat' dir='ltr'><strong>beati</strong></span> <span class='ocrx_word' id='word_1_170' title='bbox 1258 2494 1565 2551; x_wconf 86' lang='lat' dir='ltr'><strong>Codehardi</strong></span> <span class='ocrx_word' id='word_1_171' title='bbox 1586 2493 1831 2566; x_wconf 86' lang='lat' dir='ltr'><strong>episcopi</strong></span> 
     </span>
    </p>
   </div>
   <div class='ocr_carea' id='block_1_28' title="bbox 228 2588 1830 2660">
    <p class='ocr_par' dir='ltr' id='par_1_28' title="bbox 228 2588 1830 2660">
     <span class='ocr_line' id='line_1_28' title="bbox 228 2588 1830 2660; baseline -0.007 -7"><span class='ocrx_word' id='word_1_172' title='bbox 228 2596 402 2653; x_wconf 86' lang='lat' dir='ltr'><strong>nostri</strong></span> <span class='ocrx_word' id='word_1_173' title='bbox 429 2604 485 2653; x_wconf 90' lang='lat' dir='ltr'><strong>et</strong></span> <span class='ocrx_word' id='word_1_174' title='bbox 516 2592 872 2660; x_wconf 84' lang='lat' dir='ltr'><strong>confessoris,</strong></span> <span class='ocrx_word' id='word_1_175' title='bbox 902 2607 1029 2648; x_wconf 90' lang='lat' dir='ltr'><strong>vere</strong></span> <span class='ocrx_word' id='word_1_176' title='bbox 1060 2599 1377 2647; x_wconf 89' lang='lat' dir='ltr'><strong>sanctorum</strong></span> <span class='ocrx_word' id='word_1_177' title='bbox 1421 2589 1670 2658; x_wconf 81' lang='lat' dir='ltr'><strong>catalogo</strong></span> <span class='ocrx_word' id='word_1_178' title='bbox 1713 2588 1830 2643; x_wconf 79' lang='lat' dir='ltr'><strong>fieri</strong></span> 
     </span>
    </p>
   </div>
   <div class='ocr_carea' id='block_1_29' title="bbox 227 2683 1831 2756">
    <p class='ocr_par' dir='ltr' id='par_1_29' title="bbox 227 2683 1831 2756">
     <span class='ocr_line' id='line_1_29' title="bbox 227 2683 1831 2756; baseline -0.004 -13"><span class='ocrx_word' id='word_1_179' title='bbox 227 2686 679 2745; x_wconf 80' lang='lat' dir='ltr'><strong>inconvenientcr</strong></span> <span class='ocrx_word' id='word_1_180' title='bbox 726 2684 1002 2756; x_wconf 86' lang='lat' dir='ltr'><strong>asscripti,</strong></span> <span class='ocrx_word' id='word_1_181' title='bbox 1045 2683 1204 2753; x_wconf 85' lang='lat' dir='ltr'><strong>cujus</strong></span> <span class='ocrx_word' id='word_1_182' title='bbox 1256 2683 1370 2753; x_wconf 88' lang='lat' dir='ltr'><strong>ipse</strong></span> <span class='ocrx_word' id='word_1_183' title='bbox 1419 2683 1831 2738; x_wconf 74' lang='lat' dir='ltr'><strong>translationem</strong></span> 
     </span>
    </p>
   </div>
   <div class='ocr_carea' id='block_1_30' title="bbox 224 2774 1832 2847">
    <p class='ocr_par' dir='ltr' id='par_1_30' title="bbox 224 2774 1832 2847">
     <span class='ocr_line' id='line_1_30' title="bbox 224 2774 1832 2847; baseline -0.004 -11"><span class='ocrx_word' id='word_1_184' title='bbox 224 2781 559 2837; x_wconf 84' lang='lat' dir='ltr'><strong>auctoritate</strong></span> <span class='ocrx_word' id='word_1_185' title='bbox 599 2776 899 2834; x_wconf 89' lang='lat' dir='ltr'><strong>Innocentii</strong></span> <span class='ocrx_word' id='word_1_186' title='bbox 928 2792 1081 2847; x_wconf 66' lang='lat' dir='ltr'><strong>papae</strong></span> <span class='ocrx_word' id='word_1_187' title='bbox 1102 2784 1157 2831; x_wconf 90' lang='lat' dir='ltr'><strong>et</strong></span> <span class='ocrx_word' id='word_1_188' title='bbox 1183 2775 1490 2830; x_wconf 82' lang='lat' dir='ltr'><strong>coniventia</strong></span> <span class='ocrx_word' id='word_1_189' title='bbox 1544 2774 1832 2829; x_wconf 79' lang='lat' dir='ltr'><strong>Remensis</strong></span> 
     </span>
    </p>
   </div>
   <div class='ocr_carea' id='block_1_31' title="bbox 232 2865 1833 2940">
    <p class='ocr_par' dir='ltr' id='par_1_31' title="bbox 232 2865 1833 2940">
     <span class='ocr_line' id='line_1_31' title="bbox 232 2865 1833 2940; baseline -0.006 -12"><span class='ocrx_word' id='word_1_190' title='bbox 232 2872 444 2928; x_wconf 90' lang='lat' dir='ltr'><strong>concilii</strong></span> <span class='ocrx_word' id='word_1_191' title='bbox 475 2869 853 2940; x_wconf 87' lang='lat' dir='ltr'><strong>sollempniter</strong></span> <span class='ocrx_word' id='word_1_192' title='bbox 876 2867 1179 2923; x_wconf 89' lang='lat' dir='ltr'><strong>celebrarat</strong></span> <span class='ocrx_word' id='word_1_193' title='bbox 1226 2866 1338 2939; x_wconf 82' lang='lat' dir='ltr'><strong>(an.</strong></span> <span class='ocrx_word' id='word_1_194' title='bbox 1390 2865 1583 2937; x_wconf 73' lang='lat'><strong>“52),</strong></span> <span class='ocrx_word' id='word_1_195' title='bbox 1637 2881 1833 2919; x_wconf 75' lang='lat' dir='ltr'><strong>mona-</strong></span> 
     </span>
    </p>
   </div>
   <div class='ocr_carea' id='block_1_32' title="bbox 229 2958 1834 3031">
    <p class='ocr_par' dir='ltr' id='par_1_32' title="bbox 229 2958 1834 3031">
     <span class='ocr_line' id='line_1_32' title="bbox 229 2958 1834 3031; baseline -0.004 -11"><span class='ocrx_word' id='word_1_196' title='bbox 229 2964 454 3021; x_wconf 83' lang='lat' dir='ltr'><strong>sterium</strong></span> <span class='ocrx_word' id='word_1_197' title='bbox 486 2963 545 3017; x_wconf 91' lang='lat' dir='ltr'><strong>in</strong></span> <span class='ocrx_word' id='word_1_198' title='bbox 580 2961 806 3017; x_wconf 86' lang='lat' dir='ltr'><strong>australi</strong></span> <span class='ocrx_word' id='word_1_199' title='bbox 838 2969 990 3031; x_wconf 90' lang='lat' dir='ltr'><strong>parte</strong></span> <span class='ocrx_word' id='word_1_200' title='bbox 1012 2967 1214 3015; x_wconf 76' lang='lat' dir='ltr'><strong>nostra:</strong></span> <span class='ocrx_word' id='word_1_201' title='bbox 1239 2958 1473 3014; x_wconf 80' lang='lat' dir='ltr'><strong>civitatis</strong></span> <span class='ocrx_word' id='word_1_202' title='bbox 1507 2966 1834 3013; x_wconf 86' lang='lat' dir='ltr'><strong>construens</strong></span> 
     </span>
    </p>
   </div>
   <div class='ocr_carea' id='block_1_33' title="bbox 231 3047 1903 3135">
    <p class='ocr_par' dir='ltr' id='par_1_33' title="bbox 231 3047 1903 3135">
     <span class='ocr_line' id='line_1_33' title="bbox 231 3047 1903 3135; baseline -0.005 -26"><span class='ocrx_word' id='word_1_203' title='bbox 231 3052 503 3110; x_wconf 79' lang='lat' dir='ltr'><strong>dedicavit</strong></span> <span class='ocrx_word' id='word_1_204' title='bbox 542 3062 596 3109; x_wconf 85' lang='lat' dir='ltr'><strong>et</strong></span> <span class='ocrx_word' id='word_1_205' title='bbox 615 3051 840 3117; x_wconf 84' lang='lat' dir='ltr'><strong>dolavit,</strong></span> <span class='ocrx_word' id='word_1_206' title='bbox 868 3066 933 3105; x_wconf 90' lang='lat' dir='ltr'><strong>ac</strong></span> <span class='ocrx_word' id='word_1_207' title='bbox 963 3048 1162 3104; x_wconf 86' lang='lat' dir='ltr'><strong>fratres</strong></span> <span class='ocrx_word' id='word_1_208' title='bbox 1190 3049 1508 3103; x_wconf 66' lang='lat' dir='ltr'><strong>monasticae</strong></span> <span class='ocrx_word' id='word_1_209' title='bbox 1534 3047 1833 3118; x_wconf 87' lang='lat' dir='ltr'><strong>professio—</strong></span> <span class='ocrx_word' id='word_1_210' title='bbox 1862 3079 1903 3135; x_wconf 65' lang='grc' dir='ltr'>Ο</span> 
     </span>
    </p>
   </div>
   <div class='ocr_carea' id='block_1_34' title="bbox 231 3140 1830 3209">
    <p class='ocr_par' dir='ltr' id='par_1_34' title="bbox 231 3140 1830 3209">
     <span class='ocr_line' id='line_1_34' title="bbox 231 3140 1830 3209; baseline -0.003 -10"><span class='ocrx_word' id='word_1_211' title='bbox 231 3144 317 3201; x_wconf 89' lang='lat' dir='ltr'><strong>nis</strong></span> <span class='ocrx_word' id='word_1_212' title='bbox 339 3145 473 3201; x_wconf 92' lang='lat' dir='ltr'><strong>inibi</strong></span> <span class='ocrx_word' id='word_1_213' title='bbox 508 3143 621 3200; x_wconf 85' lang='lat' dir='ltr'><strong>Deo</strong></span> <span class='ocrx_word' id='word_1_214' title='bbox 645 3144 942 3199; x_wconf 76' lang='lat' dir='ltr'><strong>servituros</strong></span> <span class='ocrx_word' id='word_1_215' title='bbox 968 3141 1270 3209; x_wconf 89' lang='lat' dir='ltr'><strong>constituit,</strong></span> <span class='ocrx_word' id='word_1_216' title='bbox 1313 3150 1367 3196; x_wconf 92' lang='lat' dir='ltr'><strong>et</strong></span> <span class='ocrx_word' id='word_1_217' title='bbox 1392 3140 1473 3197; x_wconf 89' lang='lat' dir='ltr'><strong>eis</strong></span> <span class='ocrx_word' id='word_1_218' title='bbox 1496 3140 1830 3195; x_wconf 88' lang='lat' dir='ltr'><strong>Fridericum</strong></span> 
     </span>
    </p>
   </div>
   <div class='ocr_carea' id='block_1_35' title="bbox 232 3230 1834 3306">
    <p class='ocr_par' dir='ltr' id='par_1_35' title="bbox 232 3230 1834 3306">
     <span class='ocr_line' id='line_1_35' title="bbox 232 3230 1834 3306; baseline -0.003 -16"><span class='ocrx_word' id='word_1_219' title='bbox 232 3236 466 3306; x_wconf 89' lang='lat' dir='ltr'><strong>primum</strong></span> <span class='ocrx_word' id='word_1_220' title='bbox 496 3236 751 3292; x_wconf 85' lang='lat' dir='ltr'><strong>abbatem</strong></span> <span class='ocrx_word' id='word_1_221' title='bbox 785 3232 1028 3305; x_wconf 72' lang='lat' dir='ltr'><strong>prmfeeit</strong></span> <span class='ocrx_word' id='word_1_222' title='bbox 1063 3233 1174 3305; x_wconf 85' lang='lat' dir='ltr'><strong>(an.</strong></span> <span class='ocrx_word' id='word_1_223' title='bbox 1206 3231 1387 3303; x_wconf 79' lang='grc'><strong>1146).</strong></span> <span class='ocrx_word' id='word_1_224' title='bbox 1432 3230 1550 3302; x_wconf 90' lang='lat' dir='ltr'><strong>Ipse</strong></span> <span class='ocrx_word' id='word_1_225' title='bbox 1601 3230 1834 3286; x_wconf 88' lang='lat' dir='ltr'><strong>fratrum</strong></span> 
     </span>
    </p>
   </div>
   <div class='ocr_carea' id='block_1_36' title="bbox 233 3324 1833 3401">
    <p class='ocr_par' dir='ltr' id='par_1_36' title="bbox 233 3324 1833 3401">
     <span class='ocr_line' id='line_1_36' title="bbox 233 3324 1833 3401; baseline -0.001 -19"><span class='ocrx_word' id='word_1_226' title='bbox 233 3329 451 3386; x_wconf 80' lang='lat' dir='ltr'><strong>utilitati</strong></span> <span class='ocrx_word' id='word_1_227' title='bbox 512 3330 601 3401; x_wconf 87' lang='lat' dir='ltr'><strong>pie</strong></span> <span class='ocrx_word' id='word_1_228' title='bbox 658 3327 1020 3400; x_wconf 83' lang='lat' dir='ltr'><strong>prospiciens,</strong></span> <span class='ocrx_word' id='word_1_229' title='bbox 1075 3335 1290 3398; x_wconf 90' lang='lat' dir='ltr'><strong>partem</strong></span> <span class='ocrx_word' id='word_1_230' title='bbox 1347 3324 1537 3396; x_wconf 66' lang='lat' dir='ltr'><strong>praadii</strong></span> <span class='ocrx_word' id='word_1_231' title='bbox 1584 3324 1731 3397; x_wconf 90' lang='lat' dir='ltr'><strong>quod</strong></span> <span class='ocrx_word' id='word_1_232' title='bbox 1776 3324 1833 3380; x_wconf 93' lang='lat' dir='ltr'><strong>in</strong></span> 
     </span>
    </p>
   </div>
   <div class='ocr_carea' id='block_1_37' title="bbox 236 3418 1835 3495">
    <p class='ocr_par' dir='ltr' id='par_1_37' title="bbox 236 3418 1835 3495">
     <span class='ocr_line' id='line_1_37' title="bbox 236 3418 1835 3495; baseline -0.004 -17"><span class='ocrx_word' id='word_1_233' title='bbox 236 3421 601 3481; x_wconf 68' lang='lat' dir='ltr'><strong>Walashusen</strong></span> <span class='ocrx_word' id='word_1_234' title='bbox 630 3421 777 3495; x_wconf 71' lang='lat'><strong>(126)</strong></span> <span class='ocrx_word' id='word_1_235' title='bbox 818 3420 1072 3488; x_wconf 82' lang='lat' dir='ltr'><strong>habebat,</strong></span> <span class='ocrx_word' id='word_1_236' title='bbox 1118 3420 1173 3475; x_wconf 92' lang='lat' dir='ltr'><strong>in</strong></span> <span class='ocrx_word' id='word_1_237' title='bbox 1209 3429 1561 3492; x_wconf 81' lang='lat' dir='ltr'><strong>augmentum</strong></span> <span class='ocrx_word' id='word_1_238' title='bbox 1588 3418 1835 3490; x_wconf 71' lang='lat' dir='ltr'><strong>praeben--</strong></span> 
     </span>
    </p>
   </div>
   <div class='ocr_carea' id='block_1_38' title="bbox 235 3512 1835 3586">
    <p class='ocr_par' dir='ltr' id='par_1_38' title="bbox 235 3512 1835 3586">
     <span class='ocr_line' id='line_1_38' title="bbox 235 3512 1835 3586; baseline -0.004 -13"><span class='ocrx_word' id='word_1_239' title='bbox 235 3517 429 3575; x_wconf 88' lang='lat' dir='ltr'><strong>darum</strong></span> <span class='ocrx_word' id='word_1_240' title='bbox 458 3519 712 3576; x_wconf 85' lang='lat' dir='ltr'><strong>contulit.</strong></span> <span class='ocrx_word' id='word_1_241' title='bbox 745 3516 954 3572; x_wconf 75' lang='lat' dir='ltr'><strong>Przedia</strong></span> <span class='ocrx_word' id='word_1_242' title='bbox 981 3530 1111 3571; x_wconf 90' lang='lat' dir='ltr'><strong>vero</strong></span> <span class='ocrx_word' id='word_1_243' title='bbox 1136 3530 1259 3586; x_wconf 71' lang='lat' dir='ltr'><strong>qure</strong></span> <span class='ocrx_word' id='word_1_244' title='bbox 1284 3512 1625 3571; x_wconf 88' lang='lat' dir='ltr'><strong>venerabiles</strong></span> <span class='ocrx_word' id='word_1_245' title='bbox 1664 3513 1835 3568; x_wconf 89' lang='lat' dir='ltr'><strong>abba-</strong></span> 
     </span>
    </p>
   </div>
   <div class='ocr_carea' id='block_1_39' title="bbox 238 3606 1835 3673">
    <p class='ocr_par' dir='ltr' id='par_1_39' title="bbox 238 3606 1835 3673">
     <span class='ocr_line' id='line_1_39' title="bbox 238 3606 1835 3673; baseline -0.003 -6"><span class='ocrx_word' id='word_1_246' title='bbox 238 3611 382 3669; x_wconf 67' lang='lat' dir='ltr'><strong>tissa:</strong></span> <span class='ocrx_word' id='word_1_247' title='bbox 404 3611 718 3669; x_wconf 86' lang='lat' dir='ltr'><strong>Adelheidis</strong></span> <span class='ocrx_word' id='word_1_248' title='bbox 746 3619 801 3665; x_wconf 92' lang='lat' dir='ltr'><strong>et</strong></span> <span class='ocrx_word' id='word_1_249' title='bbox 846 3608 1000 3665; x_wconf 80' lang='lat' dir='ltr'><strong>Elika</strong></span> <span class='ocrx_word' id='word_1_250' title='bbox 1019 3608 1278 3665; x_wconf 68' lang='lat' dir='ltr'><strong>aacclesire</strong></span> <span class='ocrx_word' id='word_1_251' title='bbox 1324 3607 1685 3673; x_wconf 88' lang='lat' dir='ltr'><strong>contulerant,</strong></span> <span class='ocrx_word' id='word_1_252' title='bbox 1732 3606 1835 3662; x_wconf 86' lang='lat' dir='ltr'><strong>hac</strong></span> 
     </span>
    </p>
   </div>
   <div class='ocr_carea' id='block_1_40' title="bbox 241 3698 1833 3772">
    <p class='ocr_par' dir='ltr' id='par_1_40' title="bbox 241 3698 1833 3772">
     <span class='ocr_line' id='line_1_40' title="bbox 241 3698 1833 3772; baseline -0.003 -13"><span class='ocrx_word' id='word_1_253' title='bbox 241 3705 615 3761; x_wconf 86' lang='lat' dir='ltr'><strong>moderatione</strong></span> <span class='ocrx_word' id='word_1_254' title='bbox 646 3702 907 3758; x_wconf 85' lang='lat' dir='ltr'><strong>fratribus</strong></span> <span class='ocrx_word' id='word_1_255' title='bbox 932 3700 1248 3772; x_wconf 86' lang='lat' dir='ltr'><strong>impertivit,</strong></span> <span class='ocrx_word' id='word_1_256' title='bbox 1274 3707 1332 3754; x_wconf 91' lang='lat' dir='ltr'><strong>ut</strong></span> <span class='ocrx_word' id='word_1_257' title='bbox 1353 3708 1536 3755; x_wconf 90' lang='lat' dir='ltr'><strong>curtcs</strong></span> <span class='ocrx_word' id='word_1_258' title='bbox 1561 3706 1616 3754; x_wconf 91' lang='lat' dir='ltr'><strong>et</strong></span> <span class='ocrx_word' id='word_1_259' title='bbox 1638 3698 1833 3754; x_wconf 78' lang='lat' dir='ltr'><strong>litoncs</strong></span> 
     </span>
    </p>
   </div>
   <div class='ocr_carea' id='block_1_41' title="bbox 239 3788 1837 3865">
    <p class='ocr_par' dir='ltr' id='par_1_41' title="bbox 239 3788 1837 3865">
     <span class='ocr_line' id='line_1_41' title="bbox 239 3788 1837 3865; baseline -0.003 -16"><span class='ocrx_word' id='word_1_260' title='bbox 239 3796 363 3852; x_wconf 87' lang='lat' dir='ltr'><strong>usui</strong></span> <span class='ocrx_word' id='word_1_261' title='bbox 416 3794 652 3851; x_wconf 85' lang='lat' dir='ltr'><strong>fratrum</strong></span> <span class='ocrx_word' id='word_1_262' title='bbox 706 3793 999 3859; x_wconf 89' lang='lat' dir='ltr'><strong>cederent,</strong></span> <span class='ocrx_word' id='word_1_263' title='bbox 1050 3790 1435 3847; x_wconf 87' lang='lat' dir='ltr'><strong>ministeriales</strong></span> <span class='ocrx_word' id='word_1_264' title='bbox 1483 3803 1614 3844; x_wconf 86' lang='lat' dir='ltr'><strong>vero</strong></span> <span class='ocrx_word' id='word_1_265' title='bbox 1668 3788 1837 3865; x_wconf 77' lang='lat' dir='ltr'><strong>curia:</strong></span> 
     </span>
    </p>
   </div>
   <div class='ocr_carea' id='block_1_42' title="bbox 240 3879 1838 3956">
    <p class='ocr_par' dir='ltr' id='par_1_42' title="bbox 240 3879 1838 3956">
     <span class='ocr_line' id='line_1_42' title="bbox 240 3879 1838 3956; baseline -0.002 -18"><span class='ocrx_word' id='word_1_266' title='bbox 240 3882 534 3956; x_wconf 88' lang='lat' dir='ltr'><strong>episcopali</strong></span> <span class='ocrx_word' id='word_1_267' title='bbox 559 3884 852 3940; x_wconf 88' lang='lat' dir='ltr'><strong>curialium</strong></span> <span class='ocrx_word' id='word_1_268' title='bbox 884 3897 1038 3938; x_wconf 85' lang='lat' dir='ltr'><strong>more</strong></span> <span class='ocrx_word' id='word_1_269' title='bbox 1058 3880 1421 3949; x_wconf 88' lang='lat' dir='ltr'><strong>deservirent,</strong></span> <span class='ocrx_word' id='word_1_270' title='bbox 1456 3879 1537 3936; x_wconf 88' lang='lat' dir='ltr'><strong>sic</strong></span> <span class='ocrx_word' id='word_1_271' title='bbox 1565 3887 1749 3934; x_wconf 90' lang='lat' dir='ltr'><strong>tamen</strong></span> <span class='ocrx_word' id='word_1_272' title='bbox 1776 3886 1838 3935; x_wconf 92' lang='lat' dir='ltr'><strong>ut</strong></span> 
     </span>
    </p>
   </div>
   <div class='ocr_carea' id='block_1_43' title="bbox 243 3971 1836 4046">
    <p class='ocr_par' dir='ltr' id='par_1_43' title="bbox 243 3971 1836 4046">
     <span class='ocr_line' id='line_1_43' title="bbox 243 3971 1836 4046; baseline -0.003 -15"><span class='ocrx_word' id='word_1_273' title='bbox 243 3976 679 4033; x_wconf 86' lang='lat' dir='ltr'><strong>ministerialium</strong></span> <span class='ocrx_word' id='word_1_274' title='bbox 707 3976 914 4046; x_wconf 86' lang='lat' dir='ltr'><strong>absque</strong></span> <span class='ocrx_word' id='word_1_275' title='bbox 937 3973 1135 4031; x_wconf 85' lang='lat' dir='ltr'><strong>herede</strong></span> <span class='ocrx_word' id='word_1_276' title='bbox 1156 3972 1531 4030; x_wconf 79' lang='lat' dir='ltr'><strong>decedentium</strong></span> <span class='ocrx_word' id='word_1_277' title='bbox 1567 3971 1711 4027; x_wconf 82' lang='lat' dir='ltr'><strong>bona</strong></span> <span class='ocrx_word' id='word_1_278' title='bbox 1739 3985 1836 4027; x_wconf 90' lang='lat' dir='ltr'><strong>seu</strong></span> 
     </span>
    </p>
   </div>
   <div class='ocr_carea' id='block_1_44' title="bbox 246 4062 1839 4138">
    <p class='ocr_par' dir='ltr' id='par_1_44' title="bbox 246 4062 1839 4138">
     <span class='ocr_line' id='line_1_44' title="bbox 246 4062 1839 4138; baseline 0 -16"><span class='ocrx_word' id='word_1_279' title='bbox 246 4068 503 4125; x_wconf 82' lang='lat' dir='ltr'><strong>beneficia</strong></span> <span class='ocrx_word' id='word_1_280' title='bbox 541 4068 773 4125; x_wconf 88' lang='lat' dir='ltr'><strong>fratrum</strong></span> <span class='ocrx_word' id='word_1_281' title='bbox 821 4067 983 4124; x_wconf 87' lang='lat' dir='ltr'><strong>bonis</strong></span> <span class='ocrx_word' id='word_1_282' title='bbox 1032 4082 1248 4138; x_wconf 89' lang='lat' dir='ltr'><strong>semper</strong></span> <span class='ocrx_word' id='word_1_283' title='bbox 1282 4067 1561 4123; x_wconf 89' lang='lat' dir='ltr'><strong>accedant.</strong></span> <span class='ocrx_word' id='word_1_284' title='bbox 1595 4062 1707 4122; x_wconf 86' lang='lat' dir='ltr'><strong>Nec</strong></span> <span class='ocrx_word' id='word_1_285' title='bbox 1732 4066 1839 4122; x_wconf 88' lang='lat' dir='ltr'><strong>hoc</strong></span> 
     </span>
    </p>
   </div>
   <div class='ocr_carea' id='block_1_45' title="bbox 246 4156 1836 4234">
    <p class='ocr_par' dir='ltr' id='par_1_45' title="bbox 246 4156 1836 4234">
     <span class='ocr_line' id='line_1_45' title="bbox 246 4156 1836 4234; baseline -0.003 -18"><span class='ocrx_word' id='word_1_286' title='bbox 246 4161 462 4217; x_wconf 87' lang='lat' dir='ltr'><strong>silentio</strong></span> <span class='ocrx_word' id='word_1_287' title='bbox 494 4161 932 4234; x_wconf 77' lang='lat' dir='ltr'><strong>praetereundum</strong></span> <span class='ocrx_word' id='word_1_288' title='bbox 964 4167 1068 4227; x_wconf 88' lang='lat' dir='ltr'><strong>est,</strong></span> <span class='ocrx_word' id='word_1_289' title='bbox 1096 4159 1243 4230; x_wconf 90' lang='lat' dir='ltr'><strong>quod</strong></span> <span class='ocrx_word' id='word_1_290' title='bbox 1267 4167 1478 4214; x_wconf 88' lang='lat' dir='ltr'><strong>curtcm</strong></span> <span class='ocrx_word' id='word_1_291' title='bbox 1506 4167 1754 4213; x_wconf 89' lang='lat' dir='ltr'><strong>nostram</strong></span> <span class='ocrx_word' id='word_1_292' title='bbox 1781 4156 1836 4211; x_wconf 92' lang='lat' dir='ltr'><strong>in</strong></span> 
     </span>
    </p>
   </div>
   <div class='ocr_carea' id='block_1_46' title="bbox 248 4249 1840 4326">
    <p class='ocr_par' dir='ltr' id='par_1_46' title="bbox 248 4249 1840 4326">
     <span class='ocr_line' id='line_1_46' title="bbox 248 4249 1840 4326; baseline -0.001 -22"><span class='ocrx_word' id='word_1_293' title='bbox 248 4249 533 4323; x_wconf 78' lang='lat' dir='ltr'><strong>Embreke,</strong></span> <span class='ocrx_word' id='word_1_294' title='bbox 585 4269 693 4326; x_wconf 92' lang='lat' dir='ltr'><strong>qua</strong></span> <span class='ocrx_word' id='word_1_295' title='bbox 735 4254 899 4325; x_wconf 85' lang='lat' dir='ltr'><strong>longo</strong></span> <span class='ocrx_word' id='word_1_296' title='bbox 928 4251 1211 4308; x_wconf 88' lang='lat' dir='ltr'><strong>caruimus</strong></span> <span class='ocrx_word' id='word_1_297' title='bbox 1263 4261 1524 4321; x_wconf 87' lang='lat' dir='ltr'><strong>tempore,</strong></span> <span class='ocrx_word' id='word_1_298' title='bbox 1571 4249 1840 4320; x_wconf 89' lang='lat' dir='ltr'><strong>sagaciter</strong></span> 
     </span>
    </p>
   </div>
   <div class='ocr_carea' id='block_1_47' title="bbox 249 4339 1840 4412">
    <p class='ocr_par' dir='ltr' id='par_1_47' title="bbox 249 4339 1840 4412">
     <span class='ocr_line' id='line_1_47' title="bbox 249 4339 1840 4412; baseline 0 -19"><span class='ocrx_word' id='word_1_299' title='bbox 249 4343 532 4412; x_wconf 78' lang='lat' dir='ltr'><strong>requisivit</strong></span> <span class='ocrx_word' id='word_1_300' title='bbox 554 4352 609 4399; x_wconf 94' lang='lat' dir='ltr'><strong>et</strong></span> <span class='ocrx_word' id='word_1_301' title='bbox 636 4343 899 4398; x_wconf 88' lang='lat' dir='ltr'><strong>fratribus</strong></span> <span class='ocrx_word' id='word_1_302' title='bbox 926 4341 1181 4409; x_wconf 87' lang='lat' dir='ltr'><strong>reddidit,</strong></span> <span class='ocrx_word' id='word_1_303' title='bbox 1210 4347 1265 4395; x_wconf 91' lang='lat' dir='ltr'><strong>et</strong></span> <span class='ocrx_word' id='word_1_304' title='bbox 1304 4339 1696 4411; x_wconf 86' lang='lat' dir='ltr'><strong>indequatuor</strong></span> <span class='ocrx_word' id='word_1_305' title='bbox 1723 4352 1840 4394; x_wconf 92' lang='lat' dir='ltr'><strong>ser-</strong></span> 
     </span>
    </p>
   </div>
   <div class='ocr_carea' id='block_1_48' title="bbox 1922 458 3525 531">
    <p class='ocr_par' dir='ltr' id='par_1_48' title="bbox 1922 458 3525 531">
     <span class='ocr_line' id='line_1_48' title="bbox 1922 458 3525 531; baseline 0.001 -17"><span class='ocrx_word' id='word_1_306' title='bbox 1922 474 2020 514; x_wconf 91' lang='lat' dir='ltr'><strong>ncs</strong></span> <span class='ocrx_word' id='word_1_307' title='bbox 2069 458 2344 529; x_wconf 89' lang='lat' dir='ltr'><strong>sepulchri</strong></span> <span class='ocrx_word' id='word_1_308' title='bbox 2372 474 2499 514; x_wconf 92' lang='lat' dir='ltr'><strong>cum</strong></span> <span class='ocrx_word' id='word_1_309' title='bbox 2549 459 2700 514; x_wconf 91' lang='lat' dir='ltr'><strong>omni</strong></span> <span class='ocrx_word' id='word_1_310' title='bbox 2746 458 3078 531; x_wconf 83' lang='lat' dir='ltr'><strong>integritate,</strong></span> <span class='ocrx_word' id='word_1_311' title='bbox 3137 458 3342 516; x_wconf 88' lang='lat' dir='ltr'><strong>domno</strong></span> <span class='ocrx_word' id='word_1_312' title='bbox 3388 458 3525 515; x_wconf 87' lang='lat' dir='ltr'><strong>Her-</strong></span> 
     </span>
    </p>
   </div>
   <div class='ocr_carea' id='block_1_49' title="bbox 1923 551 3523 626">
    <p class='ocr_par' dir='ltr' id='par_1_49' title="bbox 1923 551 3523 626">
     <span class='ocr_line' id='line_1_49' title="bbox 1923 551 3523 626; baseline 0.002 -19"><span class='ocrx_word' id='word_1_313' title='bbox 1923 567 2127 607; x_wconf 91' lang='lat' dir='ltr'><strong>manno</strong></span> <span class='ocrx_word' id='word_1_314' title='bbox 2148 551 2432 624; x_wconf 89' lang='lat' dir='ltr'><strong>Thuringo</strong></span> <span class='ocrx_word' id='word_1_315' title='bbox 2450 552 2747 608; x_wconf 88' lang='lat' dir='ltr'><strong>venerabili</strong></span> <span class='ocrx_word' id='word_1_316' title='bbox 2769 554 3087 626; x_wconf 84' lang='lat' dir='ltr'><strong>presbytero</strong></span> <span class='ocrx_word' id='word_1_317' title='bbox 3109 552 3523 621; x_wconf 89' lang='lat' dir='ltr'><strong>interveniente,</strong></span> 
     </span>
    </p>
   </div>
   <div class='ocr_carea' id='block_1_50' title="bbox 1924 643 3526 716">
    <p class='ocr_par' dir='ltr' id='par_1_50' title="bbox 1924 643 3526 716">
     <span class='ocr_line' id='line_1_50' title="bbox 1924 643 3526 716; baseline 0.002 -17"><span class='ocrx_word' id='word_1_318' title='bbox 1924 643 2187 699; x_wconf 88' lang='lat' dir='ltr'><strong>fratribus</strong></span> <span class='ocrx_word' id='word_1_319' title='bbox 2223 643 2467 714; x_wconf 85' lang='lat' dir='ltr'><strong>erogavit</strong></span> <span class='ocrx_word' id='word_1_320' title='bbox 2498 644 2609 714; x_wconf 87' lang='lat' dir='ltr'><strong>(an.</strong></span> <span class='ocrx_word' id='word_1_321' title='bbox 2648 644 2831 716; x_wconf 72' lang='grc'><strong>1146),</strong></span> <span class='ocrx_word' id='word_1_322' title='bbox 2878 653 2933 700; x_wconf 92' lang='lat' dir='ltr'><strong>et</strong></span> <span class='ocrx_word' id='word_1_323' title='bbox 2982 660 3052 700; x_wconf 91' lang='lat' dir='ltr'><strong>ne</strong></span> <span class='ocrx_word' id='word_1_324' title='bbox 3101 661 3285 700; x_wconf 87' lang='lat' dir='ltr'><strong>rerum</strong></span> <span class='ocrx_word' id='word_1_325' title='bbox 3336 661 3526 702; x_wconf 78' lang='lat' dir='ltr'><strong>neces-</strong></span> 
     </span>
    </p>
   </div>
   <div class='ocr_carea' id='block_1_51' title="bbox 1924 735 3530 809">
    <p class='ocr_par' dir='ltr' id='par_1_51' title="bbox 1924 735 3530 809">
     <span class='ocr_line' id='line_1_51' title="bbox 1924 735 3530 809; baseline 0.002 -16"><span class='ocrx_word' id='word_1_326' title='bbox 1924 736 2196 793; x_wconf 87' lang='lat' dir='ltr'><strong>sariarum</strong></span> <span class='ocrx_word' id='word_1_327' title='bbox 2242 735 2512 793; x_wconf 90' lang='lat' dir='ltr'><strong>defectum</strong></span> <span class='ocrx_word' id='word_1_328' title='bbox 2560 737 2765 793; x_wconf 83' lang='lat' dir='ltr'><strong>sentire</strong></span> <span class='ocrx_word' id='word_1_329' title='bbox 2821 747 3165 809; x_wconf 82' lang='lat' dir='ltr'><strong>cogerentur,</strong></span> <span class='ocrx_word' id='word_1_330' title='bbox 3200 738 3436 795; x_wconf 90' lang='lat' dir='ltr'><strong>instituit</strong></span> <span class='ocrx_word' id='word_1_331' title='bbox 3468 747 3530 797; x_wconf 92' lang='lat' dir='ltr'><strong>ut</strong></span> 
     </span>
    </p>
   </div>
   <div class='ocr_carea' id='block_1_52' title="bbox 1923 829 3529 902">
    <p class='ocr_par' dir='ltr' id='par_1_52' title="bbox 1923 829 3529 902">
     <span class='ocr_line' id='line_1_52' title="bbox 1923 829 3529 902; baseline 0.003 -19"><span class='ocrx_word' id='word_1_332' title='bbox 1923 844 2021 899; x_wconf 89' lang='lat' dir='ltr'><strong>per</strong></span> <span class='ocrx_word' id='word_1_333' title='bbox 2048 829 2325 885; x_wconf 89' lang='lat' dir='ltr'><strong>licentiam</strong></span> <span class='ocrx_word' id='word_1_334' title='bbox 2373 830 2694 886; x_wconf 89' lang='lat' dir='ltr'><strong>absentibus</strong></span> <span class='ocrx_word' id='word_1_335' title='bbox 2737 846 2835 901; x_wconf 89' lang='lat' dir='ltr'><strong>per</strong></span> <span class='ocrx_word' id='word_1_336' title='bbox 2864 831 2932 885; x_wconf 64' lang='lat'><strong>15</strong></span> <span class='ocrx_word' id='word_1_337' title='bbox 2972 831 3089 887; x_wconf 87' lang='lat' dir='ltr'><strong>dies</strong></span> <span class='ocrx_word' id='word_1_338' title='bbox 3119 831 3364 901; x_wconf 91' lang='lat' dir='ltr'><strong>plenaria</strong></span> <span class='ocrx_word' id='word_1_339' title='bbox 3388 846 3529 902; x_wconf 71' lang='lat' dir='ltr'><strong>prte-</strong></span> 
     </span>
    </p>
   </div>
   <div class='ocr_carea' id='block_1_53' title="bbox 1924 922 3530 994">
    <p class='ocr_par' dir='ltr' id='par_1_53' title="bbox 1924 922 3530 994">
     <span class='ocr_line' id='line_1_53' title="bbox 1924 922 3530 994; baseline 0.002 -18"><span class='ocrx_word' id='word_1_340' title='bbox 1924 922 2229 977; x_wconf 89' lang='lat' dir='ltr'><strong>bendarum</strong></span> <span class='ocrx_word' id='word_1_341' title='bbox 2259 923 2437 993; x_wconf 88' lang='lat' dir='ltr'><strong>portio</strong></span> <span class='ocrx_word' id='word_1_342' title='bbox 2463 931 2659 993; x_wconf 79' lang='lat' dir='ltr'><strong>praeter</strong></span> <span class='ocrx_word' id='word_1_343' title='bbox 2683 923 2872 978; x_wconf 89' lang='lat' dir='ltr'><strong>vinum</strong></span> <span class='ocrx_word' id='word_1_344' title='bbox 2899 923 3278 990; x_wconf 89' lang='lat' dir='ltr'><strong>ministretur;</strong></span> <span class='ocrx_word' id='word_1_345' title='bbox 3310 923 3530 994; x_wconf 87' lang='lat' dir='ltr'><strong>quando</strong></span> 
     </span>
    </p>
   </div>
   <div class='ocr_carea' id='block_1_54' title="bbox 1925 1014 3526 1085">
    <p class='ocr_par' dir='ltr' id='par_1_54' title="bbox 1925 1014 3526 1085">
     <span class='ocr_line' id='line_1_54' title="bbox 1925 1014 3526 1085; baseline 0.001 -17"><span class='ocrx_word' id='word_1_346' title='bbox 1925 1023 2105 1070; x_wconf 88' lang='lat' dir='ltr'><strong>autem</strong></span> <span class='ocrx_word' id='word_1_347' title='bbox 2134 1014 2325 1069; x_wconf 90' lang='lat' dir='ltr'><strong>vinum</strong></span> <span class='ocrx_word' id='word_1_348' title='bbox 2350 1015 2522 1083; x_wconf 91' lang='lat' dir='ltr'><strong>deest,</strong></span> <span class='ocrx_word' id='word_1_349' title='bbox 2557 1014 2625 1070; x_wconf 88' lang='grc'><strong>10</strong></span> <span class='ocrx_word' id='word_1_350' title='bbox 2660 1030 2917 1071; x_wconf 91' lang='lat' dir='ltr'><strong>nummos</strong></span> <span class='ocrx_word' id='word_1_351' title='bbox 2947 1030 3047 1085; x_wconf 89' lang='lat' dir='ltr'><strong>pro</strong></span> <span class='ocrx_word' id='word_1_352' title='bbox 3080 1016 3209 1070; x_wconf 92' lang='lat' dir='ltr'><strong>vino</strong></span> <span class='ocrx_word' id='word_1_353' title='bbox 3236 1014 3375 1083; x_wconf 89' lang='lat' dir='ltr'><strong>dari,</strong></span> <span class='ocrx_word' id='word_1_354' title='bbox 3403 1030 3526 1070; x_wconf 90' lang='lat' dir='ltr'><strong>cum</strong></span> 
     </span>
    </p>
   </div>
   <div class='ocr_carea' id='block_1_55' title="bbox 1926 1106 3531 1179">
    <p class='ocr_par' dir='ltr' id='par_1_55' title="bbox 1926 1106 3531 1179">
     <span class='ocr_line' id='line_1_55' title="bbox 1926 1106 3531 1179; baseline 0.001 -18"><span class='ocrx_word' id='word_1_355' title='bbox 1926 1116 2052 1163; x_wconf 87' lang='lat' dir='ltr'><strong>ante</strong></span> <span class='ocrx_word' id='word_1_356' title='bbox 2102 1116 2310 1179; x_wconf 89' lang='lat' dir='ltr'><strong>septem</strong></span> <span class='ocrx_word' id='word_1_357' title='bbox 2363 1107 2649 1177; x_wconf 88' lang='lat' dir='ltr'><strong>darentur,</strong></span> <span class='ocrx_word' id='word_1_358' title='bbox 2701 1108 2994 1165; x_wconf 86' lang='lat' dir='ltr'><strong>ordinavit.</strong></span> <span class='ocrx_word' id='word_1_359' title='bbox 3048 1106 3303 1165; x_wconf 88' lang='lat' dir='ltr'><strong>Castrum</strong></span> <span class='ocrx_word' id='word_1_360' title='bbox 3361 1107 3531 1162; x_wconf 86' lang='lat' dir='ltr'><strong>etiam</strong></span> 
     </span>
    </p>
   </div>
   <div class='ocr_carea' id='block_1_56' title="bbox 1927 1197 3532 1271">
    <p class='ocr_par' dir='ltr' id='par_1_56' title="bbox 1927 1197 3532 1271">
     <span class='ocr_line' id='line_1_56' title="bbox 1927 1197 3532 1271; baseline 0.003 -19"><span class='ocrx_word' id='word_1_361' title='bbox 1927 1197 2303 1271; x_wconf 77' lang='lat' dir='ltr'><strong>Winzenburg</strong></span> <span class='ocrx_word' id='word_1_362' title='bbox 2350 1198 2599 1257; x_wconf 91' lang='lat' dir='ltr'><strong>funditus</strong></span> <span class='ocrx_word' id='word_1_363' title='bbox 2646 1201 2913 1269; x_wconf 82' lang='lat' dir='ltr'><strong>dirutum,</strong></span> <span class='ocrx_word' id='word_1_364' title='bbox 2967 1210 3029 1257; x_wconf 89' lang='lat' dir='ltr'><strong>ut</strong></span> <span class='ocrx_word' id='word_1_365' title='bbox 3052 1200 3157 1256; x_wconf 86' lang='lat' dir='ltr'><strong>sibi</strong></span> <span class='ocrx_word' id='word_1_366' title='bbox 3188 1200 3254 1256; x_wconf 91' lang='lat' dir='ltr'><strong>ad</strong></span> <span class='ocrx_word' id='word_1_367' title='bbox 3284 1207 3532 1257; x_wconf 86' lang='lat' dir='ltr'><strong>tutamen</strong></span> 
     </span>
    </p>
   </div>
   <div class='ocr_carea' id='block_1_57' title="bbox 1927 1291 3531 1365">
    <p class='ocr_par' dir='ltr' id='par_1_57' title="bbox 1927 1291 3531 1365">
     <span class='ocr_line' id='line_1_57' title="bbox 1927 1291 3531 1365; baseline 0.002 -19"><span class='ocrx_word' id='word_1_368' title='bbox 1927 1292 2187 1348; x_wconf 66' lang='lat' dir='ltr'><strong>aecclesiae</strong></span> <span class='ocrx_word' id='word_1_369' title='bbox 2233 1293 2565 1350; x_wconf 66' lang='lat' dir='ltr'><strong>remdiﬁcare</strong></span> <span class='ocrx_word' id='word_1_370' title='bbox 2594 1294 2803 1362; x_wconf 89' lang='lat' dir='ltr'><strong>liceret,</strong></span> <span class='ocrx_word' id='word_1_371' title='bbox 2850 1296 2919 1350; x_wconf 91' lang='lat' dir='ltr'><strong>ab</strong></span> <span class='ocrx_word' id='word_1_372' title='bbox 2945 1294 3275 1365; x_wconf 89' lang='lat' dir='ltr'><strong>imperatore</strong></span> <span class='ocrx_word' id='word_1_373' title='bbox 3304 1291 3531 1349; x_wconf 87' lang='lat' dir='ltr'><strong>Lotario</strong></span> 
     </span>
    </p>
   </div>
   <div class='ocr_carea' id='block_1_58' title="bbox 1929 1370 3534 1459">
    <p class='ocr_par' dir='ltr' id='par_1_58' title="bbox 1929 1370 3534 1459">
     <span class='ocr_line' id='line_1_58' title="bbox 1929 1370 3534 1459; baseline 0.004 -24"><span class='ocrx_word' id='word_1_374' title='bbox 1929 1380 2259 1459; x_wconf 87' lang='lat' dir='ltr'><strong>impetravit,</strong></span> <span class='ocrx_word' id='word_1_375' title='bbox 2306 1384 2450 1453; x_wconf 91' lang='lat' dir='ltr'><strong>quod</strong></span> <span class='ocrx_word' id='word_1_376' title='bbox 2479 1393 2535 1439; x_wconf 88' lang='lat' dir='ltr'><strong>et</strong></span> <span class='ocrx_word' id='word_1_377' title='bbox 2575 1385 2945 1454; x_wconf 66' lang='lat' dir='ltr'><strong>rezediticavit,</strong></span> <span class='ocrx_word' id='word_1_378' title='bbox 2992 1396 3047 1441; x_wconf 90' lang='lat' dir='ltr'><strong>et</strong></span> <span class='ocrx_word' id='word_1_379' title='bbox 3086 1394 3147 1440; x_wconf 89' lang='lat' dir='ltr'><strong>ut</strong></span> <span class='ocrx_word' id='word_1_380' title='bbox 3186 1384 3446 1440; x_wconf 62' lang='lat' dir='ltr'><strong>aecclesiae</strong></span> <span class='ocrx_word' id='word_1_381' title='bbox 3478 1370 3534 1442; x_wconf 78' lang='lat' dir='ltr'><strong>et</strong></span> 
     </span>
    </p>
   </div>
   <div class='ocr_carea' id='block_1_59' title="bbox 1929 1475 3535 1551">
    <p class='ocr_par' dir='ltr' id='par_1_59' title="bbox 1929 1475 3535 1551">
     <span class='ocr_line' id='line_1_59' title="bbox 1929 1475 3535 1551; baseline 0.002 -21"><span class='ocrx_word' id='word_1_382' title='bbox 1929 1475 2036 1538; x_wconf 87' lang='lat' dir='ltr'><strong>sibi</strong></span> <span class='ocrx_word' id='word_1_383' title='bbox 2058 1484 2112 1531; x_wconf 91' lang='lat' dir='ltr'><strong>et</strong></span> <span class='ocrx_word' id='word_1_384' title='bbox 2135 1477 2546 1533; x_wconf 87' lang='lat' dir='ltr'><strong>successoribus</strong></span> <span class='ocrx_word' id='word_1_385' title='bbox 2583 1478 2720 1546; x_wconf 89' lang='lat' dir='ltr'><strong>suis,</strong></span> <span class='ocrx_word' id='word_1_386' title='bbox 2758 1489 2813 1535; x_wconf 88' lang='lat' dir='ltr'><strong>et</strong></span> <span class='ocrx_word' id='word_1_387' title='bbox 2842 1480 3051 1551; x_wconf 90' lang='lat' dir='ltr'><strong>absque</strong></span> <span class='ocrx_word' id='word_1_388' title='bbox 3092 1478 3327 1551; x_wconf 87' lang='lat' dir='ltr'><strong>alicujus</strong></span> <span class='ocrx_word' id='word_1_389' title='bbox 3376 1480 3535 1534; x_wconf 83' lang='lat' dir='ltr'><strong>inva-</strong></span> 
     </span>
    </p>
   </div>
   <div class='ocr_carea' id='block_1_60' title="bbox 1930 1560 3531 1644">
    <p class='ocr_par' dir='ltr' id='par_1_60' title="bbox 1930 1560 3531 1644">
     <span class='ocr_line' id='line_1_60' title="bbox 1930 1560 3531 1644; baseline 0.002 -20"><span class='ocrx_word' id='word_1_390' title='bbox 1930 1570 2104 1638; x_wconf 91' lang='lat' dir='ltr'><strong>sione,</strong></span> <span class='ocrx_word' id='word_1_391' title='bbox 2164 1571 2397 1627; x_wconf 90' lang='lat' dir='ltr'><strong>liberum</strong></span> <span class='ocrx_word' id='word_1_392' title='bbox 2451 1582 2817 1644; x_wconf 89' lang='lat' dir='ltr'><strong>permaneret,</strong></span> <span class='ocrx_word' id='word_1_393' title='bbox 2865 1574 3102 1629; x_wconf 88' lang='lat' dir='ltr'><strong>duorum</strong></span> <span class='ocrx_word' id='word_1_394' title='bbox 3151 1560 3531 1629; x_wconf 82' lang='lat' dir='ltr'><strong>Romanorum</strong></span> 
     </span>
    </p>
   </div>
   <div class='ocr_carea' id='block_1_61' title="bbox 1928 1664 3534 1740">
    <p class='ocr_par' dir='ltr' id='par_1_61' title="bbox 1928 1664 3534 1740">
     <span class='ocr_line' id='line_1_61' title="bbox 1928 1664 3534 1740; baseline 0.001 -20"><span class='ocrx_word' id='word_1_395' title='bbox 1928 1666 2248 1736; x_wconf 80' lang='lat' dir='ltr'><strong>pontificum</strong></span> <span class='ocrx_word' id='word_1_396' title='bbox 2307 1664 2611 1722; x_wconf 90' lang='lat' dir='ltr'><strong>Innocentii</strong></span> <span class='ocrx_word' id='word_1_397' title='bbox 2658 1675 2714 1722; x_wconf 92' lang='lat' dir='ltr'><strong>et</strong></span> <span class='ocrx_word' id='word_1_398' title='bbox 2752 1666 3021 1740; x_wconf 87' lang='lat' dir='ltr'><strong>Eugenii,</strong></span> <span class='ocrx_word' id='word_1_399' title='bbox 3088 1682 3415 1740; x_wconf 87' lang='lat' dir='ltr'><strong>magnorum</strong></span> <span class='ocrx_word' id='word_1_400' title='bbox 3476 1665 3534 1721; x_wconf 88' lang='lat' dir='ltr'><strong>in</strong></span> 
     </span>
    </p>
   </div>
   <div class='ocr_carea' id='block_1_62' title="bbox 1925 1757 3532 1831">
    <p class='ocr_par' dir='ltr' id='par_1_62' title="bbox 1925 1757 3532 1831">
     <span class='ocr_line' id='line_1_62' title="bbox 1925 1757 3532 1831; baseline -0.001 -17"><span class='ocrx_word' id='word_1_401' title='bbox 1925 1758 2148 1815; x_wconf 86' lang='lat' dir='ltr'><strong>Christo</strong></span> <span class='ocrx_word' id='word_1_402' title='bbox 2190 1760 2458 1827; x_wconf 89' lang='lat' dir='ltr'><strong>virorum,</strong></span> <span class='ocrx_word' id='word_1_403' title='bbox 2506 1760 2691 1816; x_wconf 83' lang='lat' dir='ltr'><strong>hanno</strong></span> <span class='ocrx_word' id='word_1_404' title='bbox 2720 1760 2930 1815; x_wconf 85' lang='lat' dir='ltr'><strong>ﬁrmari</strong></span> <span class='ocrx_word' id='word_1_405' title='bbox 2963 1761 3175 1831; x_wconf 82' lang='lat' dir='ltr'><strong>rogavit</strong></span> <span class='ocrx_word' id='word_1_406' title='bbox 3223 1760 3335 1831; x_wconf 86' lang='lat' dir='ltr'><strong>(an.</strong></span> <span class='ocrx_word' id='word_1_407' title='bbox 3371 1757 3532 1826; x_wconf 79' lang='grc'><strong>1155,</strong></span> 
     </span>
    </p>
   </div>
   <div class='ocr_carea' id='block_1_63' title="bbox 1929 1851 3534 1926">
    <p class='ocr_par' dir='ltr' id='par_1_63' title="bbox 1929 1851 3534 1926">
     <span class='ocr_line' id='line_1_63' title="bbox 1929 1851 3534 1926; baseline 0.001 -20"><span class='ocrx_word' id='word_1_408' title='bbox 1929 1851 2065 1907; x_wconf 88' lang='grc' dir='ltr'><strong>Νου.</strong></span> <span class='ocrx_word' id='word_1_409' title='bbox 2090 1853 2205 1925; x_wconf 71' lang='grc'><strong>25).</strong></span> <span class='ocrx_word' id='word_1_410' title='bbox 2235 1852 2355 1924; x_wconf 91' lang='lat' dir='ltr'><strong>Ipse</strong></span> <span class='ocrx_word' id='word_1_411' title='bbox 2376 1853 2542 1909; x_wconf 89' lang='lat' dir='ltr'><strong>etiam</strong></span> <span class='ocrx_word' id='word_1_412' title='bbox 2586 1853 2825 1926; x_wconf 90' lang='lat' dir='ltr'><strong>ligneam</strong></span> <span class='ocrx_word' id='word_1_413' title='bbox 2855 1854 3051 1909; x_wconf 90' lang='lat' dir='ltr'><strong>turrim</strong></span> <span class='ocrx_word' id='word_1_414' title='bbox 3074 1860 3344 1909; x_wconf 85' lang='lat' dir='ltr'><strong>vetustate</strong></span> <span class='ocrx_word' id='word_1_415' title='bbox 3378 1851 3534 1907; x_wconf 79' lang='lat' dir='ltr'><strong>diru-</strong></span> 
     </span>
    </p>
   </div>
   <div class='ocr_carea' id='block_1_64' title="bbox 1927 1942 3533 2016">
    <p class='ocr_par' dir='ltr' id='par_1_64' title="bbox 1927 1942 3533 2016">
     <span class='ocr_line' id='line_1_64' title="bbox 1927 1942 3533 2016; baseline -0.001 -16"><span class='ocrx_word' id='word_1_416' title='bbox 1927 1953 2036 2000; x_wconf 89' lang='lat' dir='ltr'><strong>tam</strong></span> <span class='ocrx_word' id='word_1_417' title='bbox 2064 1945 2288 2012; x_wconf 89' lang='lat' dir='ltr'><strong>amovit,</strong></span> <span class='ocrx_word' id='word_1_418' title='bbox 2318 1955 2373 2001; x_wconf 91' lang='lat' dir='ltr'><strong>et</strong></span> <span class='ocrx_word' id='word_1_419' title='bbox 2401 1960 2599 2001; x_wconf 91' lang='lat' dir='ltr'><strong>novam</strong></span> <span class='ocrx_word' id='word_1_420' title='bbox 2630 1961 2741 2000; x_wconf 91' lang='lat' dir='ltr'><strong>non</strong></span> <span class='ocrx_word' id='word_1_421' title='bbox 2778 1946 2996 2001; x_wconf 87' lang='lat' dir='ltr'><strong>modico</strong></span> <span class='ocrx_word' id='word_1_422' title='bbox 3020 1952 3241 2016; x_wconf 91' lang='lat' dir='ltr'><strong>sumptu</strong></span> <span class='ocrx_word' id='word_1_423' title='bbox 3266 1942 3533 2014; x_wconf 84' lang='lat' dir='ltr'><strong>reposuit,</strong></span> 
     </span>
    </p>
   </div>
   <div class='ocr_carea' id='block_1_65' title="bbox 1927 2036 3536 2110">
    <p class='ocr_par' dir='ltr' id='par_1_65' title="bbox 1927 2036 3536 2110">
     <span class='ocr_line' id='line_1_65' title="bbox 1927 2036 3536 2110; baseline -0.002 -17"><span class='ocrx_word' id='word_1_424' title='bbox 1927 2037 2183 2109; x_wconf 90' lang='lat' dir='ltr'><strong>deditque</strong></span> <span class='ocrx_word' id='word_1_425' title='bbox 2208 2053 2306 2093; x_wconf 87' lang='lat' dir='ltr'><strong>vas</strong></span> <span class='ocrx_word' id='word_1_426' title='bbox 2339 2038 2662 2094; x_wconf 88' lang='lat' dir='ltr'><strong>crismatum</strong></span> <span class='ocrx_word' id='word_1_427' title='bbox 2692 2048 3011 2110; x_wconf 87' lang='lat' dir='ltr'><strong>argenteum</strong></span> <span class='ocrx_word' id='word_1_428' title='bbox 3033 2046 3089 2093; x_wconf 90' lang='lat' dir='ltr'><strong>et</strong></span> <span class='ocrx_word' id='word_1_429' title='bbox 3116 2036 3332 2094; x_wconf 90' lang='lat' dir='ltr'><strong>dorsale</strong></span> <span class='ocrx_word' id='word_1_430' title='bbox 3378 2036 3536 2091; x_wconf 86' lang='lat' dir='ltr'><strong>valde</strong></span> 
     </span>
    </p>
   </div>
   <div class='ocr_carea' id='block_1_66' title="bbox 1930 2126 3535 2199">
    <p class='ocr_par' dir='ltr' id='par_1_66' title="bbox 1930 2126 3535 2199">
     <span class='ocr_line' id='line_1_66' title="bbox 1930 2126 3535 2199; baseline 0.001 -18"><span class='ocrx_word' id='word_1_431' title='bbox 1930 2126 2158 2192; x_wconf 88' lang='lat' dir='ltr'><strong>bonum,</strong></span> <span class='ocrx_word' id='word_1_432' title='bbox 2190 2128 2412 2198; x_wconf 85' lang='lat' dir='ltr'><strong>quando</strong></span> <span class='ocrx_word' id='word_1_433' title='bbox 2434 2127 2668 2184; x_wconf 81' lang='lat' dir='ltr'><strong>Imbrike</strong></span> <span class='ocrx_word' id='word_1_434' title='bbox 2692 2128 2955 2185; x_wconf 90' lang='lat' dir='ltr'><strong>fratribus</strong></span> <span class='ocrx_word' id='word_1_435' title='bbox 2986 2129 3304 2199; x_wconf 88' lang='lat' dir='ltr'><strong>rcsignavit,</strong></span> <span class='ocrx_word' id='word_1_436' title='bbox 3368 2127 3423 2182; x_wconf 92' lang='lat' dir='ltr'><strong>in</strong></span> <span class='ocrx_word' id='word_1_437' title='bbox 3452 2136 3535 2183; x_wconf 92' lang='lat' dir='ltr'><strong>te-</strong></span> 
     </span>
    </p>
   </div>
   <div class='ocr_carea' id='block_1_67' title="bbox 1932 2218 3538 2292">
    <p class='ocr_par' dir='ltr' id='par_1_67' title="bbox 1932 2218 3538 2292">
     <span class='ocr_line' id='line_1_67' title="bbox 1932 2218 3538 2292; baseline 0.002 -20"><span class='ocrx_word' id='word_1_438' title='bbox 1932 2218 2253 2291; x_wconf 87' lang='lat' dir='ltr'><strong>stimonium</strong></span> <span class='ocrx_word' id='word_1_439' title='bbox 2293 2219 2405 2290; x_wconf 82' lang='lat' dir='ltr'><strong>(un.</strong></span> <span class='ocrx_word' id='word_1_440' title='bbox 2440 2221 2599 2287; x_wconf 64' lang='grc'><strong>1149,</strong></span> <span class='ocrx_word' id='word_1_441' title='bbox 2635 2219 2772 2276; x_wconf 81' lang='lat' dir='ltr'><strong>Mai.</strong></span> <span class='ocrx_word' id='word_1_442' title='bbox 2809 2220 2924 2292; x_wconf 77' lang='lat'><strong>27&#39;).</strong></span> <span class='ocrx_word' id='word_1_443' title='bbox 2973 2219 3298 2277; x_wconf 88' lang='lat' dir='ltr'><strong>Indumenta</strong></span> <span class='ocrx_word' id='word_1_444' title='bbox 3319 2234 3538 2292; x_wconf 84' lang='lat' dir='ltr'><strong>quoque</strong></span> 
     </span>
    </p>
   </div>
   <div class='ocr_carea' id='block_1_68' title="bbox 1932 2312 3536 2388">
    <p class='ocr_par' dir='ltr' id='par_1_68' title="bbox 1932 2312 3536 2388">
     <span class='ocr_line' id='line_1_68' title="bbox 1932 2312 3536 2388; baseline 0.001 -22"><span class='ocrx_word' id='word_1_445' title='bbox 1932 2312 2263 2383; x_wconf 85' lang='lat' dir='ltr'><strong>episeopalia</strong></span> <span class='ocrx_word' id='word_1_446' title='bbox 2311 2312 2612 2388; x_wconf 81' lang='lat' dir='ltr'><strong>aurifrigiis</strong></span> <span class='ocrx_word' id='word_1_447' title='bbox 2661 2314 2920 2370; x_wconf 88' lang='lat' dir='ltr'><strong>decenter</strong></span> <span class='ocrx_word' id='word_1_448' title='bbox 2971 2323 3165 2369; x_wconf 85' lang='lat' dir='ltr'><strong>ornata</strong></span> <span class='ocrx_word' id='word_1_449' title='bbox 3186 2314 3253 2370; x_wconf 84' lang='lat' dir='ltr'><strong>de</strong></span> <span class='ocrx_word' id='word_1_450' title='bbox 3287 2329 3390 2369; x_wconf 93' lang='lat' dir='ltr'><strong>suo</strong></span> <span class='ocrx_word' id='word_1_451' title='bbox 3426 2328 3536 2368; x_wconf 77' lang='lat' dir='ltr'><strong>aec-</strong></span> 
     </span>
    </p>
   </div>
   <div class='ocr_carea' id='block_1_69' title="bbox 1931 2405 3536 2476">
    <p class='ocr_par' dir='ltr' id='par_1_69' title="bbox 1931 2405 3536 2476">
     <span class='ocr_line' id='line_1_69' title="bbox 1931 2405 3536 2476; baseline 0.001 -18"><span class='ocrx_word' id='word_1_452' title='bbox 1931 2405 2112 2459; x_wconf 74' lang='lat' dir='ltr'><strong>clcsia:</strong></span> <span class='ocrx_word' id='word_1_453' title='bbox 2143 2407 2502 2476; x_wconf 89' lang='lat' dir='ltr'><strong>comparavit,</strong></span> <span class='ocrx_word' id='word_1_454' title='bbox 2531 2406 2838 2476; x_wconf 88' lang='lat' dir='ltr'><strong>anulosque</strong></span> <span class='ocrx_word' id='word_1_455' title='bbox 2861 2405 3002 2460; x_wconf 91' lang='lat' dir='ltr'><strong>duos</strong></span> <span class='ocrx_word' id='word_1_456' title='bbox 3044 2405 3387 2476; x_wconf 83' lang='lat' dir='ltr'><strong>pontificales</strong></span> <span class='ocrx_word' id='word_1_457' title='bbox 3434 2418 3536 2460; x_wconf 89' lang='lat' dir='ltr'><strong>suo</strong></span> 
     </span>
    </p>
   </div>
   <div class='ocr_carea' id='block_1_70' title="bbox 1924 2496 3537 2569">
    <p class='ocr_par' dir='ltr' id='par_1_70' title="bbox 1924 2496 3537 2569">
     <span class='ocr_line' id='line_1_70' title="bbox 1924 2496 3537 2569; baseline 0.001 -18"><span class='ocrx_word' id='word_1_458' title='bbox 1924 2496 2154 2551; x_wconf 82' lang='lat' dir='ltr'><strong>nomine</strong></span> <span class='ocrx_word' id='word_1_459' title='bbox 2181 2496 2496 2567; x_wconf 89' lang='lat' dir='ltr'><strong>inscriptos,</strong></span> <span class='ocrx_word' id='word_1_460' title='bbox 2546 2514 2715 2552; x_wconf 90' lang='lat' dir='ltr'><strong>unum</strong></span> <span class='ocrx_word' id='word_1_461' title='bbox 2759 2497 2977 2568; x_wconf 85' lang='lat' dir='ltr'><strong>topazio</strong></span> <span class='ocrx_word' id='word_1_462' title='bbox 3029 2498 3263 2569; x_wconf 79' lang='lat' dir='ltr'><strong>aliisque</strong></span> <span class='ocrx_word' id='word_1_463' title='bbox 3304 2496 3537 2569; x_wconf 85' lang='lat' dir='ltr'><strong>gemmis</strong></span> 
     </span>
    </p>
   </div>
   <div class='ocr_carea' id='block_1_71' title="bbox 1934 2590 3538 2662">
    <p class='ocr_par' dir='ltr' id='par_1_71' title="bbox 1934 2590 3538 2662">
     <span class='ocr_line' id='line_1_71' title="bbox 1934 2590 3538 2662; baseline 0.001 -17"><span class='ocrx_word' id='word_1_464' title='bbox 1934 2606 2057 2645; x_wconf 89' lang='lat' dir='ltr'><strong>cum</strong></span> <span class='ocrx_word' id='word_1_465' title='bbox 2111 2590 2423 2662; x_wconf 86' lang='lat' dir='ltr'><strong>margaritis</strong></span> <span class='ocrx_word' id='word_1_466' title='bbox 2461 2591 2938 2662; x_wconf 83' lang='lat' dir='ltr'><strong>circumpositum,</strong></span> <span class='ocrx_word' id='word_1_467' title='bbox 2982 2591 3212 2646; x_wconf 88' lang='lat' dir='ltr'><strong>alterum</strong></span> <span class='ocrx_word' id='word_1_468' title='bbox 3259 2590 3538 2662; x_wconf 81' lang='lat' dir='ltr'><strong>quadran—</strong></span> 
     </span>
    </p>
   </div>
   <div class='ocr_carea' id='block_1_72' title="bbox 1933 2682 3539 2755">
    <p class='ocr_par' dir='ltr' id='par_1_72' title="bbox 1933 2682 3539 2755">
     <span class='ocr_line' id='line_1_72' title="bbox 1933 2682 3539 2755; baseline 0.001 -19"><span class='ocrx_word' id='word_1_469' title='bbox 1933 2683 2121 2755; x_wconf 89' lang='lat' dir='ltr'><strong>gulum</strong></span> <span class='ocrx_word' id='word_1_470' title='bbox 2166 2683 2406 2753; x_wconf 88' lang='lat' dir='ltr'><strong>jacincto</strong></span> <span class='ocrx_word' id='word_1_471' title='bbox 2429 2684 2637 2754; x_wconf 87' lang='lat' dir='ltr'><strong>optimo</strong></span> <span class='ocrx_word' id='word_1_472' title='bbox 2682 2684 2984 2739; x_wconf 82' lang='lat' dir='ltr'><strong>radiantem</strong></span> <span class='ocrx_word' id='word_1_473' title='bbox 3009 2684 3185 2739; x_wconf 74' lang='lat' dir='ltr'><strong>beata:</strong></span> <span class='ocrx_word' id='word_1_474' title='bbox 3225 2682 3411 2738; x_wconf 71' lang='lat' dir='ltr'><strong>Maria:</strong></span> <span class='ocrx_word' id='word_1_475' title='bbox 3438 2682 3539 2738; x_wconf 83' lang='lat' dir='ltr'><strong>ob-</strong></span> 
     </span>
    </p>
   </div>
   <div class='ocr_carea' id='block_1_73' title="bbox 1937 2771 3538 2844">
    <p class='ocr_par' dir='ltr' id='par_1_73' title="bbox 1937 2771 3538 2844">
     <span class='ocr_line' id='line_1_73' title="bbox 1937 2771 3538 2844; baseline -0.001 -15"><span class='ocrx_word' id='word_1_476' title='bbox 1937 2775 2077 2830; x_wconf 89' lang='lat' dir='ltr'><strong>tulit.</strong></span> <span class='ocrx_word' id='word_1_477' title='bbox 2106 2772 2351 2842; x_wconf 85' lang='lat' dir='ltr'><strong>Qualiter</strong></span> <span class='ocrx_word' id='word_1_478' title='bbox 2370 2775 2537 2831; x_wconf 89' lang='lat' dir='ltr'><strong>etiam</strong></span> <span class='ocrx_word' id='word_1_479' title='bbox 2560 2774 2955 2830; x_wconf 87' lang='lat' dir='ltr'><strong>monasterium</strong></span> <span class='ocrx_word' id='word_1_480' title='bbox 2980 2786 3231 2829; x_wconf 86' lang='lat' dir='ltr'><strong>nostrum</strong></span> <span class='ocrx_word' id='word_1_481' title='bbox 3254 2771 3538 2844; x_wconf 84' lang='lat' dir='ltr'><strong>campanis</strong></span> 
     </span>
    </p>
   </div>
   <div class='ocr_carea' id='block_1_74' title="bbox 1934 2866 3539 2939">
    <p class='ocr_par' dir='ltr' id='par_1_74' title="bbox 1934 2866 3539 2939">
     <span class='ocr_line' id='line_1_74' title="bbox 1934 2866 3539 2939; baseline -0.001 -17"><span class='ocrx_word' id='word_1_482' title='bbox 1934 2876 1989 2923; x_wconf 90' lang='lat' dir='ltr'><strong>et</strong></span> <span class='ocrx_word' id='word_1_483' title='bbox 2020 2867 2249 2939; x_wconf 88' lang='lat' dir='ltr'><strong>picturis</strong></span> <span class='ocrx_word' id='word_1_484' title='bbox 2292 2867 2662 2932; x_wconf 86' lang='lat' dir='ltr'><strong>adornaverit,</strong></span> <span class='ocrx_word' id='word_1_485' title='bbox 2718 2883 2905 2924; x_wconf 87' lang='lat' dir='ltr'><strong>coram</strong></span> <span class='ocrx_word' id='word_1_486' title='bbox 2954 2867 3209 2923; x_wconf 90' lang='lat' dir='ltr'><strong>omnibus</strong></span> <span class='ocrx_word' id='word_1_487' title='bbox 3257 2866 3539 2922; x_wconf 82' lang='lat' dir='ltr'><strong>elucescit.</strong></span> 
     </span>
    </p>
   </div>
   <div class='ocr_carea' id='block_1_75' title="bbox 1935 2957 3537 3031">
    <p class='ocr_par' dir='ltr' id='par_1_75' title="bbox 1935 2957 3537 3031">
     <span class='ocr_line' id='line_1_75' title="bbox 1935 2957 3537 3031; baseline 0.001 -19"><span class='ocrx_word' id='word_1_488' title='bbox 1935 2957 2358 3031; x_wconf 66' lang='lat' dir='ltr'><strong>Prmrogativam</strong></span> <span class='ocrx_word' id='word_1_489' title='bbox 2403 2959 2640 3030; x_wconf 86' lang='lat' dir='ltr'><strong>denique</strong></span> <span class='ocrx_word' id='word_1_490' title='bbox 2682 2959 3013 3030; x_wconf 88' lang='lat' dir='ltr'><strong>episcopalis</strong></span> <span class='ocrx_word' id='word_1_491' title='bbox 3052 2958 3234 3024; x_wconf 83' lang='lat' dir='ltr'><strong>ollicii,</strong></span> <span class='ocrx_word' id='word_1_492' title='bbox 3268 2974 3435 3029; x_wconf 88' lang='lat' dir='ltr'><strong>quam</strong></span> <span class='ocrx_word' id='word_1_493' title='bbox 3482 2959 3537 3015; x_wconf 90' lang='lat' dir='ltr'><strong>in</strong></span> 
     </span>
    </p>
   </div>
   <div class='ocr_carea' id='block_1_76' title="bbox 1936 3050 3540 3123">
    <p class='ocr_par' dir='ltr' id='par_1_76' title="bbox 1936 3050 3540 3123">
     <span class='ocr_line' id='line_1_76' title="bbox 1936 3050 3540 3123; baseline 0.001 -17"><span class='ocrx_word' id='word_1_494' title='bbox 1936 3050 2404 3107; x_wconf 84' lang='lat' dir='ltr'><strong>Candeshemcnsi</strong></span> <span class='ocrx_word' id='word_1_495' title='bbox 2451 3052 2695 3109; x_wconf 72' lang='lat' dir='ltr'><strong>zecclesia</strong></span> <span class='ocrx_word' id='word_1_496' title='bbox 2731 3050 2818 3108; x_wconf 89' lang='lat' dir='ltr'><strong>sui</strong></span> <span class='ocrx_word' id='word_1_497' title='bbox 2852 3062 3251 3117; x_wconf 86' lang='lat' dir='ltr'><strong>antecessores,</strong></span> <span class='ocrx_word' id='word_1_498' title='bbox 3298 3051 3540 3123; x_wconf 89' lang='lat' dir='ltr'><strong>episcopi</strong></span> 
     </span>
    </p>
   </div>
   <div class='ocr_carea' id='block_1_77' title="bbox 1936 3143 3542 3211">
    <p class='ocr_par' dir='ltr' id='par_1_77' title="bbox 1936 3143 3542 3211">
     <span class='ocr_line' id='line_1_77' title="bbox 1936 3143 3542 3211; baseline 0.002 -13"><span class='ocrx_word' id='word_1_499' title='bbox 1936 3144 2186 3200; x_wconf 86' lang='lat' dir='ltr'><strong>videlicet</strong></span> <span class='ocrx_word' id='word_1_500' title='bbox 2230 3143 2777 3200; x_wconf 90' lang='lat' dir='ltr'><strong>IIildeneshemenscs</strong></span> <span class='ocrx_word' id='word_1_501' title='bbox 2803 3187 2818 3210; x_wconf 90' lang='lat'><strong>,</strong></span> <span class='ocrx_word' id='word_1_502' title='bbox 2864 3145 3193 3211; x_wconf 88' lang='lat' dir='ltr'><strong>habuerunt,</strong></span> <span class='ocrx_word' id='word_1_503' title='bbox 3238 3152 3355 3199; x_wconf 86' lang='lat' dir='ltr'><strong>toto</strong></span> <span class='ocrx_word' id='word_1_504' title='bbox 3413 3144 3542 3201; x_wconf 79' lang='lat' dir='ltr'><strong>vita:</strong></span> 
     </span>
    </p>
   </div>
   <div class='ocr_carea' id='block_1_78' title="bbox 1918 3235 3539 3321">
    <p class='ocr_par' dir='ltr' id='par_1_78' title="bbox 1918 3235 3539 3321">
     <span class='ocr_line' id='line_1_78' title="bbox 1918 3235 3539 3321; baseline 0 -30"><span class='ocrx_word' id='word_1_505' title='bbox 1918 3252 2050 3299; x_wconf 74' lang='lat' dir='ltr'><strong>sua:</strong></span> <span class='ocrx_word' id='word_1_506' title='bbox 2094 3246 2337 3308; x_wconf 88' lang='lat' dir='ltr'><strong>tempore</strong></span> <span class='ocrx_word' id='word_1_507' title='bbox 2358 3237 2542 3307; x_wconf 90' lang='lat' dir='ltr'><strong>quiete</strong></span> <span class='ocrx_word' id='word_1_508' title='bbox 2578 3237 2839 3307; x_wconf 89' lang='lat' dir='ltr'><strong>possedit.</strong></span> <span class='ocrx_word' id='word_1_509' title='bbox 2881 3235 3018 3291; x_wconf 88' lang='lat' dir='ltr'><strong>Nam</strong></span> <span class='ocrx_word' id='word_1_510' title='bbox 3053 3237 3311 3321; x_wconf 60' lang='lat' dir='ltr'><strong>domitam</strong></span> <span class='ocrx_word' id='word_1_511' title='bbox 3345 3236 3539 3308; x_wconf 81' lang='lat' dir='ltr'><strong>Liutg-</strong></span> 
     </span>
    </p>
   </div>
   <div class='ocr_carea' id='block_1_79' title="bbox 1937 3327 3539 3400">
    <p class='ocr_par' dir='ltr' id='par_1_79' title="bbox 1937 3327 3539 3400">
     <span class='ocr_line' id='line_1_79' title="bbox 1937 3327 3539 3400; baseline -0.001 -17"><span class='ocrx_word' id='word_1_512' title='bbox 1937 3328 2197 3397; x_wconf 89' lang='lat' dir='ltr'><strong>hardam,</strong></span> <span class='ocrx_word' id='word_1_513' title='bbox 2266 3329 2483 3384; x_wconf 75' lang='lat' dir='ltr'><strong>domare</strong></span> <span class='ocrx_word' id='word_1_514' title='bbox 2537 3327 2753 3385; x_wconf 81' lang='lat' dir='ltr'><strong>Bertlue</strong></span> <span class='ocrx_word' id='word_1_515' title='bbox 2812 3329 3103 3384; x_wconf 70' lang='lat' dir='ltr'><strong>abbatissze</strong></span> <span class='ocrx_word' id='word_1_516' title='bbox 3163 3330 3539 3400; x_wconf 86' lang='lat' dir='ltr'><strong>subrogatam,</strong></span> 
     </span>
    </p>
   </div>
   <div class='ocr_carea' id='block_1_80' title="bbox 1936 3421 3542 3494">
    <p class='ocr_par' dir='ltr' id='par_1_80' title="bbox 1936 3421 3542 3494">
     <span class='ocr_line' id='line_1_80' title="bbox 1936 3421 3542 3494; baseline 0 -16"><span class='ocrx_word' id='word_1_517' title='bbox 1936 3422 2198 3479; x_wconf 72' lang='lat' dir='ltr'><strong>Goslarire</strong></span> <span class='ocrx_word' id='word_1_518' title='bbox 2244 3422 2300 3477; x_wconf 93' lang='lat' dir='ltr'><strong>in</strong></span> <span class='ocrx_word' id='word_1_519' title='bbox 2349 3422 2501 3478; x_wconf 90' lang='lat' dir='ltr'><strong>curia</strong></span> <span class='ocrx_word' id='word_1_520' title='bbox 2532 3422 2879 3494; x_wconf 90' lang='lat' dir='ltr'><strong>imperatoris</strong></span> <span class='ocrx_word' id='word_1_521' title='bbox 2914 3421 3160 3479; x_wconf 85' lang='lat' dir='ltr'><strong>Lotharii</strong></span> <span class='ocrx_word' id='word_1_522' title='bbox 3192 3422 3246 3476; x_wconf 92' lang='lat' dir='ltr'><strong>in</strong></span> <span class='ocrx_word' id='word_1_523' title='bbox 3290 3421 3542 3478; x_wconf 69' lang='lat' dir='ltr'><strong>mcclesia</strong></span> 
     </span>
    </p>
   </div>
   <div class='ocr_carea' id='block_1_81' title="bbox 1936 3514 3546 3589">
    <p class='ocr_par' dir='ltr' id='par_1_81' title="bbox 1936 3514 3546 3589">
     <span class='ocr_line' id='line_1_81' title="bbox 1936 3514 3546 3589; baseline 0.002 -17"><span class='ocrx_word' id='word_1_524' title='bbox 1936 3515 2221 3572; x_wconf 82' lang='lat' dir='ltr'><strong>beatorum</strong></span> <span class='ocrx_word' id='word_1_525' title='bbox 2251 3516 2624 3587; x_wconf 89' lang='lat' dir='ltr'><strong>apostolorum</strong></span> <span class='ocrx_word' id='word_1_526' title='bbox 2656 3514 2916 3589; x_wconf 71' lang='lat' dir='ltr'><strong>Symonis</strong></span> <span class='ocrx_word' id='word_1_527' title='bbox 2955 3525 3010 3572; x_wconf 87' lang='lat' dir='ltr'><strong>et</strong></span> <span class='ocrx_word' id='word_1_528' title='bbox 3043 3514 3218 3583; x_wconf 77' lang='lat' dir='ltr'><strong>Judre,</strong></span> <span class='ocrx_word' id='word_1_529' title='bbox 3269 3515 3546 3586; x_wconf 77' lang='lat' dir='ltr'><strong>promissa</strong></span> 
     </span>
    </p>
   </div>
   <div class='ocr_carea' id='block_1_82' title="bbox 1912 3607 3537 3679">
    <p class='ocr_par' dir='ltr' id='par_1_82' title="bbox 1912 3607 3537 3679">
     <span class='ocr_line' id='line_1_82' title="bbox 1912 3607 3537 3679; baseline 0.001 -20"><span class='ocrx_word' id='word_1_530' title='bbox 1912 3608 2041 3665; x_wconf 84' lang='lat' dir='ltr'><strong>sibi</strong></span> <span class='ocrx_word' id='word_1_531' title='bbox 2095 3608 2276 3664; x_wconf 84' lang='lat' dir='ltr'><strong>debita</strong></span> <span class='ocrx_word' id='word_1_532' title='bbox 2330 3608 2659 3674; x_wconf 89' lang='lat' dir='ltr'><strong>obcdicntia,</strong></span> <span class='ocrx_word' id='word_1_533' title='bbox 2690 3624 2856 3664; x_wconf 87' lang='lat' dir='ltr'><strong>manu</strong></span> <span class='ocrx_word' id='word_1_534' title='bbox 2898 3608 3121 3679; x_wconf 87' lang='lat' dir='ltr'><strong>propria</strong></span> <span class='ocrx_word' id='word_1_535' title='bbox 3171 3607 3537 3663; x_wconf 85' lang='lat' dir='ltr'><strong>consecravit.</strong></span> 
     </span>
    </p>
   </div>
   <div class='ocr_carea' id='block_1_83' title="bbox 1937 3698 3546 3769">
    <p class='ocr_par' dir='ltr' id='par_1_83' title="bbox 1937 3698 3546 3769">
     <span class='ocr_line' id='line_1_83' title="bbox 1937 3698 3546 3769; baseline -0.001 -13"><span class='ocrx_word' id='word_1_536' title='bbox 1937 3700 2056 3769; x_wconf 89' lang='lat' dir='ltr'><strong>Qua</strong></span> <span class='ocrx_word' id='word_1_537' title='bbox 2090 3700 2368 3767; x_wconf 86' lang='lat' dir='ltr'><strong>defuncta,</strong></span> <span class='ocrx_word' id='word_1_538' title='bbox 2404 3701 2662 3757; x_wconf 90' lang='lat' dir='ltr'><strong>domnam</strong></span> <span class='ocrx_word' id='word_1_539' title='bbox 2692 3700 3048 3769; x_wconf 87' lang='lat' dir='ltr'><strong>Adclheidam</strong></span> <span class='ocrx_word' id='word_1_540' title='bbox 3093 3700 3169 3755; x_wconf 91' lang='lat' dir='ltr'><strong>illi</strong></span> <span class='ocrx_word' id='word_1_541' title='bbox 3204 3700 3306 3756; x_wconf 89' lang='lat' dir='ltr'><strong>rite</strong></span> <span class='ocrx_word' id='word_1_542' title='bbox 3338 3698 3546 3765; x_wconf 80' lang='lat' dir='ltr'><strong>substi-</strong></span> 
     </span>
    </p>
   </div>
   <div class='ocr_carea' id='block_1_84' title="bbox 1940 3793 3543 3866">
    <p class='ocr_par' dir='ltr' id='par_1_84' title="bbox 1940 3793 3543 3866">
     <span class='ocr_line' id='line_1_84' title="bbox 1940 3793 3543 3866; baseline -0.003 -16"><span class='ocrx_word' id='word_1_543' title='bbox 1940 3802 2134 3861; x_wconf 81' lang='lat' dir='ltr'><strong>tutam,</strong></span> <span class='ocrx_word' id='word_1_544' title='bbox 2172 3793 2460 3850; x_wconf 91' lang='lat' dir='ltr'><strong>oculorum</strong></span> <span class='ocrx_word' id='word_1_545' title='bbox 2518 3794 2745 3850; x_wconf 85' lang='lat' dir='ltr'><strong>cecitate</strong></span> <span class='ocrx_word' id='word_1_546' title='bbox 2790 3794 3141 3866; x_wconf 61' lang='lat' dir='ltr'><strong>praepeditus,</strong></span> <span class='ocrx_word' id='word_1_547' title='bbox 3172 3808 3268 3864; x_wconf 86' lang='lat' dir='ltr'><strong>per</strong></span> <span class='ocrx_word' id='word_1_548' title='bbox 3315 3806 3543 3848; x_wconf 75' lang='lat' dir='ltr'><strong>manuni</strong></span> 
     </span>
    </p>
   </div>
   <div class='ocr_carea' id='block_1_85' title="bbox 1937 3884 3544 3958">
    <p class='ocr_par' dir='ltr' id='par_1_85' title="bbox 1937 3884 3544 3958">
     <span class='ocr_line' id='line_1_85' title="bbox 1937 3884 3544 3958; baseline 0 -17"><span class='ocrx_word' id='word_1_549' title='bbox 1937 3886 2126 3942; x_wconf 91' lang='lat' dir='ltr'><strong>domni</strong></span> <span class='ocrx_word' id='word_1_550' title='bbox 2150 3885 2451 3942; x_wconf 88' lang='lat' dir='ltr'><strong>Bernhardi</strong></span> <span class='ocrx_word' id='word_1_551' title='bbox 2482 3885 2875 3943; x_wconf 86' lang='lat' dir='ltr'><strong>Palburncnsis</strong></span> <span class='ocrx_word' id='word_1_552' title='bbox 2921 3887 3182 3958; x_wconf 89' lang='lat' dir='ltr'><strong>episcopi,</strong></span> <span class='ocrx_word' id='word_1_553' title='bbox 3219 3885 3272 3939; x_wconf 90' lang='lat' dir='ltr'><strong>in</strong></span> <span class='ocrx_word' id='word_1_554' title='bbox 3323 3884 3544 3947; x_wconf 84' lang='lat' dir='ltr'><strong>Gaude-</strong></span> 
     </span>
    </p>
   </div>
   <div class='ocr_carea' id='block_1_86' title="bbox 1940 3976 3542 4049">
    <p class='ocr_par' dir='ltr' id='par_1_86' title="bbox 1940 3976 3542 4049">
     <span class='ocr_line' id='line_1_86' title="bbox 1940 3976 3542 4049; baseline 0 -16"><span class='ocrx_word' id='word_1_555' title='bbox 1940 3976 2214 4033; x_wconf 88' lang='lat' dir='ltr'><strong>sbemensi</strong></span> <span class='ocrx_word' id='word_1_556' title='bbox 2242 3978 2579 4034; x_wconf 90' lang='lat' dir='ltr'><strong>monasterio</strong></span> <span class='ocrx_word' id='word_1_557' title='bbox 2607 3977 3024 4049; x_wconf 64' lang='lat' dir='ltr'><strong>praesentialiter</strong></span> <span class='ocrx_word' id='word_1_558' title='bbox 3045 3977 3146 4034; x_wconf 87' lang='lat' dir='ltr'><strong>sibi</strong></span> <span class='ocrx_word' id='word_1_559' title='bbox 3178 3978 3542 4035; x_wconf 87' lang='lat' dir='ltr'><strong>obedientiam</strong></span> 
     </span>
    </p>
   </div>
   <div class='ocr_carea' id='block_1_87' title="bbox 1940 4069 3543 4140">
    <p class='ocr_par' dir='ltr' id='par_1_87' title="bbox 1940 4069 3543 4140">
     <span class='ocr_line' id='line_1_87' title="bbox 1940 4069 3543 4140; baseline 0.001 -16"><span class='ocrx_word' id='word_1_560' title='bbox 1940 4069 2324 4140; x_wconf 87' lang='lat' dir='ltr'><strong>promittente,</strong></span> <span class='ocrx_word' id='word_1_561' title='bbox 2383 4069 2512 4127; x_wconf 89' lang='lat' dir='ltr'><strong>fecit</strong></span> <span class='ocrx_word' id='word_1_562' title='bbox 2558 4071 2891 4127; x_wconf 90' lang='lat' dir='ltr'><strong>consecrari.</strong></span> <span class='ocrx_word' id='word_1_563' title='bbox 2948 4070 3097 4127; x_wconf 90' lang='lat' dir='ltr'><strong>Obiit</strong></span> <span class='ocrx_word' id='word_1_564' title='bbox 3155 4081 3338 4126; x_wconf 87' lang='lat' dir='ltr'><strong>autem</strong></span> <span class='ocrx_word' id='word_1_565' title='bbox 3395 4084 3543 4126; x_wconf 90' lang='lat' dir='ltr'><strong>anno</strong></span> 
     </span>
    </p>
   </div>
   <div class='ocr_carea' id='block_1_88' title="bbox 1940 4161 3545 4236">
    <p class='ocr_par' dir='ltr' id='par_1_88' title="bbox 1940 4161 3545 4236">
     <span class='ocr_line' id='line_1_88' title="bbox 1940 4161 3545 4236; baseline 0.001 -20"><span class='ocrx_word' id='word_1_566' title='bbox 1940 4161 2238 4219; x_wconf 71' lang='lat' dir='ltr'><strong>Dominicze</strong></span> <span class='ocrx_word' id='word_1_567' title='bbox 2287 4163 2683 4221; x_wconf 88' lang='lat' dir='ltr'><strong>incarnationis</strong></span> <span class='ocrx_word' id='word_1_568' title='bbox 2733 4165 2869 4221; x_wconf 77' lang='grc'><strong>1155</strong></span> <span class='ocrx_word' id='word_1_569' title='bbox 2913 4163 3050 4236; x_wconf 74' lang='lat' dir='ltr'><strong>(Jul.</strong></span> <span class='ocrx_word' id='word_1_570' title='bbox 3086 4164 3203 4235; x_wconf 70' lang='lat'><strong>20),</strong></span> <span class='ocrx_word' id='word_1_571' title='bbox 3258 4179 3372 4221; x_wconf 75' lang='lat' dir='ltr'><strong>sua:</strong></span> <span class='ocrx_word' id='word_1_572' title='bbox 3412 4176 3545 4219; x_wconf 89' lang='lat' dir='ltr'><strong>vero</strong></span> 
     </span>
    </p>
   </div>
   <div class='ocr_carea' id='block_1_89' title="bbox 1939 4252 3544 4322">
    <p class='ocr_par' dir='ltr' id='par_1_89' title="bbox 1939 4252 3544 4322">
     <span class='ocr_line' id='line_1_89' title="bbox 1939 4252 3544 4322; baseline 0.002 -16"><span class='ocrx_word' id='word_1_573' title='bbox 1939 4252 2304 4309; x_wconf 86' lang='lat' dir='ltr'><strong>ordinationis</strong></span> <span class='ocrx_word' id='word_1_574' title='bbox 2330 4268 2476 4309; x_wconf 89' lang='lat' dir='ltr'><strong>anno</strong></span> <span class='ocrx_word' id='word_1_575' title='bbox 2500 4253 2592 4322; x_wconf 74' lang='lat'><strong>2&#39;5,</strong></span> <span class='ocrx_word' id='word_1_576' title='bbox 2618 4263 2675 4309; x_wconf 77' lang='lat' dir='ltr'><strong>et</strong></span> <span class='ocrx_word' id='word_1_577' title='bbox 2705 4253 2757 4309; x_wconf 92' lang='lat' dir='ltr'><strong>in</strong></span> <span class='ocrx_word' id='word_1_578' title='bbox 2801 4254 3138 4311; x_wconf 89' lang='lat' dir='ltr'><strong>monasterio</strong></span> <span class='ocrx_word' id='word_1_579' title='bbox 3174 4253 3315 4309; x_wconf 88' lang='lat' dir='ltr'><strong>beati</strong></span> <span class='ocrx_word' id='word_1_580' title='bbox 3360 4253 3544 4310; x_wconf 79' lang='lat' dir='ltr'><strong>Code-</strong></span> 
     </span>
    </p>
   </div>
   <div class='ocr_carea' id='block_1_90' title="bbox 1942 4344 2439 4417">
    <p class='ocr_par' dir='ltr' id='par_1_90' title="bbox 1942 4344 2439 4417">
     <span class='ocr_line' id='line_1_90' title="bbox 1942 4344 2439 4417; baseline 0.006 -18"><span class='ocrx_word' id='word_1_581' title='bbox 1942 4344 2099 4400; x_wconf 90' lang='lat' dir='ltr'><strong>hardi</strong></span> <span class='ocrx_word' id='word_1_582' title='bbox 2124 4346 2439 4417; x_wconf 90' lang='lat' dir='ltr'><strong>requiescit.</strong></span> 
     </span>
    </p>
   </div>
   <div class='ocr_carea' id='block_1_91' title="bbox 246 4425 3543 4503">
    <p class='ocr_par' dir='ltr' id='par_1_91' title="bbox 246 4425 3543 4503">
     <span class='ocr_line' id='line_1_91' title="bbox 246 4425 3543 4503; baseline 0 -15"><span class='ocrx_word' id='word_1_583' title='bbox 246 4436 374 4491; x_wconf 87' lang='lat' dir='ltr'><strong>vitia</strong></span> <span class='ocrx_word' id='word_1_584' title='bbox 414 4436 646 4493; x_wconf 89' lang='lat' dir='ltr'><strong>fratrum</strong></span> <span class='ocrx_word' id='word_1_585' title='bbox 673 4437 905 4494; x_wconf 90' lang='lat' dir='ltr'><strong>consilio</strong></span> <span class='ocrx_word' id='word_1_586' title='bbox 931 4435 1049 4491; x_wconf 89' lang='lat' dir='ltr'><strong>dari</strong></span> <span class='ocrx_word' id='word_1_587' title='bbox 1083 4432 1377 4503; x_wconf 87' lang='lat' dir='ltr'><strong>ordinavit,</strong></span> <span class='ocrx_word' id='word_1_588' title='bbox 1426 4425 1536 4487; x_wconf 88' lang='lat' dir='ltr'><strong>duo</strong></span> <span class='ocrx_word' id='word_1_589' title='bbox 1582 4430 1844 4487; x_wconf 88' lang='lat' dir='ltr'><strong>fratribus</strong></span> <span class='ocrx_word' id='word_1_590' title='bbox 1870 4427 1922 4486; x_wconf 86' lang='grc' dir='ltr'><strong>ι)</strong></span> <span class='ocrx_word' id='word_1_591' title='bbox 2016 4439 2108 4495; x_wconf 76' lang='lat'><strong>2],</strong></span> <span class='ocrx_word' id='word_1_592' title='bbox 2144 4438 2507 4497; x_wconf 64' lang='grc' dir='ltr'><strong>Ροειοδίιυηι</strong></span> <span class='ocrx_word' id='word_1_593' title='bbox 2534 4442 2723 4498; x_wconf 68' lang='lat' dir='ltr'><strong>domui</strong></span> <span class='ocrx_word' id='word_1_594' title='bbox 2755 4443 3057 4498; x_wconf 67' lang='lat' dir='ltr'><strong>Bemhm-di</strong></span> <span class='ocrx_word' id='word_1_595' title='bbox 3102 4440 3336 4497; x_wconf 65' lang='grc' dir='ltr'><strong>ΒΜ)Νο</strong></span> <span class='ocrx_word' id='word_1_596' title='bbox 3378 4441 3543 4499; x_wconf 70' lang='lat' dir='ltr'><strong>acea-</strong></span> 
     </span>
    </p>
   </div>
   <div class='ocr_carea' id='block_1_92' title="bbox 249 4523 1839 4591">
    <p class='ocr_par' dir='ltr' id='par_1_92' title="bbox 249 4523 1839 4591">
     <span class='ocr_line' id='line_1_92' title="bbox 249 4523 1839 4591; baseline -0.002 -10"><span class='ocrx_word' id='word_1_597' title='bbox 249 4529 420 4584; x_wconf 88' lang='lat' dir='ltr'><strong>sancti</strong></span> <span class='ocrx_word' id='word_1_598' title='bbox 455 4529 695 4586; x_wconf 86' lang='lat' dir='ltr'><strong>Mauritii</strong></span> <span class='ocrx_word' id='word_1_599' title='bbox 720 4538 775 4586; x_wconf 87' lang='lat' dir='ltr'><strong>et</strong></span> <span class='ocrx_word' id='word_1_600' title='bbox 799 4536 1002 4586; x_wconf 71' lang='lat' dir='ltr'><strong>sanctae</strong></span> <span class='ocrx_word' id='word_1_601' title='bbox 1023 4525 1238 4591; x_wconf 85' lang='lat' dir='ltr'><strong>Crucis,</strong></span> <span class='ocrx_word' id='word_1_602' title='bbox 1269 4525 1324 4579; x_wconf 92' lang='lat' dir='ltr'><strong>in</strong></span> <span class='ocrx_word' id='word_1_603' title='bbox 1345 4524 1678 4581; x_wconf 82' lang='lat' dir='ltr'><strong>Ascensione</strong></span> <span class='ocrx_word' id='word_1_604' title='bbox 1707 4534 1759 4578; x_wconf 89' lang='lat' dir='ltr'><strong>ct</strong></span> <span class='ocrx_word' id='word_1_605' title='bbox 1784 4523 1839 4578; x_wconf 91' lang='lat' dir='ltr'><strong>in</strong></span> 
     </span>
    </p>
   </div>
   <div class='ocr_carea' id='block_1_93' title="bbox 250 4614 1840 4685">
    <p class='ocr_par' dir='ltr' id='par_1_93' title="bbox 250 4614 1840 4685">
     <span class='ocr_line' id='line_1_93' title="bbox 250 4614 1840 4685; baseline -0.003 -14"><span class='ocrx_word' id='word_1_606' title='bbox 250 4615 604 4679; x_wconf 84' lang='lat' dir='ltr'><strong>Pentecosten</strong></span> <span class='ocrx_word' id='word_1_607' title='bbox 645 4621 930 4678; x_wconf 85' lang='lat' dir='ltr'><strong>nobiscum</strong></span> <span class='ocrx_word' id='word_1_608' title='bbox 959 4619 1016 4675; x_wconf 88' lang='lat' dir='ltr'><strong>in</strong></span> <span class='ocrx_word' id='word_1_609' title='bbox 1050 4616 1362 4685; x_wconf 88' lang='lat' dir='ltr'><strong>refectorio,</strong></span> <span class='ocrx_word' id='word_1_610' title='bbox 1392 4631 1565 4670; x_wconf 91' lang='lat' dir='ltr'><strong>unum</strong></span> <span class='ocrx_word' id='word_1_611' title='bbox 1611 4614 1667 4669; x_wconf 91' lang='lat' dir='ltr'><strong>in</strong></span> <span class='ocrx_word' id='word_1_612' title='bbox 1707 4628 1840 4685; x_wconf 90' lang='lat' dir='ltr'><strong>apo—</strong></span> 
     </span>
    </p>
   </div>
   <div class='ocr_carea' id='block_1_94' title="bbox 242 4705 1840 4782">
    <p class='ocr_par' dir='ltr' id='par_1_94' title="bbox 242 4705 1840 4782">
     <span class='ocr_line' id='line_1_94' title="bbox 242 4705 1840 4782; baseline -0.002 -19"><span class='ocrx_word' id='word_1_613' title='bbox 242 4711 516 4769; x_wconf 79' lang='lat' dir='ltr'><strong>stolorum</strong></span> <span class='ocrx_word' id='word_1_614' title='bbox 545 4713 690 4771; x_wconf 85' lang='lat' dir='ltr'><strong>Petri</strong></span> <span class='ocrx_word' id='word_1_615' title='bbox 711 4722 767 4771; x_wconf 86' lang='lat' dir='ltr'><strong>et</strong></span> <span class='ocrx_word' id='word_1_616' title='bbox 792 4713 946 4768; x_wconf 90' lang='lat' dir='ltr'><strong>Pauli</strong></span> <span class='ocrx_word' id='word_1_617' title='bbox 970 4710 1130 4778; x_wconf 90' lang='lat' dir='ltr'><strong>festo,</strong></span> <span class='ocrx_word' id='word_1_618' title='bbox 1147 4718 1406 4782; x_wconf 89' lang='lat' dir='ltr'><strong>quartum</strong></span> <span class='ocrx_word' id='word_1_619' title='bbox 1432 4708 1487 4764; x_wconf 91' lang='lat' dir='ltr'><strong>in</strong></span> <span class='ocrx_word' id='word_1_620' title='bbox 1505 4706 1680 4778; x_wconf 85' lang='lat' dir='ltr'><strong>ipsius</strong></span> <span class='ocrx_word' id='word_1_621' title='bbox 1710 4705 1840 4761; x_wconf 86' lang='lat' dir='ltr'><strong>boni</strong></span> 
     </span>
    </p>
   </div>
   <div class='ocr_carea' id='block_1_95' title="bbox 252 4799 1837 4881">
    <p class='ocr_par' dir='ltr' id='par_1_95' title="bbox 252 4799 1837 4881">
     <span class='ocr_line' id='line_1_95' title="bbox 252 4799 1837 4881; baseline -0.002 -24"><span class='ocrx_word' id='word_1_622' title='bbox 252 4804 466 4862; x_wconf 87' lang='lat' dir='ltr'><strong>comitis</strong></span> <span class='ocrx_word' id='word_1_623' title='bbox 510 4806 829 4875; x_wconf 86' lang='lat' dir='ltr'><strong>Thietmari,</strong></span> <span class='ocrx_word' id='word_1_624' title='bbox 861 4805 957 4881; x_wconf 88' lang='lat' dir='ltr'><strong>qui</strong></span> <span class='ocrx_word' id='word_1_625' title='bbox 986 4805 1176 4861; x_wconf 88' lang='lat' dir='ltr'><strong>eadem</strong></span> <span class='ocrx_word' id='word_1_626' title='bbox 1208 4804 1353 4860; x_wconf 88' lang='lat' dir='ltr'><strong>bona</strong></span> <span class='ocrx_word' id='word_1_627' title='bbox 1392 4800 1553 4858; x_wconf 92' lang='lat' dir='ltr'><strong>nobis</strong></span> <span class='ocrx_word' id='word_1_628' title='bbox 1588 4799 1837 4866; x_wconf 88' lang='lat' dir='ltr'><strong>contulit,</strong></span> 
     </span>
    </p>
   </div>
   <div class='ocr_carea' id='block_1_96' title="bbox 252 4891 1841 4959">
    <p class='ocr_par' dir='ltr' id='par_1_96' title="bbox 252 4891 1841 4959">
     <span class='ocr_line' id='line_1_96' title="bbox 252 4891 1841 4959; baseline -0.001 -12"><span class='ocrx_word' id='word_1_629' title='bbox 252 4895 643 4959; x_wconf 87' lang='lat' dir='ltr'><strong>anniversario.</strong></span> <span class='ocrx_word' id='word_1_630' title='bbox 669 4898 737 4954; x_wconf 87' lang='lat' dir='ltr'><strong>Et</strong></span> <span class='ocrx_word' id='word_1_631' title='bbox 758 4906 817 4952; x_wconf 91' lang='lat' dir='ltr'><strong>ut</strong></span> <span class='ocrx_word' id='word_1_632' title='bbox 837 4896 1101 4953; x_wconf 87' lang='lat' dir='ltr'><strong>fratribus</strong></span> <span class='ocrx_word' id='word_1_633' title='bbox 1129 4895 1379 4952; x_wconf 84' lang='lat' dir='ltr'><strong>allectum</strong></span> <span class='ocrx_word' id='word_1_634' title='bbox 1418 4891 1672 4949; x_wconf 73' lang='lat' dir='ltr'><strong>fraterna:</strong></span> <span class='ocrx_word' id='word_1_635' title='bbox 1704 4892 1841 4949; x_wconf 88' lang='lat' dir='ltr'><strong>dile-</strong></span> 
     </span>
    </p>
   </div>
   <div class='ocr_carea' id='block_1_97' title="bbox 1946 4532 3545 4605">
    <p class='ocr_par' dir='ltr' id='par_1_97' title="bbox 1946 4532 3545 4605">
     <span class='ocr_line' id='line_1_97' title="bbox 1946 4532 3545 4605; baseline 0.004 -20"><span class='ocrx_word' id='word_1_636' title='bbox 1946 4546 2072 4598; x_wconf 91' lang='lat' dir='ltr'><strong>nus,</strong></span> <span class='ocrx_word' id='word_1_637' title='bbox 2100 4532 2184 4586; x_wconf 90' lang='lat' dir='ltr'><strong>vir</strong></span> <span class='ocrx_word' id='word_1_638' title='bbox 2200 4532 2379 4589; x_wconf 89' lang='lat' dir='ltr'><strong>bonus</strong></span> <span class='ocrx_word' id='word_1_639' title='bbox 2399 4542 2453 4588; x_wconf 89' lang='lat' dir='ltr'><strong>et</strong></span> <span class='ocrx_word' id='word_1_640' title='bbox 2484 4535 2766 4604; x_wconf 74' lang='lat' dir='ltr'><strong>providus,</strong></span> <span class='ocrx_word' id='word_1_641' title='bbox 2812 4534 3074 4590; x_wconf 57' lang='lat' dir='ltr'><strong>ater-lesire</strong></span> <span class='ocrx_word' id='word_1_642' title='bbox 3118 4543 3320 4590; x_wconf 70' lang='lat' dir='ltr'><strong>nostrm</strong></span> <span class='ocrx_word' id='word_1_643' title='bbox 3360 4535 3545 4605; x_wconf 66' lang='lat' dir='ltr'><strong>prtuli-</strong></span> 
     </span>
    </p>
   </div>
   <div class='ocr_carea' id='block_1_98' title="bbox 1947 4624 3551 4695">
    <p class='ocr_par' dir='ltr' id='par_1_98' title="bbox 1947 4624 3551 4695">
     <span class='ocr_line' id='line_1_98' title="bbox 1947 4624 3551 4695; baseline 0.003 -15"><span class='ocrx_word' id='word_1_644' title='bbox 1947 4624 2108 4681; x_wconf 89' lang='lat' dir='ltr'><strong>citur.</strong></span> <span class='ocrx_word' id='word_1_645' title='bbox 2138 4624 2244 4693; x_wconf 85' lang='lat' dir='ltr'><strong>Qui</strong></span> <span class='ocrx_word' id='word_1_646' title='bbox 2276 4626 2442 4683; x_wconf 86' lang='lat' dir='ltr'><strong>rebus</strong></span> <span class='ocrx_word' id='word_1_647' title='bbox 2470 4627 2730 4686; x_wconf 69' lang='lat' dir='ltr'><strong>mcclesize</strong></span> <span class='ocrx_word' id='word_1_648' title='bbox 2750 4628 3140 4695; x_wconf 85' lang='lat' dir='ltr'><strong>conservandis</strong></span> <span class='ocrx_word' id='word_1_649' title='bbox 3164 4643 3229 4683; x_wconf 90' lang='lat' dir='ltr'><strong>ac</strong></span> <span class='ocrx_word' id='word_1_650' title='bbox 3250 4628 3551 4692; x_wconf 85' lang='lat' dir='ltr'><strong>melioran-</strong></span> 
     </span>
    </p>
   </div>
   <div class='ocr_carea' id='block_1_99' title="bbox 1947 4717 3554 4793">
    <p class='ocr_par' dir='ltr' id='par_1_99' title="bbox 1947 4717 3554 4793">
     <span class='ocr_line' id='line_1_99' title="bbox 1947 4717 3554 4793; baseline 0.006 -19"><span class='ocrx_word' id='word_1_651' title='bbox 1947 4718 2033 4776; x_wconf 92' lang='lat' dir='ltr'><strong>dis</strong></span> <span class='ocrx_word' id='word_1_652' title='bbox 2055 4719 2218 4776; x_wconf 88' lang='lat' dir='ltr'><strong>annis</strong></span> <span class='ocrx_word' id='word_1_653' title='bbox 2246 4717 2314 4774; x_wconf 88' lang='grc'><strong>10</strong></span> <span class='ocrx_word' id='word_1_654' title='bbox 2344 4728 2515 4775; x_wconf 90' lang='lat' dir='ltr'><strong>totum</strong></span> <span class='ocrx_word' id='word_1_655' title='bbox 2549 4736 2608 4777; x_wconf 90' lang='lat' dir='ltr'><strong>se</strong></span> <span class='ocrx_word' id='word_1_656' title='bbox 2627 4720 2912 4791; x_wconf 77' lang='lat' dir='ltr'><strong>impendit,</strong></span> <span class='ocrx_word' id='word_1_657' title='bbox 2939 4722 3141 4793; x_wconf 85' lang='lat' dir='ltr'><strong>quibus</strong></span> <span class='ocrx_word' id='word_1_658' title='bbox 3162 4721 3278 4792; x_wconf 89' lang='lat' dir='ltr'><strong>ipse</strong></span> <span class='ocrx_word' id='word_1_659' title='bbox 3304 4720 3554 4791; x_wconf 60' lang='lat' dir='ltr'><strong>praefuit.</strong></span> 
     </span>
    </p>
   </div>
   <div class='ocr_carea' id='block_1_100' title="bbox 1947 4810 3576 4885">
    <p class='ocr_par' dir='ltr' id='par_1_100' title="bbox 1947 4810 3576 4885">
     <span class='ocr_line' id='line_1_100' title="bbox 1947 4810 3576 4885; baseline 0.007 -18"><span class='ocrx_word' id='word_1_660' title='bbox 1947 4810 2173 4868; x_wconf 88' lang='lat' dir='ltr'><strong>Tectum</strong></span> <span class='ocrx_word' id='word_1_661' title='bbox 2193 4820 2250 4869; x_wconf 92' lang='lat' dir='ltr'><strong>et</strong></span> <span class='ocrx_word' id='word_1_662' title='bbox 2268 4812 2641 4883; x_wconf 88' lang='lat' dir='ltr'><strong>pavimentum</strong></span> <span class='ocrx_word' id='word_1_663' title='bbox 2671 4813 2991 4885; x_wconf 89' lang='lat' dir='ltr'><strong>principalis</strong></span> <span class='ocrx_word' id='word_1_664' title='bbox 3015 4813 3278 4871; x_wconf 67' lang='lat' dir='ltr'><strong>azcclcsiae</strong></span> <span class='ocrx_word' id='word_1_665' title='bbox 3305 4821 3576 4885; x_wconf 80' lang='lat' dir='ltr'><strong>erogatis</strong></span> 
     </span>
    </p>
   </div>
   <div class='ocr_carea' id='block_1_101' title="bbox 1946 4904 3596 4983">
    <p class='ocr_par' dir='ltr' id='par_1_101' title="bbox 1946 4904 3596 4983">
     <span class='ocr_line' id='line_1_101' title="bbox 1946 4904 3596 4983; baseline -0.001 -22"><span class='ocrx_word' id='word_1_666' title='bbox 1946 4904 2059 4962; x_wconf 90' lang='lat' dir='ltr'><strong>fere</strong></span> <span class='ocrx_word' id='word_1_667' title='bbox 2081 4906 2151 4962; x_wconf 86' lang='lat'><strong>50</strong></span> <span class='ocrx_word' id='word_1_668' title='bbox 2173 4906 2377 4963; x_wconf 89' lang='lat' dir='ltr'><strong>marcis</strong></span> <span class='ocrx_word' id='word_1_669' title='bbox 2403 4907 2682 4965; x_wconf 78' lang='lat' dir='ltr'><strong>meliorari</strong></span> <span class='ocrx_word' id='word_1_670' title='bbox 2739 4906 2886 4963; x_wconf 89' lang='lat' dir='ltr'><strong>fecit.</strong></span> <span class='ocrx_word' id='word_1_671' title='bbox 2948 4906 3206 4964; x_wconf 79' lang='lat' dir='ltr'><strong>Oilicinas</strong></span> <span class='ocrx_word' id='word_1_672' title='bbox 3252 4905 3489 4975; x_wconf 76' lang='lat' dir='ltr'><strong>domus</strong></span> <span class='ocrx_word' id='word_1_673' title='bbox 3523 4932 3596 4983; x_wconf 57' lang='grc' dir='ltr'><strong>α</strong></span> 
     </span>
    </p>
   </div>
   <div class='ocr_carea' id='block_1_102' title="bbox 1946 4996 3612 5079">
    <p class='ocr_par' dir='ltr' id='par_1_102' title="bbox 1946 4996 3612 5079">
     <span class='ocr_line' id='line_1_102' title="bbox 1946 4996 3612 5079; baseline 0 -29"><span class='ocrx_word' id='word_1_674' title='bbox 1946 4996 2113 5053; x_wconf 60' lang='lat' dir='ltr'><strong>curiae</strong></span> <span class='ocrx_word' id='word_1_675' title='bbox 2142 4996 2470 5069; x_wconf 81' lang='lat' dir='ltr'><strong>episcOpalis</strong></span> <span class='ocrx_word' id='word_1_676' title='bbox 2502 5000 2741 5070; x_wconf 86' lang='lat' dir='ltr'><strong>dilapsas</strong></span> <span class='ocrx_word' id='word_1_677' title='bbox 2771 5000 3063 5070; x_wconf 86' lang='lat' dir='ltr'><strong>reparavit.</strong></span> <span class='ocrx_word' id='word_1_678' title='bbox 3107 4999 3364 5054; x_wconf 89' lang='lat' dir='ltr'><strong>Castrum</strong></span> <span class='ocrx_word' id='word_1_679' title='bbox 3413 5016 3612 5079; x_wconf 54' lang='lat' dir='ltr'><strong>quo,</strong></span> 
     </span>
    </p>
   </div>
   <div class='ocr_carea' id='block_1_103' title="bbox 1946 5083 3616 5177">
    <p class='ocr_par' dir='ltr' id='par_1_103' title="bbox 1946 5083 3616 5177">
     <span class='ocr_line' id='line_1_103' title="bbox 1946 5083 3616 5177; baseline -0.001 -33"><span class='ocrx_word' id='word_1_680' title='bbox 1946 5102 2054 5158; x_wconf 84' lang='lat' dir='ltr'><strong>que</strong></span> <span class='ocrx_word' id='word_1_681' title='bbox 2087 5088 2600 5162; x_wconf 87' lang='lat' dir='ltr'><strong>Winzenburgnon</strong></span> <span class='ocrx_word' id='word_1_682' title='bbox 2631 5091 2846 5146; x_wconf 88' lang='lat' dir='ltr'><strong>modico</strong></span> <span class='ocrx_word' id='word_1_683' title='bbox 2876 5101 3100 5165; x_wconf 89' lang='lat' dir='ltr'><strong>sumptu</strong></span> <span class='ocrx_word' id='word_1_684' title='bbox 3147 5097 3300 5143; x_wconf 88' lang='lat' dir='ltr'><strong>turre</strong></span> <span class='ocrx_word' id='word_1_685' title='bbox 3347 5083 3616 5177; x_wconf 54' lang='lat' dir='ltr'><strong>tinnis</strong></span> 
     </span>
    </p>
   </div>
   <div class='ocr_carea' id='block_1_104' title="bbox 1603 5207 2282 5301">
    <p class='ocr_par' dir='ltr' id='par_1_104' title="bbox 1603 5207 2282 5301">
     <span class='ocr_line' id='line_1_104' title="bbox 1603 5207 2282 5301; baseline 0.015 -32"><span class='ocrx_word' id='word_1_686' title='bbox 1603 5207 1840 5289; x_wconf 63' lang='lat' dir='ltr'><strong>nam</strong></span> <span class='ocrx_word' id='word_1_687' title='bbox 1866 5215 2282 5301; x_wconf 24' lang='lat' dir='ltr'><strong>‘LECTIQNES.</strong></span> 
     </span>
    </p>
   </div>
   <div class='ocr_carea' id='block_1_105' title="bbox 256 4986 1839 5058">
    <p class='ocr_par' dir='ltr' id='par_1_105' title="bbox 256 4986 1839 5058">
     <span class='ocr_line' id='line_1_105' title="bbox 256 4986 1839 5058; baseline 0.003 -20"><span class='ocrx_word' id='word_1_688' title='bbox 256 4986 448 5045; x_wconf 89' lang='lat' dir='ltr'><strong>ctionis</strong></span> <span class='ocrx_word' id='word_1_689' title='bbox 460 4991 513 5045; x_wconf 91' lang='lat' dir='ltr'><strong>in</strong></span> <span class='ocrx_word' id='word_1_690' title='bbox 528 4992 783 5047; x_wconf 89' lang='lat' dir='ltr'><strong>omnibus</strong></span> <span class='ocrx_word' id='word_1_691' title='bbox 794 4992 1115 5058; x_wconf 88' lang='lat' dir='ltr'><strong>declararet,</strong></span> <span class='ocrx_word' id='word_1_692' title='bbox 1130 4989 1479 5046; x_wconf 88' lang='lat' dir='ltr'><strong>medietatem</strong></span> <span class='ocrx_word' id='word_1_693' title='bbox 1501 4986 1839 5043; x_wconf 89' lang='lat' dir='ltr'><strong>oblationum</strong></span> 
     </span>
    </p>
   </div>
   <div class='ocr_carea' id='block_1_106' title="bbox 254 5078 1841 5152">
    <p class='ocr_par' dir='ltr' id='par_1_106' title="bbox 254 5078 1841 5152">
     <span class='ocr_line' id='line_1_106' title="bbox 254 5078 1841 5152; baseline 0.004 -23"><span class='ocrx_word' id='word_1_694' title='bbox 254 5078 439 5137; x_wconf 83' lang='lat' dir='ltr'><strong>altaris</strong></span> <span class='ocrx_word' id='word_1_695' title='bbox 466 5082 636 5139; x_wconf 73' lang='lat' dir='ltr'><strong>beatre</strong></span> <span class='ocrx_word' id='word_1_696' title='bbox 662 5083 863 5152; x_wconf 49' lang='lat' dir='ltr'><strong>Marias,</strong></span> <span class='ocrx_word' id='word_1_697' title='bbox 906 5092 959 5139; x_wconf 89' lang='lat' dir='ltr'><strong>et</strong></span> <span class='ocrx_word' id='word_1_698' title='bbox 996 5084 1215 5140; x_wconf 88' lang='lat' dir='ltr'><strong>terciam</strong></span> <span class='ocrx_word' id='word_1_699' title='bbox 1242 5087 1458 5152; x_wconf 85' lang='lat' dir='ltr'><strong>partem</strong></span> <span class='ocrx_word' id='word_1_700' title='bbox 1494 5094 1687 5136; x_wconf 89' lang='lat' dir='ltr'><strong>eorum</strong></span> <span class='ocrx_word' id='word_1_701' title='bbox 1716 5094 1841 5152; x_wconf 70' lang='lat' dir='ltr'><strong>qua:</strong></span> 
     </span>
    </p>
   </div>
  </div>
