4056 5360
547 376 678 432 1251

1627 330 1968 419 Arrmmx
2009 358 2100 414 an
2142 356 2199 413 s.
2241 346 2740 413 GODEIIARDUM.

3710 342 3844 401 1252

545 495 687 553 sima
715 474 1092 548 communivit.
1140 482 1384 541 Contulit
1411 488 1593 538 autem
1629 481 1695 536 ad
1726 458 1910 551 ipsum
1955 491 2148 532 arma—
2177 475 2223 535 Α
2253 491 2443 547 mitam
2466 489 2635 546 ιειιοίει
2658 502 2787 559 pars
2814 484 3166 558 episcopatus
3185 481 3277 538 vix
3304 478 3569 537 immunis
3597 493 3846 536 me-

543 586 689 641 rium
718 590 893 639 totum
921 586 1311 636 testamentum
1342 591 1545 631 novum
1573 581 1807 629 etvetus
1848 580 2151 639 utrumque

545 677 837 749 glosatum,
882 672 1224 743 expositores
1268 679 1323 725 et
1368 666 1857 741 hystoriograpbos
1905 678 1971 717 ac
2009 660 2150 717 divi-

543 784 741 825 norum
770 766 1033 822 librorum
1065 764 1410 828 tractatores,
1438 776 1541 816 nec
1562 775 1674 814 non
1700 758 1872 812 libros
1898 755 2145 827 phisicaa.

544 862 792 931 aliosque
827 872 995 929 quam
1023 855 1209 927 plures
1249 867 1351 909 suo
1376 852 1598 907 nomine
1628 849 1936 920 insignitos.
1971 846 2147 902 Orna-

544 959 665 1006 tum
712 964 844 1005 vero
889 947 1113 1003 adauxit
1164 945 1445 1009 mcclesite,
1495 942 1739 997 casulam
1794 940 1861 996 de
1906 939 2145 994 examito

543 1051 793 1097 ornatam
816 1040 1119 1111 aurifrigio,
1144 1038 1358 1092 dorsale
1380 1036 1446 1091 de
1470 1034 1654 1105 pallio,
1704 1031 1788 1087 inf
1789 1033 1954 1098 uiam,
1979 1048 2143 1103 cyro-

544 1136 754 1201 tbecas,
791 1132 1036 1189 sandalia
1072 1140 1232 1197 nova,
1265 1136 1320 1184 et
1375 1129 1481 1182 alia
1520 1127 1738 1189 usitata,
1764 1139 1984 1194 capsam
2016 1139 2143 1178 cum

542 1225 789 1297 reliquiis
824 1231 878 1280 et
926 1222 1117 1294 pedem
1154 1220 1334 1276 crucis
1370 1218 1722 1274 conferendo.
1756 1214 1967 1271 Obtulit
2006 1231 2142 1286 prie-

543 1325 690 1374 terea
730 1316 796 1372 ad
823 1315 1170 1386 praebendam
1210 1313 1442 1369 fratrum
1468 1321 1579 1367 tres
1610 1326 1835 1366 mansos
1879 1319 1934 1365 (ι
1980 1308 2141 1365 dimi-

543 1411 693 1466 dium
725 1419 778 1465 et
802 1410 941 1487 duas
976 1424 1133 1463 areas
1170 1408 1226 1462 in
1264 1406 1592 1476 Eilstringhe
1620 1403 1788 1475 (127).
1816 1401 1951 1459 Tres
1982 1419 2138 1457 man-

543 1518 636 1561 sos
655 1511 710 1559 et
729 1512 839 1559 tres
862 1516 1020 1557 areas
1040 1502 1096 1555 in
1125 1500 1345 1556 Solcsze
1368 1499 1514 1570 (128)
1534 1508 1658 1553 eum
1682 1505 1806 1553 octo
1824 1496 2135 1567 mancipiis,

542 1612 610 1653 ac
664 1595 900 1668 cyphum
940 1601 1259 1665 argenteum
1322 1599 1530 1661 septem
1591 1588 1791 1644 marcis
1854 1602 2140 1658 compara-

543 1699 663 1744 tum
684 1688 752 1743 ⁸⁸.

610 1779 702 1835 22.
728 1780 773 1812 ⁹⁹
794 1779 1062 1851 EpiscOpo
1074 1777 1332 1834 Brunone
1352 1776 1611 1833 defuncto
1627 1776 1670 1807 ⁶⁰
1693 1776 1804 1848 (an.
1826 1775 1985 1841 1162,
2013 1774 2131 1830 Oct.

543 1872 656 1943 18),
686 1870 1118 1927 HERMANNUS
1139 1869 1464 1942 praepositus
1491 1868 1706 1923 Sanctae
1749 1868 1944 1923 Crucis
1984 1884 2140 1922 com-

543 1966 785 2022 muniter
825 1967 896 2021 ab
934 1966 1192 2023 omnibus
1236 1965 1462 2030 electus,
1510 1980 1543 2018 a
1580 1963 1829 2019 fidelibus
1859 1962 2138 2029 aecclesiae,

542 2057 798 2113 consulto
843 2064 1026 2112 tamen
1068 2056 1223 2127 prius
1260 2055 1611 2126 imperatOre,
1656 2054 1751 2125 qui
1794 2070 1860 2110 eo
1899 2063 2144 2125 tempore

542 2147 601 2203 in
653 2146 835 2204 Ytalia
875 2148 1216 2215 morabatur,
1253 2154 1658 2203 sacramentum
1700 2146 1977 2203 fidelitatis
2020 2162 2144 2203 sus-

543 2240 715 2310 cepit,
771 2240 1091 2311 cunctisque
1141 2239 1387 2311 negociis
1440 2239 1558 2295 suis
1606 2247 1661 2294 et
1710 2240 1957 2294 comodis
1997 2239 2145 2294 circa

543 2332 793 2388 redditus
826 2332 1164 2403 episcopales
1194 2332 1367 2388 libera
1394 2339 1664 2402 potestate
1686 2328 1988 2402 dispositis,
2018 2346 2146 2387 cum

544 2421 749 2477 milicia
782 2422 1049 2478 domuum
1086 2423 1475 2495 imperatorem
1521 2423 1577 2478 in
1619 2421 1855 2477 Ytaliam
1899 2432 2144 2490 secutus,

544 2513 809 2586 regalium
824 2514 1202 2572 investituram
1220 2518 1364 2588 apud
1377 2516 1616 2590 Papyam
1628 2519 1856 2588 adeptus
1871 2528 1954 2573 est
1973 2517 2143 2590 (129).

542 2603 606 2660 ιιι
650 2605 967 2677 episcopatu
1015 2609 1254 2680 denique
1287 2609 1641 2676 constitutus,
1693 2609 1900 2665 sociam
1934 2622 2149 2678 semper

546 2699 757 2755 habens
779 2699 1145 2756 humilitatem
1172 2718 1298 2758 cum
1331 2703 1527 2758 timore
1571 2702 1666 2757 Dei
1716 2714 1770 2757 et
1813 2701 1964 2757 omni
1993 2715 2151 2757 man-

546 2792 861 2861 suetudine,
914 2793 1164 2849 subditos
1217 2795 1322 2849 sibi
1368 2795 1728 2866 gubernabat,
1775 2810 1901 2866 erga
1952 2794 2150 2854 fratres

545 2888 699 2937 tanta
720 2898 858 2938 usus
879 2883 1264 2951 benivolentia,
1305 2894 1365 2940 ut
1385 2885 1611 2940 tereiam
1653 2895 1863 2955 partem
1895 2884 2151 2942 sacrificii

548 2974 604 3028 in
635 2974 808 3033 choro
837 2975 1013 3032 sancti
1038 2975 1345 3033 Godchardi
1370 2978 1516 3033 circa
1543 2977 1758 3032 initium
1788 2994 1903 3034 suae
1929 2995 2152 3051 promo-

546 3064 716 3121 tionis
736 3066 875 3137 ipsis
897 3067 1209 3139 largiretur.
1234 3067 1292 3123 In
1318 3070 1641 3125 memoriam
1664 3087 1883 3141 quoque
1905 3074 2151 3129 omnium

2252 590 2353 636 ret.
2394 580 2638 636 Consilio
2686 587 2868 633 tamen
2913 575 3103 633 domni
3140 573 3486 644 imperatoris
3532 580 3594 628 et
3645 570 3847 643 princi-

2250 684 2380 748 pum
2403 675 2524 747 ejus
2549 676 2653 731 hac
2690 683 2986 744 utcumque
3027 670 3214 727 sedata
3252 668 3648 734 commotione,
3697 666 3859 721 dom~‘

2250 788 2354 826 nus
2376 769 2722 824 llcrinannus
2745 766 3034 837 cpiscopus
3057 779 3153 834 per
3172 777 3501 818 consensum
3523 759 3763 815 fratrum
3785 754 3849 812 ad

2254 862 2603 932 sepulchrum
2649 854 2867 912 Domini
2913 855 3191 927 profectus
3240 861 3364 919 est;
3414 852 3472 906 in
3506 866 3617 922 qua
3667 849 3847 920 prole-

2247 955 2430 1011 ctione
2478 962 2674 1025 praeter
2719 951 2856 1006 alios
2891 950 3106 1004 labores
3129 944 3479 1017 naufragium
3526 957 3750 1014 passus,
3784 938 3849 997 ad

2248 1059 2451 1105 tantam
2477 1047 2694 1102 devenit
2716 1045 2978 1115 inopiam,
3022 1049 3084 1096 ut
3122 1047 3305 1094 tantus
3325 1037 3605 1108 princeps,
3654 1048 3849 1103 genere

2244 1151 2298 1198 et
2342 1141 2603 1212 dignitate
2633 1139 2949 1210 praeclarus,
2989 1134 3219 1205 publicre
3241 1128 3575 1185 mendicitati
3615 1126 3875 1195 subjici»-

2243 1245 2414 1290 retur.
2447 1234 2489 1286 A
2513 1232 2820 1304 patriarcha
2848 1239 3031 1285 tamen
3053 1224 3534 1281 .lberosolimitano
3556 1228 3613 1276 et
3631 1221 3706 1273 ab
3731 1219 3849 1275 aliis

2243 1337 2402 1384 ternae
2429 1326 2573 1380 illius
2598 1323 2869 1396 religiosis
2898 1322 2987 1393 pie
3025 1329 3332 1389 susceptus,
3370 1315 3603 1385 benigne
3628 1314 3849 1368 habitus

2241 1420 2295 1475 et
2349 1417 2650 1473 honorifice
2691 1416 2975 1480 dimissus,
3028 1412 3262 1467 reditum
3311 1410 3367 1463 in
3409 1408 3648 1480 patriam
3692 1421 3846 1461 suam

2241 1509 2600 1575 acceleravit;
2643 1507 2978 1576 veniensque
3003 1505 3144 1559 bene
3179 1514 3367 1573 sospes
3387 1501 3443 1555 in
3472 1499 3737 1564 Ytaliam,
3776 1496 3847 1553 ibi

2240 1610 2489 1676 cgmtare
2516 1601 2677 1672 cepit,
2737 1607 2792 1655 et
2813 1598 2956 1670 apud
2988 1596 3279 1655 Secusium
3329 1594 3501 1665 (151),
3563 1593 3676 1648 fide
3733 1591 3844 1662 ple-

2240 1713 2366 1762 nus,
2398 1693 2690 1749 defunctus
2715 1699 2801 1747 est
2843 1700 2897 1746 et
2940 1689 3142 1745 ibidem
3185 1686 3435 1759 sepultus
3462 1686 3505 1717 ⁶¹
3530 1686 3647 1757 (an.
3686 1682 3844 1739 117ου

2171 1824 2216 1883 Β
2244 1786 2360 1843 Jul.
2393 1786 2503 1858 10).

2312 1880 2403 1934 25.
2420 1880 2474 1911 ’θ’
2496 1874 2866 1931 ADELOGUS
2897 1874 2943 1908 ⁸³
2964 1873 3291 1945 praepositus
3312 1869 3689 1929 Goslariensis
3719 1875 3847 1941 post

2244 1974 2533 2030 decessum
2590 1968 2887 2025 Hermanni
2927 1966 3167 2038 episcopi
3213 1966 3284 2021 ab
3327 1964 3586 2021 omnibus
3630 1963 3845 2018 electus

2244 2074 2327 2123 est
2358 2067 2467 2135 (an.
2509 2064 2689 2133 1171).
2722 2061 2828 2130 Qui
2861 2061 3132 2132 pluribus,
3179 2068 3240 2114 ut
3281 2059 3337 2114 in
3379 2056 3684 2129 privilegiis
3730 2056 3848 2111 suis

2247 2158 2574 2224 continetur,
2592 2155 2821 2211 fratrum
2837 2151 3140 2209 commodis
3155 2151 3243 2221 pie
3261 2149 3625 2220 prospiciens,
3642 2147 3701 2201 in
3717 2162 3850 2217 pm.

2247 2249 2479 2306 statione
2508 2248 2672 2304 castri
2695 2240 3303 2314 llonburg(i§2),quod
3328 2239 3374 2272 “
3403 2240 3519 2310 ipse
3532 2239 3842 2294 alienatum

2248 2342 2318 2397 'ab
2336 2340 2565 2397 ecclesia
2595 2354 2692 2411 per
2714 2334 3030 2392 lleinricum
3058 2332 3276 2395 ducem,
3296 2329 3522 2385 domino
3554 2327 3846 2383 Friller-ica

2248 2433 2577 2502 imperatore
2634 2434 2995 2498 coeperante,
3045 2422 3192 2479 datis
3246 2420 3496 2493 pecuniis
3555 2418 3850 2489 requisivit

2252 2524 2364 2595 (an.
2396 2521 2577 2595 1181),
2603 2522 2745 2577 duos
2765 2533 2991 2575 mansos
3020 2516 3075 2572 in
3097 2514 3584 2570 Waltrinkebusen
3607 2512 3768 2582 (155)
3797 2519 3853 2566 et

2249 2614 2624 2683 Westenhem,
2659 2616 2727 2670 10
2757 2612 2960 2669 solidos
3003 2609 3294 2674 solventes,
3322 2623 3356 2662 a
3388 2606 3608 2662 duobus
3657 2603 3849 2659 fratri-

2252 2711 2354 2766 bus
2377 2707 2663 2778 Ludolpho
2693 2705 2945 2760 videlicet
2963 2708 3018 2758 et
3042 2700 3315 2771 Adolpho,
3335 2697 3432 2769 qui
3453 2704 3672 2767 partem
3701 2695 3851 2766 ejus-

2252 2802 2376 2858 dem
2406 2800 2572 2855 castri
2597 2799 2653 2852 in
2682 2796 2944 2852 beneficio
2972 2799 3355 2863 susceperunt,
3375 2798 3433 2846 et
3458 2788 3529 2844 ab
3557 2788 3687 2845 aliis
3709 2789 3850 2844 duo-

2252 2896 2359 2952 bas
2391 2893 2654 2948 fratribus
2679 2890 2899 2945 Bodone
2925 2897 2980 2944 et
3007 2885 3280 2952 Bertoldo,
3308 2883 3405 2954 qui
3427 2898 3585 2938 suam
3613 2882 3852 2938 nichilo-

2252 2987 2437 3042 minus
2468 2993 2680 3056 partem
2724 2983 2794 3037 ab
2826 2981 3084 3052 episcopo
3128 2977 3411 3034 feodaliter
3455 2978 3848 3046 perceperunt,

2265 3077 2326 3131 I0
2358 3092 2573 3132 matcas
2615 3076 2681 3129 ad
2712 3073 3003 3129 emendum
3038 3069 3300 3141 praedium
3333 3069 3389 3124 in
3424 3082 3565 3138 opus
3611 3064 3851 3120 fratrum

545 3155 787 3212 fidelium
812 3159 1146 3227 animarum,
1183 3177 1349 3232 quam
1405 3163 1520 3232 ipse
1562 3164 1775 3234 primus
1822 3165 1874 3218 in
1906 3167 2150 3220 mcclesia
2183 3172 2225 3233 C
2258 3172 2372 3225 dari
2403 3170 2674 3225 ordinavit
2699 3168 2808 3241 (an.
2840 3164 3021 3236 1185).
3052 3163 3324 3219 Prmdium
3367 3175 3591 3232 quoque
3629 3158 3851 3215 comitis

548 3256 736 3303 nostra
760 3251 1026 3306 celebrem
1050 3250 1198 3320 fecit,
1218 3261 1328 3309 tres
1354 3270 1581 3310 mansos
1603 3255 1659 3309 in
1682 3253 1973 3312 Sutherem
2005 3257 2152 3330 (150)

548 3347 605 3394 et
636 3340 1012 3397 molendinum
1055 3344 1124 3399 de
1172 3345 1508 3416 patrimonio
1553 3362 1655 3402 suo
1708 3347 1971 3404 fratribus
2017 3350 2156 3405 assi-

548 3431 770 3501 gnavit;
802 3433 1338 3494 Ganderhemensem
1363 3439 1667 3495 arcclesiam
1691 3440 1941 3497 incendio
1961 3442 2156 3513 depra-

546 3532 753 3594 vatam,
793 3527 890 3582 sed
936 3530 1120 3586 studio
1146 3530 1448 3589 Atheleidis
1493 3534 1785 3590 abbatissae
1826 3545 2152 3605 reparatam,

552 3611 827 3674 Hartwico
874 3620 1167 3676 venerabili
1211 3621 1524 3679 Bremensis
1566 3625 1828 3680 aecclesiac
1880 3626 2154 3697 archiepi-

548 3719 719 3777 scopo
749 3710 1047 3781 multisque
1091 3713 1214 3769 aliis
1253 3715 1526 3786 episcopis
1560 3718 2003 3787 cooperantibus,
2053 3719 2157 3774 sol-

548 3796 839 3867 lempniter
878 3802 1168 3859 dedicavit.
1214 3804 1325 3861 Nec
1354 3823 1595 3878 unquam
1634 3808 1690 3862 in
1729 3810 1977 3865 aeeelesia
2012 3809 2154 3865 Gos-

548 3884 775 3944 lariensi
800 3892 1042 3963 aliquam
1072 3898 1523 3954 contradictionis
1539 3900 1845 3955 molestiam
1867 3901 2152 3970 sustinuit,

551 3981 688 4037 adeo
715 3991 776 4038 ut
817 3985 873 4040 in
915 3988 1151 4058 quadam
1193 3991 1481 4061 sollempni
1510 3992 1666 4048 curia
1697 3991 1963 4049 Goslariae
2011 3996 2158 4055 cole-

549 4074 727 4179 brata,
772 4094 894 4133 cum
921 4079 1036 4150 ipse
1082 4082 1263 4139 adhuc
1289 4084 1555 4140 diaconus
1595 4096 1770 4151 esset,
1815 4097 1869 4142 et
1908 4088 2157 4159 plerique

550 4172 958 4237 episcoporum,
992 4180 1176 4241 utpote
1213 4172 1567 4244 Moguntinus
1592 4173 1880 4232 Conradus
1908 4186 1964 4232 et
1987 4178 2153 4234 Rein-

553 4256 711 4312 aldus
737 4256 1106 4328 Coloniensis,
1135 4263 1388 4318 similiter
1426 4265 1482 4319 in
1533 4267 1827 4323 diaconatu
1872 4271 2153 4328 constituti

550 4353 610 4400 et
651 4347 886 4417 simplici
930 4351 1217 4408 electionis
1246 4355 1454 4411 honore
1495 4358 1781 4426 pollentes,
1819 4361 2152 4431 suscipiendi

550 4435 815 4493 damnum
850 4440 1236 4514 imperatorem
1286 4447 1340 4502 in
1369 4450 1719 4517 processione
1758 4461 1812 4507 et
1835 4469 2147 4510 sermonem

2257 3261 2473 3318 Ottonis
2496 3262 2562 3316 de
2587 3260 2712 3315 Asle
2733 3259 2904 3330 (15-1),
2928 3274 2959 3311 a
2980 3256 3145 3310 vidua
3174 3255 3346 3325 ipsius
3375 3253 3594 3309 comitis
3622 3250 3847 3308 domina

2259 3353 2476 3408 Salome
2510 3352 2655 3423 quod
2692 3351 2759 3406 ad
2806 3350 2980 3420 ipsam
3019 3346 3259 3418 legitima
3288 3343 3643 3401 successione
3676 3342 3846 3398 devo-

2255 3448 2429 3502 lutum
2456 3454 2593 3512 erat,
2628 3459 2729 3501 sua
2756 3443 2866 3498 filia
2888 3439 3271 3497 consenciente
3298 3437 3533 3507 aliisque
3554 3436 3676 3490 suis
3696 3435 3849 3489 here-

2256 3539 2419 3594 dibus
2448 3538 2686 3610 lcgitime
2713 3532 3209 3595 consencientibus,
3237 3528 3427 3585 multis
3466 3527 3755 3582 laboribus
3793 3533 3846 3579 et

2256 3631 2468 3701 magnis
2505 3628 2770 3699 impensis
2815 3630 3190 3694 comparatum
3247 3636 3374 3676 cum
3418 3618 3683 3674 omnibus
3728 3615 3845 3673 suis

2256 3722 2586 3788 attinenciis,
2615 3719 2890 3775 mediante
2919 3715 3143 3772 domino
3192 3712 3469 3769 Friderico
3512 3712 3843 3781 imperatore

2254 3823 2310 3870 et
2336 3813 2539 3869 factum
2566 3811 2808 3882 epi500pi
2832 3808 3008 3867 modis
3035 3806 3292 3863 omnibus
3314 3804 3731 3867 corroborante,
3755 3817 3843 3858 ec-

2256 3905 2434 3959 clesiae
2461 3912 2663 3957 nostrze
2708 3899 3001 3971 acquisivit
3045 3898 3155 3969 (an.
3188 3896 3371 3967 1186).
3398 3892 3626 3949 Mansos
3662 3902 3840 3947 autem

2259 3997 2289 4051 7
2311 4006 2365 4053 et
2393 3997 2426 4051 8
2447 3997 2636 4067 jugera
2670 3995 2726 4048 in
2758 3992 2977 4048 Stenem
3003 3991 3069 4046 ad
3096 3990 3235 4046 idem
3259 3987 3525 4058 praedium
3560 3985 3839 4055 pertinen-

2256 4102 2338 4149 tes
2363 4102 2418 4147 et
2453 4099 2586 4146 tunc
2612 4088 2874 4160 temporis
2904 4087 3008 4143 sibi
3026 4092 3286 4141 vacantes
3314 4083 3381 4138 ad
3412 4096 3574 4136 usum
3609 4079 3840 4135 fratrum

2255 4192 2358 4247 sub
2379 4206 2442 4245 ea
2464 4186 2915 4244 determinatione
2945 4182 3245 4255 deputavit,
3270 4188 3331 4235 ut
3354 4178 3656 4248 redemptis
3684 4175 3839 4231 bonis

2254 4299 2319 4339 ac
2368 4281 2687 4354 pignoribus
2738 4277 3005 4344 ecclesiae,
3050 4277 3107 4330 in
3150 4274 3484 4345 emptionem
3523 4271 3839 4327 eorumdcm

2254 4375 2580 4446 praadiorum
2630 4371 2903 4443 obligatis,
2941 4377 3073 4424 tunc
3119 4367 3340 4423 demum
3377 4366 3608 4421 liberam
3659 4362 3838 4418 utendi

2253 4466 2334 4523 eis
2395 4466 2631 4523 habeant
2686 4463 3022 4519 facultatem.
3073 4458 3333 4515 Prtestitit
3376 4457 3605 4527 insuper
3652 4464 3840 4511 mutuo

550 4533 784 4593 faciendi
826 4538 893 4595 ad
924 4542 1187 4612 populum
1235 4559 1302 4599 ex
1346 4544 1523 4603 cilicio
1551 4562 1664 4603 suae
1698 4548 2000 4619 dignitatis,
2030 4549 2147 4606 llil-
2170 4532 2225 4592 Ῑ)
2248 4557 2463 4612 duobus
2509 4554 2773 4610 fratribus
2818 4549 3050 4608 Ludolfo
3088 4557 3145 4605 et
3187 4548 3513 4604 Wilbrando
3558 4546 3837 4617 sexaginta

550 4628 1000 4733 de??5hemm5is
1045 4635 1251 4733 θίθοξιιδ
1275 4679 1291 4704 υ
1345 4654 1487 4694 onus
1529 4648 1583 4695 et
1630 4638 1874 4697 laborem
1940 4643 2142 4699 ibidem
2251 4664 2464 4705 marcas
2512 4648 2743 4720 argenti,
2780 4645 3001 4717 quando
3051 4640 3473 4698 Jherosolimam
3519 4639 3837 4709 proficisce-

553 4720 739 4827 ξξὼίξθ
785 4735 1091 4827 ορξθνεωτ.
1118 4727 1279 4827 Αιξοει
1321 4731 1533 4802 aliquot
1571 4748 1746 4789 annos
1773 4751 1888 4790 suae
1925 4752 2145 4807 promo-
2248 4743 2450 4797 bantur
2495 4757 2621 4797 cum
2673 4739 2897 4795 domino
2945 4736 3315 4807 imperatore,
3361 4739 3546 4789 castro
3597 4731 3839 4786 ecclesia:

551 4817 967 4921 ξέὶηίδβιξξξάθω
1000 4820 1091 4921 Sili
1110 4821 1312 4890 “deleti,
1341 4824 1472 4921 quia
1507 4841 1699 4921 eorum
1729 4842 1906 4899 usque
1929 4845 2145 4900 quaque
2250 4834 2569 4889 llalremunt
2588 4832 2759 4905 (155),
2788 4830 2936 4901 quod
2964 4828 3069 4899 ipsi
3094 4829 3163 4885 de
3198 4844 3367 4883 manu
3390 4827 3639 4898 episcopi
3671 4827 3837 4881 bene-

551 4905 928 4997 YOIIInlatibus
949 4913 1171 4970 nolebat
1201 4932 1323 4971 esse
1352 4918 1645 4984 obnoxius,
1671 4921 1840 4976 tantis
1867 4923 2072 4997 rapinis
2096 4933 2150 4979 et
2251 4926 2461 4981 ficiario
2492 4938 2722 4980 munere
2760 4923 2807 4957 “
2832 4930 3145 4989 tenuerunt,
3178 4922 3301 4979 loco
3328 4920 3578 4992 pignoris
3598 4928 3832 4990 recepto,

552 4994 819 5057 incendiis
840 5002 1085 5060 demoliti
1107 5015 1235 5062 sunt
1259 5009 1655 5080 episcopatum,
1683 5020 1743 5066 ut
1774 5012 1976 5149 abvbac
2000 4994 2148 5072 cala-
2249 5029 2305 5075 et
2343 5018 2551 5088 aliquot
2597 5015 3044 5072 ministerialibus
3084 5014 3223 5081 suis,
3261 5029 3328 5069 ac
3352 5013 3681 5083 interposita
3716 5026 3835 5084 pac-

1892 5102 2074 5149 ARIAT.
2114 5107 2513 5149 narrrmmns-

1892 5102 2001 5150 ARI
2016 5106 2074 5150 Ᾱῖἶ
2114 5107 2513 5150 ΙΙΠῚΤΙΠΝΒἮ-
