4056 5360
248 252 392 313 “53

1365 252 1759 311 CllRONlCON
1799 244 2420 311 HlLDESIlElMENSE.

3392 252 3533 329 ηεξ

244 368 429 433 cione,
454 376 515 423 ut
538 367 739 425 eaedem
761 365 1034 439 przedictae
1060 382 1261 423 mareae
1282 367 1577 437 redemptis
1601 365 1845 439 pignori-
1872 366 1919 427 Α
1946 361 2005 418 ln
2033 359 2527 420 Gandershemensi
2554 359 2785 419 ecclesia
2832 369 2949 417 toto
2992 362 3118 419 vitae
3156 378 3270 419 sua:
3292 342 3536 434 tempore

242 460 352 515 bus
366 460 436 515 ab
457 460 751 516 heredibus
774 460 1156 531 prtedictorum
1174 458 1217 489 ⁶⁶
1233 457 1465 513 fratrum
1491 459 1544 512 in
1570 470 1730 514 usum
1746 473 1839 513 ec-

248 551 431 607 clesiae
472 552 708 608 debeant
749 550 1058 622 provenire.
1103 549 1541 606 Consuetudines
1580 559 1841 620 praeterea

247 644 542 714 quasdam,
567 653 622 700 et
650 644 900 714 quaedam
924 644 1053 714 jura
1095 643 1356 710 ecclesim,
1384 659 1506 716 quae
1544 652 1670 699 ante
1698 651 1840 698 tem-

249 752 386 807 pora
420 754 543 805 sua,
566 738 768 808 scripta
802 737 1112 809 specialiter
1136 737 1540 808 comprehensa
1588 752 1698 792 non
1740 737 1841 792 ha-

251 830 507 898 buimus,
538 846 607 886 ne
640 831 697 886 in
717 840 997 901 posterum
1034 831 1217 901 aliqua
1273 837 1495 900 possent
1533 830 1841 901 malignan-

250 920 399 975 cium
452 920 741 990 iniquitate
784 921 1038 989 convelli,
1083 921 1287 990 scripto
1328 920 1759 990 comprehendit,
1789 928 1844 974 et

251 1011 359 1066 alia
414 1011 664 1082 quaedam
713 1018 837 1066 ante
915 1027 1024 1067 non
1075 1011 1260 1069 habita
1310 1009 1562 1066 clementi
1603 1010 1845 1065 bonitate

252 1102 624 1173 superaddidit
670 1102 781 1173 (an.
808 1101 992 1173 H79),
1026 1101 1173 1174 quod
1218 1100 1468 1155 videlicet
1512 1115 1580 1155 ne
1612 1100 1747 1171 ipse,
1776 1116 1844 1156 ne

252 1194 453 1264 aliquis
483 1208 869 1251 successorum
893 1208 1120 1250 suorum
1153 1194 1535 1265 episcoporum
1558 1194 1676 1249 sine
1705 1210 1842 1249 con-

236 1285 376 1341 ‘silio
399 1285 765 1342 discretorum
810 1284 1064 1351 fratrum,
1099 1285 1184 1339 vel
1212 1301 1409 1357 magna
1440 1284 1666 1355 negocia
1701 1282 1843 1339 ditii-

252 1377 394 1445 nire,
416 1378 502 1433 vel
529 1377 794 1436 beneficia
817 1377 1026 1450 majora
1053 1376 1255 1445 locare,
1286 1378 1400 1433 sive
1427 1377 1669 1434 redditus
1691 1392 1845 1431 men-

256 1485 335 1524 sa:
356 1485 491 1536 suae,
516 1469 563 1524 si
593 1468 733 1524 forte
754 1468 1127 1526 necessarium
1157 1468 1342 1537 fuerit,
1367 1468 1583 1541 pignori
1604 1469 1846 1540 obligare

252 1561 339 1618 vel
362 1561 475 1619 ullo
498 1562 659 1618 modo
683 1561 923 1617 alienare
968 1570 1283 1633 prtesumat.
1312 1560 1444 1616 ltem
1467 1568 1527 1616 ut
1554 1577 1621 1616 ex
1646 1560 1844 1631 depra—

249 1654 470 1708 vatione
521 1664 752 1710 monetze
800 1653 1250 1725 congregationes
1297 1653 1354 1708 in
1392 1652 1699 1724 praebendis
1728 1651 1844 1709 suis

1945 455 2180 511 cilicium
2216 454 2520 526 episc0pale
2546 454 2716 508 libere
2746 444 2802 507 in
2831 454 3086 510 omnibus
3112 456 3371 510 exercuit.
3396 453 3533 512 Nam

1944 547 2166 602 domina
2201 546 2509 619 Luidgarda
2548 545 2827 613 defuncta,
2859 545 3135 601 dominam
3167 547 3534 620 Adelheydam

1945 639 2023 694 illi
2051 640 2313 694 canonice
2342 639 2696 695 substitutam
2734 639 2788 693 in
2819 639 3009 694 eodem
3042 641 3375 694 monasterio
3402 657 3534 695 con-

1946 733 2199 799 secravit,
2237 733 2503 803 synodum
2541 741 2593 786 et
2620 731 2895 787 erismatis
2921 733 3390 787 consecrationem
3426 734 3533 789 ibi-

1945 824 2067 880 dem
2084 824 2586 895 quocienscumque
2602 824 2773 879 voluit
2793 824 3085 879 celebravit
3099 824 3163 878 ‘9.
3190 823 3335 879 Obiit
3352 835 3534 880 autem

1945 932 2092 971 anno
2116 915 2411 972 Dominieae
2442 916 2838 972 incarnationis
2865 916 2999 970 “9-3
3030 915 3332 989 (.Scpt.20),
3357 926 3411 972 et
3442 934 3533 974 se-

1945 1009 2130 1080 pultus
2151 1017 2235 1065 est
2263 1009 2320 1064 in
2355 1007 2534 1063 medio
2564 1009 2750 1079 eriptze
2776 1001 3095 1079 principalis
3118 1010 3381 1065 ecclesiae.

2610 1094 2860 1155 BERNO.

2016 1193 2106 1252 24.
2139 1191 2280 1249 Huic
2333 1192 2601 1251 successit
2647 1192 2824 1248 Berno
2867 1193 3180 1265 episcopus,
3210 1194 3306 1266 qui
3355 1194 3533 1266 primo

1946 1287 2208 1357 magister
2233 1286 2529 1353 scolarum,
2563 1286 2757 1341 exinde
2786 1278 3016 1341 ecclesie
3051 1296 3238 1342 nostre
3274 1286 3535 1354 decanus,

1946 1379 2194 1434 unanimi
2235 1378 2369 1434 cleri
2421 1379 2685 1434 electione
2725 1386 2777 1433 ct
2819 1372 2999 1434 tocius
3046 1379 3231 1450 populi
3261 1394 3534 1435 consensu

1945 1470 2173 1526 ecclesie
2197 1480 2382 1526 nostre
2404 1469 2675 1540 prefectus
2698 1478 2800 1526 est.
2832 1467 3049 1527 Electus
3075 1480 3256 1526 autem
3285 1471 3425 1527 sicut
3452 1469 3557 1526 vir‘

1945 1562 2185 1633 prudens
2207 1570 2260 1616 et
2276 1560 2536 1632 providus
2564 1568 2619 1616 et
2646 1560 2863 1615 litterali
2902 1561 3129 1616 scientia
3167 1560 3430 1631 preditus,
3461 1560 3535 1616 ita

1946 1651 2317 1723 episcopatum
2354 1652 2694 1723 temporibus
2716 1652 2833 1708 suis
2860 1648 3269 1708 amministrare
3297 1653 3531 1722 curavit,

250 1735 576 1801 detrimenta
625 1746 774 1800 nulla
821 1719 1157 1813 sustineant,
1191 1719 1416 1811 statuit;
1453 1752 1506 1800 et
1538 1744 1718 1799 banno
1747 1745 1843 1799 lir-
1876 1719 1920 1775 Β
1947 1719 2009 1804 u-t
2040 1756 2095 1803 et
2117 1719 2345 1803 honeste
2383 1719 2568 1803 rerum
2600 1739 2952 1818 acquisitioni
2985 1756 3039 1803 et
3067 1748 3365 1803 earundem
3404 1719 3538 1803 con;-

245 1837 442 1911 pmavit,
474 1845 533 1892 ut
556 1837 626 1892 2t
649 1836 808 1894 solidi
846 1852 1047 1892 marcte
1073 1835 1368 1892 examinati
1396 1836 1607 1908 argenti
1629 1851 1846 1911 semper

252 1928 535 1999 aequaliter
556 1930 940 2000 respondeant.
956 1926 1218 1984 Firmavit
1232 1927 1404 1984 eciam
1428 1926 1844 2000 archidyaconis

252 2019 538 2091 synodalia
562 2020 605 2052 ‘”
633 2020 698 2076 de
734 2019 981 2077 ecclesiis
1029 2020 1144 2076 sive
1196 2020 1419 2093 capellis
1456 2020 1572 2076 suis
1618 2036 1740 2091 quae
1787 2019 1843 2075 in

249 2128 441 2166 eorum
473 2120 742 2183 potestate
765 2111 1099 2180 consistunt,
1120 2120 1247 2184 post
1267 2111 1477 2168 obitum
1497 2111 1843 2169 sacerdotum

252 2205 348 2276 qui
380 2204 447 2260 de
473 2220 639 2259 manu
669 2205 910 2276 episc0pi
929 2204 1193 2261 ecclesias
1220 2204 1442 2261 easdem
1470 2204 1584 2260 sive
1605 2204 1844 2276 capellas

249 2301 564 2349 tenuerunt.
596 2293 943 2351 Testamenta
969 2310 1189 2367 quoque
1215 2293 1450 2350 fratrum
1480 2310 1604 2366 quae
1624 2294 1727 2366 ipsi
1762 2294 1843 2352 fe-

249 2385 443 2451 cerint,
482 2385 566 2440 vel
600 2402 723 2458 quae
760 2404 826 2443 ex
856 2388 1092 2443 aliorum
1134 2388 1476 2444 testamentis
1508 2388 1688 2459 legata
1718 2386 1841 2445 fue-

248 2478 380 2543 rint,
422 2477 821 2552 imperpetuum
854 2480 1075 2536 donavit
1112 2487 1168 2536 et
1202 2480 1368 2535 banni
1400 2480 1486 2535 sui
1515 2480 1844 2537 auctoritate

251 2570 504 2626 munivit.
534 2570 771 2627 Instituit
795 2588 1035 2643 quoque,
1059 2567 1205 2644 quod
1235 2588 1339 2628 nec
1370 2572 1486 2643 ipse
1511 2588 1614 2630 nec
1639 2572 1842 2644 aliquis

253 2677 639 2719 successorum
685 2680 911 2719 suorum
952 2666 1334 2736 episcoporum
1362 2664 1604 2721 bannum
1630 2666 1715 2721 vel
1752 2681 1842 2722 ec-

251 2755 477 2810 clesiam
508 2753 747 2827 aiéquam
775 2750 936 2812 alicui
963 2758 1208 2813 ecclesiae
1228 2758 1283 2812 in
1305 2757 1620 2829 episcopatu
1651 2766 1842 2814 nostro

252 2847 562 2903 constitutae
584 2849 699 2904 sine
721 2865 991 2906 consensu
1009 2859 1062 2905 et
1082 2850 1311 2905 consilio
1328 2847 1559 2905 fratrum
1578 2859 1841 2923 perpetuo

251 2940 637 3010 possidendam
684 2941 876 2997 debeat
923 2942 1172 2998 conferre
1215 2943 1299 2998 vel
1340 2943 1585 2999 donare:
1626 2950 1681 2999 et
1714 2959 1840 2999 cunt

1947 1841 2241 1899 servationi
2270 1841 2483 1897 decenti
2529 1836 2860 1898 omnimodis
2892 1841 3212 1897 intenderet.
3242 1840 3363 1913 Ipse
3391 1841 3538 1897 enim

1945 1944 2129 2008 preter
2151 1936 2353 1991 multas
2378 1935 2596 1992 servieii
2622 1936 2677 2006 ,⁷ο
2718 1935 3019 2008 imperialis
3046 1952 3338 2008 expensas,
3369 1938 3539 2009 parvo

1946 2036 2206 2098 tempore,
2236 2044 2347 2098 quo
2380 2027 2609 2084 ecclesie
2643 2037 2831 2084 nostre
2866 2027 3087 2101 prefuit,
3126 2029 3182 2084 in
3223 2029 3536 2085 reddituum

1945 2136 2133 2176 mense
2158 2121 2484 2192 episcopalis
2522 2121 2887 2189 absolutione,
2912 2130 2967 2176 et
3007 2122 3064 2175 in
3117 2122 3388 2177 bonorum
3430 2137 3540 2192 que

1945 2212 2015 2268 ab
2044 2212 2361 2284 episcopatu
2408 2212 2629 2269 nomine
2675 2212 2819 2268 feodi
2856 2213 3203 2282 tenebantur,
3246 2222 3301 2269 et
3345 2221 3541 2285 patenc

1944 2303 2172 2376 majoris
2198 2304 2387 2361 calicis
2416 2305 2796 2377 redempcione
2829 2304 2933 2359 600
2955 2314 3009 2361 et
3033 2320 3099 2361 eo
3131 2306 3366 2379 amplius
3386 2321 3539 2360 mare

1944 2412 2040 2454 cas
2063 2397 2327 2468 impendit
2354 2399 2434 2466 “;
2465 2396 2698 2453 fratrum
2721 2398 2895 2454 eciam
2934 2391 3264 2454 utilitatibus
3286 2414 3399 2453 non
3429 2397 3538 2453 mi-

1944 2504 2051 2546 nus
2088 2488 2313 2545 studens
2350 2497 2405 2543 et
2432 2488 2680 2544 comedis
2719 2488 2753 2542 4
2794 2503 3020 2543 mansos
3050 2488 3107 2543 in
3149 2485 3303 2543 Olem
3331 2486 3478 2559 (l58)
3506 2501 3540 2544 a

1943 2596 2112 2636 manu
2160 2578 2315 2652 layca
2363 2595 2474 2635 non
2518 2578 2748 2636 modicis
2788 2580 2903 2636 suis
2937 2580 3190 2652 expensis
3230 2580 3537 2651 expeditos,

1944 2671 2236 2743 prebendis
2268 2670 2501 2727 fratrum
2534 2688 2807 2728 consensu
2843 2672 3087 2743 episcopi
3127 2672 3449 2745 assignavit,
3482 2682 3539 2729 et

1943 2764 2011 2821 de
2034 2762 2144 2819 hiis
2175 2762 2353 2819 tribus
2393 2762 2715 2833 septimanis
2749 2778 2945 2833 panem
2969 2761 3025 2816 in
3056 2760 3368 2831 refectorio,
3394 2763 3541 2818 sicut

1947 2863 2273 2912 consuetum
2320 2862 2424 2923 est,
2457 2855 2577 2910 dari
2629 2854 2884 2911 instituit.
2932 2853 3090 2909 Dedit
3121 2854 3298 2911 eciam
3343 2856 3401 2911 in
3449 2871 3540 2911 re-

1945 2946 2257 3018 demptione
2288 2946 2496 3002 decime
2530 2946 2586 3001 in
2637 2945 2931 3003 lloctenem
2965 2945 3113 3019 (1'59)
3149 2947 3376 3003 terciam
3408 2963 3536 3019 par-

251 3030 452 3089 fratres
482 3033 551 3088 ab
594 3034 1033 3130 antecessqribus
1078 3036 1194 3091 suis
1235 3035 1505 3106 episcopis
1548 3036 1754 3116 nostris
1785 3036 1840 3094 id
1871 3066 1917 3130 ϐ
1948 3050 2057 3096 tem
2082 3038 2343 3111 pecunie;
2370 3038 2436 3093 de
2457 3054 2521 3094 ea
2548 3039 2832 3095 annuatim
2857 3038 2959 3093 tria
2982 3040 3183 3094 talenta
3207 3039 3326 3095 dari
3349 3040 3538 3111 dispo-

253 3125 441 3195 gratiaa
475 3100 958 3198 percepissent,’ut
979 3128 1046 3183 ad
1082 3128 1225 3182 bona
1247 3127 1681 3182 obedientiarum
1710 3108 1844 3183 sua-

253 3232 378 3274 rum
409 3219 607 3274 tuenda
649 3220 994 3288 advocatum,
1025 3221 1119 3290 qui
1153 3219 1257 3274 sibi
1282 3219 1556 3274 videretur
1578 3219 1841 3291 ydoneus,

252 3310 534 3383 eligerent,
567 3311 660 3383 qui
699 3321 876 3368 tamen
927 3310 993 3368 ad
1042 3312 1297 3383 praedicta
1343 3311 1488 3365 bona
1530 3326 1629 3382 pro
1658 3310 1845 3366 litibus

254 3395 567 3459 decidendis
603 3420 711 3458 non
752 3405 858 3459 nisi
907 3412 1135 3459 vocatus
1163 3404 1357 3459 debeat
1391 3402 1668 3467 accedere,
1706 3418 1846 3473 pra:-

254 3492 433 3550 dictus
467 3503 621 3566 pater
657 3505 711 3551 et
748 3497 1039 3569 episcopus
1075 3506 1259 3551 noster
1298 3496 1582 3567 amplioris
1612 3495 1842 3550 benivo—

250 3583 445 3642 lencim
494 3582 650 3642 nobis
688 3604 888 3644 munus
936 3587 1275 3658 impertiens,
1327 3604 1489 3658 super
1537 3597 1839 3644 memorata

255 3674 489 3735 fratrum
510 3676 652 3736 bona
686 3680 910 3736 domino
936 3681 1238 3761 Fritherico
1268 3681 1593 3752 imperatore
1615 3697 1845 3737 consen-

256 3776 433 3832 ciente
483 3779 553 3834 ab
598 3780 877 3837 advocatis
922 3782 1140 3853 penitus
1186 3779 1438 3847 absolvit,
1476 3786 1530 3833 ct
1562 3793 1723 3833 omne
1748 3778 1842 3850 jus

254 3870 678 3929 decidendarum
709 3891 1021 3943 causarum,
1053 3875 1167 3931 sive
1212 3891 1307 3945 per
1336 3890 1395 3929 se
1439 3873 1552 3929 sive
1574 3889 1671 3943 per
1699 3871 1841 3929 ami-

256 3980 355 4020 cos
394 3981 545 4034 suos,
574 3966 631 4021 in
671 3967 1119 4023 obedientiarium
1144 3968 1187 4000 ⁶⁸
1213 3967 1523 4034 transtulit;
1550 3973 1605 4020 et
1635 3964 1843 4021 villica~

257 4059 436 4116 tiones
482 4063 852 4132 praepositum
897 4071 1118 4129 nostrae,
1163 4061 1385 4117 Hisnem
1420 4059 1568 4132 (156)
1593 4058 1846 4115 videlicet

257 4145 439 4208 Hasen
461 4164 510 4209 et
534 4150 789 4222 Lusbike,
813 4155 881 4210 ab
914 4155 1258 4210 intollerabili
1296 4154 1429 4225 jugo
1451 4152 1843 4208 advocatorum

254 4242 658 4318 imperpetuum
706 4248 1017 4315 absolvens,
1063 4248 1355 4319 praeposito
1395 4245 1661 4318 regendas
1693 4261 1846 4301 com-

253 4338 532 4396 mendavit
582 4340 826 4397 Contulit
849 4343 1021 4398 eciam
1064 4341 1307 4397 ecclesiae
1335 4355 1659 4409 campanam
1696 4335 1843 4409 (157)

254 4428 413 4484 valde
462 4430 661 4486 bonam
701 4441 755 4489 et
777 4433 888 4489 duo
913 4432 1237 4488 candelabra
1278 4431 1460 4502 longa,
1491 4438 1539 4485 et
1566 4428 1633 4483 ad
1665 4435 1845 4483 sarta-

1950 3148 2108 3199 ncns,
2132 3132 2200 3187 de
2239 3130 2442 3204 quibus
2471 3130 2524 3184 in
2556 3131 2880 3187 aniversarii
2909 3131 2996 3187 sui
3027 3132 3115 3186 die
3156 3131 3381 3188 cuilibet
3410 3148 3537 3204 pre-

1947 3223 2124 3280 bende
2146 3222 2180 3278 9
2208 3222 2466 3279 denarios
2490 3223 2790 3293 assignavit
2822 3239 2834 3275 :
2866 3231 2921 3278 et
2942 3223 3132 3279 eodem
3155 3223 3243 3279 die
3264 3224 3330 3279 ad
3358 3214 3542 3296 sepul-

1947 3316 2141 3373 chrum
2174 3329 2336 3369 suum
2367 3314 2658 3374 honestum
2684 3330 2902 3371 cereum
2932 3323 2985 3371 et
3002 3315 3072 3369 20
3094 3316 3299 3373 solidos
3327 3317 3396 3372 ad
3421 3317 3539 3373 ele-

1946 3408 2219 3463 mosinam
2249 3406 2513 3477 majorem
2548 3405 2838 3463 ordinavit.
2883 3402 3139 3462 Castrum
3163 3407 3385 3479 insuper
3408 3406 3543 3464 Hal-

1945 3506 2166 3555 remunt
2191 3497 2293 3552 sibi
2319 3513 2542 3565 vacans,
2578 3498 2709 3553 dum
2744 3508 2966 3570 propter
2994 3499 3253 3570 plurima,
3282 3516 3389 3573 que
3421 3500 3543 3571 ipse

1946 3593 2090 3649 sicut
2114 3590 2196 3647 vir
2228 3591 2469 3662 prudens
2495 3591 2748 3658 advertit,
2784 3589 3173 3647 infeodandum
3199 3594 3535 3663 decerneret,

1947 3686 2120 3740 multa
2143 3683 2356 3741 consilii
2386 3683 2470 3739 sui
2493 3682 2807 3739 maturitate
2832 3683 3128 3754 promovit,
3165 3692 3226 3740 ut
3255 3692 3310 3740 et
3329 3683 3539 3755 episco-

1946 3779 2095 3851 patui
2131 3778 2365 3850 plurima
2393 3793 2499 3855 que
2541 3793 2649 3833 non
2690 3777 2925 3833 habebat
2953 3778 3294 3847 accederent,
3325 3785 3379 3834 et
3412 3792 3547 3850 pre--

1946 3870 2142 3926 bendis
2163 3871 2208 3902 "
2232 3869 2464 3925 fratrum
2494 3868 2563 3923 5O
2597 3869 2900 3924 solidorum
2938 3871 3184 3927 redditus
3198 3885 3541 3928 accrescere-

1947 3960 2057 4016 tur.
2096 3959 2339 4017 Contulit
2384 3961 2558 4016 eciam
2593 3961 2825 4017 ecclesie
2855 3961 3056 4017 veteris
3096 3977 3161 4018 ac
3197 3961 3326 4018 novi
3356 3960 3544 4020 Testa-

1949 4055 2121 4111 menti
2148 4054 2320 4111 libros
2357 4054 2598 4125 glosatos
2623 4062 2679 4110 et
2717 4070 2916 4127 magno
2942 4054 3231 4111 scolastiee
3256 4054 3545 4127 diligencie

1951 4146 2134 4203 studio
2163 4145 2494 4201 elaboratos.
2537 4142 2652 4200 Hoc
2678 4144 2853 4201 eciam
2902 4143 3158 4200 laudibus
3191 4144 3312 4215 ejus
3337 4144 3547 4215 placuit

1951 4241 2220 4311 adjaeere,
2262 4238 2411 4312 quod
2453 4254 2644 4295 omnes
2668 4236 3079 4309 "‘prepositure
3118 4238 3322 4294 montis
3366 4236 3545 4294 sancti

1951 4331 2097 4387 Petri
2120 4332 2176 4386 in
2202 4330 2471 4397 Goslaria,
2493 4329 2587 4385 diu
2617 4346 2650 4386 a
2678 4330 2849 4403 laycis
2875 4347 2942 4387 ex
2976 4330 3316 4402 negligencia
3346 4345 3545 4400 prepo-

1954 4425 2187 4481 sitorum
2218 4423 2601 4479 miserabiliter
2623 4423 2671 4455 ⁷³
2693 4432 3011 4494 occupatos,
3041 4423 3229 4477 multis
3263 4422 3545 4477 laboribus

255 4530 398 4577 tecta
419 4523 734 4595 principalis
762 4525 1009 4581 ecclesia:
1041 4523 1155 4579 fere
1199 4522 1269 4577 9.0
1314 4536 1531 4577 mareas
1556 4518 1842 4591 impendit.
1881 4513 1926 4568 D
1951 4525 2005 4572 et
2045 4515 2350 4571 innumeris
2383 4515 2659 4585 eXpensis,
2705 4515 2847 4570 sicut
2881 4515 2966 4569 vir
2993 4515 3234 4586 prudens
3271 4521 3327 4569 et
3367 4523 3547 4572 stren-

1614 4648 1847 4705 VARUE
1887 4647 2291 4706 LECTIONES.

329 4746 376 4778 "
421 4745 534 4800 alia
588 4738 775 4802 manus
829 4749 1011 4804 διεσαιί
1054 4746 1216 4803 XIV.
1277 4747 1486 4816 incipit.
1599 4743 1643 4775 ⁵⁷
1682 4760 1728 4816 s.
1758 4743 2019 4816 Aqueeﬂde
2049 4760 2098 4798 ε.
2161 4814 2171 4816 ᾼ
2211 4742 2257 4774 ⁸⁸
2305 4741 2672 4816 fta__corr_igo;
2730 4740 3163 4816 obedientiarum
3212 4756 3260 4816 c_.
3363 4737 3409 4771 ⁶⁹
3452 4740 3566 4806 llic

254 4817 453 4873 turrim
492 4821 801 4873 construxit
840 4820 1153 4875 monasterii
1203 4811 1717 4873 sancti'Godehardi
1750 4811 1814 4868 ΞΣ
1900 4813 1947 4845 ⁷⁰
1985 4814 2125 4869 deest
2154 4814 2202 4869 Ι.
2303 4813 2347 4844 ⁴¹¹
2388 4812 2503 4867 Sub
2542 4811 2648 4870 isto
2684 4821 2909 4868 sanctus
2959 4811 3328 4880 Bernwardus
3378 4825 3577 4880 cano-

257 4889 469 4962 uisatus
533 4886 637 4942 fuit
670 4904 709 4962 aq
737 4892 905 4946 tercio
958 4887 1812 4962 papaACelestino,“elaborante
1860 4882 1968 4962 boc
1994 4885 2209 4962 prefato
2228 4882 2478 4962 Bernone
2505 4884 2725 4962 presnle
2767 4882 3190 4962 et_'l_‘_heo.lerico
3215 4879 3416 4962 abbate
3464 4902 3596 4953 ιη).

259 4960 357 5013 stri
391 4958 712 5031 monasterii
747 4961 905 5031 (corr.
930 4950 980 5017 al.
1005 4950 1078 5016 In.
1107 4959 1165 5015 S.
1199 4950 1540 5028 Michahelis)
1573 4957 1674 5031 qui
1706 4954 1810 5031 fuit
1834 4955 1921 5031 vir
1946 4950 2051 5031 per
2065 4956 2248 5013 omnia
2277 4950 2542 5031 providus
2563 4966 2632 5031 _et
2668 4953 3018 5031 laudabiliter
3044 4956 3212 5031 rexit._
3230 4950 3620 5027 Spil‘ituaiu

256 5037 437 5086 tamen
461 5030 661 5086 partim
695 5024 955 5086 ceperunt
977 5041 1249 5086 tenescere
1283 5038 1505 5086 propter
1522 5024 1731 5083 nimias
1756 5024 2005 5083 divicia‘s.
2032 5027 2153 5086 lose
2186 5024 2360 5082 multa
2384 5025 2634 5083 clenodia
2666 5028 2726 5083 in
2753 5024 2954 5081 casulis
2981 5032 3037 5079 et
3060 5025 3250 5086 cappis
3273 5024 3638 5086 monas‘}.
