4056 5360
486 288 631 348 £255

1570 241 1913 330 Al’PENDIX
1952 266 2044 323 AD
2083 264 2141 321 s.
2180 258 2677 321 GODEIIARDUM.

3627 254 3758 312 1256

489 418 654 468 nuus,
680 398 1019 472 integraliter
1045 393 1300 462 absolvit,
1328 400 1381 449 et
1406 407 1475 447 ne
1500 390 1756 459 deinceps
1787 385 2077 455 obligetur,
2108 381 2154 438 A
2179 377 2615 472 possessionum‘
2641 370 2998 472 alienationes
3034 384 3292 472 perpessa
3338 376 3444 472 est.
3495 366 3759 472 Tandem,

489 493 815 550 auctoritate
843 489 1145 563 apostolica
1174 484 1504 544 communiri
1532 482 1678 538 fecit.
1705 479 1883 547 Quam
1908 478 2076 531 bene-

486 586 626 643 ﬁcus
651 594 833 639 autem
863 584 916 637 in
947 580 1142 637 fratres
1161 579 1407 650 ejusdem
1441 576 1546 631 loci
1568 573 1751 639 fuerit,
1782 567 2075 625 laudabilia

489 676 609 747 ejus
638 675 781 731 facta
811 683 1100 739 testantur,
1132 671 1274 742 apud
1299 684 1439 740 quos
1466 666 1665 723 celebri
1690 672 1745 720 ct
1773 663 1933 735 digne
1957 661 2078 715 lau-

489 766 670 821 danda
700 764 833 820 vivit
860 763 1124 819 memoria
1160 760 1221 831 (-j-
1242 776 1331 813 an.
1363 758 1523 824 1194,
1559 754 1677 812 Oct.
1710 753 1825 825 28).

1084 850 1410 910 CONRADU
1421 850 1478 905 S.

561 951 653 1007 25.
681 950 967 1006 Conradus
990 945 1350 1003 cancellarius
1376 942 1546 998 frater
1568 949 1758 996 noster
1780 938 1890 1012 (an.
1918 936 2080 991 1194-

495 1044 634 1100 1198
680 1044 719 1114 -ξο
751 1059 802 1098 a.
843 1040 1025 1112 1202),
1058 1039 1153 1111 qui
1195 1038 1433 1108 primum
1466 1045 1652 1090 nostre
1700 1029 1929 1089 ecclesie
1957 1028 2076 1099 epi-

498 1152 718 1207 scopus,
740 1133 935 1190 deinde
962 1133 1029 1187 ad
1054 1130 1469 1201 Erbipolensem
1497 1126 1873 1197 episcopatum
1904 1130 2080 1175 trans-

493 1229 657 1294 latus,
684 1229 741 1282 in
770 1227 886 1297 ipsa
919 1224 1141 1281 civitate
1170 1229 1391 1293 propter
1426 1218 1705 1289 justiciam
1735 1213 1951 1270 occisus
1971 1219 2073 1266 est.

493 1317 613 1389 Ipse
651 1316 881 1373 ecclesie
931 1322 1120 1369 nostre
1163 1320 1419 1368 ornatum
1463 1309 1719 1363 decenter
1765 1300 2075 1374 ampliavit;

493 1409 637 1465 dedit
673 1407 818 1463 enim
857 1415 967 1461 tres
997 1404 1235 1468 casulas,
1260 1415 1427 1457 unam
1451 1399 1516 1454 de
1541 1396 1850 1453 examinato
1887 1392 2076 1458 rubco,

493 1492 657 1556 aliam
679 1500 745 1556 de
774 1498 1027 1565 candido,
1051 1496 1277 1552 tereiam
1320 1493 1385 1548 de
1410 1505 1651 1563 purpura
1684 1486 1927 1552 violatia,
1961 1499 2082 1540 om-

494 1609 593 1648 nes
644 1600 865 1647 ornatas
913 1588 1236 1661 aurifrigio;
1280 1591 1417 1641 duas
1462 1581 1802 1646 dalmaticas,
1836 1593 2002 1635 unam
2033 1572 2080 1610 ⁷⁵

493 1684 734 1739 examito
782 1683 974 1749 rnbeo,
1010 1682 1237 1737 alteram
1279 1679 1344 1734 de
1381 1676 1631 1741 candido,
1664 1674 1845 1729 albam
1879 1672 2080 1726 bonam

2180 470 2557 528 misericordia
2583 467 2678 524 Dei
2708 466 2997 539 evigilante
3018 481 3120 537 pro
3141 466 3404 533 nobis,eo
3424 464 3543 536 jam
3570 464 3627 518 in
3647 464 3762 535 epi-

2180 578 2408 634 scopum
2454 568 2775 618 consecrato
2829 566 2886 615 et
2942 559 3011 614 ad
3043 558 3381 629 episcopium
3409 555 3456 589 ⁸⁰
3485 564 3760 622 nostrum,

2180 658 2324 713 unde
2358 671 2456 726 per
2480 662 2685 709 annum
2714 662 2769 708 et
2817 651 3052 723 amplius
3092 651 3299 721 ejectus
3344 649 3547 715 fuerat,
3577 665 3764 705 rever-

2182 757 2345 814 tente,
2379 749 2541 803 rebus
2565 762 2667 818 pro
2696 754 2942 816 tempore
2972 745 3107 801 satis
3128 745 3269 801 bene
3304 742 3653 815 compositis,
3684 741 3767 797 di-

2181 856 2367 914 Spersa
2388 840 2725 912 recolligere,
2770 839 2993 895 incensa
3041 846 3096 893 et
3116 838 3393 893 destructa
3423 835 3765 902 reediﬁcare,

2180 934 2412 988 alienata
2439 932 2483 964 ⁸¹
2522 946 2801 999 revocare,
2832 938 2887 987 et
2932 928 3221 989 ecclesiam
3269 929 3482 985 diutina
3534 928 3767 985 tribula-

2180 1024 2391 1081 tionum
2439 1031 2760 1094 tempestate
2814 1030 3132 1093 quassatam
3176 1029 3292 1077 tam
3332 1022 3387 1077 in
3410 1020 3769 1077 interioribus

2181 1133 2347 1189 quam
2374 1116 2737 1172 exterioribus
2777 1115 2931 1170 omni
2953 1114 3231 1187 diligentia
3262 1115 3473 1171 studuit
3497 1112 3770 1169 reforma.

2181 1225 2260 1263 re.
2287 1206 2393 1264 Sex
2439 1209 2640 1279 quippe
2686 1206 3045 1262 villicationes
3085 1205 3328 1273 Orsleve,
3373 1204 3771 1262 Wackensleve

2177 1300 2355 1373 ’(141),
2408 1298 2661 1355 Stoekem
2704 1299 2885 1371 (142),
2932 1298 3269 1356 Otfredesem
3324 1298 3509 1371 (145),
3564 1297 3769 1370 Upum,

2183 1392 2494 1464 Rengelem,
2522 1408 2621 1463 pro
2644 1392 2955 1463 quingentis
2977 1393 3176 1449 marcis
3205 1402 3259 1449 et
3282 1392 3519 1464 amplius
3550 1391 3773 1449 comitis

2186 1485 2372 1541 Sifridi
2414 1487 2481 1541 de
2529 1484 2944 1541 Blankenbureh
2981 1502 3011 1553 a
3036 1485 3279 1556 predicto
3310 1486 3519 1541 domno
3549 1484 3772 1541 cancel-

2182 1577 2322 1633 lario
2344 1576 2630 1650 obligatas,
2663 1575 2804 1632 datis
2842 1575 3230 1631 nichilominus
3251 1575 3429 1631 eidem
3450 1575 3646 1631 comiti
3675 1575 3775 1629 du-

2185 1670 2357 1727 centis
2386 1671 2590 1725 marcis
2620 1669 2831 1739 argenti
2854 1676 2907 1723 et
2954 1669 3283 1739 quibusdam
3330 1669 3454 1724 aliis
3503 1666 3776 1723 reditibus

494 1776 733 1832 examito
763 1747 994 1831 candido
1017 1819 1030 1843 ,
1059 1782 1195 1845 ‘tres
1224 1772 1396 1843 pallas
1433 1769 1642 1835 altaris,
1691 1768 1828 1824 duas
1855 1766 1921 1820 de
1950 1780 2083 1835 pur-
2116 1747 2157 1804 Β
2189 1762 2291 1817 sibi
2317 1761 2640 1817 vacantibus
2680 1760 2959 1816 beneficiis
3012 1760 3325 1831 assignatis,
3368 1760 3439 1815 ab
3464 1759 3623 1814 omni
3656 1758 3777 1828 ejus

496 1870 632 1938 pura
669 1867 857 1933 rubea,
889 1881 1056 1921 unam
1087 1865 1154 1921 de
1202 1878 1338 1919 auro
1370 1860 1709 1926 circulatam,
1741 1858 1905 1913 aliam
1951 1856 2083 1910 stel-

496 1960 685 2022 latum,
714 1960 941 2015 terciam
977 1955 1353 2029 quotidianam
1379 1954 1435 2007 in
1462 1952 1654 2015 altari;
1688 1950 1958 2007 cortinam
1985 1948 2087 2003 bo-

496 2067 646 2118 nam,
683 2066 790 2121 que
837 2048 1097 2120 suspendi
1144 2047 1283 2103 solet
1329 2045 1385 2099 in
1408 2042 1716 2115 aquilonari
1764 2049 1920 2113 parte
1959 2056 2090 2096 sane-

498 2144 715 2212 ctuarii,
756 2158 1055 2215 purpuram
1081 2157 1249 2197 unam
1286 2140 1535 2196 villosum
1560 2156 1574 2204 ;
1601 2153 1695 2193 sex
1727 2151 1949 2207 cappas,
1974 2144 2086 2191 tres

497 2235 564 2290 de
588 2237 826 2290 cxamito
853 2235 1048 2302 rubeo,
1079 2242 1191 2289 tres
1220 2234 1286 2289 de
1317 2232 1471 2297 albo;
1495 2231 1604 2286 duo
1627 2228 1829 2285 scrinia
1859 2228 2087 2299 pulchra

494 2328 562 2381 ex
592 2343 726 2382 auro
751 2337 803 2382 et
824 2327 1073 2399 gemmis,
1104 2326 1243 2381 duas
1270 2324 1557 2395 porcioncs
1582 2321 1933 2393 reliquiarum
1961 2337 2088 2377 san-

498 2418 571 2473 eti
603 2418 864 2489 Stephani
894 2428 947 2474 et
970 2416 1146 2474 sancti
1182 2414 1496 2481 Laurencii,
1521 2413 1797 2469 modicum
1821 2409 2082 2478 balsami;

498 2520 745 2580 preterea
795 2510 1141 2566 advocaciam
1175 2507 1413 2564 civitatis
1466 2514 1653 2562 nostre
1693 2504 1924 2576 pecunia
1977 2520 2088 2559 non

498 2618 668 2672 parva
691 2603 995 2674 expedivit;
1029 2610 1241 2673 partem
1268 2600 1557 2658 advocacie
1601 2613 1766 2669 super
1789 2597 2088 2653 villicacio-

501 2711 768 2751 nem......
794 2698 942 2770 (140)
983 2697 1245 2752 fratribus
1271 2697 1501 2752 contulit
1533 2694 1644 2767 (an.
1679 2693 1859 2766 1198).

488 2798 491 2803 '
990 2788 1411 2844 IIARBERTUS
1449 2789 1600 2843 26‘”.

575 2880 734 2936 Anno
760 2881 808 2913 "°
830 2881 1225 2938 incarnationis
1248 2881 1531 2938 Dominice
1557 2880 1691 2935 1216
1712 2870 1969 2953 "'(Illart.
1994 2880 2086 2955 21)

505 2972 642 3026 obiit
671 2971 971 3028 Harbertus
1001 2973 1142 3028 bone
1178 2974 1455 3029 memoria:
1487 2981 1671 3028 nostre
1703 2974 1931 3059 ecclesie
1957 2973 2084 3027 26“

2187 1853 2506 1926 inpetitione
2532 1854 2749 1925 penitus
2782 1854 3072 1925 expedivit.
3117 1852 3448 1909 Eorumdem
3469 1853 3642 1908 etiam
3673 1850 3775 1905 bo-

2187 1964 2384 2003 norum
2406 1956 2620 2019 partem
2669 1962 2701 2002 a
2743 1947 3074 2018 quibusdam
3104 1946 3368 2003 militibus
3396 1956 3453 2002 et
3478 1946 3776 2003 servienti-

2186 2043 2291 2098 bus
2312 2042 2453 2097 datis
2490 2040 2560 2097 50
2586 2041 2807 2106 marcis,
2851 2048 2906 2096 et
2950 2040 3338 2096 villicationem
3391 2041 3449 2095 in
3488 2039 3779 2099 Mallerten

2189 2135 2337 2208 (144)
2361 2134 2503 2191 datis
2528 2132 2592 2188 16
2613 2134 2835 2200 marcis,
2862 2142 2917 2189 et
2952 2132 3475 2189 itemvillicationem
3490 2131 3778 2205 Stockem,

2188 2252 2353 2307 quam
2375 2233 2720 2306 postmodum
2760 2232 2957 2288 fratres
2980 2233 3047 2287 de
3089 2229 3457 2287 Wulﬂehutbe
3506 2233 3782 2290 violenter

2186 2328 2521 2394 detinebant,
2540 2326 2735 2382 solutis
2764 2325 3061 2396 nonaginta
3096 2324 3298 2380 marcis
3321 2324 3604 2391 liberavit;
3645 2328 3783 2380 allo-

2187 2420 2337 2476 dium
2359 2418 2667 2492 episcopale
2690 2418 2745 2472 in
2778 2415 3092 2487 Aldendorp
3134 2415 3281 2488 (145)
3309 2423 3364 2472 et
3395 2417 3781 2473 molendinum

2187 2514 2245 2568 in
2267 2512 2486 2568 civitate
2529 2526 2629 2582 pro
2659 2510 2934 2581 octoginta
2973 2508 3175 2564 marcis
3202 2507 3420 2564 cuidam
3466 2506 3778 2576 Gerhardo,

2187 2613 2241 2662 et
2256 2604 2649 2660 villicationem
2673 2601 2937 2659 Vorstede
2959 2602 3107 2673 (146)
3152 2600 3493 2657 Theodorico
3518 2600 3589 2655 de
3619 2601 3780 2655 Alten

2187 2715 2288 2772 pro
2324 2698 2606 2771 sexaginta
2627 2697 2829 2753 marcis
2861 2705 3105 2766 tempore
3153 2693 3464 2751 cancellarii
3511 2694 3779 2766 obligata,

2191 2791 2293 2851 140
2317 2804 2628 2848 marcarum
2655 2790 2925 2846 solutione
2947 2788 3159 2859 'recepit
3190 2807 3202 2842 :
3244 2787 3474 2843 ecclesie
3526 2786 3780 2842 Gauder-

2190 2883 2376 2940 sehem
2404 2880 2510 2937 500
2541 2896 2775 2947 man-as,
2801 2888 2854 2935 et
2897 2879 2953 2934 in
3006 2894 3173 2935 causa
3217 2876 3433 2934 abbatie
3476 2876 3546 2933 de
3574 2875 3781 2948 Ringco

2187 2976 2295 3031 lem
2322 2975 2390 3031 60
2419 2990 2634 3030 marcus
2669 2973 2957 3045 expendit;
2998 2973 3054 3028 in
3077 2971 3585 3043 recompensatione
3604 2984 3781 3027 eciam

503 3062 819 3134 episcopus,
851 3062 946 3133 qui
980 3065 1217 3134 primum
1245 3075 1455 3131 cantor,
1482 3064 1673 3120 deinde
1716 3063 1891 3136 major
1915 3066 2088 3120 eccle-
2114 3095 2156 3153 ρ
2190 3066 2411 3137 dampni
2434 3066 2579 3137 quod
2601 3065 2655 3119 in
2679 3064 3012 3132 molendino,
3035 3072 3090 3119 et
3117 3064 3351 3119 diorum
3388 3062 3669 3118 bonorum
3692 3078 3784 3118 ec-

504 3154 584 3211 sie
615 3162 802 3211 nostre
853 3155 1182 3226 prepositus,
1235 3156 1538 3227 prehendas
1584 3154 1814 3212 fratrum
1849 3164 1964 3212 toto
1990 3172 2088 3213 sue

505 3244 1009 3304 administracionis
1032 3255 1277 3319 tempore
1311 3247 1517 3303 utiliter
1540 3257 1594 3304 et
1616 3236 1845 3317 fideliter
1869 3249 2091 3320 dispen-

505 3352 658 3405 sans,
688 3354 950 3410 magnum
984 3348 1038 3397 et
1085 3340 1382 3408 sincerum,
1420 3356 1585 3412 quem
1608 3356 1822 3411 semper
1844 3356 1971 3412 erga
2002 3355 2093 3396 cc-

505 3429 728 3485 clesiam
776 3438 1021 3489 nostram
1074 3440 1337 3502 gesserat,
1387 3433 1640 3489 affectum
1710 3434 1829 3504 ipsa
1864 3418 2093 3505 operum

506 3522 843 3581 exhibitione
922 3526 1316 3597 comprobavit.
1370 3525 1583 3582 Domno
1621 3526 1785 3598 igitur
1842 3525 2094 3583 Conrado

496 3615 807 3685 'imperialis
835 3617 958 3673 aule
1000 3618 1347 3685 cancellario,
1397 3627 1584 3674 nostre
1631 3628 1813 3674 autem
1868 3618 2095 3675 ecclesie

490 3705 604 3763 ‘25"
627 3708 904 3780 episcopo,
939 3709 995 3763 in
1027 3709 1116 3764 illa
1152 3709 1474 3781 gravissima
1510 3709 1725 3781 imperii
1750 3711 2095 3767 dissencione

490 3798 850 3868 'temporibus
898 3798 1022 3854 dive
1078 3799 1342 3855 memorie
1377 3797 1613 3873 Philippi
1670 3809 1724 3856 et
1779 3798 1993 3858 Ottonis
2027 3802 2096 3856 ad

490 3886 961 3960 ‘ﬂerbipolensem
1010 3891 1382 3963 episcopatum
1418 3900 1734 3949 transeunte
1765 3891 1877 3963 (an.
1912 3893 2095 3963 1198),

512 3989 567 4035 et
588 3990 650 4035 ut
672 3983 901 4039 ecclesia
932 3984 1191 4040 derelicta
1232 3984 1286 4039 in
1313 3984 1557 4059 legitimo
1590 3985 1697 4041 sibi
1726 3993 1944 4056 pastore
1965 4000 2094 4056 pro-

515 4072 749 4142 spiceret
768 4075 971 4130 domno
1001 4073 1329 4132 lnnocencio
1367 4094 1505 4149 papa
1537 4077 1704 4149 hujus
1732 4077 1971 4133 nominis
1990 4087 2099 4133 ter-

514 4165 604 4221 cio
623 4166 869 4223 districte
920 4175 975 4224 et
1011 4168 1195 4240 sepius
1237 4169 1572 4241 injungente,
1608 4169 1887 4226 communi
1912 4178 1966 4225 et
2003 4186 2097 4226 ca-

516 4255 718 4311 nonico
771 4258 952 4314 tocius
987 4259 1208 4329 capituli
1253 4269 1307 4315 et
1358 4260 1488 4316 cleri
1517 4275 1811 4330 consensu,
1845 4261 2100 4319 omnibus

517 4346 673 4404 laicis
694 4350 741 4381 ⁷⁸
765 4352 990 4406 omnino
1021 4353 1541 4420 contradicentibus,
1573 4353 1630 4408 in
1651 4353 1970 4425 episcopum
1998 4355 2102 4411 ele-

2192 3160 2377 3226 clesie,
2401 3158 2548 3229 quod
2572 3173 2669 3229 per
2690 3155 3013 3228 Lippoldum
3040 3156 3107 3212 de
3129 3155 3402 3212 Escherde
3437 3155 3665 3221 accidit,
3689 3170 3784 3209 ex-

2191 3252 2377 3323 pensis
2419 3250 2715 3322 nonaginta
2767 3250 2970 3306 marcis
3000 3250 3068 3305 de
3141 3264 3262 3317 suo,
3316 3246 3589 3303 fratribus
3637 3247 3787 3303 dedit

2193 3341 2586 3399 villicationem
2623 3350 2677 3398 et
2697 3342 3037 3398 advocatiam
3076 3341 3143 3398 de
3170 3340 3484 3397 Moncstede
3512 3341 3692 3413 (147),
3718 3341 3786 3396 de

2194 3450 2361 3489 manu
2416 3431 2659 3489 Heinrici
2708 3442 2763 3488 et
2810 3433 3045 3488 filiorum
3092 3432 3232 3503 ejus,
3260 3433 3355 3504 qui
3391 3448 3516 3488 eam
3576 3432 3787 3488 detine-

2196 3526 2347 3593 bant,
2378 3524 2443 3580 16
2469 3526 2670 3581 marcis
2712 3526 2959 3581 redemit.
3014 3523 3244 3582 Reditus
3292 3525 3358 3579 16
3394 3525 3705 3581 solidorum
3730 3523 3785 3578 in

2196 3617 2385 3673 eadem
2413 3617 2539 3672 villa
2571 3633 2603 3672 a
2633 3618 2871 3689 quodam
2891 3616 3041 3674 Exzo
3061 3618 3129 3674 de
3161 3616 3454 3690 Eilstringe
3492 3619 3785 3689 acquirens

2198 3727 2298 3783 pro
2320 3712 2352 3767 4
2381 3711 2601 3779 marcis,
2629 3727 2726 3768 eos
2769 3712 2838 3767 ad
2870 3728 3067 3783 panem
3117 3712 3412 3767 scolarium
3436 3712 3495 3767 in
3550 3711 3786 3767 refecto-

2200 3808 2282 3862 rio
2312 3808 2598 3862 annuatim
2636 3807 2926 3863 ordinavit.
2980 3807 3344 3863 Advocaeiam
3396 3808 3627 3879 insuper
3654 3808 3787 3863 obe-

2199 3897 2408 3953 diencic
2448 3899 2505 3953 in
2528 3898 2932 3966 Wittcuhurch,
2958 3907 3013 3955 et
3052 3899 3216 3954 aliam
3237 3898 3594 3954 advocaciam
3624 3914 3786 3970 super

2202 3993 2271 4048 12
2307 3995 2452 4050 arcis
2497 4002 2724 4067 argento
2769 3993 3001 4050 fratrum
3060 3994 3398 4066 redemptus;
3444 3995 3702 4051 similiter
3732 4002 3787 4050 et

2202 4083 2551 4139 advocaciam
2567 4085 2614 4118 δ’
2636 4085 2902 4141 bonorum
2918 4085 3259 4155 prepositure
3276 4086 3504 4157 majoris
3522 4086 3580 4141 in
3606 4084 3790 4157 ldage-

2204 4191 2317 4231 sem
2345 4175 2515 4248 (148),
2560 4185 2615 4231 et
2657 4176 2927 4232 decimam
2956 4177 3199 4247 ejusdem
3230 4179 3356 4234 ville
3398 4180 3469 4235 ad
3521 4182 3786 4252 agendam

2205 4267 2378 4338 ipsius
2404 4267 2725 4323 memoriam
2762 4267 2997 4324 fratrum
3035 4269 3313 4339 deputavit
3359 4271 3607 4339 utilitati,
3640 4281 3696 4327 et
3722 4287 3791 4327 ne

2207 4359 2331 4430 quis
2361 4374 2740 4415 successorum
2766 4375 2992 4415 suorum
3049 4376 3113 4415 ea
3160 4361 3444 4427 alienaret,
3486 4363 3657 4417 banni
3706 4362 3789 4417 sui

516 4448 640 4495 ctus
671 4449 775 4508 est,
808 4451 1029 4513 propter
1065 4444 1211 4514 quod
1252 4445 1482 4500 ecclesia
1536 4454 1724 4501 nostra
1754 4447 1957 4503 multos
1984 4447 2031 4479 τ’
2051 4456 2107 4503 et
2133 4456 2182 4517 ι)
2209 4451 2444 4506 firmavit
2464 4451 2787 4507 auctoritate
2812 4471 2827 4519 ;
2859 4468 3050 4508 curam
3086 4453 3131 4486 ⁸³
3183 4453 3410 4524 insuper
3463 4453 3733 4511 Vorstede
3758 4471 3787 4509 a

517 4547 712 4603 graves
735 4534 970 4602 labores,
994 4550 1281 4606 expensas,
1306 4535 1568 4606 pericula,
1587 4546 1705 4593 tam.
1724 4537 2100 4594 communium

517 4641 685 4697 quam
707 4627 1043 4697 privatarum
1068 4643 1254 4683 rerum
1292 4627 1576 4699 dispendia
1622 4637 1676 4685 et
1711 4629 2101 4701 episcopalium

2206 4544 2463 4599 Brunone
2481 4543 2548 4599 de
2564 4544 2788 4599 custode
2811 4543 2914 4598 107
2939 4543 3140 4601 marcis
3164 4554 3539 4616 comparatam
3563 4548 3792 4603 ecclesie

2207 4645 2395 4692 nostre
2416 4636 2963 4707 eondonavit,predio
2983 4637 3157 4692 eciam
3182 4636 3238 4692 in
3265 4636 3584 4709 Repenarde
3619 4638 3788 4709 (149),

1804 4743 2040 4799 νΑῐιιλΕ
2077 4743 2478 4803 LECTIONES.

594 4836 639 4917 τε
680 4835 882 4920 excidit
932 4835 1020 4891 de.

1069 4915 1079 4920 Α
1128 4836 1424 4922 tpehinc
1465 4837 1781 4924 Har-bemus"
1812 4838 1942 4892 26ιη
2001 4841 2255 4926 unanimi
2312 4842 2443 4926 cleri
2509 4842 3401 4926 dilectionenﬂoruit"cpiscopus.
3456 4844 3510 4901 Is
3559 4846 3793 4926 quiescit
