  <div class='ocr_page' id='page_1' title='image "/cluster/home/n/w/nwhite01/storage/ocr_20150623/141/hvd.32044015471790/634.png"; bbox 0 0 4038 6450; ppageno 0'>
   <div class='ocr_carea' id='block_1_1' title="bbox 229 287 374 355">
    <p class='ocr_par' dir='ltr' id='par_1_1' title="bbox 229 287 374 355">
     <span class='ocr_line' id='line_1_1' title="bbox 229 287 374 355; baseline -0.034 -10"><span class='ocrx_word' id='word_1_1' title='bbox 229 291 265 354; x_wconf 24' lang='grc'><strong>,1.</strong></span> <span class='ocrx_word' id='word_1_2' title='bbox 275 287 374 355; x_wconf 65' lang='lat'><strong>2.37</strong></span> 
     </span>
    </p>
   </div>
   <div class='ocr_carea' id='block_1_2' title="bbox 1334 285 2390 344">
    <p class='ocr_par' dir='ltr' id='par_1_2' title="bbox 1334 285 2390 344">
     <span class='ocr_line' id='line_1_2' title="bbox 1334 285 2390 344; baseline -0.004 0"><span class='ocrx_word' id='word_1_3' title='bbox 1334 285 1729 344; x_wconf 77' lang='lat' dir='ltr'><strong>CHRONICON</strong></span> <span class='ocrx_word' id='word_1_4' title='bbox 1769 285 2390 342; x_wconf 78' lang='lat' dir='ltr'><strong>HILDESHEIMENSE.</strong></span> 
     </span>
    </p>
   </div>
   <div class='ocr_carea' id='block_1_3' title="bbox 3349 284 3490 342">
    <p class='ocr_par' dir='ltr' id='par_1_3' title="bbox 3349 284 3490 342">
     <span class='ocr_line' id='line_1_3' title="bbox 3349 284 3490 342; baseline 0.028 -4"><span class='ocrx_word' id='word_1_5' title='bbox 3349 284 3490 342; x_wconf 72' lang='lat'><strong>1258</strong></span> 
     </span>
    </p>
   </div>
   <div class='ocr_carea' id='block_1_4' title="bbox 229 398 3494 478">
    <p class='ocr_par' dir='ltr' id='par_1_4' title="bbox 229 398 3494 478">
     <span class='ocr_line' id='line_1_4' title="bbox 229 398 3494 478; baseline -0 -21"><span class='ocrx_word' id='word_1_6' title='bbox 229 403 378 476; x_wconf 81' lang='lat' dir='ltr'><strong>quod</strong></span> <span class='ocrx_word' id='word_1_7' title='bbox 431 403 624 461; x_wconf 81' lang='lat' dir='ltr'><strong>fratres</strong></span> <span class='ocrx_word' id='word_1_8' title='bbox 667 403 737 458; x_wconf 83' lang='lat' dir='ltr'><strong>ab</strong></span> <span class='ocrx_word' id='word_1_9' title='bbox 771 401 1000 458; x_wconf 81' lang='lat' dir='ltr'><strong>ecclesia</strong></span> <span class='ocrx_word' id='word_1_10' title='bbox 1056 400 1197 469; x_wconf 86' lang='lat' dir='ltr'><strong>beati</strong></span> <span class='ocrx_word' id='word_1_11' title='bbox 1255 400 1471 456; x_wconf 77' lang='lat' dir='ltr'><strong>Martini</strong></span> <span class='ocrx_word' id='word_1_12' title='bbox 1525 402 1577 456; x_wconf 95' lang='lat' dir='ltr'><strong>in</strong></span> <span class='ocrx_word' id='word_1_13' title='bbox 1628 400 1808 456; x_wconf 78' lang='lat' dir='ltr'><strong>Minda</strong></span> <span class='ocrx_word' id='word_1_14' title='bbox 1838 401 2141 462; x_wconf 74' lang='lat' dir='ltr'><strong>Aoﬂicinis</strong></span> <span class='ocrx_word' id='word_1_15' title='bbox 2165 400 2483 478; x_wconf 84' lang='lat' dir='ltr'><strong>edilieandis</strong></span> <span class='ocrx_word' id='word_1_16' title='bbox 2536 400 2831 454; x_wconf 70' lang='lat' dir='ltr'><strong>liberaliter</strong></span> <span class='ocrx_word' id='word_1_17' title='bbox 2886 399 3160 465; x_wconf 73' lang='lat' dir='ltr'><strong>subvenit,</strong></span> <span class='ocrx_word' id='word_1_18' title='bbox 3207 408 3260 454; x_wconf 87' lang='lat' dir='ltr'><strong>et</strong></span> <span class='ocrx_word' id='word_1_19' title='bbox 3293 398 3494 456; x_wconf 79' lang='lat' dir='ltr'><strong>fundos</strong></span> 
     </span>
    </p>
   </div>
   <div class='ocr_carea' id='block_1_5' title="bbox 231 492 1812 566">
    <p class='ocr_par' dir='ltr' id='par_1_5' title="bbox 231 492 1812 566">
     <span class='ocr_line' id='line_1_5' title="bbox 231 492 1812 566; baseline -0.004 -15"><span class='ocrx_word' id='word_1_20' title='bbox 231 495 337 552; x_wconf 82' lang='lat' dir='ltr'><strong>sibi</strong></span> <span class='ocrx_word' id='word_1_21' title='bbox 378 495 715 566; x_wconf 80' lang='lat' dir='ltr'><strong>comparavit</strong></span> <span class='ocrx_word' id='word_1_22' title='bbox 765 493 832 560; x_wconf 66' lang='grc'><strong>⁸⁸,</strong></span> <span class='ocrx_word' id='word_1_23' title='bbox 884 493 950 548; x_wconf 91' lang='lat' dir='ltr'><strong>de</strong></span> <span class='ocrx_word' id='word_1_24' title='bbox 1006 493 1169 548; x_wconf 83' lang='lat' dir='ltr'><strong>rebus</strong></span> <span class='ocrx_word' id='word_1_25' title='bbox 1211 493 1325 547; x_wconf 87' lang='lat' dir='ltr'><strong>suis</strong></span> <span class='ocrx_word' id='word_1_26' title='bbox 1361 492 1465 548; x_wconf 85' lang='lat'><strong>500</strong></span> <span class='ocrx_word' id='word_1_27' title='bbox 1497 508 1678 547; x_wconf 90' lang='lat' dir='ltr'><strong>maree</strong></span> <span class='ocrx_word' id='word_1_28' title='bbox 1709 492 1812 545; x_wconf 88' lang='lat' dir='ltr'><strong>im-</strong></span> 
     </span>
    </p>
   </div>
   <div class='ocr_carea' id='block_1_6' title="bbox 224 580 1809 657">
    <p class='ocr_par' dir='ltr' id='par_1_6' title="bbox 224 580 1809 657">
     <span class='ocr_line' id='line_1_6' title="bbox 224 580 1809 657; baseline -0.003 -16"><span class='ocrx_word' id='word_1_29' title='bbox 224 580 399 657; x_wconf 74' lang='lat' dir='ltr'><strong>pense</strong></span> <span class='ocrx_word' id='word_1_30' title='bbox 421 595 549 642; x_wconf 91' lang='lat' dir='ltr'><strong>sunt</strong></span> <span class='ocrx_word' id='word_1_31' title='bbox 573 605 586 640; x_wconf 86' lang='lat'><strong>:</strong></span> <span class='ocrx_word' id='word_1_32' title='bbox 613 585 852 640; x_wconf 86' lang='lat' dir='ltr'><strong>decimas</strong></span> <span class='ocrx_word' id='word_1_33' title='bbox 875 585 1049 640; x_wconf 84' lang='lat' dir='ltr'><strong>eciam</strong></span> <span class='ocrx_word' id='word_1_34' title='bbox 1079 585 1216 639; x_wconf 87' lang='lat' dir='ltr'><strong>duas</strong></span> <span class='ocrx_word' id='word_1_35' title='bbox 1244 585 1300 639; x_wconf 90' lang='lat' dir='ltr'><strong>in</strong></span> <span class='ocrx_word' id='word_1_36' title='bbox 1339 583 1635 638; x_wconf 86' lang='lat' dir='ltr'><strong>Dunhusen</strong></span> <span class='ocrx_word' id='word_1_37' title='bbox 1661 583 1809 654; x_wconf 80' lang='lat'><strong>(1‘50)</strong></span> 
     </span>
    </p>
   </div>
   <div class='ocr_carea' id='block_1_7' title="bbox 227 675 1812 742">
    <p class='ocr_par' dir='ltr' id='par_1_7' title="bbox 227 675 1812 742">
     <span class='ocr_line' id='line_1_7' title="bbox 227 675 1812 742; baseline -0.004 -8"><span class='ocrx_word' id='word_1_38' title='bbox 227 678 458 734; x_wconf 84' lang='lat' dir='ltr'><strong>ecclesie</strong></span> <span class='ocrx_word' id='word_1_39' title='bbox 485 676 834 733; x_wconf 79' lang='lat' dir='ltr'><strong>condonavit.</strong></span> <span class='ocrx_word' id='word_1_40' title='bbox 891 675 1122 742; x_wconf 78' lang='lat' dir='ltr'><strong>Quantis</strong></span> <span class='ocrx_word' id='word_1_41' title='bbox 1164 677 1339 731; x_wconf 86' lang='lat' dir='ltr'><strong>eciam</strong></span> <span class='ocrx_word' id='word_1_42' title='bbox 1386 676 1540 731; x_wconf 80' lang='lat' dir='ltr'><strong>tectis</strong></span> <span class='ocrx_word' id='word_1_43' title='bbox 1584 675 1812 731; x_wconf 89' lang='lat' dir='ltr'><strong>ecclesie</strong></span> 
     </span>
    </p>
   </div>
   <div class='ocr_carea' id='block_1_8' title="bbox 217 761 1811 840">
    <p class='ocr_par' dir='ltr' id='par_1_8' title="bbox 217 761 1811 840">
     <span class='ocr_line' id='line_1_8' title="bbox 217 761 1811 840; baseline -0.002 -16"><span class='ocrx_word' id='word_1_44' title='bbox 217 761 566 840; x_wconf 79' lang='lat' dir='ltr'><strong>principalis,</strong></span> <span class='ocrx_word' id='word_1_45' title='bbox 597 778 651 823; x_wconf 90' lang='lat' dir='ltr'><strong>et</strong></span> <span class='ocrx_word' id='word_1_46' title='bbox 698 768 928 824; x_wconf 78' lang='lat' dir='ltr'><strong>ollicinis</strong></span> <span class='ocrx_word' id='word_1_47' title='bbox 958 768 1108 822; x_wconf 86' lang='lat' dir='ltr'><strong>curio</strong></span> <span class='ocrx_word' id='word_1_48' title='bbox 1141 768 1486 838; x_wconf 84' lang='lat' dir='ltr'><strong>episcopalis,</strong></span> <span class='ocrx_word' id='word_1_49' title='bbox 1540 782 1811 836; x_wconf 80' lang='lat' dir='ltr'><strong>expensas</strong></span> 
     </span>
    </p>
   </div>
   <div class='ocr_carea' id='block_1_9' title="bbox 227 859 1812 932">
    <p class='ocr_par' dir='ltr' id='par_1_9' title="bbox 227 859 1812 932">
     <span class='ocr_line' id='line_1_9' title="bbox 227 859 1812 932; baseline -0.003 -15"><span class='ocrx_word' id='word_1_50' title='bbox 227 861 572 932; x_wconf 87' lang='lat' dir='ltr'><strong>impenderit,</strong></span> <span class='ocrx_word' id='word_1_51' title='bbox 607 876 745 931; x_wconf 85' lang='lat' dir='ltr'><strong>quas</strong></span> <span class='ocrx_word' id='word_1_52' title='bbox 767 861 976 916; x_wconf 89' lang='lat' dir='ltr'><strong>dirutas</strong></span> <span class='ocrx_word' id='word_1_53' title='bbox 999 867 1111 914; x_wconf 92' lang='lat' dir='ltr'><strong>tam</strong></span> <span class='ocrx_word' id='word_1_54' title='bbox 1137 859 1182 890; x_wconf 84' lang='grc'><strong>⁸⁸</strong></span> <span class='ocrx_word' id='word_1_55' title='bbox 1204 875 1236 914; x_wconf 89' lang='lat' dir='ltr'><strong>a</strong></span> <span class='ocrx_word' id='word_1_56' title='bbox 1266 866 1535 914; x_wconf 81' lang='lat' dir='ltr'><strong>vetustate</strong></span> <span class='ocrx_word' id='word_1_57' title='bbox 1557 873 1722 930; x_wconf 84' lang='lat' dir='ltr'><strong>quam</strong></span> <span class='ocrx_word' id='word_1_58' title='bbox 1745 872 1812 912; x_wconf 84' lang='lat' dir='ltr'><strong>ex</strong></span> 
     </span>
    </p>
   </div>
   <div class='ocr_carea' id='block_1_10' title="bbox 221 950 1812 1030">
    <p class='ocr_par' dir='ltr' id='par_1_10' title="bbox 221 950 1812 1030">
     <span class='ocr_line' id='line_1_10' title="bbox 221 950 1812 1030; baseline -0.003 -22"><span class='ocrx_word' id='word_1_59' title='bbox 221 953 562 1030; x_wconf 78' lang='lat' dir='ltr'><strong>negligencia</strong></span> <span class='ocrx_word' id='word_1_60' title='bbox 627 952 675 984; x_wconf 82' lang='grc'><strong>⁸⁸</strong></span> <span class='ocrx_word' id='word_1_61' title='bbox 706 952 948 1018; x_wconf 90' lang='lat' dir='ltr'><strong>invenit,</strong></span> <span class='ocrx_word' id='word_1_62' title='bbox 1014 965 1203 1007; x_wconf 91' lang='lat' dir='ltr'><strong>coram</strong></span> <span class='ocrx_word' id='word_1_63' title='bbox 1274 950 1532 1005; x_wconf 91' lang='lat' dir='ltr'><strong>omnibus</strong></span> <span class='ocrx_word' id='word_1_64' title='bbox 1626 950 1812 1005; x_wconf 87' lang='lat' dir='ltr'><strong>eluce-</strong></span> 
     </span>
    </p>
   </div>
   <div class='ocr_carea' id='block_1_11' title="bbox 215 1045 424 1100">
    <p class='ocr_par' dir='ltr' id='par_1_11' title="bbox 215 1045 424 1100">
     <span class='ocr_line' id='line_1_11' title="bbox 215 1045 424 1100; baseline 0 0"><span class='ocrx_word' id='word_1_65' title='bbox 215 1046 334 1100; x_wconf 70' lang='lat' dir='ltr'><strong>&#39;S(‘jt</strong></span> <span class='ocrx_word' id='word_1_66' title='bbox 360 1045 424 1100; x_wconf 84' lang='grc'><strong>⁸⁷.</strong></span> 
     </span>
    </p>
   </div>
   <div class='ocr_carea' id='block_1_12' title="bbox 722 1133 1310 1191">
    <p class='ocr_par' dir='ltr' id='par_1_12' title="bbox 722 1133 1310 1191">
     <span class='ocr_line' id='line_1_12' title="bbox 722 1133 1310 1191; baseline -0.003 0"><span class='ocrx_word' id='word_1_67' title='bbox 722 1133 1041 1191; x_wconf 67' lang='grc' dir='ltr'><strong>δίῈΙίιῡυδ</strong></span> <span class='ocrx_word' id='word_1_68' title='bbox 1078 1134 1205 1190; x_wconf 66' lang='grc' dir='ltr'><strong>ΞἾιη</strong></span> <span class='ocrx_word' id='word_1_69' title='bbox 1245 1134 1310 1189; x_wconf 83' lang='grc'><strong>⁸⁸.</strong></span> 
     </span>
    </p>
   </div>
   <div class='ocr_carea' id='block_1_13' title="bbox 297 1223 1813 1295">
    <p class='ocr_par' dir='ltr' id='par_1_13' title="bbox 297 1223 1813 1295">
     <span class='ocr_line' id='line_1_13' title="bbox 297 1223 1813 1295; baseline -0.001 -15"><span class='ocrx_word' id='word_1_70' title='bbox 297 1225 725 1281; x_wconf 75' lang='lat' dir='ltr'><strong>Anniversarius</strong></span> <span class='ocrx_word' id='word_1_71' title='bbox 761 1224 948 1280; x_wconf 86' lang='lat' dir='ltr'><strong>Sifridi</strong></span> <span class='ocrx_word' id='word_1_72' title='bbox 981 1225 1077 1279; x_wconf 72' lang='grc' dir='ltr'><strong>27ί</strong></span> <span class='ocrx_word' id='word_1_73' title='bbox 1105 1223 1346 1295; x_wconf 90' lang='lat' dir='ltr'><strong>episc0pi</strong></span> <span class='ocrx_word' id='word_1_74' title='bbox 1373 1223 1602 1280; x_wconf 89' lang='lat' dir='ltr'><strong>ecelesie</strong></span> <span class='ocrx_word' id='word_1_75' title='bbox 1624 1231 1813 1278; x_wconf 89' lang='lat' dir='ltr'><strong>nostre</strong></span> 
     </span>
    </p>
   </div>
   <div class='ocr_carea' id='block_1_14' title="bbox 219 1315 1814 1388">
    <p class='ocr_par' dir='ltr' id='par_1_14' title="bbox 219 1315 1814 1388">
     <span class='ocr_line' id='line_1_14' title="bbox 219 1315 1814 1388; baseline -0.001 -16"><span class='ocrx_word' id='word_1_76' title='bbox 219 1326 284 1372; x_wconf 72' lang='lat' dir='ltr'><strong>et</strong></span> <span class='ocrx_word' id='word_1_77' title='bbox 310 1317 414 1372; x_wconf 91' lang='lat' dir='ltr'><strong>viri</strong></span> <span class='ocrx_word' id='word_1_78' title='bbox 448 1317 911 1384; x_wconf 87' lang='lat' dir='ltr'><strong>mansuetissimi,</strong></span> <span class='ocrx_word' id='word_1_79' title='bbox 942 1317 1038 1388; x_wconf 90' lang='lat' dir='ltr'><strong>qui</strong></span> <span class='ocrx_word' id='word_1_80' title='bbox 1071 1317 1421 1372; x_wconf 90' lang='lat' dir='ltr'><strong>advocaciam</strong></span> <span class='ocrx_word' id='word_1_81' title='bbox 1445 1316 1489 1349; x_wconf 68' lang='grc'>⁸³</span> <span class='ocrx_word' id='word_1_82' title='bbox 1515 1317 1572 1370; x_wconf 89' lang='lat' dir='ltr'><strong>in</strong></span> <span class='ocrx_word' id='word_1_83' title='bbox 1612 1315 1814 1371; x_wconf 81' lang='lat' dir='ltr'><strong>Home-</strong></span> 
     </span>
    </p>
   </div>
   <div class='ocr_carea' id='block_1_15' title="bbox 224 1407 1812 1480">
    <p class='ocr_par' dir='ltr' id='par_1_15' title="bbox 224 1407 1812 1480">
     <span class='ocr_line' id='line_1_15' title="bbox 224 1407 1812 1480; baseline -0.001 -15"><span class='ocrx_word' id='word_1_84' title='bbox 224 1409 460 1465; x_wconf 79' lang='lat' dir='ltr'><strong>desdore</strong></span> <span class='ocrx_word' id='word_1_85' title='bbox 490 1425 656 1480; x_wconf 83' lang='lat' dir='ltr'><strong>super</strong></span> <span class='ocrx_word' id='word_1_86' title='bbox 715 1409 900 1464; x_wconf 89' lang='lat' dir='ltr'><strong>omnia</strong></span> <span class='ocrx_word' id='word_1_87' title='bbox 961 1409 1108 1464; x_wconf 88' lang='lat' dir='ltr'><strong>bona</strong></span> <span class='ocrx_word' id='word_1_88' title='bbox 1163 1408 1410 1478; x_wconf 83' lang='lat' dir='ltr'><strong>ejusdem</strong></span> <span class='ocrx_word' id='word_1_89' title='bbox 1439 1407 1812 1475; x_wconf 89' lang='lat' dir='ltr'><strong>villicationis,</strong></span> 
     </span>
    </p>
   </div>
   <div class='ocr_carea' id='block_1_16' title="bbox 225 1496 1816 1569">
    <p class='ocr_par' dir='ltr' id='par_1_16' title="bbox 225 1496 1816 1569">
     <span class='ocr_line' id='line_1_16' title="bbox 225 1496 1816 1569; baseline -0.001 -15"><span class='ocrx_word' id='word_1_90' title='bbox 225 1497 540 1569; x_wconf 78' lang='lat' dir='ltr'><strong>ubicunque</strong></span> <span class='ocrx_word' id='word_1_91' title='bbox 564 1499 667 1553; x_wconf 85' lang='lat' dir='ltr'><strong>sita</strong></span> <span class='ocrx_word' id='word_1_92' title='bbox 697 1506 844 1565; x_wconf 87' lang='lat' dir='ltr'><strong>sunt,</strong></span> <span class='ocrx_word' id='word_1_93' title='bbox 879 1496 982 1552; x_wconf 83' lang='grc'><strong>100</strong></span> <span class='ocrx_word' id='word_1_94' title='bbox 1009 1497 1211 1553; x_wconf 84' lang='lat' dir='ltr'><strong>marcis</strong></span> <span class='ocrx_word' id='word_1_95' title='bbox 1238 1514 1276 1552; x_wconf 86' lang='lat' dir='ltr'><strong>a</strong></span> <span class='ocrx_word' id='word_1_96' title='bbox 1301 1496 1563 1553; x_wconf 82' lang='lat' dir='ltr'><strong>fratribus</strong></span> <span class='ocrx_word' id='word_1_97' title='bbox 1586 1497 1816 1569; x_wconf 83' lang='lat' dir='ltr'><strong>ﬂugone</strong></span> 
     </span>
    </p>
   </div>
   <div class='ocr_carea' id='block_1_17' title="bbox 220 1578 1812 1660">
    <p class='ocr_par' dir='ltr' id='par_1_17' title="bbox 220 1578 1812 1660">
     <span class='ocr_line' id='line_1_17' title="bbox 220 1578 1812 1660; baseline -0.001 -16"><span class='ocrx_word' id='word_1_98' title='bbox 220 1578 281 1644; x_wconf 68' lang='lat' dir='ltr'><strong>et</strong></span> <span class='ocrx_word' id='word_1_99' title='bbox 307 1589 550 1644; x_wconf 82' lang='lat' dir='ltr'><strong>Justacio</strong></span> <span class='ocrx_word' id='word_1_100' title='bbox 563 1598 943 1660; x_wconf 81' lang='lat' dir='ltr'><strong>comparatam</strong></span> <span class='ocrx_word' id='word_1_101' title='bbox 969 1589 1196 1646; x_wconf 90' lang='lat' dir='ltr'><strong>ecclesie</strong></span> <span class='ocrx_word' id='word_1_102' title='bbox 1225 1589 1485 1657; x_wconf 83' lang='lat' dir='ltr'><strong>contulit,</strong></span> <span class='ocrx_word' id='word_1_103' title='bbox 1517 1589 1592 1644; x_wconf 91' lang='lat' dir='ltr'><strong>ita</strong></span> <span class='ocrx_word' id='word_1_104' title='bbox 1619 1590 1812 1645; x_wconf 75' lang='lat' dir='ltr'><strong>videli~</strong></span> 
     </span>
    </p>
   </div>
   <div class='ocr_carea' id='block_1_18' title="bbox 219 1679 1816 1752">
    <p class='ocr_par' dir='ltr' id='par_1_18' title="bbox 219 1679 1816 1752">
     <span class='ocr_line' id='line_1_18' title="bbox 219 1679 1816 1752; baseline -0.001 -16"><span class='ocrx_word' id='word_1_105' title='bbox 219 1689 313 1736; x_wconf 75' lang='lat' dir='ltr'><strong>cet</strong></span> <span class='ocrx_word' id='word_1_106' title='bbox 337 1690 417 1748; x_wconf 83' lang='lat' dir='ltr'><strong>ut,</strong></span> <span class='ocrx_word' id='word_1_107' title='bbox 450 1681 496 1737; x_wconf 91' lang='lat' dir='ltr'><strong>si</strong></span> <span class='ocrx_word' id='word_1_108' title='bbox 525 1681 655 1752; x_wconf 87' lang='lat' dir='ltr'><strong>quid</strong></span> <span class='ocrx_word' id='word_1_109' title='bbox 690 1681 895 1736; x_wconf 89' lang='lat' dir='ltr'><strong>bonum</strong></span> <span class='ocrx_word' id='word_1_110' title='bbox 952 1695 1052 1752; x_wconf 89' lang='lat' dir='ltr'><strong>pro</strong></span> <span class='ocrx_word' id='word_1_111' title='bbox 1105 1690 1349 1752; x_wconf 89' lang='lat' dir='ltr'><strong>tempore</strong></span> <span class='ocrx_word' id='word_1_112' title='bbox 1401 1679 1566 1736; x_wconf 82' lang='lat' dir='ltr'><strong>fuerit</strong></span> <span class='ocrx_word' id='word_1_113' title='bbox 1587 1689 1642 1736; x_wconf 90' lang='lat' dir='ltr'><strong>et</strong></span> <span class='ocrx_word' id='word_1_114' title='bbox 1669 1696 1816 1737; x_wconf 84' lang='lat' dir='ltr'><strong>com-</strong></span> 
     </span>
    </p>
   </div>
   <div class='ocr_carea' id='block_1_19' title="bbox 1911 490 3497 562">
    <p class='ocr_par' dir='ltr' id='par_1_19' title="bbox 1911 490 3497 562">
     <span class='ocr_line' id='line_1_19' title="bbox 1911 490 3497 562; baseline 0.003 -15"><span class='ocrx_word' id='word_1_115' title='bbox 1911 508 2103 547; x_wconf 90' lang='lat' dir='ltr'><strong>eorum</strong></span> <span class='ocrx_word' id='word_1_116' title='bbox 2125 490 2237 545; x_wconf 82' lang='lat' dir='ltr'><strong>fere</strong></span> <span class='ocrx_word' id='word_1_117' title='bbox 2266 493 2574 562; x_wconf 86' lang='lat' dir='ltr'><strong>sumptibus</strong></span> <span class='ocrx_word' id='word_1_118' title='bbox 2601 491 2833 562; x_wconf 88' lang='lat' dir='ltr'><strong>propriis</strong></span> <span class='ocrx_word' id='word_1_119' title='bbox 2861 492 3218 560; x_wconf 84' lang='lat' dir='ltr'><strong>comparavit.</strong></span> <span class='ocrx_word' id='word_1_120' title='bbox 3243 492 3497 551; x_wconf 76' lang='lat' dir='ltr'><strong>Claustra</strong></span> 
     </span>
    </p>
   </div>
   <div class='ocr_carea' id='block_1_20' title="bbox 1910 582 3494 655">
    <p class='ocr_par' dir='ltr' id='par_1_20' title="bbox 1910 582 3494 655">
     <span class='ocr_line' id='line_1_20' title="bbox 1910 582 3494 655; baseline 0.002 -18"><span class='ocrx_word' id='word_1_121' title='bbox 1910 583 2076 638; x_wconf 90' lang='lat' dir='ltr'><strong>etiam</strong></span> <span class='ocrx_word' id='word_1_122' title='bbox 2107 582 2512 654; x_wconf 76' lang='lat' dir='ltr'><strong>Vulvinghusen</strong></span> <span class='ocrx_word' id='word_1_123' title='bbox 2535 583 2686 655; x_wconf 79' lang='grc'>(152)</span> <span class='ocrx_word' id='word_1_124' title='bbox 2715 592 2774 638; x_wconf 92' lang='lat' dir='ltr'><strong>et</strong></span> <span class='ocrx_word' id='word_1_125' title='bbox 2804 582 3190 654; x_wconf 78' lang='lat' dir='ltr'><strong>Fraukenberg</strong></span> <span class='ocrx_word' id='word_1_126' title='bbox 3211 585 3360 654; x_wconf 84' lang='grc'>(155)</span> <span class='ocrx_word' id='word_1_127' title='bbox 3391 600 3494 640; x_wconf 89' lang='lat' dir='ltr'><strong>suo</strong></span> 
     </span>
    </p>
   </div>
   <div class='ocr_carea' id='block_1_21' title="bbox 1912 676 3493 749">
    <p class='ocr_par' dir='ltr' id='par_1_21' title="bbox 1912 676 3493 749">
     <span class='ocr_line' id='line_1_21' title="bbox 1912 676 3493 749; baseline 0.004 -21"><span class='ocrx_word' id='word_1_128' title='bbox 1912 684 2156 745; x_wconf 89' lang='lat' dir='ltr'><strong>tempore</strong></span> <span class='ocrx_word' id='word_1_129' title='bbox 2199 686 2326 730; x_wconf 88' lang='lat' dir='ltr'><strong>sunt</strong></span> <span class='ocrx_word' id='word_1_130' title='bbox 2374 685 2714 742; x_wconf 73' lang='lat' dir='ltr'><strong>construrta,</strong></span> <span class='ocrx_word' id='word_1_131' title='bbox 2757 686 2812 730; x_wconf 90' lang='lat' dir='ltr'><strong>et</strong></span> <span class='ocrx_word' id='word_1_132' title='bbox 2868 676 3172 732; x_wconf 89' lang='lat' dir='ltr'><strong>Winhusen</strong></span> <span class='ocrx_word' id='word_1_133' title='bbox 3203 677 3376 749; x_wconf 68' lang='grc'>(154),</span> <span class='ocrx_word' id='word_1_134' title='bbox 3403 679 3493 734; x_wconf 81' lang='lat' dir='ltr'><strong>cui</strong></span> 
     </span>
    </p>
   </div>
   <div class='ocr_carea' id='block_1_22' title="bbox 1910 765 3498 838">
    <p class='ocr_par' dir='ltr' id='par_1_22' title="bbox 1910 765 3498 838">
     <span class='ocr_line' id='line_1_22' title="bbox 1910 765 3498 838; baseline 0.003 -17"><span class='ocrx_word' id='word_1_135' title='bbox 1910 767 2205 821; x_wconf 88' lang='lat' dir='ltr'><strong>conventui</strong></span> <span class='ocrx_word' id='word_1_136' title='bbox 2237 767 2522 822; x_wconf 85' lang='lat' dir='ltr'><strong>ecclesiam</strong></span> <span class='ocrx_word' id='word_1_137' title='bbox 2547 765 2792 837; x_wconf 83' lang='lat' dir='ltr'><strong>ejusdem</strong></span> <span class='ocrx_word' id='word_1_138' title='bbox 2815 767 2942 822; x_wconf 85' lang='lat' dir='ltr'><strong>villo</strong></span> <span class='ocrx_word' id='word_1_139' title='bbox 2984 769 3381 838; x_wconf 84' lang='lat' dir='ltr'><strong>parrochialem</strong></span> <span class='ocrx_word' id='word_1_140' title='bbox 3411 778 3498 826; x_wconf 67' lang='lat' dir='ltr'><strong>uti</strong></span> 
     </span>
    </p>
   </div>
   <div class='ocr_carea' id='block_1_23' title="bbox 1912 858 3496 930">
    <p class='ocr_par' dir='ltr' id='par_1_23' title="bbox 1912 858 3496 930">
     <span class='ocr_line' id='line_1_23' title="bbox 1912 858 3496 930; baseline 0.003 -19"><span class='ocrx_word' id='word_1_141' title='bbox 1912 858 2123 924; x_wconf 87' lang='lat' dir='ltr'><strong>tribuit,</strong></span> <span class='ocrx_word' id='word_1_142' title='bbox 2162 867 2216 912; x_wconf 89' lang='lat' dir='ltr'><strong>et</strong></span> <span class='ocrx_word' id='word_1_143' title='bbox 2237 859 2505 928; x_wconf 78' lang='lat' dir='ltr'><strong>religiosis</strong></span> <span class='ocrx_word' id='word_1_144' title='bbox 2528 859 2861 930; x_wconf 88' lang='lat' dir='ltr'><strong>quibuslibet</strong></span> <span class='ocrx_word' id='word_1_145' title='bbox 2894 859 3018 914; x_wconf 91' lang='lat' dir='ltr'><strong>aliis</strong></span> <span class='ocrx_word' id='word_1_146' title='bbox 3051 860 3223 914; x_wconf 91' lang='lat' dir='ltr'><strong>multa</strong></span> <span class='ocrx_word' id='word_1_147' title='bbox 3247 875 3496 915; x_wconf 61' lang='lat' dir='ltr'><strong>common</strong></span> 
     </span>
    </p>
   </div>
   <div class='ocr_carea' id='block_1_24' title="bbox 1912 948 3494 1020">
    <p class='ocr_par' dir='ltr' id='par_1_24' title="bbox 1912 948 3494 1020">
     <span class='ocr_line' id='line_1_24' title="bbox 1912 948 3494 1020; baseline 0.002 -17"><span class='ocrx_word' id='word_1_148' title='bbox 1912 948 1981 1003; x_wconf 90' lang='lat' dir='ltr'><strong>da</strong></span> <span class='ocrx_word' id='word_1_149' title='bbox 2013 948 2225 1018; x_wconf 89' lang='lat' dir='ltr'><strong>prebuit</strong></span> <span class='ocrx_word' id='word_1_150' title='bbox 2239 958 2293 1002; x_wconf 91' lang='lat' dir='ltr'><strong>et</strong></span> <span class='ocrx_word' id='word_1_151' title='bbox 2323 949 2586 1019; x_wconf 87' lang='lat' dir='ltr'><strong>inpendit,</strong></span> <span class='ocrx_word' id='word_1_152' title='bbox 2618 949 2912 1020; x_wconf 83' lang='lat' dir='ltr'><strong>providens</strong></span> <span class='ocrx_word' id='word_1_153' title='bbox 2937 950 3328 1005; x_wconf 89' lang='lat' dir='ltr'><strong>nichilominus</strong></span> <span class='ocrx_word' id='word_1_154' title='bbox 3351 967 3418 1006; x_wconf 92' lang='lat' dir='ltr'><strong>ne</strong></span> <span class='ocrx_word' id='word_1_155' title='bbox 3458 967 3494 1016; x_wconf 86' lang='lat' dir='ltr'><strong>n</strong></span> 
     </span>
    </p>
   </div>
   <div class='ocr_carea' id='block_1_25' title="bbox 1911 1040 3496 1114">
    <p class='ocr_par' dir='ltr' id='par_1_25' title="bbox 1911 1040 3496 1114">
     <span class='ocr_line' id='line_1_25' title="bbox 1911 1040 3496 1114; baseline 0.004 -22"><span class='ocrx_word' id='word_1_156' title='bbox 1911 1040 2360 1095; x_wconf 86' lang='lat' dir='ltr'><strong>oonventualibus</strong></span> <span class='ocrx_word' id='word_1_157' title='bbox 2407 1049 2461 1095; x_wconf 93' lang='lat' dir='ltr'><strong>et</strong></span> <span class='ocrx_word' id='word_1_158' title='bbox 2506 1041 2943 1112; x_wconf 86' lang='lat' dir='ltr'><strong>parrochialibus</strong></span> <span class='ocrx_word' id='word_1_159' title='bbox 2983 1042 3231 1098; x_wconf 88' lang='lat' dir='ltr'><strong>ecclesiis</strong></span> <span class='ocrx_word' id='word_1_160' title='bbox 3275 1044 3496 1114; x_wconf 87' lang='lat' dir='ltr'><strong>aliquod</strong></span> 
     </span>
    </p>
   </div>
   <div class='ocr_carea' id='block_1_26' title="bbox 1911 1129 3497 1201">
    <p class='ocr_par' dir='ltr' id='par_1_26' title="bbox 1911 1129 3497 1201">
     <span class='ocr_line' id='line_1_26' title="bbox 1911 1129 3497 1201; baseline 0.005 -19"><span class='ocrx_word' id='word_1_161' title='bbox 1911 1129 2115 1183; x_wconf 84' lang='lat' dir='ltr'><strong>vicium</strong></span> <span class='ocrx_word' id='word_1_162' title='bbox 2138 1139 2456 1201; x_wconf 78' lang='lat' dir='ltr'><strong>emergeret,</strong></span> <span class='ocrx_word' id='word_1_163' title='bbox 2485 1146 2551 1185; x_wconf 79' lang='lat' dir='ltr'><strong>ex</strong></span> <span class='ocrx_word' id='word_1_164' title='bbox 2599 1147 2710 1201; x_wconf 91' lang='lat' dir='ltr'><strong>quo</strong></span> <span class='ocrx_word' id='word_1_165' title='bbox 2768 1132 3104 1187; x_wconf 90' lang='lat' dir='ltr'><strong>minueretur</strong></span> <span class='ocrx_word' id='word_1_166' title='bbox 3133 1134 3295 1189; x_wconf 90' lang='lat' dir='ltr'><strong>decor</strong></span> <span class='ocrx_word' id='word_1_167' title='bbox 3317 1135 3497 1190; x_wconf 70' lang='lat' dir='ltr'><strong>eccle~</strong></span> 
     </span>
    </p>
   </div>
   <div class='ocr_carea' id='block_1_27' title="bbox 1914 1221 3500 1294">
    <p class='ocr_par' dir='ltr' id='par_1_27' title="bbox 1914 1221 3500 1294">
     <span class='ocr_line' id='line_1_27' title="bbox 1914 1221 3500 1294; baseline 0.004 -20"><span class='ocrx_word' id='word_1_168' title='bbox 1914 1221 2133 1276; x_wconf 87' lang='lat' dir='ltr'><strong>siastice</strong></span> <span class='ocrx_word' id='word_1_169' title='bbox 2171 1221 2474 1292; x_wconf 86' lang='lat' dir='ltr'><strong>dignitatis.</strong></span> <span class='ocrx_word' id='word_1_170' title='bbox 2532 1221 2832 1278; x_wconf 76' lang='lat' dir='ltr'><strong>Ecdesiam</strong></span> <span class='ocrx_word' id='word_1_171' title='bbox 2887 1239 3105 1294; x_wconf 84' lang='lat' dir='ltr'><strong>quoque</strong></span> <span class='ocrx_word' id='word_1_172' title='bbox 3146 1231 3390 1280; x_wconf 87' lang='lat' dir='ltr'><strong>nostram</strong></span> <span class='ocrx_word' id='word_1_173' title='bbox 3443 1233 3500 1281; x_wconf 91' lang='lat' dir='ltr'><strong>et</strong></span> 
     </span>
    </p>
   </div>
   <div class='ocr_carea' id='block_1_28' title="bbox 1911 1312 3496 1385">
    <p class='ocr_par' dir='ltr' id='par_1_28' title="bbox 1911 1312 3496 1385">
     <span class='ocr_line' id='line_1_28' title="bbox 1911 1312 3496 1385; baseline 0.004 -20"><span class='ocrx_word' id='word_1_174' title='bbox 1911 1312 2288 1382; x_wconf 90' lang='lat' dir='ltr'><strong>episcopatum</strong></span> <span class='ocrx_word' id='word_1_175' title='bbox 2317 1314 2460 1368; x_wconf 89' lang='lat' dir='ltr'><strong>sicut</strong></span> <span class='ocrx_word' id='word_1_176' title='bbox 2485 1322 2678 1383; x_wconf 84' lang='lat' dir='ltr'><strong>pastor</strong></span> <span class='ocrx_word' id='word_1_177' title='bbox 2704 1315 2962 1384; x_wconf 76' lang='lat' dir='ltr'><strong>providus</strong></span> <span class='ocrx_word' id='word_1_178' title='bbox 3015 1326 3068 1370; x_wconf 89' lang='lat' dir='ltr'><strong>et</strong></span> <span class='ocrx_word' id='word_1_179' title='bbox 3104 1317 3350 1385; x_wconf 85' lang='lat' dir='ltr'><strong>provisor</strong></span> <span class='ocrx_word' id='word_1_180' title='bbox 3370 1317 3496 1372; x_wconf 88' lang='lat' dir='ltr'><strong>dili-</strong></span> 
     </span>
    </p>
   </div>
   <div class='ocr_carea' id='block_1_29' title="bbox 1914 1402 3498 1477">
    <p class='ocr_par' dir='ltr' id='par_1_29' title="bbox 1914 1402 3498 1477">
     <span class='ocr_line' id='line_1_29' title="bbox 1914 1402 3498 1477; baseline 0.006 -21"><span class='ocrx_word' id='word_1_181' title='bbox 1914 1417 2046 1472; x_wconf 83' lang='lat' dir='ltr'><strong>gens</strong></span> <span class='ocrx_word' id='word_1_182' title='bbox 2069 1402 2124 1456; x_wconf 92' lang='lat' dir='ltr'><strong>in</strong></span> <span class='ocrx_word' id='word_1_183' title='bbox 2148 1403 2422 1473; x_wconf 87' lang='lat' dir='ltr'><strong>emptione</strong></span> <span class='ocrx_word' id='word_1_184' title='bbox 2463 1406 2730 1460; x_wconf 90' lang='lat' dir='ltr'><strong>bonorum</strong></span> <span class='ocrx_word' id='word_1_185' title='bbox 2763 1415 2815 1460; x_wconf 89' lang='lat' dir='ltr'><strong>et</strong></span> <span class='ocrx_word' id='word_1_186' title='bbox 2858 1407 3226 1477; x_wconf 84' lang='lat' dir='ltr'><strong>redemptione</strong></span> <span class='ocrx_word' id='word_1_187' title='bbox 3258 1408 3498 1465; x_wconf 86' lang='lat' dir='ltr'><strong>advoca-</strong></span> 
     </span>
    </p>
   </div>
   <div class='ocr_carea' id='block_1_30' title="bbox 1916 1493 3496 1555">
    <p class='ocr_par' dir='ltr' id='par_1_30' title="bbox 1916 1493 3496 1555">
     <span class='ocr_line' id='line_1_30' title="bbox 1916 1493 3496 1555; baseline 0.004 -7"><span class='ocrx_word' id='word_1_188' title='bbox 1916 1495 2115 1549; x_wconf 90' lang='lat' dir='ltr'><strong>tiarum</strong></span> <span class='ocrx_word' id='word_1_189' title='bbox 2145 1493 2357 1549; x_wconf 86' lang='lat' dir='ltr'><strong>ditavit.</strong></span> <span class='ocrx_word' id='word_1_190' title='bbox 2389 1494 2725 1552; x_wconf 78' lang='lat' dir='ltr'><strong>Advocacias</strong></span> <span class='ocrx_word' id='word_1_191' title='bbox 2771 1498 2918 1552; x_wconf 91' lang='lat' dir='ltr'><strong>enim</strong></span> <span class='ocrx_word' id='word_1_192' title='bbox 2963 1499 3360 1554; x_wconf 90' lang='lat' dir='ltr'><strong>villicationum</strong></span> <span class='ocrx_word' id='word_1_193' title='bbox 3391 1500 3496 1555; x_wconf 87' lang='lat' dir='ltr'><strong>Ba-</strong></span> 
     </span>
    </p>
   </div>
   <div class='ocr_carea' id='block_1_31' title="bbox 1914 1587 3495 1662">
    <p class='ocr_par' dir='ltr' id='par_1_31' title="bbox 1914 1587 3495 1662">
     <span class='ocr_line' id='line_1_31' title="bbox 1914 1587 3495 1662; baseline 0.003 -21"><span class='ocrx_word' id='word_1_194' title='bbox 1914 1602 2030 1642; x_wconf 89' lang='lat' dir='ltr'><strong>rem</strong></span> <span class='ocrx_word' id='word_1_195' title='bbox 2061 1587 2231 1658; x_wconf 78' lang='grc'>(155),</span> <span class='ocrx_word' id='word_1_196' title='bbox 2281 1587 2575 1659; x_wconf 82' lang='lat' dir='ltr'><strong>Beddigen,</strong></span> <span class='ocrx_word' id='word_1_197' title='bbox 2607 1588 2908 1657; x_wconf 65' lang='lat' dir='ltr'><strong>Ezkelsem,</strong></span> <span class='ocrx_word' id='word_1_198' title='bbox 2934 1591 3165 1659; x_wconf 87' lang='lat' dir='ltr'><strong>Bultem,</strong></span> <span class='ocrx_word' id='word_1_199' title='bbox 3193 1591 3495 1662; x_wconf 81' lang='lat' dir='ltr'><strong>Addenem,</strong></span> 
     </span>
    </p>
   </div>
   <div class='ocr_carea' id='block_1_32' title="bbox 1914 1663 3500 1752">
    <p class='ocr_par' dir='ltr' id='par_1_32' title="bbox 1914 1663 3500 1752">
     <span class='ocr_line' id='line_1_32' title="bbox 1914 1663 3500 1752; baseline 0.003 -20"><span class='ocrx_word' id='word_1_200' title='bbox 1914 1692 1943 1732; x_wconf 85' lang='lat' dir='ltr'><strong>a</strong></span> <span class='ocrx_word' id='word_1_201' title='bbox 1976 1676 2217 1746; x_wconf 83' lang='lat' dir='ltr'><strong>capitulo</strong></span> <span class='ocrx_word' id='word_1_202' title='bbox 2239 1694 2435 1748; x_wconf 84' lang='lat' dir='ltr'><strong>magna</strong></span> <span class='ocrx_word' id='word_1_203' title='bbox 2463 1695 2678 1734; x_wconf 89' lang='lat' dir='ltr'><strong>summa</strong></span> <span class='ocrx_word' id='word_1_204' title='bbox 2704 1681 2934 1750; x_wconf 86' lang='lat' dir='ltr'><strong>pecunie</strong></span> <span class='ocrx_word' id='word_1_205' title='bbox 2981 1683 3289 1752; x_wconf 82' lang='lat' dir='ltr'><strong>redemptas</strong></span> <span class='ocrx_word' id='word_1_206' title='bbox 3317 1663 3500 1737; x_wconf 78' lang='lat' dir='ltr'><strong>fratri-</strong></span> 
     </span>
    </p>
   </div>
   <div class='ocr_carea' id='block_1_33' title="bbox 226 1751 3495 1852">
    <p class='ocr_par' dir='ltr' id='par_1_33' title="bbox 226 1751 3495 1852">
     <span class='ocr_line' id='line_1_33' title="bbox 226 1751 3495 1852; baseline 0.001 -26"><span class='ocrx_word' id='word_1_207' title='bbox 226 1773 450 1828; x_wconf 87' lang='lat' dir='ltr'><strong>modum</strong></span> <span class='ocrx_word' id='word_1_208' title='bbox 480 1771 548 1852; x_wconf 57' lang='lat'><strong>?°,</strong></span> <span class='ocrx_word' id='word_1_209' title='bbox 592 1771 829 1842; x_wconf 90' lang='lat' dir='ltr'><strong>capitulo</strong></span> <span class='ocrx_word' id='word_1_210' title='bbox 869 1770 941 1825; x_wconf 88' lang='lat' dir='ltr'><strong>sit</strong></span> <span class='ocrx_word' id='word_1_211' title='bbox 970 1771 1093 1826; x_wconf 90' lang='lat' dir='ltr'><strong>inde</strong></span> <span class='ocrx_word' id='word_1_212' title='bbox 1135 1751 1370 1826; x_wconf 88' lang='lat' dir='ltr'><strong>liberum</strong></span> <span class='ocrx_word' id='word_1_213' title='bbox 1416 1770 1692 1837; x_wconf 88' lang='lat' dir='ltr'><strong>ordinare,</strong></span> <span class='ocrx_word' id='word_1_214' title='bbox 1716 1769 1811 1824; x_wconf 88' lang='lat' dir='ltr'><strong>ad—</strong></span> <span class='ocrx_word' id='word_1_215' title='bbox 1839 1751 1887 1812; x_wconf 72' lang='grc' dir='ltr'><strong><em>Β</em></strong></span> <span class='ocrx_word' id='word_1_216' title='bbox 1914 1767 2018 1824; x_wconf 88' lang='lat' dir='ltr'><strong>bus</strong></span> <span class='ocrx_word' id='word_1_217' title='bbox 2053 1769 2121 1824; x_wconf 89' lang='lat' dir='ltr'><strong>ad</strong></span> <span class='ocrx_word' id='word_1_218' title='bbox 2145 1771 2477 1840; x_wconf 81' lang='lat' dir='ltr'><strong>prehendam</strong></span> <span class='ocrx_word' id='word_1_219' title='bbox 2503 1773 2736 1827; x_wconf 89' lang='lat' dir='ltr'><strong>contulit</strong></span> <span class='ocrx_word' id='word_1_220' title='bbox 2789 1773 3082 1828; x_wconf 83' lang='lat' dir='ltr'><strong>liberaliter</strong></span> <span class='ocrx_word' id='word_1_221' title='bbox 3129 1751 3184 1830; x_wconf 79' lang='lat' dir='ltr'><strong>et</strong></span> <span class='ocrx_word' id='word_1_222' title='bbox 3225 1775 3495 1830; x_wconf 90' lang='lat' dir='ltr'><strong>absolute.</strong></span> 
     </span>
    </p>
   </div>
   <div class='ocr_carea' id='block_1_34' title="bbox 222 1854 1812 1932">
    <p class='ocr_par' dir='ltr' id='par_1_34' title="bbox 222 1854 1812 1932">
     <span class='ocr_line' id='line_1_34' title="bbox 222 1854 1812 1932; baseline 0.001 -16"><span class='ocrx_word' id='word_1_223' title='bbox 222 1854 505 1919; x_wconf 72' lang='lat' dir='ltr'><strong>vocaciam</strong></span> <span class='ocrx_word' id='word_1_224' title='bbox 533 1863 589 1916; x_wconf 71' lang='lat' dir='ltr'><strong>in’</strong></span> <span class='ocrx_word' id='word_1_225' title='bbox 617 1859 999 1917; x_wconf 75' lang='lat' dir='ltr'><strong>Wittenburch</strong></span> <span class='ocrx_word' id='word_1_226' title='bbox 1023 1876 1186 1932; x_wconf 90' lang='lat' dir='ltr'><strong>super</strong></span> <span class='ocrx_word' id='word_1_227' title='bbox 1201 1861 1460 1916; x_wconf 88' lang='lat' dir='ltr'><strong>ailodium</strong></span> <span class='ocrx_word' id='word_1_228' title='bbox 1483 1869 1538 1916; x_wconf 89' lang='lat' dir='ltr'><strong>et</strong></span> <span class='ocrx_word' id='word_1_229' title='bbox 1561 1861 1628 1915; x_wconf 76' lang='lat' dir='ltr'><strong>l2</strong></span> <span class='ocrx_word' id='word_1_230' title='bbox 1656 1877 1812 1918; x_wconf 90' lang='lat' dir='ltr'><strong>areas</strong></span> 
     </span>
    </p>
   </div>
   <div class='ocr_carea' id='block_1_35' title="bbox 222 1948 1811 2019">
    <p class='ocr_par' dir='ltr' id='par_1_35' title="bbox 222 1948 1811 2019">
     <span class='ocr_line' id='line_1_35' title="bbox 222 1948 1811 2019; baseline -0.003 -11"><span class='ocrx_word' id='word_1_231' title='bbox 222 1953 297 2008; x_wconf 71' lang='lat' dir='ltr'><strong>ab</strong></span> <span class='ocrx_word' id='word_1_232' title='bbox 326 1950 569 2006; x_wconf 84' lang='lat' dir='ltr'><strong>Arnoldo</strong></span> <span class='ocrx_word' id='word_1_233' title='bbox 605 1950 746 2004; x_wconf 89' lang='lat' dir='ltr'><strong>laico</strong></span> <span class='ocrx_word' id='word_1_234' title='bbox 773 1958 1032 2019; x_wconf 87' lang='lat' dir='ltr'><strong>emptam,</strong></span> <span class='ocrx_word' id='word_1_235' title='bbox 1067 1963 1168 2004; x_wconf 90' lang='lat' dir='ltr'><strong>suo</strong></span> <span class='ocrx_word' id='word_1_236' title='bbox 1198 1957 1441 2019; x_wconf 87' lang='lat' dir='ltr'><strong>tempore</strong></span> <span class='ocrx_word' id='word_1_237' title='bbox 1465 1958 1520 2004; x_wconf 92' lang='lat' dir='ltr'><strong>et</strong></span> <span class='ocrx_word' id='word_1_238' title='bbox 1543 1948 1811 2004; x_wconf 88' lang='lat' dir='ltr'><strong>decimam</strong></span> 
     </span>
    </p>
   </div>
   <div class='ocr_carea' id='block_1_36' title="bbox 223 2039 1816 2098">
    <p class='ocr_par' dir='ltr' id='par_1_36' title="bbox 223 2039 1816 2098">
     <span class='ocr_line' id='line_1_36' title="bbox 223 2039 1816 2098; baseline -0.002 -1"><span class='ocrx_word' id='word_1_239' title='bbox 223 2043 393 2098; x_wconf 85' lang='lat' dir='ltr'><strong>unius</strong></span> <span class='ocrx_word' id='word_1_240' title='bbox 421 2042 598 2097; x_wconf 88' lang='lat' dir='ltr'><strong>mansi</strong></span> <span class='ocrx_word' id='word_1_241' title='bbox 620 2049 674 2096; x_wconf 85' lang='lat' dir='ltr'><strong>et</strong></span> <span class='ocrx_word' id='word_1_242' title='bbox 716 2040 783 2094; x_wconf 74' lang='grc'>12</span> <span class='ocrx_word' id='word_1_243' title='bbox 812 2055 1067 2096; x_wconf 90' lang='lat' dir='ltr'><strong>arearum</strong></span> <span class='ocrx_word' id='word_1_244' title='bbox 1098 2039 1155 2094; x_wconf 88' lang='lat' dir='ltr'><strong>in</strong></span> <span class='ocrx_word' id='word_1_245' title='bbox 1177 2041 1365 2096; x_wconf 89' lang='lat' dir='ltr'><strong>eadem</strong></span> <span class='ocrx_word' id='word_1_246' title='bbox 1401 2039 1531 2095; x_wconf 84' lang='lat' dir='ltr'><strong>villa</strong></span> <span class='ocrx_word' id='word_1_247' title='bbox 1563 2040 1816 2095; x_wconf 83' lang='lat' dir='ltr'><strong>raciona-</strong></span> 
     </span>
    </p>
   </div>
   <div class='ocr_carea' id='block_1_37' title="bbox 221 2133 1813 2205">
    <p class='ocr_par' dir='ltr' id='par_1_37' title="bbox 221 2133 1813 2205">
     <span class='ocr_line' id='line_1_37' title="bbox 221 2133 1813 2205; baseline -0.003 -15"><span class='ocrx_word' id='word_1_248' title='bbox 221 2137 407 2191; x_wconf 79' lang='lat' dir='ltr'><strong>biliter</strong></span> <span class='ocrx_word' id='word_1_249' title='bbox 435 2143 805 2205; x_wconf 87' lang='lat' dir='ltr'><strong>comparatam</strong></span> <span class='ocrx_word' id='word_1_250' title='bbox 841 2135 1070 2190; x_wconf 89' lang='lat' dir='ltr'><strong>ecelesie</strong></span> <span class='ocrx_word' id='word_1_251' title='bbox 1107 2143 1293 2190; x_wconf 91' lang='lat' dir='ltr'><strong>nostre</strong></span> <span class='ocrx_word' id='word_1_252' title='bbox 1340 2133 1518 2200; x_wconf 89' lang='lat' dir='ltr'><strong>dedit;</strong></span> <span class='ocrx_word' id='word_1_253' title='bbox 1568 2139 1813 2204; x_wconf 87' lang='lat' dir='ltr'><strong>preterea</strong></span> 
     </span>
    </p>
   </div>
   <div class='ocr_carea' id='block_1_38' title="bbox 222 2219 1815 2299">
    <p class='ocr_par' dir='ltr' id='par_1_38' title="bbox 222 2219 1815 2299">
     <span class='ocr_line' id='line_1_38' title="bbox 222 2219 1815 2299; baseline -0.003 -16"><span class='ocrx_word' id='word_1_254' title='bbox 222 2228 501 2299; x_wconf 77' lang='lat' dir='ltr'><strong>quandam</strong></span> <span class='ocrx_word' id='word_1_255' title='bbox 525 2219 707 2283; x_wconf 79' lang='lat' dir='ltr'><strong>aream</strong></span> <span class='ocrx_word' id='word_1_256' title='bbox 737 2243 893 2282; x_wconf 90' lang='lat' dir='ltr'><strong>suam</strong></span> <span class='ocrx_word' id='word_1_257' title='bbox 917 2227 1076 2298; x_wconf 80' lang='lat' dir='ltr'><strong>juxta</strong></span> <span class='ocrx_word' id='word_1_258' title='bbox 1088 2226 1300 2282; x_wconf 89' lang='lat' dir='ltr'><strong>valvam</strong></span> <span class='ocrx_word' id='word_1_259' title='bbox 1317 2225 1492 2282; x_wconf 87' lang='lat' dir='ltr'><strong>sancti</strong></span> <span class='ocrx_word' id='word_1_260' title='bbox 1510 2224 1675 2292; x_wconf 87' lang='lat' dir='ltr'><strong>Petri,</strong></span> <span class='ocrx_word' id='word_1_261' title='bbox 1706 2238 1815 2294; x_wconf 89' lang='lat' dir='ltr'><strong>que</strong></span> 
     </span>
    </p>
   </div>
   <div class='ocr_carea' id='block_1_39' title="bbox 225 2315 1813 2390">
    <p class='ocr_par' dir='ltr' id='par_1_39' title="bbox 225 2315 1813 2390">
     <span class='ocr_line' id='line_1_39' title="bbox 225 2315 1813 2390; baseline -0.004 -15"><span class='ocrx_word' id='word_1_262' title='bbox 225 2320 383 2390; x_wconf 82' lang='lat' dir='ltr'><strong>prius</strong></span> <span class='ocrx_word' id='word_1_263' title='bbox 405 2321 688 2374; x_wconf 82' lang='lat' dir='ltr'><strong>tenebatur</strong></span> <span class='ocrx_word' id='word_1_264' title='bbox 705 2318 828 2389; x_wconf 88' lang='lat' dir='ltr'><strong>jure</strong></span> <span class='ocrx_word' id='word_1_265' title='bbox 854 2317 1071 2385; x_wconf 84' lang='lat' dir='ltr'><strong>l&#39;eodali,</strong></span> <span class='ocrx_word' id='word_1_266' title='bbox 1100 2318 1448 2373; x_wconf 86' lang='lat' dir='ltr'><strong>claustralem</strong></span> <span class='ocrx_word' id='word_1_267' title='bbox 1484 2315 1612 2370; x_wconf 82' lang='lat' dir='ltr'><strong>fecit</strong></span> <span class='ocrx_word' id='word_1_268' title='bbox 1636 2322 1689 2370; x_wconf 90' lang='lat' dir='ltr'><strong>et</strong></span> <span class='ocrx_word' id='word_1_269' title='bbox 1715 2330 1813 2370; x_wconf 85' lang='lat' dir='ltr'><strong>cu-</strong></span> 
     </span>
    </p>
   </div>
   <div class='ocr_carea' id='block_1_40' title="bbox 227 2405 1812 2480">
    <p class='ocr_par' dir='ltr' id='par_1_40' title="bbox 227 2405 1812 2480">
     <span class='ocr_line' id='line_1_40' title="bbox 227 2405 1812 2480; baseline -0.005 -14"><span class='ocrx_word' id='word_1_270' title='bbox 227 2410 308 2466; x_wconf 88' lang='lat' dir='ltr'><strong>rie</strong></span> <span class='ocrx_word' id='word_1_271' title='bbox 341 2410 582 2466; x_wconf 88' lang='lat' dir='ltr'><strong>cantoris</strong></span> <span class='ocrx_word' id='word_1_272' title='bbox 603 2411 816 2480; x_wconf 90' lang='lat' dir='ltr'><strong>adjecit.</strong></span> <span class='ocrx_word' id='word_1_273' title='bbox 848 2408 996 2464; x_wconf 88' lang='lat' dir='ltr'><strong>Duas</strong></span> <span class='ocrx_word' id='word_1_274' title='bbox 1027 2408 1199 2463; x_wconf 88' lang='lat' dir='ltr'><strong>eciam</strong></span> <span class='ocrx_word' id='word_1_275' title='bbox 1261 2423 1420 2462; x_wconf 87' lang='lat' dir='ltr'><strong>areas</strong></span> <span class='ocrx_word' id='word_1_276' title='bbox 1470 2410 1526 2460; x_wconf 92' lang='lat' dir='ltr'><strong>in</strong></span> <span class='ocrx_word' id='word_1_277' title='bbox 1557 2422 1696 2460; x_wconf 90' lang='lat' dir='ltr'><strong>nova</strong></span> <span class='ocrx_word' id='word_1_278' title='bbox 1732 2405 1812 2459; x_wconf 90' lang='lat' dir='ltr'><strong>ei-</strong></span> 
     </span>
    </p>
   </div>
   <div class='ocr_carea' id='block_1_41' title="bbox 227 2495 1810 2573">
    <p class='ocr_par' dir='ltr' id='par_1_41' title="bbox 227 2495 1810 2573">
     <span class='ocr_line' id='line_1_41' title="bbox 227 2495 1810 2573; baseline -0.005 -16"><span class='ocrx_word' id='word_1_279' title='bbox 227 2503 395 2557; x_wconf 78' lang='lat' dir='ltr'><strong>vitate</strong></span> <span class='ocrx_word' id='word_1_280' title='bbox 416 2500 679 2573; x_wconf 88' lang='lat' dir='ltr'><strong>prepositi</strong></span> <span class='ocrx_word' id='word_1_281' title='bbox 700 2501 895 2571; x_wconf 85' lang='lat' dir='ltr'><strong>majori</strong></span> <span class='ocrx_word' id='word_1_282' title='bbox 925 2501 1268 2572; x_wconf 86' lang='lat' dir='ltr'><strong>prepositura</strong></span> <span class='ocrx_word' id='word_1_283' title='bbox 1295 2507 1521 2554; x_wconf 84' lang='lat' dir='ltr'><strong>vacante</strong></span> <span class='ocrx_word' id='word_1_284' title='bbox 1556 2498 1623 2552; x_wconf 87' lang='lat' dir='ltr'><strong>ad</strong></span> <span class='ocrx_word' id='word_1_285' title='bbox 1649 2495 1810 2552; x_wconf 88' lang='lat' dir='ltr'><strong>usum</strong></span> 
     </span>
    </p>
   </div>
   <div class='ocr_carea' id='block_1_42' title="bbox 218 2591 1814 2668">
    <p class='ocr_par' dir='ltr' id='par_1_42' title="bbox 218 2591 1814 2668">
     <span class='ocr_line' id='line_1_42' title="bbox 218 2591 1814 2668; baseline -0.001 -18"><span class='ocrx_word' id='word_1_286' title='bbox 218 2596 574 2668; x_wconf 84' lang='lat' dir='ltr'><strong>quorundam</strong></span> <span class='ocrx_word' id='word_1_287' title='bbox 599 2596 952 2650; x_wconf 88' lang='lat' dir='ltr'><strong>luminarium</strong></span> <span class='ocrx_word' id='word_1_288' title='bbox 981 2594 1300 2666; x_wconf 78' lang='lat' dir='ltr'><strong>assignavit,</strong></span> <span class='ocrx_word' id='word_1_289' title='bbox 1329 2603 1384 2648; x_wconf 92' lang='lat' dir='ltr'><strong>et</strong></span> <span class='ocrx_word' id='word_1_290' title='bbox 1396 2594 1578 2648; x_wconf 89' lang='lat' dir='ltr'><strong>locum</strong></span> <span class='ocrx_word' id='word_1_291' title='bbox 1607 2591 1814 2662; x_wconf 88' lang='lat' dir='ltr'><strong>piscine</strong></span> 
     </span>
    </p>
   </div>
   <div class='ocr_carea' id='block_1_43' title="bbox 221 2688 1811 2762">
    <p class='ocr_par' dir='ltr' id='par_1_43' title="bbox 221 2688 1811 2762">
     <span class='ocr_line' id='line_1_43' title="bbox 221 2688 1811 2762; baseline -0.001 -16"><span class='ocrx_word' id='word_1_292' title='bbox 221 2691 323 2762; x_wconf 82' lang='lat' dir='ltr'><strong>qui</strong></span> <span class='ocrx_word' id='word_1_293' title='bbox 351 2692 531 2746; x_wconf 89' lang='lat' dir='ltr'><strong>minus</strong></span> <span class='ocrx_word' id='word_1_294' title='bbox 556 2691 706 2746; x_wconf 91' lang='lat' dir='ltr'><strong>utilis</strong></span> <span class='ocrx_word' id='word_1_295' title='bbox 736 2689 861 2757; x_wconf 84' lang='lat' dir='ltr'><strong>fuit,</strong></span> <span class='ocrx_word' id='word_1_296' title='bbox 897 2706 1065 2761; x_wconf 84' lang='lat' dir='ltr'><strong>prope</strong></span> <span class='ocrx_word' id='word_1_297' title='bbox 1125 2700 1374 2746; x_wconf 85' lang='lat' dir='ltr'><strong>nostrum</strong></span> <span class='ocrx_word' id='word_1_298' title='bbox 1428 2688 1811 2744; x_wconf 88' lang='lat' dir='ltr'><strong>dormitorium</strong></span> 
     </span>
    </p>
   </div>
   <div class='ocr_carea' id='block_1_44' title="bbox 225 2781 1808 2839">
    <p class='ocr_par' dir='ltr' id='par_1_44' title="bbox 225 2781 1808 2839">
     <span class='ocr_line' id='line_1_44' title="bbox 225 2781 1808 2839; baseline -0.003 -1"><span class='ocrx_word' id='word_1_299' title='bbox 225 2783 390 2838; x_wconf 84' lang='lat' dir='ltr'><strong>nobis</strong></span> <span class='ocrx_word' id='word_1_300' title='bbox 419 2782 584 2839; x_wconf 83' lang='lat' dir='ltr'><strong>dedit.</strong></span> <span class='ocrx_word' id='word_1_301' title='bbox 637 2781 871 2837; x_wconf 82' lang='lat' dir='ltr'><strong>Parvam</strong></span> <span class='ocrx_word' id='word_1_302' title='bbox 914 2783 1078 2837; x_wconf 86' lang='lat' dir='ltr'><strong>etiam</strong></span> <span class='ocrx_word' id='word_1_303' title='bbox 1119 2797 1312 2838; x_wconf 85' lang='lat' dir='ltr'><strong>aream</strong></span> <span class='ocrx_word' id='word_1_304' title='bbox 1357 2790 1412 2836; x_wconf 89' lang='lat' dir='ltr'><strong>et</strong></span> <span class='ocrx_word' id='word_1_305' title='bbox 1460 2781 1808 2836; x_wconf 81' lang='lat' dir='ltr'><strong>advocaciam</strong></span> 
     </span>
    </p>
   </div>
   <div class='ocr_carea' id='block_1_45' title="bbox 218 2872 1811 2945">
    <p class='ocr_par' dir='ltr' id='par_1_45' title="bbox 218 2872 1811 2945">
     <span class='ocr_line' id='line_1_45' title="bbox 218 2872 1811 2945; baseline -0.003 -15"><span class='ocrx_word' id='word_1_306' title='bbox 218 2875 350 2945; x_wconf 80' lang='lat' dir='ltr'><strong>ejus</strong></span> <span class='ocrx_word' id='word_1_307' title='bbox 370 2890 402 2929; x_wconf 91' lang='lat' dir='ltr'><strong>a</strong></span> <span class='ocrx_word' id='word_1_308' title='bbox 428 2872 662 2930; x_wconf 79' lang='lat' dir='ltr'><strong>Henrico</strong></span> <span class='ocrx_word' id='word_1_309' title='bbox 707 2874 1013 2930; x_wconf 89' lang='lat' dir='ltr'><strong>camerario</strong></span> <span class='ocrx_word' id='word_1_310' title='bbox 1039 2882 1093 2929; x_wconf 91' lang='lat' dir='ltr'><strong>et</strong></span> <span class='ocrx_word' id='word_1_311' title='bbox 1120 2874 1246 2928; x_wconf 85' lang='lat' dir='ltr'><strong>liliis</strong></span> <span class='ocrx_word' id='word_1_312' title='bbox 1271 2873 1386 2928; x_wconf 89' lang='lat' dir='ltr'><strong>suis</strong></span> <span class='ocrx_word' id='word_1_313' title='bbox 1411 2881 1648 2943; x_wconf 91' lang='lat' dir='ltr'><strong>emptam</strong></span> <span class='ocrx_word' id='word_1_314' title='bbox 1675 2887 1811 2928; x_wconf 92' lang='lat' dir='ltr'><strong>con-</strong></span> 
     </span>
    </p>
   </div>
   <div class='ocr_carea' id='block_1_46' title="bbox 223 2963 1810 3033">
    <p class='ocr_par' dir='ltr' id='par_1_46' title="bbox 223 2963 1810 3033">
     <span class='ocr_line' id='line_1_46' title="bbox 223 2963 1810 3033; baseline -0.003 -11"><span class='ocrx_word' id='word_1_315' title='bbox 223 2967 353 3022; x_wconf 80' lang='lat' dir='ltr'><strong>tulit</strong></span> <span class='ocrx_word' id='word_1_316' title='bbox 378 2967 443 3022; x_wconf 91' lang='lat' dir='ltr'><strong>ad</strong></span> <span class='ocrx_word' id='word_1_317' title='bbox 459 2967 680 3022; x_wconf 83' lang='lat' dir='ltr'><strong>stabiles</strong></span> <span class='ocrx_word' id='word_1_318' title='bbox 707 2966 974 3033; x_wconf 89' lang='lat' dir='ltr'><strong>vicarias;</strong></span> <span class='ocrx_word' id='word_1_319' title='bbox 1004 2967 1195 3022; x_wconf 89' lang='lat' dir='ltr'><strong>volens</strong></span> <span class='ocrx_word' id='word_1_320' title='bbox 1227 2965 1402 3021; x_wconf 87' lang='lat' dir='ltr'><strong>eciam</strong></span> <span class='ocrx_word' id='word_1_321' title='bbox 1446 2965 1676 3020; x_wconf 88' lang='lat' dir='ltr'><strong>ecclesie</strong></span> <span class='ocrx_word' id='word_1_322' title='bbox 1723 2963 1810 3032; x_wconf 90' lang='lat' dir='ltr'><strong>pia</strong></span> 
     </span>
    </p>
   </div>
   <div class='ocr_carea' id='block_1_47' title="bbox 225 3055 1882 3148">
    <p class='ocr_par' dir='ltr' id='par_1_47' title="bbox 225 3055 1882 3148">
     <span class='ocr_line' id='line_1_47' title="bbox 225 3055 1882 3148; baseline -0.002 -34"><span class='ocrx_word' id='word_1_323' title='bbox 225 3058 594 3114; x_wconf 88' lang='lat' dir='ltr'><strong>benivolentia</strong></span> <span class='ocrx_word' id='word_1_324' title='bbox 621 3059 924 3129; x_wconf 88' lang='lat' dir='ltr'><strong>providere,</strong></span> <span class='ocrx_word' id='word_1_325' title='bbox 954 3073 1230 3113; x_wconf 89' lang='lat' dir='ltr'><strong>consensu</strong></span> <span class='ocrx_word' id='word_1_326' title='bbox 1254 3066 1308 3112; x_wconf 88' lang='lat' dir='ltr'><strong>et</strong></span> <span class='ocrx_word' id='word_1_327' title='bbox 1332 3057 1560 3112; x_wconf 87' lang='lat' dir='ltr'><strong>consilio</strong></span> <span class='ocrx_word' id='word_1_328' title='bbox 1590 3055 1813 3127; x_wconf 88' lang='lat' dir='ltr'><strong>capituli</strong></span> <span class='ocrx_word' id='word_1_329' title='bbox 1840 3091 1882 3148; x_wconf 64' lang='grc' dir='ltr'>α</span> 
     </span>
    </p>
   </div>
   <div class='ocr_carea' id='block_1_48' title="bbox 227 3149 1813 3220">
    <p class='ocr_par' dir='ltr' id='par_1_48' title="bbox 227 3149 1813 3220">
     <span class='ocr_line' id='line_1_48' title="bbox 227 3149 1813 3220; baseline -0.004 -14"><span class='ocrx_word' id='word_1_330' title='bbox 227 3151 422 3206; x_wconf 77' lang='lat' dir='ltr'><strong>&#39;statuit</strong></span> <span class='ocrx_word' id='word_1_331' title='bbox 445 3158 510 3206; x_wconf 86' lang='lat' dir='ltr'><strong>ut</strong></span> <span class='ocrx_word' id='word_1_332' title='bbox 530 3150 849 3206; x_wconf 82' lang='lat' dir='ltr'><strong>advocacias</strong></span> <span class='ocrx_word' id='word_1_333' title='bbox 883 3150 1224 3220; x_wconf 90' lang='lat' dir='ltr'><strong>prepositure</strong></span> <span class='ocrx_word' id='word_1_334' title='bbox 1255 3149 1499 3219; x_wconf 87' lang='lat' dir='ltr'><strong>majoris,</strong></span> <span class='ocrx_word' id='word_1_335' title='bbox 1531 3164 1670 3219; x_wconf 88' lang='lat' dir='ltr'><strong>quas</strong></span> <span class='ocrx_word' id='word_1_336' title='bbox 1688 3162 1813 3217; x_wconf 88' lang='lat' dir='ltr'><strong>pre-</strong></span> 
     </span>
    </p>
   </div>
   <div class='ocr_carea' id='block_1_49' title="bbox 225 3240 1811 3314">
    <p class='ocr_par' dir='ltr' id='par_1_49' title="bbox 225 3240 1811 3314">
     <span class='ocr_line' id='line_1_49' title="bbox 225 3240 1811 3314; baseline -0.003 -17"><span class='ocrx_word' id='word_1_337' title='bbox 225 3243 442 3314; x_wconf 87' lang='lat' dir='ltr'><strong>positus</strong></span> <span class='ocrx_word' id='word_1_338' title='bbox 464 3258 609 3298; x_wconf 86' lang='lat' dir='ltr'><strong>nunc</strong></span> <span class='ocrx_word' id='word_1_339' title='bbox 650 3249 814 3307; x_wconf 89' lang='lat' dir='ltr'><strong>tenet,</strong></span> <span class='ocrx_word' id='word_1_340' title='bbox 843 3249 898 3296; x_wconf 91' lang='lat' dir='ltr'><strong>et</strong></span> <span class='ocrx_word' id='word_1_341' title='bbox 945 3256 1052 3311; x_wconf 93' lang='lat' dir='ltr'><strong>que</strong></span> <span class='ocrx_word' id='word_1_342' title='bbox 1079 3240 1426 3311; x_wconf 89' lang='lat' dir='ltr'><strong>postmodum</strong></span> <span class='ocrx_word' id='word_1_343' title='bbox 1470 3247 1729 3308; x_wconf 89' lang='lat' dir='ltr'><strong>poterunt</strong></span> <span class='ocrx_word' id='word_1_344' title='bbox 1780 3254 1811 3292; x_wconf 89' lang='lat' dir='ltr'><strong>a</strong></span> 
     </span>
    </p>
   </div>
   <div class='ocr_carea' id='block_1_50' title="bbox 226 3330 1814 3404">
    <p class='ocr_par' dir='ltr' id='par_1_50' title="bbox 226 3330 1814 3404">
     <span class='ocr_line' id='line_1_50' title="bbox 226 3330 1814 3404; baseline -0.004 -15"><span class='ocrx_word' id='word_1_345' title='bbox 226 3331 384 3390; x_wconf 86' lang='lat' dir='ltr'><strong>laicis</strong></span> <span class='ocrx_word' id='word_1_346' title='bbox 411 3333 674 3404; x_wconf 80' lang='lat' dir='ltr'><strong>expediri,</strong></span> <span class='ocrx_word' id='word_1_347' title='bbox 723 3333 906 3387; x_wconf 90' lang='lat' dir='ltr'><strong>nullus</strong></span> <span class='ocrx_word' id='word_1_348' title='bbox 948 3346 1331 3389; x_wconf 90' lang='lat' dir='ltr'><strong>successorum</strong></span> <span class='ocrx_word' id='word_1_349' title='bbox 1362 3346 1587 3385; x_wconf 91' lang='lat' dir='ltr'><strong>suorum</strong></span> <span class='ocrx_word' id='word_1_350' title='bbox 1624 3330 1708 3384; x_wconf 91' lang='lat' dir='ltr'><strong>vel</strong></span> <span class='ocrx_word' id='word_1_351' title='bbox 1726 3330 1814 3384; x_wconf 84' lang='lat' dir='ltr'><strong>al-</strong></span> 
     </span>
    </p>
   </div>
   <div class='ocr_carea' id='block_1_51' title="bbox 223 3422 1811 3495">
    <p class='ocr_par' dir='ltr' id='par_1_51' title="bbox 223 3422 1811 3495">
     <span class='ocr_line' id='line_1_51' title="bbox 223 3422 1811 3495; baseline -0.003 -15"><span class='ocrx_word' id='word_1_352' title='bbox 223 3434 313 3480; x_wconf 89' lang='lat' dir='ltr'><strong>ter</strong></span> <span class='ocrx_word' id='word_1_353' title='bbox 346 3425 543 3495; x_wconf 85' lang='lat' dir='ltr'><strong>aliquis</strong></span> <span class='ocrx_word' id='word_1_354' title='bbox 574 3425 788 3479; x_wconf 90' lang='lat' dir='ltr'><strong>alienet.</strong></span> <span class='ocrx_word' id='word_1_355' title='bbox 803 3422 949 3478; x_wconf 85' lang='lat' dir='ltr'><strong>Obiit</strong></span> <span class='ocrx_word' id='word_1_356' title='bbox 969 3431 1150 3477; x_wconf 83' lang='lat' dir='ltr'><strong>autem</strong></span> <span class='ocrx_word' id='word_1_357' title='bbox 1175 3430 1301 3492; x_wconf 85' lang='lat' dir='ltr'><strong>post</strong></span> <span class='ocrx_word' id='word_1_358' title='bbox 1326 3422 1632 3476; x_wconf 88' lang='lat' dir='ltr'><strong>cessionem</strong></span> <span class='ocrx_word' id='word_1_359' title='bbox 1653 3437 1811 3475; x_wconf 88' lang='lat' dir='ltr'><strong>suam</strong></span> 
     </span>
    </p>
   </div>
   <div class='ocr_carea' id='block_1_52' title="bbox 218 3511 1808 3584">
    <p class='ocr_par' dir='ltr' id='par_1_52' title="bbox 218 3511 1808 3584">
     <span class='ocr_line' id='line_1_52' title="bbox 218 3511 1808 3584; baseline -0.002 -14"><span class='ocrx_word' id='word_1_360' title='bbox 218 3532 376 3570; x_wconf 75' lang='lat' dir='ltr'><strong>anno</strong></span> <span class='ocrx_word' id='word_1_361' title='bbox 407 3515 797 3571; x_wconf 82' lang='lat' dir='ltr'><strong>incarnationis</strong></span> <span class='ocrx_word' id='word_1_362' title='bbox 828 3514 1101 3569; x_wconf 88' lang='lat' dir='ltr'><strong>dominiee</strong></span> <span class='ocrx_word' id='word_1_363' title='bbox 1126 3513 1282 3567; x_wconf 69' lang='lat'><strong>1227.</strong></span> <span class='ocrx_word' id='word_1_364' title='bbox 1326 3513 1502 3584; x_wconf 86' lang='lat' dir='ltr'><strong>pridie</strong></span> <span class='ocrx_word' id='word_1_365' title='bbox 1524 3513 1676 3568; x_wconf 81' lang='lat' dir='ltr'><strong>Ydus</strong></span> <span class='ocrx_word' id='word_1_366' title='bbox 1697 3511 1808 3567; x_wconf 85' lang='lat' dir='ltr'><strong>No-</strong></span> 
     </span>
    </p>
   </div>
   <div class='ocr_carea' id='block_1_53' title="bbox 218 3603 1809 3678">
    <p class='ocr_par' dir='ltr' id='par_1_53' title="bbox 218 3603 1809 3678">
     <span class='ocr_line' id='line_1_53' title="bbox 218 3603 1809 3678; baseline -0.001 -16"><span class='ocrx_word' id='word_1_367' title='bbox 218 3609 484 3664; x_wconf 71' lang='lat' dir='ltr'><strong>vembris.</strong></span> <span class='ocrx_word' id='word_1_368' title='bbox 528 3608 701 3678; x_wconf 89' lang='lat' dir='ltr'><strong>Cujus</strong></span> <span class='ocrx_word' id='word_1_369' title='bbox 754 3607 934 3662; x_wconf 87' lang='lat' dir='ltr'><strong>anima</strong></span> <span class='ocrx_word' id='word_1_370' title='bbox 981 3621 1079 3676; x_wconf 88' lang='lat' dir='ltr'><strong>per</strong></span> <span class='ocrx_word' id='word_1_371' title='bbox 1124 3604 1558 3660; x_wconf 80' lang='lat' dir='ltr'><strong>misericordiam</strong></span> <span class='ocrx_word' id='word_1_372' title='bbox 1595 3603 1691 3660; x_wconf 89' lang='lat' dir='ltr'><strong>Dei</strong></span> <span class='ocrx_word' id='word_1_373' title='bbox 1719 3620 1809 3660; x_wconf 82' lang='lat' dir='ltr'><strong>re-</strong></span> 
     </span>
    </p>
   </div>
   <div class='ocr_carea' id='block_1_54' title="bbox 221 3686 1018 3771">
    <p class='ocr_par' dir='ltr' id='par_1_54' title="bbox 221 3686 1018 3771">
     <span class='ocr_line' id='line_1_54' title="bbox 221 3686 1018 3771; baseline 0.004 -18"><span class='ocrx_word' id='word_1_374' title='bbox 221 3686 474 3771; x_wconf 84' lang='lat' dir='ltr'><strong>quiescat</strong></span> <span class='ocrx_word' id='word_1_375' title='bbox 496 3700 550 3754; x_wconf 91' lang='lat' dir='ltr'><strong>in</strong></span> <span class='ocrx_word' id='word_1_376' title='bbox 573 3715 725 3771; x_wconf 92' lang='lat' dir='ltr'><strong>pace.</strong></span> <span class='ocrx_word' id='word_1_377' title='bbox 768 3701 939 3752; x_wconf 86' lang='lat' dir='ltr'><strong>Amen</strong></span> <span class='ocrx_word' id='word_1_378' title='bbox 964 3698 1018 3756; x_wconf 65' lang='grc' dir='ltr'><strong>θ’.</strong></span> 
     </span>
    </p>
   </div>
   <div class='ocr_carea' id='block_1_55' title="bbox 657 3786 1356 3844">
    <p class='ocr_par' dir='ltr' id='par_1_55' title="bbox 657 3786 1356 3844">
     <span class='ocr_line' id='line_1_55' title="bbox 657 3786 1356 3844; baseline -0.001 0"><span class='ocrx_word' id='word_1_379' title='bbox 657 3786 1032 3844; x_wconf 81' lang='lat' dir='ltr'><strong>CONRADUS</strong></span> <span class='ocrx_word' id='word_1_380' title='bbox 1061 3788 1106 3820; x_wconf 72' lang='grc' dir='ltr'><strong>θ’</strong></span> <span class='ocrx_word' id='word_1_381' title='bbox 1139 3786 1267 3842; x_wconf 72' lang='grc' dir='ltr'>28υε</span> <span class='ocrx_word' id='word_1_382' title='bbox 1290 3787 1356 3843; x_wconf 70' lang='grc' dir='ltr'><strong>θ’.</strong></span> 
     </span>
    </p>
   </div>
   <div class='ocr_carea' id='block_1_56' title="bbox 297 3877 1802 3936">
    <p class='ocr_par' dir='ltr' id='par_1_56' title="bbox 297 3877 1802 3936">
     <span class='ocr_line' id='line_1_56' title="bbox 297 3877 1802 3936; baseline -0.001 0"><span class='ocrx_word' id='word_1_383' title='bbox 297 3880 723 3936; x_wconf 68' lang='lat' dir='ltr'><strong>Anniversarius</strong></span> <span class='ocrx_word' id='word_1_384' title='bbox 773 3880 1100 3935; x_wconf 82' lang='lat' dir='ltr'><strong>venerabilis</strong></span> <span class='ocrx_word' id='word_1_385' title='bbox 1148 3879 1356 3934; x_wconf 90' lang='lat' dir='ltr'><strong>domini</strong></span> <span class='ocrx_word' id='word_1_386' title='bbox 1421 3877 1662 3934; x_wconf 88' lang='lat' dir='ltr'><strong>Conradi</strong></span> <span class='ocrx_word' id='word_1_387' title='bbox 1705 3879 1802 3935; x_wconf 74' lang='lat' dir='ltr'><strong>28i</strong></span> 
     </span>
    </p>
   </div>
   <div class='ocr_carea' id='block_1_57' title="bbox 217 3970 1809 4043">
    <p class='ocr_par' dir='ltr' id='par_1_57' title="bbox 217 3970 1809 4043">
     <span class='ocr_line' id='line_1_57' title="bbox 217 3970 1809 4043; baseline -0.003 -12"><span class='ocrx_word' id='word_1_388' title='bbox 217 3975 456 4031; x_wconf 84' lang='lat' dir='ltr'><strong>ecclesie</strong></span> <span class='ocrx_word' id='word_1_389' title='bbox 495 3982 679 4028; x_wconf 87' lang='lat' dir='ltr'><strong>nostre</strong></span> <span class='ocrx_word' id='word_1_390' title='bbox 711 3972 973 4043; x_wconf 88' lang='lat' dir='ltr'><strong>episcopi,</strong></span> <span class='ocrx_word' id='word_1_391' title='bbox 1010 3972 1103 4043; x_wconf 89' lang='lat' dir='ltr'><strong>qui</strong></span> <span class='ocrx_word' id='word_1_392' title='bbox 1157 3981 1448 4042; x_wconf 88' lang='lat' dir='ltr'><strong>postquam</strong></span> <span class='ocrx_word' id='word_1_393' title='bbox 1483 3970 1727 4027; x_wconf 90' lang='lat' dir='ltr'><strong>Parisius</strong></span> <span class='ocrx_word' id='word_1_394' title='bbox 1754 3973 1809 4026; x_wconf 91' lang='lat' dir='ltr'><strong>in</strong></span> 
     </span>
    </p>
   </div>
   <div class='ocr_carea' id='block_1_58' title="bbox 220 4063 1809 4136">
    <p class='ocr_par' dir='ltr' id='par_1_58' title="bbox 220 4063 1809 4136">
     <span class='ocr_line' id='line_1_58' title="bbox 220 4063 1809 4136; baseline -0.003 -16"><span class='ocrx_word' id='word_1_395' title='bbox 220 4065 411 4120; x_wconf 88' lang='lat' dir='ltr'><strong>divina</strong></span> <span class='ocrx_word' id='word_1_396' title='bbox 438 4064 635 4136; x_wconf 86' lang='lat' dir='ltr'><strong>pagina</strong></span> <span class='ocrx_word' id='word_1_397' title='bbox 660 4063 1000 4117; x_wconf 87' lang='lat' dir='ltr'><strong>laudabiliter</strong></span> <span class='ocrx_word' id='word_1_398' title='bbox 1036 4071 1271 4127; x_wconf 78' lang='lat' dir='ltr'><strong>rexerat,</strong></span> <span class='ocrx_word' id='word_1_399' title='bbox 1296 4069 1349 4116; x_wconf 90' lang='lat' dir='ltr'><strong>et</strong></span> <span class='ocrx_word' id='word_1_400' title='bbox 1370 4076 1590 4117; x_wconf 90' lang='lat' dir='ltr'><strong>crucem</strong></span> <span class='ocrx_word' id='word_1_401' title='bbox 1619 4069 1809 4117; x_wconf 89' lang='lat' dir='ltr'><strong>contra</strong></span> 
     </span>
    </p>
   </div>
   <div class='ocr_carea' id='block_1_59' title="bbox 222 4149 1807 4225">
    <p class='ocr_par' dir='ltr' id='par_1_59' title="bbox 222 4149 1807 4225">
     <span class='ocr_line' id='line_1_59' title="bbox 222 4149 1807 4225; baseline -0.001 -17"><span class='ocrx_word' id='word_1_402' title='bbox 222 4154 489 4209; x_wconf 84' lang='lat' dir='ltr'><strong>Avienses</strong></span> <span class='ocrx_word' id='word_1_403' title='bbox 513 4152 662 4225; x_wconf 83' lang='grc'>(151)</span> <span class='ocrx_word' id='word_1_404' title='bbox 689 4153 1028 4224; x_wconf 68' lang='lat' dir='ltr'><strong>praedicarat,</strong></span> <span class='ocrx_word' id='word_1_405' title='bbox 1071 4159 1388 4222; x_wconf 87' lang='lat' dir='ltr'><strong>assumptus</strong></span> <span class='ocrx_word' id='word_1_406' title='bbox 1415 4149 1518 4207; x_wconf 77' lang='lat' dir='ltr'><strong>fuit</strong></span> <span class='ocrx_word' id='word_1_407' title='bbox 1559 4151 1630 4207; x_wconf 87' lang='lat' dir='ltr'><strong>ad</strong></span> <span class='ocrx_word' id='word_1_408' title='bbox 1664 4152 1807 4223; x_wconf 86' lang='lat' dir='ltr'><strong>regi-</strong></span> 
     </span>
    </p>
   </div>
   <div class='ocr_carea' id='block_1_60' title="bbox 219 4242 1808 4314">
    <p class='ocr_par' dir='ltr' id='par_1_60' title="bbox 219 4242 1808 4314">
     <span class='ocr_line' id='line_1_60' title="bbox 219 4242 1808 4314; baseline -0.003 -12"><span class='ocrx_word' id='word_1_409' title='bbox 219 4246 353 4302; x_wconf 79' lang='lat' dir='ltr'><strong>men</strong></span> <span class='ocrx_word' id='word_1_410' title='bbox 375 4246 601 4302; x_wconf 86' lang='lat' dir='ltr'><strong>ecclesie</strong></span> <span class='ocrx_word' id='word_1_411' title='bbox 625 4254 844 4312; x_wconf 87' lang='lat' dir='ltr'><strong>nostre;</strong></span> <span class='ocrx_word' id='word_1_412' title='bbox 889 4245 980 4299; x_wconf 89' lang='lat' dir='ltr'><strong>ubi</strong></span> <span class='ocrx_word' id='word_1_413' title='bbox 1003 4259 1131 4300; x_wconf 83' lang='lat' dir='ltr'><strong>cum</strong></span> <span class='ocrx_word' id='word_1_414' title='bbox 1146 4244 1236 4298; x_wconf 85' lang='lat' dir='ltr'><strong>vir</strong></span> <span class='ocrx_word' id='word_1_415' title='bbox 1259 4243 1590 4299; x_wconf 80' lang='lat' dir='ltr'><strong>venerabilis</strong></span> <span class='ocrx_word' id='word_1_416' title='bbox 1613 4242 1808 4314; x_wconf 87' lang='lat' dir='ltr'><strong>spiritu</strong></span> 
     </span>
    </p>
   </div>
   <div class='ocr_carea' id='block_1_61' title="bbox 221 4333 1807 4410">
    <p class='ocr_par' dir='ltr' id='par_1_61' title="bbox 221 4333 1807 4410">
     <span class='ocr_line' id='line_1_61' title="bbox 221 4333 1807 4410; baseline -0.004 -16"><span class='ocrx_word' id='word_1_417' title='bbox 221 4335 322 4394; x_wconf 79' lang='lat' dir='ltr'><strong>Dei</strong></span> <span class='ocrx_word' id='word_1_418' title='bbox 349 4344 643 4410; x_wconf 85' lang='lat' dir='ltr'><strong>regeretur,</strong></span> <span class='ocrx_word' id='word_1_419' title='bbox 669 4337 813 4393; x_wconf 81' lang='lat' dir='ltr'><strong>circa</strong></span> <span class='ocrx_word' id='word_1_420' title='bbox 857 4335 1158 4407; x_wconf 86' lang='lat' dir='ltr'><strong>spiritualia</strong></span> <span class='ocrx_word' id='word_1_421' title='bbox 1205 4350 1458 4405; x_wconf 81' lang='lat' dir='ltr'><strong>magnam</strong></span> <span class='ocrx_word' id='word_1_422' title='bbox 1486 4349 1678 4390; x_wconf 88' lang='lat' dir='ltr'><strong>curam</strong></span> <span class='ocrx_word' id='word_1_423' title='bbox 1708 4333 1807 4388; x_wconf 84' lang='lat' dir='ltr'><strong>ha-</strong></span> 
     </span>
    </p>
   </div>
   <div class='ocr_carea' id='block_1_62' title="bbox 1916 1858 3494 1921">
    <p class='ocr_par' dir='ltr' id='par_1_62' title="bbox 1916 1858 3494 1921">
     <span class='ocr_line' id='line_1_62' title="bbox 1916 1858 3494 1921; baseline 0.004 -8"><span class='ocrx_word' id='word_1_424' title='bbox 1916 1858 2179 1916; x_wconf 87' lang='lat' dir='ltr'><strong>Similiter</strong></span> <span class='ocrx_word' id='word_1_425' title='bbox 2229 1862 2578 1918; x_wconf 89' lang='lat' dir='ltr'><strong>advocaciam</strong></span> <span class='ocrx_word' id='word_1_426' title='bbox 2606 1879 2640 1918; x_wconf 87' lang='lat' dir='ltr'><strong>a</strong></span> <span class='ocrx_word' id='word_1_427' title='bbox 2675 1863 2878 1920; x_wconf 88' lang='lat' dir='ltr'><strong>domno</strong></span> <span class='ocrx_word' id='word_1_428' title='bbox 2926 1864 3179 1921; x_wconf 90' lang='lat' dir='ltr'><strong>Bertoldo</strong></span> <span class='ocrx_word' id='word_1_429' title='bbox 3213 1867 3279 1921; x_wconf 90' lang='lat' dir='ltr'><strong>dc</strong></span> <span class='ocrx_word' id='word_1_430' title='bbox 3316 1865 3494 1921; x_wconf 80' lang='lat' dir='ltr'><strong>Veteri</strong></span> 
     </span>
    </p>
   </div>
   <div class='ocr_carea' id='block_1_63' title="bbox 1914 1939 3496 2023">
    <p class='ocr_par' dir='ltr' id='par_1_63' title="bbox 1914 1939 3496 2023">
     <span class='ocr_line' id='line_1_63' title="bbox 1914 1939 3496 2023; baseline 0.004 -18"><span class='ocrx_word' id='word_1_431' title='bbox 1914 1951 2057 2006; x_wconf 88' lang='lat' dir='ltr'><strong>Foro</strong></span> <span class='ocrx_word' id='word_1_432' title='bbox 2085 1952 2418 2023; x_wconf 88' lang='lat' dir='ltr'><strong>redemptam</strong></span> <span class='ocrx_word' id='word_1_433' title='bbox 2452 1954 2522 2008; x_wconf 91' lang='lat' dir='ltr'><strong>ab</strong></span> <span class='ocrx_word' id='word_1_434' title='bbox 2548 1955 2778 2010; x_wconf 82' lang='lat' dir='ltr'><strong>ecclesia</strong></span> <span class='ocrx_word' id='word_1_435' title='bbox 2807 1956 3009 2011; x_wconf 86' lang='lat' dir='ltr'><strong>montis</strong></span> <span class='ocrx_word' id='word_1_436' title='bbox 3060 1957 3233 2012; x_wconf 86' lang='lat' dir='ltr'><strong>sancti</strong></span> <span class='ocrx_word' id='word_1_437' title='bbox 3288 1939 3496 2013; x_wconf 46' lang='lat' dir='ltr'><strong>Mauri-4</strong></span> 
     </span>
    </p>
   </div>
   <div class='ocr_carea' id='block_1_64' title="bbox 1913 2043 3498 2121">
    <p class='ocr_par' dir='ltr' id='par_1_64' title="bbox 1913 2043 3498 2121">
     <span class='ocr_line' id='line_1_64' title="bbox 1913 2043 3498 2121; baseline 0.005 -24"><span class='ocrx_word' id='word_1_438' title='bbox 1913 2043 1994 2109; x_wconf 93' lang='lat' dir='ltr'><strong>tii,</strong></span> <span class='ocrx_word' id='word_1_439' title='bbox 2029 2045 2205 2100; x_wconf 91' lang='lat' dir='ltr'><strong>eidem</strong></span> <span class='ocrx_word' id='word_1_440' title='bbox 2233 2046 2459 2101; x_wconf 90' lang='lat' dir='ltr'><strong>ecclesie</strong></span> <span class='ocrx_word' id='word_1_441' title='bbox 2507 2047 2738 2102; x_wconf 87' lang='lat' dir='ltr'><strong>contulit</strong></span> <span class='ocrx_word' id='word_1_442' title='bbox 2781 2056 3002 2118; x_wconf 85' lang='lat' dir='ltr'><strong>propter</strong></span> <span class='ocrx_word' id='word_1_443' title='bbox 3053 2047 3243 2104; x_wconf 88' lang='lat' dir='ltr'><strong>Deum.</strong></span> <span class='ocrx_word' id='word_1_444' title='bbox 3270 2049 3498 2121; x_wconf 82' lang='lat' dir='ltr'><strong>Insuper</strong></span> 
     </span>
    </p>
   </div>
   <div class='ocr_carea' id='block_1_65' title="bbox 1913 2135 3496 2210">
    <p class='ocr_par' dir='ltr' id='par_1_65' title="bbox 1913 2135 3496 2210">
     <span class='ocr_line' id='line_1_65' title="bbox 1913 2135 3496 2210; baseline 0.006 -21"><span class='ocrx_word' id='word_1_445' title='bbox 1913 2135 2264 2191; x_wconf 89' lang='lat' dir='ltr'><strong>advocaciam</strong></span> <span class='ocrx_word' id='word_1_446' title='bbox 2313 2137 2370 2191; x_wconf 89' lang='lat' dir='ltr'><strong>in</strong></span> <span class='ocrx_word' id='word_1_447' title='bbox 2415 2138 2550 2193; x_wconf 84' lang='lat' dir='ltr'><strong>urbe</strong></span> <span class='ocrx_word' id='word_1_448' title='bbox 2603 2148 2658 2192; x_wconf 90' lang='lat' dir='ltr'><strong>et</strong></span> <span class='ocrx_word' id='word_1_449' title='bbox 2712 2138 2765 2192; x_wconf 91' lang='lat' dir='ltr'><strong>in</strong></span> <span class='ocrx_word' id='word_1_450' title='bbox 2793 2139 2937 2194; x_wconf 89' lang='lat' dir='ltr'><strong>areis</strong></span> <span class='ocrx_word' id='word_1_451' title='bbox 2965 2141 3292 2210; x_wconf 89' lang='lat' dir='ltr'><strong>quibusdam</strong></span> <span class='ocrx_word' id='word_1_452' title='bbox 3345 2153 3496 2198; x_wconf 90' lang='lat' dir='ltr'><strong>retro</strong></span> 
     </span>
    </p>
   </div>
   <div class='ocr_carea' id='block_1_66' title="bbox 1913 2227 3500 2299">
    <p class='ocr_par' dir='ltr' id='par_1_66' title="bbox 1913 2227 3500 2299">
     <span class='ocr_line' id='line_1_66' title="bbox 1913 2227 3500 2299; baseline 0.003 -19"><span class='ocrx_word' id='word_1_453' title='bbox 1913 2227 2104 2281; x_wconf 90' lang='lat' dir='ltr'><strong>urbem</strong></span> <span class='ocrx_word' id='word_1_454' title='bbox 2132 2228 2253 2283; x_wconf 90' lang='lat' dir='ltr'><strong>sitis</strong></span> <span class='ocrx_word' id='word_1_455' title='bbox 2280 2237 2335 2283; x_wconf 87' lang='lat' dir='ltr'><strong>et</strong></span> <span class='ocrx_word' id='word_1_456' title='bbox 2356 2229 2590 2299; x_wconf 89' lang='lat' dir='ltr'><strong>quedam</strong></span> <span class='ocrx_word' id='word_1_457' title='bbox 2618 2228 2791 2285; x_wconf 78' lang='lat' dir='ltr'><strong>ollicia</strong></span> <span class='ocrx_word' id='word_1_458' title='bbox 2831 2240 3184 2286; x_wconf 66' lang='lat' dir='ltr'><strong>ornatorum</strong></span> <span class='ocrx_word' id='word_1_459' title='bbox 3234 2250 3264 2288; x_wconf 91' lang='lat' dir='ltr'><strong>a</strong></span> <span class='ocrx_word' id='word_1_460' title='bbox 3309 2249 3500 2290; x_wconf 68' lang='lat' dir='ltr'><strong>came.</strong></span> 
     </span>
    </p>
   </div>
   <div class='ocr_carea' id='block_1_67' title="bbox 1912 2321 3496 2387">
    <p class='ocr_par' dir='ltr' id='par_1_67' title="bbox 1912 2321 3496 2387">
     <span class='ocr_line' id='line_1_67' title="bbox 1912 2321 3496 2387; baseline 0.006 -13"><span class='ocrx_word' id='word_1_461' title='bbox 1912 2321 2081 2387; x_wconf 88' lang='lat' dir='ltr'><strong>rario,</strong></span> <span class='ocrx_word' id='word_1_462' title='bbox 2104 2327 2162 2379; x_wconf 79' lang='lat' dir='ltr'><strong>et</strong></span> <span class='ocrx_word' id='word_1_463' title='bbox 2193 2321 2539 2376; x_wconf 86' lang='lat' dir='ltr'><strong>advocaciam</strong></span> <span class='ocrx_word' id='word_1_464' title='bbox 2553 2323 2610 2376; x_wconf 88' lang='lat' dir='ltr'><strong>in</strong></span> <span class='ocrx_word' id='word_1_465' title='bbox 2652 2321 2909 2378; x_wconf 83' lang='lat' dir='ltr'><strong>Malerten</strong></span> <span class='ocrx_word' id='word_1_466' title='bbox 2941 2339 2971 2378; x_wconf 89' lang='lat' dir='ltr'><strong>a</strong></span> <span class='ocrx_word' id='word_1_467' title='bbox 2993 2325 3192 2380; x_wconf 91' lang='lat' dir='ltr'><strong>comite</strong></span> <span class='ocrx_word' id='word_1_468' title='bbox 3215 2325 3496 2383; x_wconf 88' lang='lat' dir='ltr'><strong>Bernardo</strong></span> 
     </span>
    </p>
   </div>
   <div class='ocr_carea' id='block_1_68' title="bbox 1911 2409 3494 2483">
    <p class='ocr_par' dir='ltr' id='par_1_68' title="bbox 1911 2409 3494 2483">
     <span class='ocr_line' id='line_1_68' title="bbox 1911 2409 3494 2483; baseline 0.006 -19"><span class='ocrx_word' id='word_1_469' title='bbox 1911 2409 1980 2465; x_wconf 89' lang='lat' dir='ltr'><strong>de</strong></span> <span class='ocrx_word' id='word_1_470' title='bbox 2003 2410 2332 2483; x_wconf 81' lang='lat' dir='ltr'><strong>Spegelberg</strong></span> <span class='ocrx_word' id='word_1_471' title='bbox 2365 2413 2490 2466; x_wconf 83' lang='lat' dir='ltr'><strong>data</strong></span> <span class='ocrx_word' id='word_1_472' title='bbox 2536 2414 2766 2483; x_wconf 88' lang='lat' dir='ltr'><strong>pecunia</strong></span> <span class='ocrx_word' id='word_1_473' title='bbox 2820 2415 3086 2470; x_wconf 87' lang='lat' dir='ltr'><strong>liberavit.</strong></span> <span class='ocrx_word' id='word_1_474' title='bbox 3128 2417 3494 2474; x_wconf 84' lang='lat' dir='ltr'><strong>Advoeaciam</strong></span> 
     </span>
    </p>
   </div>
   <div class='ocr_carea' id='block_1_69' title="bbox 1913 2494 3497 2560">
    <p class='ocr_par' dir='ltr' id='par_1_69' title="bbox 1913 2494 3497 2560">
     <span class='ocr_line' id='line_1_69' title="bbox 1913 2494 3497 2560; baseline 0.007 -12"><span class='ocrx_word' id='word_1_475' title='bbox 1913 2495 2087 2549; x_wconf 86' lang='lat' dir='ltr'><strong>eciam</strong></span> <span class='ocrx_word' id='word_1_476' title='bbox 2119 2496 2174 2550; x_wconf 92' lang='lat' dir='ltr'><strong>in</strong></span> <span class='ocrx_word' id='word_1_477' title='bbox 2201 2494 2574 2559; x_wconf 82' lang='lat' dir='ltr'><strong>Honbamelen</strong></span> <span class='ocrx_word' id='word_1_478' title='bbox 2617 2514 2650 2552; x_wconf 92' lang='lat' dir='ltr'><strong>a</strong></span> <span class='ocrx_word' id='word_1_479' title='bbox 2693 2499 2896 2554; x_wconf 89' lang='lat' dir='ltr'><strong>domno</strong></span> <span class='ocrx_word' id='word_1_480' title='bbox 2931 2500 3269 2558; x_wconf 84' lang='lat' dir='ltr'><strong>Theoderico</strong></span> <span class='ocrx_word' id='word_1_481' title='bbox 3324 2505 3497 2560; x_wconf 86' lang='lat' dir='ltr'><strong>libero</strong></span> 
     </span>
    </p>
   </div>
   <div class='ocr_carea' id='block_1_70' title="bbox 1913 2594 3494 2669">
    <p class='ocr_par' dir='ltr' id='par_1_70' title="bbox 1913 2594 3494 2669">
     <span class='ocr_line' id='line_1_70' title="bbox 1913 2594 3494 2669; baseline 0.005 -21"><span class='ocrx_word' id='word_1_482' title='bbox 1913 2600 2133 2648; x_wconf 87' lang='lat' dir='ltr'><strong>centum</strong></span> <span class='ocrx_word' id='word_1_483' title='bbox 2173 2594 2516 2664; x_wconf 81' lang='lat' dir='ltr'><strong>septuaginta</strong></span> <span class='ocrx_word' id='word_1_484' title='bbox 2547 2595 2747 2651; x_wconf 88' lang='lat' dir='ltr'><strong>marcis</strong></span> <span class='ocrx_word' id='word_1_485' title='bbox 2773 2596 3069 2651; x_wconf 74' lang='lat' dir='ltr'><strong>examinati</strong></span> <span class='ocrx_word' id='word_1_486' title='bbox 3090 2600 3307 2669; x_wconf 79' lang='lat' dir='ltr'><strong>argenti</strong></span> <span class='ocrx_word' id='word_1_487' title='bbox 3337 2601 3494 2656; x_wconf 91' lang='lat' dir='ltr'><strong>rede-</strong></span> 
     </span>
    </p>
   </div>
   <div class='ocr_carea' id='block_1_71' title="bbox 1913 2687 3496 2762">
    <p class='ocr_par' dir='ltr' id='par_1_71' title="bbox 1913 2687 3496 2762">
     <span class='ocr_line' id='line_1_71' title="bbox 1913 2687 3496 2762; baseline 0.007 -22"><span class='ocrx_word' id='word_1_488' title='bbox 1913 2687 2032 2754; x_wconf 91' lang='lat' dir='ltr'><strong>mit,</strong></span> <span class='ocrx_word' id='word_1_489' title='bbox 2071 2703 2234 2757; x_wconf 91' lang='lat' dir='ltr'><strong>aquo</strong></span> <span class='ocrx_word' id='word_1_490' title='bbox 2275 2688 2441 2742; x_wconf 88' lang='lat' dir='ltr'><strong>etiam</strong></span> <span class='ocrx_word' id='word_1_491' title='bbox 2473 2689 2755 2760; x_wconf 79' lang='lat' dir='ltr'><strong>sexaginta</strong></span> <span class='ocrx_word' id='word_1_492' title='bbox 2814 2691 3016 2746; x_wconf 85' lang='lat' dir='ltr'><strong>marcis</strong></span> <span class='ocrx_word' id='word_1_493' title='bbox 3068 2693 3496 2762; x_wconf 88' lang='lat' dir='ltr'><strong>ponderatorum</strong></span> 
     </span>
    </p>
   </div>
   <div class='ocr_carea' id='block_1_72' title="bbox 1912 2776 3494 2858">
    <p class='ocr_par' dir='ltr' id='par_1_72' title="bbox 1912 2776 3494 2858">
     <span class='ocr_line' id='line_1_72' title="bbox 1912 2776 3494 2858; baseline 0.007 -28"><span class='ocrx_word' id='word_1_494' title='bbox 1912 2776 2266 2832; x_wconf 82' lang='lat' dir='ltr'><strong>denariorum</strong></span> <span class='ocrx_word' id='word_1_495' title='bbox 2315 2779 2707 2848; x_wconf 89' lang='lat' dir='ltr'><strong>proprietatem</strong></span> <span class='ocrx_word' id='word_1_496' title='bbox 2769 2782 2936 2836; x_wconf 89' lang='lat' dir='ltr'><strong>castri</strong></span> <span class='ocrx_word' id='word_1_497' title='bbox 2989 2781 3494 2858; x_wconf 64' lang='lat' dir='ltr'><strong>Depenoxve&#39;db&#39;ﬁ)</strong></span> 
     </span>
    </p>
   </div>
   <div class='ocr_carea' id='block_1_73' title="bbox 1913 2869 3498 2939">
    <p class='ocr_par' dir='ltr' id='par_1_73' title="bbox 1913 2869 3498 2939">
     <span class='ocr_line' id='line_1_73' title="bbox 1913 2869 3498 2939; baseline 0.006 -16"><span class='ocrx_word' id='word_1_498' title='bbox 1913 2869 2272 2939; x_wconf 86' lang='lat' dir='ltr'><strong>comparavit.</strong></span> <span class='ocrx_word' id='word_1_499' title='bbox 2298 2870 2651 2926; x_wconf 79' lang='lat' dir='ltr'><strong>Advocatiam</strong></span> <span class='ocrx_word' id='word_1_500' title='bbox 2696 2872 2860 2927; x_wconf 85' lang='lat' dir='ltr'><strong>etiam</strong></span> <span class='ocrx_word' id='word_1_501' title='bbox 2882 2874 3228 2930; x_wconf 88' lang='lat' dir='ltr'><strong>villicationis</strong></span> <span class='ocrx_word' id='word_1_502' title='bbox 3278 2877 3334 2931; x_wconf 91' lang='lat' dir='ltr'><strong>in</strong></span> <span class='ocrx_word' id='word_1_503' title='bbox 3365 2877 3498 2932; x_wconf 81' lang='lat' dir='ltr'><strong>Har-</strong></span> 
     </span>
    </p>
   </div>
   <div class='ocr_carea' id='block_1_74' title="bbox 1913 2958 3499 3032">
    <p class='ocr_par' dir='ltr' id='par_1_74' title="bbox 1913 2958 3499 3032">
     <span class='ocr_line' id='line_1_74' title="bbox 1913 2958 3499 3032; baseline 0.008 -20"><span class='ocrx_word' id='word_1_504' title='bbox 1913 2958 2137 3015; x_wconf 87' lang='lat' dir='ltr'><strong>desbem</strong></span> <span class='ocrx_word' id='word_1_505' title='bbox 2164 2961 2311 3032; x_wconf 76' lang='grc'><strong>(157)</strong></span> <span class='ocrx_word' id='word_1_506' title='bbox 2337 2961 2542 3016; x_wconf 80' lang='lat' dir='ltr'><strong>auxilio</strong></span> <span class='ocrx_word' id='word_1_507' title='bbox 2581 2963 2811 3018; x_wconf 89' lang='lat' dir='ltr'><strong>litonum</strong></span> <span class='ocrx_word' id='word_1_508' title='bbox 2834 2980 2863 3018; x_wconf 92' lang='lat' dir='ltr'><strong>a</strong></span> <span class='ocrx_word' id='word_1_509' title='bbox 2892 2964 3095 3020; x_wconf 75' lang='lat' dir='ltr'><strong>domno</strong></span> <span class='ocrx_word' id='word_1_510' title='bbox 3147 2965 3401 3024; x_wconf 84' lang='lat' dir='ltr'><strong>Conrado</strong></span> <span class='ocrx_word' id='word_1_511' title='bbox 3430 2969 3499 3024; x_wconf 88' lang='lat' dir='ltr'><strong>de</strong></span> 
     </span>
    </p>
   </div>
   <div class='ocr_carea' id='block_1_75' title="bbox 1910 3050 3494 3128">
    <p class='ocr_par' dir='ltr' id='par_1_75' title="bbox 1910 3050 3494 3128">
     <span class='ocr_line' id='line_1_75' title="bbox 1910 3050 3494 3128; baseline 0.008 -24"><span class='ocrx_word' id='word_1_512' title='bbox 1910 3050 2132 3106; x_wconf 81' lang='lat' dir='ltr'><strong>Piscina</strong></span> <span class='ocrx_word' id='word_1_513' title='bbox 2160 3054 2474 3125; x_wconf 80' lang='lat' dir='ltr'><strong>quingentis</strong></span> <span class='ocrx_word' id='word_1_514' title='bbox 2513 3064 2565 3110; x_wconf 89' lang='lat' dir='ltr'><strong>et</strong></span> <span class='ocrx_word' id='word_1_515' title='bbox 2607 3056 3002 3128; x_wconf 82' lang='lat' dir='ltr'><strong>quinquaginta</strong></span> <span class='ocrx_word' id='word_1_516' title='bbox 3043 3059 3201 3114; x_wconf 87' lang='lat' dir='ltr'><strong>libris</strong></span> <span class='ocrx_word' id='word_1_517' title='bbox 3240 3061 3494 3117; x_wconf 87' lang='lat' dir='ltr'><strong>denario-</strong></span> 
     </span>
    </p>
   </div>
   <div class='ocr_carea' id='block_1_76' title="bbox 1915 3133 3500 3222">
    <p class='ocr_par' dir='ltr' id='par_1_76' title="bbox 1915 3133 3500 3222">
     <span class='ocr_line' id='line_1_76' title="bbox 1915 3133 3500 3222; baseline 0.005 -18"><span class='ocrx_word' id='word_1_518' title='bbox 1915 3165 2039 3204; x_wconf 83' lang='lat' dir='ltr'><strong>rum</strong></span> <span class='ocrx_word' id='word_1_519' title='bbox 2061 3133 2929 3222; x_wconf 70' lang='lat' dir='ltr'><strong>Hildensemensiumacquisivit.</strong></span> <span class='ocrx_word' id='word_1_520' title='bbox 2957 3153 3207 3210; x_wconf 88' lang='lat' dir='ltr'><strong>Preterea</strong></span> <span class='ocrx_word' id='word_1_521' title='bbox 3236 3157 3500 3212; x_wconf 89' lang='lat' dir='ltr'><strong>medieta-</strong></span> 
     </span>
    </p>
   </div>
   <div class='ocr_carea' id='block_1_77' title="bbox 1913 3240 3497 3316">
    <p class='ocr_par' dir='ltr' id='par_1_77' title="bbox 1913 3240 3497 3316">
     <span class='ocr_line' id='line_1_77' title="bbox 1913 3240 3497 3316; baseline 0.006 -22"><span class='ocrx_word' id='word_1_522' title='bbox 1913 3249 2022 3294; x_wconf 90' lang='lat' dir='ltr'><strong>tem</strong></span> <span class='ocrx_word' id='word_1_523' title='bbox 2053 3240 2360 3297; x_wconf 66' lang='lat' dir='ltr'><strong>advocacim</strong></span> <span class='ocrx_word' id='word_1_524' title='bbox 2382 3243 2436 3296; x_wconf 90' lang='lat' dir='ltr'><strong>in</strong></span> <span class='ocrx_word' id='word_1_525' title='bbox 2457 3243 2646 3297; x_wconf 83' lang='lat' dir='ltr'><strong>Aulica</strong></span> <span class='ocrx_word' id='word_1_526' title='bbox 2671 3243 2818 3314; x_wconf 80' lang='grc'>(158)</span> <span class='ocrx_word' id='word_1_527' title='bbox 2840 3259 2873 3297; x_wconf 92' lang='lat' dir='ltr'><strong>a</strong></span> <span class='ocrx_word' id='word_1_528' title='bbox 2911 3245 3113 3299; x_wconf 90' lang='lat' dir='ltr'><strong>domno</strong></span> <span class='ocrx_word' id='word_1_529' title='bbox 3135 3246 3399 3316; x_wconf 80' lang='lat' dir='ltr'><strong>Lippoldo</strong></span> <span class='ocrx_word' id='word_1_530' title='bbox 3427 3248 3497 3305; x_wconf 84' lang='lat' dir='ltr'><strong>de</strong></span> 
     </span>
    </p>
   </div>
   <div class='ocr_carea' id='block_1_78' title="bbox 1914 3329 3496 3409">
    <p class='ocr_par' dir='ltr' id='par_1_78' title="bbox 1914 3329 3496 3409">
     <span class='ocr_line' id='line_1_78' title="bbox 1914 3329 3496 3409; baseline 0.008 -26"><span class='ocrx_word' id='word_1_531' title='bbox 1914 3329 2172 3386; x_wconf 88' lang='lat' dir='ltr'><strong>Escherte</strong></span> <span class='ocrx_word' id='word_1_532' title='bbox 2212 3333 2346 3387; x_wconf 84' lang='lat' dir='ltr'><strong>emit</strong></span> <span class='ocrx_word' id='word_1_533' title='bbox 2392 3334 2671 3406; x_wconf 83' lang='lat' dir='ltr'><strong>sexaginta</strong></span> <span class='ocrx_word' id='word_1_534' title='bbox 2719 3335 2962 3406; x_wconf 86' lang='lat' dir='ltr'><strong>quinq‘ue</strong></span> <span class='ocrx_word' id='word_1_535' title='bbox 2984 3335 3160 3403; x_wconf 88' lang='lat' dir='ltr'><strong>libris,</strong></span> <span class='ocrx_word' id='word_1_536' title='bbox 3197 3337 3264 3393; x_wconf 93' lang='lat' dir='ltr'><strong>de</strong></span> <span class='ocrx_word' id='word_1_537' title='bbox 3291 3339 3496 3409; x_wconf 85' lang='lat' dir='ltr'><strong>quibus</strong></span> 
     </span>
    </p>
   </div>
   <div class='ocr_carea' id='block_1_79' title="bbox 1911 3422 3499 3502">
    <p class='ocr_par' dir='ltr' id='par_1_79' title="bbox 1911 3422 3499 3502">
     <span class='ocr_line' id='line_1_79' title="bbox 1911 3422 3499 3502; baseline 0.005 -25"><span class='ocrx_word' id='word_1_538' title='bbox 1911 3422 2060 3477; x_wconf 85' lang='lat' dir='ltr'><strong>dedit</strong></span> <span class='ocrx_word' id='word_1_539' title='bbox 2087 3422 2447 3496; x_wconf 84' lang='lat' dir='ltr'><strong>quadraginta</strong></span> <span class='ocrx_word' id='word_1_540' title='bbox 2490 3424 2678 3491; x_wconf 89' lang='lat' dir='ltr'><strong>libras,</strong></span> <span class='ocrx_word' id='word_1_541' title='bbox 2714 3433 2769 3480; x_wconf 89' lang='lat' dir='ltr'><strong>et</strong></span> <span class='ocrx_word' id='word_1_542' title='bbox 2799 3441 2896 3495; x_wconf 91' lang='lat' dir='ltr'><strong>pro</strong></span> <span class='ocrx_word' id='word_1_543' title='bbox 2951 3427 3195 3484; x_wconf 59' lang='lat' dir='ltr'><strong>BSli&#39;bris</strong></span> <span class='ocrx_word' id='word_1_544' title='bbox 3238 3429 3499 3502; x_wconf 77' lang='lat' dir='ltr'><strong>obligavit.</strong></span> 
     </span>
    </p>
   </div>
   <div class='ocr_carea' id='block_1_80' title="bbox 1910 3515 3496 3590">
    <p class='ocr_par' dir='ltr' id='par_1_80' title="bbox 1910 3515 3496 3590">
     <span class='ocr_line' id='line_1_80' title="bbox 1910 3515 3496 3590; baseline 0.005 -20"><span class='ocrx_word' id='word_1_545' title='bbox 1910 3515 1963 3570; x_wconf 86' lang='lat' dir='ltr'><strong>ei</strong></span> <span class='ocrx_word' id='word_1_546' title='bbox 1987 3530 2154 3568; x_wconf 90' lang='lat' dir='ltr'><strong>unum</strong></span> <span class='ocrx_word' id='word_1_547' title='bbox 2202 3530 2536 3570; x_wconf 83' lang='lat' dir='ltr'><strong>vorwercum</strong></span> <span class='ocrx_word' id='word_1_548' title='bbox 2575 3516 2635 3570; x_wconf 88' lang='lat' dir='ltr'><strong>in</strong></span> <span class='ocrx_word' id='word_1_549' title='bbox 2677 3515 2885 3571; x_wconf 80' lang='lat' dir='ltr'><strong>Rodem</strong></span> <span class='ocrx_word' id='word_1_550' title='bbox 2908 3518 3057 3590; x_wconf 82' lang='grc'>(159)</span> <span class='ocrx_word' id='word_1_551' title='bbox 3082 3528 3136 3574; x_wconf 90' lang='lat' dir='ltr'><strong>ct</strong></span> <span class='ocrx_word' id='word_1_552' title='bbox 3151 3536 3496 3578; x_wconf 75' lang='lat' dir='ltr'><strong>vorwercum</strong></span> 
     </span>
    </p>
   </div>
   <div class='ocr_carea' id='block_1_81' title="bbox 1913 3604 3494 3682">
    <p class='ocr_par' dir='ltr' id='par_1_81' title="bbox 1913 3604 3494 3682">
     <span class='ocr_line' id='line_1_81' title="bbox 1913 3604 3494 3682; baseline 0.006 -22"><span class='ocrx_word' id='word_1_553' title='bbox 1913 3606 1968 3660; x_wconf 90' lang='lat' dir='ltr'><strong>in</strong></span> <span class='ocrx_word' id='word_1_554' title='bbox 1990 3604 2288 3672; x_wconf 83' lang='lat' dir='ltr'><strong>Anderten,</strong></span> <span class='ocrx_word' id='word_1_555' title='bbox 2315 3614 2369 3660; x_wconf 92' lang='lat' dir='ltr'><strong>et</strong></span> <span class='ocrx_word' id='word_1_556' title='bbox 2391 3606 2590 3664; x_wconf 89' lang='lat' dir='ltr'><strong>cedens</strong></span> <span class='ocrx_word' id='word_1_557' title='bbox 2635 3608 2903 3678; x_wconf 81' lang='lat' dir='ltr'><strong>obligatos</strong></span> <span class='ocrx_word' id='word_1_558' title='bbox 2927 3610 3162 3680; x_wconf 75' lang='lat' dir='ltr'><strong>reliquit.</strong></span> <span class='ocrx_word' id='word_1_559' title='bbox 3215 3611 3494 3682; x_wconf 80' lang='lat' dir='ltr'><strong>Dapifera-</strong></span> 
     </span>
    </p>
   </div>
   <div class='ocr_carea' id='block_1_82' title="bbox 1907 3696 3496 3777">
    <p class='ocr_par' dir='ltr' id='par_1_82' title="bbox 1907 3696 3496 3777">
     <span class='ocr_line' id='line_1_82' title="bbox 1907 3696 3496 3777; baseline 0.006 -26"><span class='ocrx_word' id='word_1_560' title='bbox 1907 3707 2027 3751; x_wconf 87' lang='lat' dir='ltr'><strong>tum</strong></span> <span class='ocrx_word' id='word_1_561' title='bbox 2047 3712 2265 3768; x_wconf 85' lang='lat' dir='ltr'><strong>quoque</strong></span> <span class='ocrx_word' id='word_1_562' title='bbox 2283 3698 2354 3752; x_wconf 86' lang='lat' dir='ltr'><strong>ab</strong></span> <span class='ocrx_word' id='word_1_563' title='bbox 2387 3696 2617 3753; x_wconf 87' lang='lat' dir='ltr'><strong>Ernesto</strong></span> <span class='ocrx_word' id='word_1_564' title='bbox 2651 3699 2894 3769; x_wconf 83' lang='lat' dir='ltr'><strong>dapifero</strong></span> <span class='ocrx_word' id='word_1_565' title='bbox 2927 3711 3152 3757; x_wconf 81' lang='lat' dir='ltr'><strong>centum</strong></span> <span class='ocrx_word' id='word_1_566' title='bbox 3181 3707 3496 3777; x_wconf 83' lang='lat' dir='ltr'><strong>septuagin-</strong></span> 
     </span>
    </p>
   </div>
   <div class='ocr_carea' id='block_1_83' title="bbox 1911 3789 3494 3860">
    <p class='ocr_par' dir='ltr' id='par_1_83' title="bbox 1911 3789 3494 3860">
     <span class='ocr_line' id='line_1_83' title="bbox 1911 3789 3494 3860; baseline 0.008 -18"><span class='ocrx_word' id='word_1_567' title='bbox 1911 3797 1964 3842; x_wconf 88' lang='lat' dir='ltr'><strong>ta</strong></span> <span class='ocrx_word' id='word_1_568' title='bbox 1990 3789 2190 3843; x_wconf 85' lang='lat' dir='ltr'><strong>marcis</strong></span> <span class='ocrx_word' id='word_1_569' title='bbox 2213 3789 2362 3855; x_wconf 89' lang='lat' dir='ltr'><strong>emit,</strong></span> <span class='ocrx_word' id='word_1_570' title='bbox 2387 3791 2671 3860; x_wconf 85' lang='lat' dir='ltr'><strong>presertim</strong></span> <span class='ocrx_word' id='word_1_571' title='bbox 2710 3809 2836 3846; x_wconf 90' lang='lat' dir='ltr'><strong>cum</strong></span> <span class='ocrx_word' id='word_1_572' title='bbox 2865 3794 3037 3848; x_wconf 86' lang='lat' dir='ltr'><strong>multa</strong></span> <span class='ocrx_word' id='word_1_573' title='bbox 3068 3795 3412 3854; x_wconf 85' lang='lat' dir='ltr'><strong>incommoda</strong></span> <span class='ocrx_word' id='word_1_574' title='bbox 3435 3799 3494 3855; x_wconf 90' lang='lat' dir='ltr'><strong>in</strong></span> 
     </span>
    </p>
   </div>
   <div class='ocr_carea' id='block_1_84' title="bbox 1909 3880 3496 3960">
    <p class='ocr_par' dir='ltr' id='par_1_84' title="bbox 1909 3880 3496 3960">
     <span class='ocr_line' id='line_1_84' title="bbox 1909 3880 3496 3960; baseline 0.008 -26"><span class='ocrx_word' id='word_1_575' title='bbox 1909 3880 2236 3936; x_wconf 89' lang='lat' dir='ltr'><strong>victualibus</strong></span> <span class='ocrx_word' id='word_1_576' title='bbox 2260 3881 2330 3936; x_wconf 89' lang='lat' dir='ltr'><strong>ab</strong></span> <span class='ocrx_word' id='word_1_577' title='bbox 2357 3882 2476 3952; x_wconf 91' lang='lat' dir='ltr'><strong>ipso</strong></span> <span class='ocrx_word' id='word_1_578' title='bbox 2507 3883 2830 3950; x_wconf 84' lang='lat' dir='ltr'><strong>sustineret;</strong></span> <span class='ocrx_word' id='word_1_579' title='bbox 2874 3893 2929 3940; x_wconf 91' lang='lat' dir='ltr'><strong>et</strong></span> <span class='ocrx_word' id='word_1_580' title='bbox 2971 3888 3343 3942; x_wconf 88' lang='lat' dir='ltr'><strong>molendinum</strong></span> <span class='ocrx_word' id='word_1_581' title='bbox 3373 3890 3496 3960; x_wconf 79' lang='lat' dir='ltr'><strong>pin-</strong></span> 
     </span>
    </p>
   </div>
   <div class='ocr_carea' id='block_1_85' title="bbox 1909 3975 3494 4059">
    <p class='ocr_par' dir='ltr' id='par_1_85' title="bbox 1909 3975 3494 4059">
     <span class='ocr_line' id='line_1_85' title="bbox 1909 3975 3494 4059; baseline 0.009 -33"><span class='ocrx_word' id='word_1_582' title='bbox 1909 3987 2072 4027; x_wconf 90' lang='lat' dir='ltr'><strong>cerne</strong></span> <span class='ocrx_word' id='word_1_583' title='bbox 2095 3975 2368 4044; x_wconf 77' lang='lat' dir='ltr'><strong>proposito</strong></span> <span class='ocrx_word' id='word_1_584' title='bbox 2389 3983 2444 4030; x_wconf 87' lang='lat' dir='ltr'><strong>et</strong></span> <span class='ocrx_word' id='word_1_585' title='bbox 2465 3977 2705 4059; x_wconf 84' lang='lat' dir='ltr'><strong>capitulo</strong></span> <span class='ocrx_word' id='word_1_586' title='bbox 2755 3988 2946 4034; x_wconf 89' lang='lat' dir='ltr'><strong>nostro</strong></span> <span class='ocrx_word' id='word_1_587' title='bbox 2984 3989 3040 4034; x_wconf 91' lang='lat' dir='ltr'><strong>et</strong></span> <span class='ocrx_word' id='word_1_588' title='bbox 3088 3981 3281 4038; x_wconf 87' lang='lat' dir='ltr'><strong>abbate</strong></span> <span class='ocrx_word' id='word_1_589' title='bbox 3316 3986 3494 4041; x_wconf 86' lang='lat' dir='ltr'><strong>sancti</strong></span> 
     </span>
    </p>
   </div>
   <div class='ocr_carea' id='block_1_86' title="bbox 1909 4065 3491 4150">
    <p class='ocr_par' dir='ltr' id='par_1_86' title="bbox 1909 4065 3491 4150">
     <span class='ocr_line' id='line_1_86' title="bbox 1909 4065 3491 4150; baseline 0.008 -28"><span class='ocrx_word' id='word_1_590' title='bbox 1909 4065 2218 4124; x_wconf 88' lang='lat' dir='ltr'><strong>Godehardi</strong></span> <span class='ocrx_word' id='word_1_591' title='bbox 2242 4072 2666 4141; x_wconf 85' lang='lat' dir='ltr'><strong>eooperantibus</strong></span> <span class='ocrx_word' id='word_1_592' title='bbox 2693 4073 2830 4128; x_wconf 90' lang='lat' dir='ltr'><strong>emit</strong></span> <span class='ocrx_word' id='word_1_593' title='bbox 2857 4082 3080 4130; x_wconf 84' lang='lat' dir='ltr'><strong>centum</strong></span> <span class='ocrx_word' id='word_1_594' title='bbox 3121 4078 3396 4150; x_wconf 83' lang='lat' dir='ltr'><strong>octoginta</strong></span> <span class='ocrx_word' id='word_1_595' title='bbox 3421 4080 3491 4134; x_wconf 86' lang='lat' dir='ltr'><strong>li-</strong></span> 
     </span>
    </p>
   </div>
   <div class='ocr_carea' id='block_1_87' title="bbox 1908 4158 3491 4240">
    <p class='ocr_par' dir='ltr' id='par_1_87' title="bbox 1908 4158 3491 4240">
     <span class='ocr_line' id='line_1_87' title="bbox 1908 4158 3491 4240; baseline 0.009 -27"><span class='ocrx_word' id='word_1_596' title='bbox 1908 4158 2048 4227; x_wconf 84' lang='lat' dir='ltr'><strong>bris,</strong></span> <span class='ocrx_word' id='word_1_597' title='bbox 2077 4169 2377 4218; x_wconf 84' lang='lat' dir='ltr'><strong>etcensum</strong></span> <span class='ocrx_word' id='word_1_598' title='bbox 2409 4164 2720 4220; x_wconf 90' lang='lat' dir='ltr'><strong>molendino</strong></span> <span class='ocrx_word' id='word_1_599' title='bbox 2743 4180 2844 4222; x_wconf 90' lang='lat' dir='ltr'><strong>suo</strong></span> <span class='ocrx_word' id='word_1_600' title='bbox 2868 4165 2938 4221; x_wconf 90' lang='lat' dir='ltr'><strong>de</strong></span> <span class='ocrx_word' id='word_1_601' title='bbox 2970 4168 3066 4223; x_wconf 90' lang='lat' dir='ltr'><strong>tali</strong></span> <span class='ocrx_word' id='word_1_602' title='bbox 3091 4171 3366 4240; x_wconf 88' lang='lat' dir='ltr'><strong>emptione</strong></span> <span class='ocrx_word' id='word_1_603' title='bbox 3393 4189 3491 4228; x_wconf 81' lang='lat' dir='ltr'><strong>ac-</strong></span> 
     </span>
    </p>
   </div>
   <div class='ocr_carea' id='block_1_88' title="bbox 1909 4259 3501 4336">
    <p class='ocr_par' dir='ltr' id='par_1_88' title="bbox 1909 4259 3501 4336">
     <span class='ocr_line' id='line_1_88' title="bbox 1909 4259 3501 4336; baseline 0.006 -26"><span class='ocrx_word' id='word_1_604' title='bbox 1909 4265 2262 4324; x_wconf 81' lang='lat' dir='ltr'><strong>crescentem,</strong></span> <span class='ocrx_word' id='word_1_605' title='bbox 2308 4259 2560 4315; x_wconf 85' lang='lat' dir='ltr'><strong>videlicet</strong></span> <span class='ocrx_word' id='word_1_606' title='bbox 2591 4276 2755 4315; x_wconf 86' lang='lat' dir='ltr'><strong>unam</strong></span> <span class='ocrx_word' id='word_1_607' title='bbox 2801 4261 3159 4333; x_wconf 87' lang='lat' dir='ltr'><strong>plaustratam</strong></span> <span class='ocrx_word' id='word_1_608' title='bbox 3209 4267 3395 4336; x_wconf 88' lang='lat' dir='ltr'><strong>tritici,</strong></span> <span class='ocrx_word' id='word_1_609' title='bbox 3435 4276 3501 4325; x_wconf 83' lang='lat' dir='ltr'><strong>et.</strong></span> 
     </span>
    </p>
   </div>
   <div class='ocr_carea' id='block_1_89' title="bbox 1911 4349 3491 4426">
    <p class='ocr_par' dir='ltr' id='par_1_89' title="bbox 1911 4349 3491 4426">
     <span class='ocr_line' id='line_1_89' title="bbox 1911 4349 3491 4426; baseline 0.011 -27"><span class='ocrx_word' id='word_1_610' title='bbox 1911 4361 2075 4401; x_wconf 79' lang='lat' dir='ltr'><strong>unam</strong></span> <span class='ocrx_word' id='word_1_611' title='bbox 2109 4349 2466 4420; x_wconf 87' lang='lat' dir='ltr'><strong>plaustratam</strong></span> <span class='ocrx_word' id='word_1_612' title='bbox 2501 4350 2755 4423; x_wconf 80' lang='lat' dir='ltr'><strong>siliginis,</strong></span> <span class='ocrx_word' id='word_1_613' title='bbox 2817 4361 2874 4407; x_wconf 91' lang='lat' dir='ltr'><strong>et</strong></span> <span class='ocrx_word' id='word_1_614' title='bbox 2921 4369 3085 4410; x_wconf 90' lang='lat' dir='ltr'><strong>unam</strong></span> <span class='ocrx_word' id='word_1_615' title='bbox 3129 4356 3491 4426; x_wconf 79' lang='lat' dir='ltr'><strong>plaustratam</strong></span> 
     </span>
    </p>
   </div>
   <div class='ocr_carea' id='block_1_90' title="bbox 218 4425 3493 4520">
    <p class='ocr_par' dir='ltr' id='par_1_90' title="bbox 218 4425 3493 4520">
     <span class='ocr_line' id='line_1_90' title="bbox 218 4425 3493 4520; baseline 0.001 -35"><span class='ocrx_word' id='word_1_616' title='bbox 218 4429 364 4497; x_wconf 84' lang='lat' dir='ltr'><strong>buit,</strong></span> <span class='ocrx_word' id='word_1_617' title='bbox 411 4439 466 4486; x_wconf 88' lang='lat' dir='ltr'><strong>et</strong></span> <span class='ocrx_word' id='word_1_618' title='bbox 491 4438 672 4486; x_wconf 83' lang='lat' dir='ltr'><strong>tamen</strong></span> <span class='ocrx_word' id='word_1_619' title='bbox 725 4427 929 4484; x_wconf 87' lang='lat' dir='ltr'><strong>idcirco</strong></span> <span class='ocrx_word' id='word_1_620' title='bbox 963 4427 1378 4499; x_wconf 82' lang='lat' dir='ltr'><strong>dispositionem</strong></span> <span class='ocrx_word' id='word_1_621' title='bbox 1419 4427 1805 4520; x_wconf 81' lang='lat' dir='ltr'><strong>temporalium</strong></span> <span class='ocrx_word' id='word_1_622' title='bbox 1839 4425 1884 4486; x_wconf 90' lang='lat' dir='ltr'><strong>D</strong></span> <span class='ocrx_word' id='word_1_623' title='bbox 1909 4437 2084 4506; x_wconf 69' lang='lat' dir='ltr'><strong>ordei,</strong></span> <span class='ocrx_word' id='word_1_624' title='bbox 2111 4439 2179 4494; x_wconf 69' lang='lat' dir='ltr'><strong>ad</strong></span> <span class='ocrx_word' id='word_1_625' title='bbox 2203 4441 2632 4520; x_wconf 61' lang='lat' dir='ltr'><strong>consolationem</strong></span> <span class='ocrx_word' id='word_1_626' title='bbox 2659 4459 2968 4515; x_wconf 66' lang='lat' dir='ltr'><strong>pauperum</strong></span> <span class='ocrx_word' id='word_1_627' title='bbox 2999 4425 3293 4506; x_wconf 51' lang='grc' dir='ltr'><strong>εεοιέιιίαω</strong></span> <span class='ocrx_word' id='word_1_628' title='bbox 3320 4452 3493 4509; x_wconf 62' lang='lat' dir='ltr'><strong>choro</strong></span> 
     </span>
    </p>
   </div>
   <div class='ocr_carea' id='block_1_91' title="bbox 215 4517 1806 4594">
    <p class='ocr_par' dir='ltr' id='par_1_91' title="bbox 215 4517 1806 4594">
     <span class='ocr_line' id='line_1_91' title="bbox 215 4517 1806 4594; baseline -0.004 -16"><span class='ocrx_word' id='word_1_629' title='bbox 215 4538 336 4578; x_wconf 72' lang='lat' dir='ltr'><strong>mn</strong></span> <span class='ocrx_word' id='word_1_630' title='bbox 362 4522 614 4594; x_wconf 75' lang='lat' dir='ltr'><strong>neglexit.</strong></span> <span class='ocrx_word' id='word_1_631' title='bbox 639 4520 906 4592; x_wconf 82' lang='lat' dir='ltr'><strong>Tempore</strong></span> <span class='ocrx_word' id='word_1_632' title='bbox 941 4520 1086 4575; x_wconf 91' lang='lat' dir='ltr'><strong>enim</strong></span> <span class='ocrx_word' id='word_1_633' title='bbox 1143 4535 1244 4576; x_wconf 92' lang='lat' dir='ltr'><strong>suo</strong></span> <span class='ocrx_word' id='word_1_634' title='bbox 1274 4518 1475 4588; x_wconf 89' lang='lat' dir='ltr'><strong>recepti</strong></span> <span class='ocrx_word' id='word_1_635' title='bbox 1523 4524 1654 4572; x_wconf 82' lang='lat' dir='ltr'><strong>sunt</strong></span> <span class='ocrx_word' id='word_1_636' title='bbox 1692 4517 1806 4572; x_wconf 81' lang='lat' dir='ltr'><strong>fra-</strong></span> 
     </span>
    </p>
   </div>
   <div class='ocr_carea' id='block_1_92' title="bbox 220 4611 1804 4677">
    <p class='ocr_par' dir='ltr' id='par_1_92' title="bbox 220 4611 1804 4677">
     <span class='ocr_line' id='line_1_92' title="bbox 220 4611 1804 4677; baseline -0.001 -7"><span class='ocrx_word' id='word_1_637' title='bbox 220 4623 338 4670; x_wconf 78' lang='lat' dir='ltr'><strong>tres</strong></span> <span class='ocrx_word' id='word_1_638' title='bbox 366 4613 739 4672; x_wconf 74' lang='lat' dir='ltr'><strong>Prediratores</strong></span> <span class='ocrx_word' id='word_1_639' title='bbox 761 4621 816 4669; x_wconf 90' lang='lat' dir='ltr'><strong>et</strong></span> <span class='ocrx_word' id='word_1_640' title='bbox 843 4613 1102 4677; x_wconf 82' lang='lat' dir='ltr'><strong>Minores,</strong></span> <span class='ocrx_word' id='word_1_641' title='bbox 1134 4621 1188 4666; x_wconf 89' lang='lat' dir='ltr'><strong>et</strong></span> <span class='ocrx_word' id='word_1_642' title='bbox 1235 4627 1454 4667; x_wconf 87' lang='lat' dir='ltr'><strong>sorores</strong></span> <span class='ocrx_word' id='word_1_643' title='bbox 1476 4621 1663 4668; x_wconf 85' lang='lat' dir='ltr'><strong>sancte</strong></span> <span class='ocrx_word' id='word_1_644' title='bbox 1686 4611 1804 4668; x_wconf 80' lang='lat' dir='ltr'><strong>Ma—</strong></span> 
     </span>
    </p>
   </div>
   <div class='ocr_carea' id='block_1_93' title="bbox 222 4701 1806 4778">
    <p class='ocr_par' dir='ltr' id='par_1_93' title="bbox 222 4701 1806 4778">
     <span class='ocr_line' id='line_1_93' title="bbox 222 4701 1806 4778; baseline -0.002 -18"><span class='ocrx_word' id='word_1_645' title='bbox 222 4706 306 4761; x_wconf 83' lang='lat' dir='ltr'><strong>rie</strong></span> <span class='ocrx_word' id='word_1_646' title='bbox 332 4703 643 4778; x_wconf 81' lang='lat' dir='ltr'><strong>Magdalene</strong></span> <span class='ocrx_word' id='word_1_647' title='bbox 664 4705 983 4776; x_wconf 88' lang='lat' dir='ltr'><strong>penitentes,</strong></span> <span class='ocrx_word' id='word_1_648' title='bbox 1011 4703 1212 4774; x_wconf 90' lang='lat' dir='ltr'><strong>quibus</strong></span> <span class='ocrx_word' id='word_1_649' title='bbox 1235 4702 1290 4758; x_wconf 89' lang='lat' dir='ltr'><strong>in</strong></span> <span class='ocrx_word' id='word_1_650' title='bbox 1328 4702 1575 4759; x_wconf 84' lang='lat' dir='ltr'><strong>ecclesiis</strong></span> <span class='ocrx_word' id='word_1_651' title='bbox 1608 4701 1727 4759; x_wconf 90' lang='lat' dir='ltr'><strong>suis</strong></span> <span class='ocrx_word' id='word_1_652' title='bbox 1751 4709 1806 4758; x_wconf 90' lang='lat' dir='ltr'><strong>et</strong></span> 
     </span>
    </p>
   </div>
   <div class='ocr_carea' id='block_1_94' title="bbox 1914 4528 3498 4614">
    <p class='ocr_par' dir='ltr' id='par_1_94' title="bbox 1914 4528 3498 4614">
     <span class='ocr_line' id='line_1_94' title="bbox 1914 4528 3498 4614; baseline 0.011 -31"><span class='ocrx_word' id='word_1_653' title='bbox 1914 4528 2070 4584; x_wconf 87' lang='lat' dir='ltr'><strong>beate</strong></span> <span class='ocrx_word' id='word_1_654' title='bbox 2095 4529 2261 4594; x_wconf 80' lang='lat' dir='ltr'><strong>Marie</strong></span> <span class='ocrx_word' id='word_1_655' title='bbox 2280 4532 2514 4603; x_wconf 76' lang='lat' dir='ltr'><strong>virginis</strong></span> <span class='ocrx_word' id='word_1_656' title='bbox 2537 4532 2962 4592; x_wconf 81' lang='lat' dir='ltr'><strong>deservientium</strong></span> <span class='ocrx_word' id='word_1_657' title='bbox 2978 4539 3280 4611; x_wconf 80' lang='lat' dir='ltr'><strong>assignavit</strong></span> <span class='ocrx_word' id='word_1_658' title='bbox 3299 4557 3498 4614; x_wconf 82' lang='lat' dir='ltr'><strong>perpe-.</strong></span> 
     </span>
    </p>
   </div>
   <div class='ocr_carea' id='block_1_95' title="bbox 1912 4619 3489 4704">
    <p class='ocr_par' dir='ltr' id='par_1_95' title="bbox 1912 4619 3489 4704">
     <span class='ocr_line' id='line_1_95' title="bbox 1912 4619 3489 4704; baseline 0.012 -34"><span class='ocrx_word' id='word_1_659' title='bbox 1912 4624 2007 4672; x_wconf 88' lang='lat' dir='ltr'><strong>tuo</strong></span> <span class='ocrx_word' id='word_1_660' title='bbox 2027 4627 2081 4674; x_wconf 89' lang='lat' dir='ltr'><strong>et</strong></span> <span class='ocrx_word' id='word_1_661' title='bbox 2099 4619 2338 4675; x_wconf 89' lang='lat' dir='ltr'><strong>donavit.</strong></span> <span class='ocrx_word' id='word_1_662' title='bbox 2365 4620 2798 4679; x_wconf 79' lang='lat' dir='ltr'><strong>Conversionem</strong></span> <span class='ocrx_word' id='word_1_663' title='bbox 2824 4626 2990 4682; x_wconf 89' lang='lat' dir='ltr'><strong>etiam</strong></span> <span class='ocrx_word' id='word_1_664' title='bbox 3031 4628 3176 4686; x_wconf 86' lang='lat' dir='ltr'><strong>beati</strong></span> <span class='ocrx_word' id='word_1_665' title='bbox 3226 4628 3378 4694; x_wconf 82' lang='lat' dir='ltr'><strong>Pauli</strong></span> <span class='ocrx_word' id='word_1_666' title='bbox 3403 4631 3489 4704; x_wconf 74' lang='lat' dir='ltr'><strong>agi</strong></span> 
     </span>
    </p>
   </div>
   <div class='ocr_carea' id='block_1_96' title="bbox 1915 4709 3489 4784">
    <p class='ocr_par' dir='ltr' id='par_1_96' title="bbox 1915 4709 3489 4784">
     <span class='ocr_line' id='line_1_96' title="bbox 1915 4709 3489 4784; baseline 0.011 -20"><span class='ocrx_word' id='word_1_667' title='bbox 1915 4709 2264 4780; x_wconf 87' lang='lat' dir='ltr'><strong>solempniter</strong></span> <span class='ocrx_word' id='word_1_668' title='bbox 2322 4711 2578 4780; x_wconf 83' lang='lat' dir='ltr'><strong>instituit,</strong></span> <span class='ocrx_word' id='word_1_669' title='bbox 2615 4722 2670 4771; x_wconf 88' lang='lat' dir='ltr'><strong>et</strong></span> <span class='ocrx_word' id='word_1_670' title='bbox 2708 4715 2898 4772; x_wconf 82' lang='lat' dir='ltr'><strong>eodem</strong></span> <span class='ocrx_word' id='word_1_671' title='bbox 2931 4718 3018 4774; x_wconf 90' lang='lat' dir='ltr'><strong>die</strong></span> <span class='ocrx_word' id='word_1_672' title='bbox 3045 4719 3334 4784; x_wconf 80' lang='lat' dir='ltr'><strong>karitatem</strong></span> <span class='ocrx_word' id='word_1_673' title='bbox 3363 4739 3489 4781; x_wconf 86' lang='lat' dir='ltr'><strong>cum</strong></span> 
     </span>
    </p>
   </div>
   <div class='ocr_carea' id='block_1_97' title="bbox 1496 4835 2164 4897">
    <p class='ocr_par' dir='ltr' id='par_1_97' title="bbox 1496 4835 2164 4897">
     <span class='ocr_line' id='line_1_97' title="bbox 1496 4835 2164 4897; baseline 0.006 -6"><span class='ocrx_word' id='word_1_674' title='bbox 1496 4835 1731 4894; x_wconf 64' lang='grc' dir='ltr'><strong>γΑιιω</strong></span> <span class='ocrx_word' id='word_1_675' title='bbox 1760 4835 2164 4897; x_wconf 73' lang='lat' dir='ltr'><strong>LECTIONES.</strong></span> 
     </span>
    </p>
   </div>
   <div class='ocr_carea' id='block_1_98' title="bbox 295 4949 3490 5030">
    <p class='ocr_par' dir='ltr' id='par_1_98' title="bbox 295 4949 3490 5030">
     <span class='ocr_line' id='line_1_98' title="bbox 295 4949 3490 5030; baseline 0.007 -26"><span class='ocrx_word' id='word_1_676' title='bbox 295 4954 1000 5030; x_wconf 35' lang='lat' dir='ltr'><strong>&#39;tlegi‘cotpparaveruntzA</strong></span> <span class='ocrx_word' id='word_1_677' title='bbox 1040 4951 1086 4983; x_wconf 80' lang='grc'><strong>⁸⁸</strong></span> <span class='ocrx_word' id='word_1_678' title='bbox 1116 4959 1298 5030; x_wconf 80' lang='lat' dir='ltr'><strong>tamen</strong></span> <span class='ocrx_word' id='word_1_679' title='bbox 1322 4967 1369 5004; x_wconf 75' lang='grc' dir='ltr'><strong>ο.</strong></span> <span class='ocrx_word' id='word_1_680' title='bbox 1446 4949 1833 5030; x_wconf 49' lang='grc' dir='ltr'><strong>’ξηρκὶίθῃοίει</strong></span> <span class='ocrx_word' id='word_1_681' title='bbox 1885 4968 1932 5006; x_wconf 79' lang='lat' dir='ltr'><strong>c.</strong></span> <span class='ocrx_word' id='word_1_682' title='bbox 1969 4952 2050 5030; x_wconf 80' lang='lat'><strong>_&quot;’</strong></span> <span class='ocrx_word' id='word_1_683' title='bbox 2086 4955 2344 5030; x_wconf 64' lang='lat' dir='ltr'><strong>eineessit</strong></span> <span class='ocrx_word' id='word_1_684' title='bbox 2385 4975 2431 5012; x_wconf 78' lang='grc' dir='ltr'><strong>ε.</strong></span> <span class='ocrx_word' id='word_1_685' title='bbox 2506 4959 2554 4992; x_wconf 82' lang='grc'><strong><em>⁸⁸</em></strong></span> <span class='ocrx_word' id='word_1_686' title='bbox 2581 4961 2816 5030; x_wconf 76' lang='lat' dir='ltr'><strong>quiescit</strong></span> <span class='ocrx_word' id='word_1_687' title='bbox 2841 4973 2966 5020; x_wconf 87' lang='lat' dir='ltr'><strong>ante</strong></span> <span class='ocrx_word' id='word_1_688' title='bbox 2999 4967 3170 5024; x_wconf 87' lang='lat' dir='ltr'><strong>altare</strong></span> <span class='ocrx_word' id='word_1_689' title='bbox 3191 4969 3365 5027; x_wconf 83' lang='lat' dir='ltr'><strong>sancti</strong></span> <span class='ocrx_word' id='word_1_690' title='bbox 3387 4969 3490 5027; x_wconf 78' lang='lat' dir='ltr'><strong>Pe-</strong></span> 
     </span>
    </p>
   </div>
   <div class='ocr_carea' id='block_1_99' title="bbox 223 5020 3485 5098">
    <p class='ocr_par' dir='ltr' id='par_1_99' title="bbox 223 5020 3485 5098">
     <span class='ocr_line' id='line_1_99' title="bbox 223 5020 3485 5098; baseline 0.004 -19"><span class='ocrx_word' id='word_1_691' title='bbox 223 5020 500 5098; x_wconf 60' lang='lat' dir='ltr'><strong>trl_2_,__&#39;_‘_‘f</strong></span> <span class='ocrx_word' id='word_1_692' title='bbox 529 5020 811 5098; x_wconf 75' lang='lat' dir='ltr'><strong>advociam</strong></span> <span class='ocrx_word' id='word_1_693' title='bbox 832 5038 880 5076; x_wconf 88' lang='lat' dir='ltr'><strong>c.</strong></span> <span class='ocrx_word' id='word_1_694' title='bbox 922 5093 936 5098; x_wconf 89' lang='lat'>_</span> <span class='ocrx_word' id='word_1_695' title='bbox 957 5021 1320 5098; x_wconf 81' lang='lat' dir='ltr'><strong>&#39;°_c_omodu_m</strong></span> <span class='ocrx_word' id='word_1_696' title='bbox 1349 5035 1398 5075; x_wconf 85' lang='lat' dir='ltr'><strong>c.</strong></span> <span class='ocrx_word' id='word_1_697' title='bbox 1429 5091 1443 5098; x_wconf 91' lang='lat'><em>_</em></span> <span class='ocrx_word' id='word_1_698' title='bbox 1473 5022 1517 5054; x_wconf 75' lang='grc' dir='ltr'>ἰ</span> <span class='ocrx_word' id='word_1_699' title='bbox 1548 5020 1680 5098; x_wconf 58' lang='lat' dir='ltr'><strong>Post</strong></span> <span class='ocrx_word' id='word_1_700' title='bbox 1702 5021 1814 5098; x_wconf 68' lang='lat' dir='ltr'><strong>haec</strong></span> <span class='ocrx_word' id='word_1_701' title='bbox 1835 5023 2074 5098; x_wconf 49' lang='lat' dir='ltr'><strong>sequntur</strong></span> <span class='ocrx_word' id='word_1_702' title='bbox 2101 5025 2194 5094; x_wconf 79' lang='lat' dir='ltr'><strong>fol.</strong></span> <span class='ocrx_word' id='word_1_703' title='bbox 2231 5027 2347 5081; x_wconf 67' lang='lat'><strong>145‘</strong></span> <span class='ocrx_word' id='word_1_704' title='bbox 2399 5020 2799 5087; x_wconf 52' lang='lat' dir='ltr'><strong>manus-catuli</strong></span> <span class='ocrx_word' id='word_1_705' title='bbox 2822 5033 2872 5088; x_wconf 85' lang='grc' dir='ltr'><em>Χ</em></span> <span class='ocrx_word' id='word_1_706' title='bbox 2878 5020 3042 5093; x_wconf 20' lang='lat' dir='ltr'><strong>Ill.“</strong></span> <span class='ocrx_word' id='word_1_707' title='bbox 3060 5020 3124 5071; x_wconf 63' lang='grc' dir='ltr'><strong>Ῑί</strong></span> <span class='ocrx_word' id='word_1_708' title='bbox 3143 5020 3414 5098; x_wconf 53' lang='grc' dir='ltr'><strong>ὶδῖἆᾶδῖ</strong></span> <span class='ocrx_word' id='word_1_709' title='bbox 3435 5020 3485 5096; x_wconf 67' lang='grc' dir='ltr'><strong>ξ.</strong></span> 
     </span>
    </p>
   </div>
   <div class='ocr_carea' id='block_1_100' title="bbox 223 5090 2066 5165">
    <p class='ocr_par' dir='ltr' id='par_1_100' title="bbox 223 5090 2066 5165">
     <span class='ocr_line' id='line_1_100' title="bbox 223 5090 2066 5165; baseline -0.001 -16"><span class='ocrx_word' id='word_1_710' title='bbox 223 5092 557 5149; x_wconf 61' lang='lat' dir='ltr'><strong>&quot;XXVIII&quot;!</strong></span> <span class='ocrx_word' id='word_1_711' title='bbox 585 5095 875 5165; x_wconf 88' lang='lat' dir='ltr'><strong>episcopus</strong></span> <span class='ocrx_word' id='word_1_712' title='bbox 915 5093 940 5145; x_wconf 93' lang='grc'><strong>1</strong></span> <span class='ocrx_word' id='word_1_713' title='bbox 995 5090 1096 5146; x_wconf 81' lang='lat' dir='ltr'><strong>fuit</strong></span> <span class='ocrx_word' id='word_1_714' title='bbox 1115 5091 1387 5146; x_wconf 82' lang='lat' dir='ltr'><strong>excellens</strong></span> <span class='ocrx_word' id='word_1_715' title='bbox 1411 5091 1605 5146; x_wconf 88' lang='lat' dir='ltr'><strong>doctor</strong></span> <span class='ocrx_word' id='word_1_716' title='bbox 1626 5093 1684 5148; x_wconf 88' lang='lat' dir='ltr'><strong>in</strong></span> <span class='ocrx_word' id='word_1_717' title='bbox 1718 5090 1993 5163; x_wconf 83' lang='lat' dir='ltr'><strong>theologia</strong></span> <span class='ocrx_word' id='word_1_718' title='bbox 2014 5093 2066 5148; x_wconf 75' lang='lat'><strong>2.</strong></span> 
     </span>
    </p>
   </div>
   <div class='ocr_carea' id='block_1_101' title="bbox 1687 5231 1914 5289">
    <p class='ocr_par' dir='ltr' id='par_1_101' title="bbox 1687 5231 1914 5289">
     <span class='ocr_line' id='line_1_101' title="bbox 1687 5231 1914 5289; baseline 0 -3"><span class='ocrx_word' id='word_1_719' title='bbox 1687 5231 1914 5289; x_wconf 68' lang='lat' dir='ltr'><strong>noras.</strong></span> 
     </span>
    </p>
   </div>
   <div class='ocr_carea' id='block_1_102' title="bbox 323 5364 1350 5438">
    <p class='ocr_par' dir='ltr' id='par_1_102' title="bbox 323 5364 1350 5438">
     <span class='ocr_line' id='line_1_102' title="bbox 323 5364 1350 5438; baseline 0.003 -19"><span class='ocrx_word' id='word_1_720' title='bbox 323 5364 447 5438; x_wconf 75' lang='grc'><strong>150)</strong></span> <span class='ocrx_word' id='word_1_721' title='bbox 469 5365 691 5438; x_wconf 80' lang='lat' dir='ltr'><strong>Dunsen</strong></span> <span class='ocrx_word' id='word_1_722' title='bbox 725 5367 966 5438; x_wconf 80' lang='lat' dir='ltr'><strong>praefect.</strong></span> <span class='ocrx_word' id='word_1_723' title='bbox 988 5367 1350 5424; x_wconf 83' lang='lat' dir='ltr'><strong>Lavenstein‘!</strong></span> 
     </span>
    </p>
   </div>
   <div class='ocr_carea' id='block_1_103' title="bbox 325 5437 944 5509">
    <p class='ocr_par' dir='ltr' id='par_1_103' title="bbox 325 5437 944 5509">
     <span class='ocr_line' id='line_1_103' title="bbox 325 5437 944 5509; baseline 0.002 -19"><span class='ocrx_word' id='word_1_724' title='bbox 325 5437 390 5509; x_wconf 57' lang='lat' dir='ltr'><strong>lii</strong></span> <span class='ocrx_word' id='word_1_725' title='bbox 399 5437 446 5509; x_wconf 75' lang='grc'>1)</span> <span class='ocrx_word' id='word_1_726' title='bbox 463 5457 468 5462; x_wconf 52' lang='grc' dir='ltr'><strong>ε</strong></span> <span class='ocrx_word' id='word_1_727' title='bbox 477 5437 522 5509; x_wconf 48' lang='lat' dir='ltr'><strong>i1</strong></span> <span class='ocrx_word' id='word_1_728' title='bbox 531 5452 595 5509; x_wconf 65' lang='lat' dir='ltr'><strong>e.</strong></span> <span class='ocrx_word' id='word_1_729' title='bbox 608 5438 944 5509; x_wconf 85' lang='lat' dir='ltr'><strong>Albigenses.</strong></span> 
     </span>
    </p>
   </div>
   <div class='ocr_carea' id='block_1_104' title="bbox 323 5505 1598 5578">
    <p class='ocr_par' dir='ltr' id='par_1_104' title="bbox 323 5505 1598 5578">
     <span class='ocr_line' id='line_1_104' title="bbox 323 5505 1598 5578; baseline 0.001 -18"><span class='ocrx_word' id='word_1_730' title='bbox 323 5505 446 5578; x_wconf 54' lang='lat'><strong>152)</strong></span> <span class='ocrx_word' id='word_1_731' title='bbox 477 5505 967 5578; x_wconf 60' lang='lat' dir='ltr'><strong>Wullingliauscna</strong></span> <span class='ocrx_word' id='word_1_732' title='bbox 991 5508 1217 5563; x_wconf 90' lang='lat' dir='ltr'><strong>meridie</strong></span> <span class='ocrx_word' id='word_1_733' title='bbox 1243 5505 1598 5563; x_wconf 74' lang='lat' dir='ltr'><strong>Hannoverte.</strong></span> 
     </span>
    </p>
   </div>
   <div class='ocr_carea' id='block_1_105' title="bbox 325 5574 747 5645">
    <p class='ocr_par' dir='ltr' id='par_1_105' title="bbox 325 5574 747 5645">
     <span class='ocr_line' id='line_1_105' title="bbox 325 5574 747 5645; baseline 0.002 -16"><span class='ocrx_word' id='word_1_734' title='bbox 325 5576 447 5645; x_wconf 79' lang='grc'><strong>155)</strong></span> <span class='ocrx_word' id='word_1_735' title='bbox 472 5574 747 5631; x_wconf 66' lang='lat' dir='ltr'><strong>Goslariaa.</strong></span> 
     </span>
    </p>
   </div>
   <div class='ocr_carea' id='block_1_106' title="bbox 327 5644 892 5716">
    <p class='ocr_par' dir='ltr' id='par_1_106' title="bbox 327 5644 892 5716">
     <span class='ocr_line' id='line_1_106' title="bbox 327 5644 892 5716; baseline 0.005 -17"><span class='ocrx_word' id='word_1_736' title='bbox 327 5644 448 5716; x_wconf 71' lang='grc'>154)</span> <span class='ocrx_word' id='word_1_737' title='bbox 475 5661 641 5716; x_wconf 91' lang='lat' dir='ltr'><strong>prope</strong></span> <span class='ocrx_word' id='word_1_738' title='bbox 671 5647 892 5702; x_wconf 90' lang='lat' dir='ltr'><strong>Cellam.</strong></span> 
     </span>
    </p>
   </div>
   <div class='ocr_carea' id='block_1_107' title="bbox 619 5796 1160 5860">
    <p class='ocr_par' dir='ltr' id='par_1_107' title="bbox 619 5796 1160 5860">
     <span class='ocr_line' id='line_1_107' title="bbox 619 5796 1160 5860; baseline 0.007 -4"><span class='ocrx_word' id='word_1_739' title='bbox 619 5796 896 5857; x_wconf 69' lang='lat' dir='ltr'><strong>Psrnon.</strong></span> <span class='ocrx_word' id='word_1_740' title='bbox 943 5796 1160 5860; x_wconf 83' lang='lat' dir='ltr'><strong>CXLI.</strong></span> 
     </span>
    </p>
   </div>
   <div class='ocr_carea' id='block_1_108' title="bbox 1908 5366 3486 5491">
    <p class='ocr_par' dir='ltr' id='par_1_108' title="bbox 1908 5366 3486 5491">
     <span class='ocr_line' id='line_1_108' title="bbox 1908 5366 3486 5491; baseline -0.029 -20"><span class='ocrx_word' id='word_1_741' title='bbox 1908 5366 2132 5491; x_wconf 47' lang='lat' dir='ltr'><strong>deﬁgi)</strong></span> <span class='ocrx_word' id='word_1_742' title='bbox 2162 5366 2383 5436; x_wconf 66' lang='lat' dir='ltr'><strong>Barum&#39;</strong></span> <span class='ocrx_word' id='word_1_743' title='bbox 2416 5370 2745 5444; x_wconf 66' lang='grc' dir='ltr'><strong>Βθδίίίηϐθη.</strong></span> <span class='ocrx_word' id='word_1_744' title='bbox 2789 5370 3077 5446; x_wconf 69' lang='lat' dir='ltr'><strong>Eggelsen,</strong></span> <span class='ocrx_word' id='word_1_745' title='bbox 3107 5377 3343 5449; x_wconf 74' lang='lat' dir='ltr'><strong>Bultum,</strong></span> <span class='ocrx_word' id='word_1_746' title='bbox 3373 5381 3486 5439; x_wconf 75' lang='lat' dir='ltr'><strong>Ad.</strong></span> 
     </span>
    </p>
   </div>
   <div class='ocr_carea' id='block_1_109' title="bbox 1980 5505 3063 5580">
    <p class='ocr_par' dir='ltr' id='par_1_109' title="bbox 1980 5505 3063 5580">
     <span class='ocr_line' id='line_1_109' title="bbox 1980 5505 3063 5580; baseline 0.014 -22"><span class='ocrx_word' id='word_1_747' title='bbox 1980 5506 2128 5580; x_wconf 62' lang='lat'><strong>(1,59)</strong></span> <span class='ocrx_word' id='word_1_748' title='bbox 2156 5505 2409 5580; x_wconf 64' lang='grc' dir='ltr'><strong>ρρρρηξιιι</strong></span> <span class='ocrx_word' id='word_1_749' title='bbox 2438 5514 2738 5580; x_wconf 67' lang='lat' dir='ltr'><strong>parrochim</strong></span> <span class='ocrx_word' id='word_1_750' title='bbox 2761 5513 3063 5573; x_wconf 89' lang='lat' dir='ltr'><strong>Stenwede.</strong></span> 
     </span>
    </p>
   </div>
   <div class='ocr_carea' id='block_1_110' title="bbox 2006 5575 2407 5642">
    <p class='ocr_par' dir='ltr' id='par_1_110' title="bbox 2006 5575 2407 5642">
     <span class='ocr_line' id='line_1_110' title="bbox 2006 5575 2407 5642; baseline 0.012 -14"><span class='ocrx_word' id='word_1_751' title='bbox 2006 5577 2129 5642; x_wconf 85' lang='grc'>157)</span> <span class='ocrx_word' id='word_1_752' title='bbox 2154 5575 2407 5633; x_wconf 82' lang='lat' dir='ltr'><strong>Harsum.</strong></span> 
     </span>
    </p>
   </div>
   <div class='ocr_carea' id='block_1_111' title="bbox 2006 5645 2307 5712">
    <p class='ocr_par' dir='ltr' id='par_1_111' title="bbox 2006 5645 2307 5712">
     <span class='ocr_line' id='line_1_111' title="bbox 2006 5645 2307 5712; baseline 0.013 -14"><span class='ocrx_word' id='word_1_753' title='bbox 2006 5645 2126 5712; x_wconf 85' lang='grc'>158)</span> <span class='ocrx_word' id='word_1_754' title='bbox 2164 5645 2307 5702; x_wconf 89' lang='lat' dir='ltr'><strong>Elze.</strong></span> 
     </span>
    </p>
   </div>
   <div class='ocr_carea' id='block_1_112' title="bbox 2006 5714 2966 5796">
    <p class='ocr_par' dir='ltr' id='par_1_112' title="bbox 2006 5714 2966 5796">
     <span class='ocr_line' id='line_1_112' title="bbox 2006 5714 2966 5796; baseline 0.017 -27"><span class='ocrx_word' id='word_1_755' title='bbox 2006 5715 2126 5769; x_wconf 80' lang='lat' dir='ltr'><strong>l59l</strong></span> <span class='ocrx_word' id='word_1_756' title='bbox 2158 5714 2456 5774; x_wconf 82' lang='lat' dir='ltr'><strong>Kirchrode</strong></span> <span class='ocrx_word' id='word_1_757' title='bbox 2480 5739 2648 5796; x_wconf 87' lang='lat' dir='ltr'><strong>prope</strong></span> <span class='ocrx_word' id='word_1_758' title='bbox 2673 5723 2966 5785; x_wconf 82' lang='lat' dir='ltr'><strong>Anderten.</strong></span> 
     </span>
    </p>
   </div>
   <div class='ocr_carea' id='block_1_113' title="bbox 3085 5816 3160 5871">
    <p class='ocr_par' dir='ltr' id='par_1_113' title="bbox 3085 5816 3160 5871">
     <span class='ocr_line' id='line_1_113' title="bbox 3085 5816 3160 5871; baseline 0 0"><span class='ocrx_word' id='word_1_759' title='bbox 3085 5816 3160 5871; x_wconf 72' lang='grc' dir='ltr'>Μ</span> 
     </span>
    </p>
   </div>
  </div>
