4056 5360
559 219 708 279 1259

1666 226 2006 284 APPENDIX
2045 217 2136 285 AD
2177 231 2234 287 s.
2277 227 2770 289 conmissum.

3700 235 3836 297 ηω

553 336 740 392 Terina
768 336 835 392 de
856 335 1066 393 decima
1103 336 1158 392 in
1207 337 1417 394 Giitene
1449 337 1597 411 (160)
1627 339 1744 396 dari
1767 341 2030 399 fratribus
2059 359 2150 400 or-
2181 349 2226 405 Α
2253 362 2352 402 sua
2381 349 2775 405 monasterium
2806 355 3054 405 nostrum
3092 356 3175 404 est
3208 347 3362 406 novis
3395 351 3642 410 trabibus
3672 363 3727 410 et
3762 357 3831 411 ti-

557 429 791 485 ~dinavit.
820 428 879 484 In
901 431 1294 500 temporalibus
1318 430 1391 486 ita
1431 431 1726 502 prudenter
1771 435 1981 505 agebat,
2006 435 2151 505 quod

565 521 759 577 nociva
789 523 1041 589 removit,
1069 523 1303 578 alienata
1342 524 1638 594 recollegit,
1689 525 1842 580 utilia
1900 535 2150 581 constru-

564 614 660 669 xit.
687 613 905 669 Turrim
930 631 1149 686 quoque
1173 615 1229 669 in
1275 615 1540 685 superiori
1565 624 1750 671 castro
1776 615 2151 688 Wincenburg

565 723 596 762 a
621 706 826 762 domno
875 706 1211 762 Theoderico
1261 705 1329 761 de
1382 705 1634 761 Stockem
1687 709 2047 778 recuperavit,
2096 717 2151 763 et

561 798 792 854 eandem
833 798 900 853 ad
931 814 1096 854 unam
1142 799 1363 853 domum
1401 799 1678 865 exaltavit,
1715 808 1770 853 et
1806 800 2148 855 mansionem

561 895 804 966 episcopi
836 893 1170 960 emendavit,
1225 894 1431 964 pulcris
1486 894 1718 949 edificiis
1762 895 1905 950 sicut
1954 895 2144 964 liquet.

561 986 799 1043 Montem
825 987 990 1042 etiam
1015 986 1366 1041 Bawarorum
1419 986 1472 1040 in
1496 987 1686 1041 eodem
1729 997 1941 1054 castro,
1973 995 2026 1040 et
2047 987 2147 1040 ad-

559 1080 830 1136 vocatiam
847 1077 1182 1144 Hildensem,
1200 1086 1254 1133 et
1274 1077 1661 1133 viliicationem
1675 1077 1728 1132 in
1756 1078 1976 1132 Clowen
1998 1078 2145 1147 (161)

561 1172 670 1228 illis
699 1173 765 1227 de
792 1170 1051 1226 Escherte
1080 1169 1280 1239 injuste
1311 1169 1673 1238 ocupantilius
1699 1167 1990 1238 expedivit.
2037 1168 2144 1221 Ca-

562 1274 736 1321 strum
786 1272 836 1318 et
885 1261 1159 1318 civitatem
1217 1260 1490 1316 Rosendal
1546 1258 1693 1330 (162)
1739 1259 2046 1314 construxit
2093 1267 2146 1312 et

560 1356 811 1420 munivit,
828 1355 894 1409 ad
921 1356 1078 1424 cujus
1106 1351 1438 1423 emptionem
1463 1351 1885 1418 ediﬁcationem,
1915 1359 1969 1405 et
1998 1351 2146 1406 obsi-

557 1447 734 1504 dionis
761 1441 1139 1502 liberationem
1169 1457 1270 1498 nec
1292 1457 1400 1496 non
1430 1443 1497 1497 ad
1525 1441 1704 1513 Peyne
1729 1441 1876 1512 (165)
1910 1440 2144 1496 civitatis

557 1539 898 1595 obsidionem
944 1535 1199 1607 expendit
1239 1542 1459 1590 monete
1507 1532 1969 1589 Hildensemensis
2021 1541 2144 1588 octo

555 1630 707 1685 milia
728 1629 1082 1684 talentorum.
1103 1623 1326 1680 Turrim
1348 1624 1624 1695 quandam
1641 1622 1970 1678 Scherstede
1995 1620 2142 1693 (164)

556 1720 611 1774 in
649 1735 776 1793 area
827 1734 925 1774 sua
964 1717 1168 1787 injuste
1210 1724 1584 1772 constructam
1623 1715 1792 1770 diruit
1826 1715 2044 1785 penitus
2089 1724 2144 1769 et

558 1811 842 1868 destruxit.
875 1809 1105 1864 Emnam
1149 1807 1296 1879 (l65)
1325 1809 1598 1863 civitatem
1631 1807 1890 1862 obsidens
1920 1807 2062 1877 cepit
2088 1813 2143 1861 et

553 1914 771 1974 captam
798 1902 1087 1957 destruxit.
1134 1899 1397 1954 Similiter
1433 1899 1674 1955 Insulam
1718 1898 1864 1969 (166)
1899 1907 2142 1954 castrum

554 1995 700 2066 apud
742 2001 985 2050 nostram
1036 1993 1310 2047 civitatem
1359 1991 1546 2059 situm,
1597 1991 1654 2045 in
1696 2005 1806 2060 quo
1852 1990 2142 2046 violatores

555 2089 707 2159 pacis
729 2103 788 2143 se
809 2094 1148 2157 receperant,
1180 2085 1509 2156 expugnavit
1537 2092 1590 2140 et
1617 2082 1907 2138 destruxit.
1939 2081 2142 2138 Videas

553 2181 718 2236 etiam
757 2180 1012 2250 angarias
1050 2187 1104 2234 et
1138 2177 1524 2248 Oppressiones
1569 2175 1866 2230 liberorum
1911 2175 2144 2230 minoris

554 2273 785 2329 comicie
807 2272 963 2343 juxta
991 2269 1278 2336 Nortwolt,
1309 2269 1442 2324 emit
1470 2267 1700 2323 eandem
1729 2281 1761 2322 a
1782 2265 1980 2322 comite
2005 2266 2146 2320 Con-

553 2366 690 2422 rado
719 2365 785 2420 de
813 2362 1113 2419 Lewenrod
1159 2360 1307 2433 (167)
1340 2361 1628 2416 trescentis
1670 2359 1946 2430 octoginta
1989 2357 2144 2412 libris

553 2468 774 2517 monete
788 2454 1278 2513 'llildensemensis.
1312 2453 1556 2510 Tandem
1577 2453 1788 2509 ultimis
1809 2451 2002 2507 diebus
2027 2449 2143 2506 suis

556 2553 910 2608 considerans
957 2548 1263 2620 periculum
1311 2555 1366 2602 et
1406 2562 1699 2618 gravamen
1742 2544 2142 2600 transeuntium

559 2644 902 2715 Popenburg,
933 2641 1065 2696 emit
1093 2649 1304 2711 partem
1334 2639 1577 2709 ejusdem
1603 2638 1770 2695 castri
1789 2637 2036 2694 ducentis
2061 2635 2144 2691 vi-

557 2736 691 2807 ginti
719 2734 894 2800 libris,
925 2741 980 2788 et
1003 2733 1273 2789 minorem
1312 2731 1507 2787 turrim
1536 2731 1724 2786 decem
1746 2728 1920 2795 libris,
1948 2737 2004 2783 et
2031 2726 2146 2782 edi-

553 2827 738 2881 licavit
764 2825 840 2880 ibi
876 2824 1224 2879 mansionem
1253 2839 1378 2878 cum
1405 2821 1634 2877 ollicinis
1664 2821 1780 2876 suis
1801 2828 2143 2875 constantem

553 2915 667 2972 fere
699 2925 917 2972 centum
947 2915 1135 2979 libras,
1168 2929 1272 2968 nec
1312 2913 1525 2968 sinebat
1563 2926 1702 2966 nova
1748 2910 1948 2964 telonia
1981 2908 2142 2963 insti-

551 3010 655 3076 tui,
687 3008 832 3064 unde
865 3008 1107 3063 viatores
1139 3006 1317 3061 solent
1364 3004 1602 3060 indebite
1640 3002 1940 3058 molestari.
1983 3000 2142 3055 Cete-
2169 3033 2212 3091 ο

549 3116 678 3156 rum
704 3101 1048 3157 medietatem
1080 3098 1363 3154 advocatie
1381 3098 1449 3151 'in
1472 3095 1807 3152 'Scherstede
1836 3093 1983 3167 (168)
2013 3095 2148 3148 emit

553 3193 828 3249 sexcentis
867 3191 1267 3263 quinquaginta
1311 3189 1487 3254 libris,
1525 3196 1578 3242 et
1627 3186 1900 3242 ediﬁcavit
1942 3186 2014 3240 ibi
2049 3201 2146 3240 ca-

554 3294 731 3341 strum
768 3282 1018 3338 onerosis
1058 3281 1369 3351 sumptibus
1397 3289 1451 3334 et
1492 3276 1763 3349 expensis,
1810 3291 1910 3347 pro
1945 3277 2145 3346 quibus

553 3375 788 3447 quedam
819 3374 961 3428 bona
1001 3371 1070 3426 ad
1114 3369 1480 3441 episcopalem
1519 3382 1765 3422 mensam
1808 3365 2144 3438 pertinencia

554 3467 848 3539 obligavit,
890 3474 945 3521 et
992 3465 1230 3536 obligata
1264 3463 1482 3534 reliquit
1521 3463 1584 3516 “.
1619 3461 1680 3516 In
1716 3477 1885 3517 causa
1925 3475 2146 3532 quoque

552 3557 923 3617 Goslariensis
992 3555 1219 3611 ecclesia
1279 3553 1536 3624 expendit
1583 3551 1880 3606 examinati
1933 3551 2144 3621 argenti

553 3651 822 3706 ducentas
860 3660 1100 3711 marcas,
1131 3651 1186 3699 et
1226 3643 1281 3696 in
1314 3642 1484 3712 ﬁgura
1517 3639 1709 3710 judicii
1740 3654 1838 3711 per
1869 3639 2145 3710 legitimas

553 3739 907 3812 probationes
954 3735 1193 3792 obtinuit
1222 3736 1369 3805 quod
1403 3733 1594 3789 eadem
1623 3733 1854 3788 ecclesia
1898 3733 2144 3802 subjecta

553 3832 658 3888 erit
688 3832 741 3886 in
773 3828 1150 3902 spiritualibus
1184 3827 1443 3898 episcopo
1474 3823 1927 3880 Hildensemensi.
1955 3822 2144 3878 Preter

556 3921 870 3978 hec-omnia
891 3918 1155 3975 diocesim
1185 3925 1433 3972 nostram
1461 3932 1492 3970 a
1510 3914 1863 3986 jurisditione
1889 3914 2140 3981 ducatus,

553 4025 723 4084 quam
742 4010 1149 4082 jurisditionem
1179 4005 1573 4064 domnusOtto
1601 4006 1712 4062 dux
1741 4004 2141 4060 Brunesvicen-

555 4104 634 4158 sis
657 4101 762 4157 sibi
781 4115 1058 4170 usurpare
1084 4115 1272 4154 coram
1314 4099 1516 4153 domno
1551 4097 1880 4167 imperatore
1907 4103 1962 4151 et
1992 4094 2144 4165 prin-

555 4192 861 4265 cipibus-in
899 4191 1052 4247 curia
1081 4191 1349 4260 solempni
1390 4190 1533 4261 apud
1561 4189 1926 4261 Magunciam,
1958 4189 2141 4244 inten-

554 4285 720 4341 debat
761 4283 882 4355 (an.
932 4282 1175 4353 1255?),
1227 4283 1533 4353 prudenter
1589 4281 1877 4347 liberavit,
1936 4281 2140 4337 ibidem

2253 439 2374 508 gnis
2415 449 2469 494 et
2502 443 2700 510 tegulis
2734 442 3121 508 instauratum,
3165 451 3220 498 et
3250 447 3676 514 cooperantibus
3704 446 3835 503 ﬁde-

2253 529 2384 584 lium
2427 532 2742 589 elemosinis
2786 548 2955 604 cupro
2999 541 3220 589 tectum.
3253 534 3485 591 Domum
3513 537 3682 593 etiam
3719 539 3835 610 epi-

2253 621 2527 689 scopalem
2561 622 3084 691 Hildensemensem,
3121 641 3229 695 que
3262 642 3357 696 per
3379 628 3719 684 stillicidium
3749 633 3834 687 de-

2251 722 2474 780 pravata
2507 713 2703 783 fuerat,
2731 716 2890 772 bonis
2934 717 3211 772 asseribus
3239 719 3344 789 tegi
3383 718 3528 774 fecit.
3570 720 3693 778 Hiis
3714 738 3832 778 om-

2252 800 2414 856 nibus
2455 802 2684 859 feliciter
2718 806 2972 874 peractis,
3020 822 3144 862 cum
3196 824 3255 863 se
3302 809 3722 867 insuﬂicientcm
3767 813 3835 868 ad

2250 891 2490 962 regimen
2535 895 2761 950 ecclesie
2817 906 3125 968 reputaret,
3173 908 3286 954 tum
3337 909 3557 972 propter
3594 905 3834 973 senium,

2253 989 2616 1054 tumpropter
2661 985 2860 1041 scisma
2895 989 3043 1057 quod
3074 987 3177 1043 fuit
3218 990 3359 1045 inter
3400 994 3583 1048 sedem
3615 1003 3836 1064 aposto-

2249 1072 2410 1128 licam
2458 1085 2512 1130 et
2557 1077 2866 1146 imperium,
2911 1082 2979 1135 ab
3026 1082 3198 1136 electo
3237 1082 3588 1140 Fcrrariense
3629 1087 3834 1142 tunc"

2248 1167 2544 1235 apostolico
2565 1171 2711 1225 sedis
2733 1170 2910 1242 legato
2936 1174 3238 1229 cessionem
3268 1177 3456 1245 petivit
3493 1185 3546 1232 et
3573 1178 3833 1247 obtinuit,

2247 1259 2447 1314 cedens
2471 1261 2591 1316 loco
2623 1278 2732 1318 non
2763 1265 3034 1336 dignitati.
3073 1266 3422 1338 Moratusque
3447 1271 3593 1340 apud
3636 1271 3836 1330 fratres

2247 1350 2623 1410 Predicatores
2667 1356 3023 1426 aliquamdiu,
3070 1369 3289 1430 pr0pter
3317 1363 3649 1418 discordiam
3694 1374 3832 1420 temp

2246 1459 2378 1513 pore
2417 1445 2700 1502 electionis
2743 1447 2797 1501 in
2831 1450 3062 1505 ecclesia
3107 1459 3292 1507 nostra
3323 1461 3527 1508 motam
3557 1455 3832 1511 civitatem

2246 1543 2490 1590 nostram
2527 1538 2862 1609 relinquens,
2887 1541 3162 1611 profectus
3191 1554 3274 1599 est
3307 1543 3718 1615 Schonowiam,
3742 1549 3833 1604 ubi

2246 1627 2315 1682 ad
2345 1627 2636 1685 Dominum
2671 1633 2914 1704 migrans
2944 1633 3175 1691 feliciter
3203 1637 3518 1708 requiescit.
3547 1637 3714 1694 Rexit
3737 1655 3832 1695 au-

2246 1727 2354 1774 tem
2381 1719 2667 1777 ecclesiam
2703 1733 2947 1779 nostram
2977 1725 3048 1779 27
3087 1727 3266 1796 annis,
3291 1737 3346 1783 et
3377 1739 3502 1800 post
3524 1731 3834 1786 cessionem

2245 1825 2402 1865 suam
2425 1812 2477 1865 in
2499 1813 2670 1868 tercio
2692 1829 2837 1870 anno
2863 1816 2943 1872 15.
2963 1815 3509 1887 KalendasJanuarii,
3525 1821 3665 1878 obiit
3687 1838 3836 1878 anno

2243 1897 2460 1954 Domini
2489 1902 2628 1960 1249
2650 1904 2716 1958 ⁸⁸.

2245 1984 2250 1988 ’
2728 1996 3100 2056 HEINRICUS
3121 2000 3166 2035 "
3190 2002 3342 2058 29'".

2313 2081 2445 2140 Post
2473 2087 2778 2145 cessionem
2808 2091 3134 2150 venerabilis
3162 2096 3336 2166 patris
3373 2111 3438 2152 ac
3478 2096 3694 2152 domini
3720 2099 3833 2170 epi-

2245 2177 2395 2246 scopi
2424 2177 2683 2243 Conradi,
2709 2182 2944 2240 domnus
2974 2183 3262 2243 Heinricus
3291 2182 3836 2260 Hyllegunstadensis

2243 2269 2469 2324 ecclesie
2506 2274 2816 2343 prepositus
2855 2276 2910 2330 in
2943 2277 3259 2349 episcopum
3299 2291 3549 2337 nostrum
3589 2283 3836 2354 eligitur,

2244 2360 2338 2415 sed
2362 2363 2656 2432 postulatio
2677 2366 2819 2422 facta
2847 2368 2913 2423 de
2942 2369 3145 2425 domno
3173 2368 3486 2428 Hermanno
3514 2377 3698 2430 sancti
3725 2374 3844 2447 Cy»

2243 2452 2379 2508 riaci
2408 2455 2462 2509 in
2486 2454 2810 2514 Brunswihc
2832 2462 3110 2531 preposito
3141 2464 3458 2520 electionem
3483 2465 3660 2536 ipsius
3691 2466 3833 2521 ωυιο

2243 2543 2500 2615 tipliciter
2542 2550 2897 2618 perturbavit,
2933 2552 3070 2608 adeo
3101 2563 3217 2609 uta
3253 2571 3380 2627 rege
3417 2557 3736 2623 investitus,
3765 2558 3835 2611 ab

2245 2634 2657 2709 archiepiscopo
2709 2639 3087 2709 conﬁrmatus,
3133 2645 3540 2714 possessionem
3585 2646 3833 2715 quietam

2245 2736 2447 2783 nostrae
2471 2729 2708 2786 civitatis
2753 2732 2952 2789 habere
2981 2751 3086 2790 non
3119 2745 3323 2806 posset,
3367 2746 3422 2791 et
3452 2738 3718 2795 omnibus
3743 2752 3838 2793 ca-

2246 2821 2376 2877 stris
2413 2823 2641 2878 ‘ecclesie
2670 2832 2724 2879 et
2767 2825 2979 2896 oppidis
3007 2827 3077 2881 ab
3113 2828 3426 2883 adversario
3457 2845 3560 2885 suo
3594 2847 3836 2904 occupa—

2249 2913 2338 2982 tis,
2380 2923 2607 2985 excepto
2656 2913 3020 2988 Vincenburg,
3060 2919 3128 2972 ad
3175 2919 3549 2989 reprimendas
3600 2938 3734 2978 suas
3769 2939 3836 2978 ac

2247 3021 2472 3061 suorum
2514 3007 2744 3078 injurias
2791 3009 2860 3064 ad
2904 3010 3166 3065 domnum
3209 3027 3402 3082 papam
3447 3011 3834 3070 Innocentium

2247 3107 2525 3168 quartum,
2567 3101 2662 3171 qui
2709 3109 2840 3157 tunc
2881 3101 3131 3174 Lugduni
3175 3105 3513 3175 morabatur,
3557 3109 3830 3172 accessit;

2246 3203 2346 3258 pro
2380 3191 2538 3260 cujus
2561 3200 2774 3247 mature
2795 3209 3029 3264 persone
3053 3198 3353 3252 reverentia
3375 3213 3476 3253 nec
3500 3215 3612 3253 non
3643 3197 3832 3255 Sil'ridi

2247 3279 2545 3351 Maguntini
2617 3285 3012 3356 archiepiscopi
3077 3303 3299 3358 precum
3378 3289 3642 3345 instantia
3707 3292 3835 3346 licet

2248 3371 2302 3425 in
2358 3373 2626 3445 principio
2683 3377 2769 3431 sui
2825 3377 3081 3433 introitus
3138 3380 3373 3435 domnus
3418 3397 3556 3452 papa
3618 3392 3674 3438 et
3719 3392 3830 3438 tota

2247 3462 2399 3517 curia
2447 3465 2594 3520 circa
2639 3481 2764 3521 eum
2821 3467 3052 3539 benigne
3093 3479 3461 3538 moverentur,
3525 3480 3712 3527 tamen
3741 3487 3833 3526 va-

2245 3553 2342 3608 riis
2399 3556 2808 3625 sugestionibus
2865 3559 3164 3614 multorum
3219 3560 3482 3616 nobilium
3522 3563 3829 3616 amicorum

2245 3643 2377 3699 dicti
2410 3647 2690 3715 postulati,
2718 3649 2996 3720 negotium
3032 3651 3148 3721 jam
3165 3651 3304 3706 .dicti
3343 3653 3586 3722 episcopi
3630 3653 3833 3709 mansit

2244 3749 2342 3805 per
2376 3750 2583 3791 annum
2609 3745 2664 3792 et
2691 3740 2927 3809 amplius
2959 3741 3014 3794 in
3061 3757 3348 3811 suspenso.
3387 3741 3631 3798 Tandem
3662 3759 3830 3799 vene-

2243 3826 2404 3881 rabili
2442 3837 2596 3898 patre
2641 3844 2706 3885 ac
2732 3831 2957 3888 domino
2995 3833 3418 3904 Argentenensis
3461 3836 3696 3892 ecclesie
3722 3835 3834 3908 epi-

2245 3934 2413 3989 scopo
2443 3930 2764 3978 exsecutore
2785 3925 3031 3994 obtento,
3058 3941 3184 3982 cum
3206 3927 3395 3983 multis
3427 3929 3621 3999 gratiis
3649 3945 3680 3985 a
3704 3930 3832 3987 sede

2244 4012 2542 4079 apostolica
2597 4014 2702 4068 sibi
2739 4016 2973 4085 collatis,
3025 4033 3059 4074 a
3101 4019 3303 4074 domno
3341 4035 3481 4091 papa
3528 4021 3833 4079 honoriﬁco

2241 4111 2327 4158 est
2347 4103 2628 4161 dimissus.
2666 4105 2912 4166 Domnus
2933 4126 3064 4166 vero
3085 4109 3534 4183 Argentenensis,
3562 4115 3829 4184 quemad-

2243 4195 2466 4250 modum
2491 4197 2546 4251 in
2567 4199 2840 4256 mandatis
2862 4210 3159 4272 receperat,
3176 4203 3559 4274 prenominato
3571 4206 3832 4276 episcopo

2243 4302 2370 4342 cum
2391 4287 2536 4358 juris
2574 4289 2798 4359 justieia
2840 4293 3095 4349 universa
3128 4310 3193 4350 ac
3225 4295 3440 4367 singula
3468 4296 3831 4368 redintegrari

555 4393 690 4434 voce
712 4375 928 4447 publica
965 4382 1279 4446 protestans
1313 4390 1499 4430 coram
1543 4375 1820 4441 omnibus,
1852 4373 2144 4430 Hildense-
2173 4372 2219 4428 D
2245 4381 2506 4450 precepit,
2531 4397 2756 4438 suarum
2780 4387 3172 4442 sententiarum
3194 4389 3378 4445 hanno
3391 4389 3832 4448 contradictores

553 4483 800 4528 mensem
865 4467 1245 4538 episcopatum
1309 4467 1515 4523 nullius
1581 4466 1865 4534 dominio,
1936 4467 2140 4523 nullius

553 4562 812 4628 ducatui,
880 4569 1230 4632 preterquam
1298 4561 1472 4616 solius
1532 4559 1774 4629 episcopi
1829 4559 2138 4629 subjacere;

552 4663 610 4710 et
645 4655 756 4710 hoc
797 4652 909 4708 fuit
946 4654 1015 4708 ab
1063 4653 1337 4708 universis
1379 4652 1718 4724 principibus
1760 4650 2138 4721 approbatum.

553 4745 804 4814 Quatuor
829 4746 992 4803 etiam
1015 4745 1226 4801 vicibus
1247 4745 1487 4801 existens
1511 4744 1800 4814 episc0pus
1829 4743 1885 4796 in
1920 4744 2138 4814 negotio

2247 4485 2311 4526 ac
2341 4471 2568 4528 rebelles
2601 4479 3016 4546 compescenda.
3056 4479 3104 4532 A
3132 4481 3291 4550 cujus
3319 4483 3606 4546 sententiis
3640 4483 3833 4539 adver-

2249 4568 2379 4628 sarii
2422 4570 2773 4639 appellantes,
2803 4584 3238 4642 procuraverunt
3277 4585 3462 4646 partes
3491 4577 3560 4632 ad
3601 4593 3830 4649 presen-

2248 4659 2380 4714 tiam
2409 4661 2759 4733 domni'pape
2790 4665 3006 4734 scitari;
3038 4667 3130 4722 ubi
3158 4669 3434 4738 postulato
3473 4670 3834 4738 personaliter

2246 4753 2615 4820 comparente,
2639 4758 3085 4823 procuratoribus
3107 4775 3232 4829 sepe
3253 4760 3382 4815 dicti
3404 4760 3648 4831 episcopi
3671 4762 3829 4816 etia

553 4839 737 4895 crucis
766 4847 820 4894 et
843 4839 1073 4893 ecclesie
1100 4836 1345 4895 Romane
1371 4845 1425 4890 et
1452 4837 1670 4907 pr0prie
1699 4834 1862 4904 Alpes
1895 4837 2148 4891 transivit
2241 4843 2576 4910 astantibus,
2607 4845 2854 4915 prel'atus
2888 4851 3194 4919 postulatus
3227 4851 3295 4906 de
3327 4867 3424 4906 ore
3451 4853 3644 4907 domui
3675 4867 3826 4923 pape,

559 4932 776 5012 magnis
815 4931 1099 4986 laboribus
1117 4939 1171 4985 et
1197 4929 1471 5000 expensis.
1501 4927 1582 4982 Ex
1612 4927 1956 4998 promotione
1978 4928 2144 4982 etiam

2249 4949 2375 4988 cum
2405 4934 2624 4992 silentio
2659 4939 2761 4994 sibi
2794 4941 3052 5012 inposito,
3080 4957 3244 5013 super
3272 4944 3504 4998 ecclesia
3534 4943 3825 5016 Hjldenscé

1866 5037 2100 5091 VARI/[‘3
2157 5038 2559 5094 LECTIONES.
