4056 5360
204 66 341 124 ωσι

1321 13 1728 128 ΕΗΒΟΝῙΞΏΝ
1766 65 2384 128 mossrmnuuvss.

3333 67 3479 125 1262

212 195 401 257 mense
455 178 793 239 sectandam
859 165 1197 237 contrariam
1262 185 1580 255 reportavit.
1639 184 1793 242 Licet
1818 187 1867 245 Α
1890 185 2054 256 poldo
2087 185 2156 242 de
2187 182 2463 241 Escherde
2495 190 2707 254 partem
2722 182 2899 238 castri
2931 182 3235 257 Depenowe
3260 197 3365 254 pro
3408 182 3479 238 70

214 272 388 330 dictus
404 271 698 344 episcopus
719 269 909 327 multis
928 269 1218 328 discordiis
1237 288 1343 329 suo
1364 281 1609 346 tempore
1627 275 1793 332 fuerit

210 372 535 435 occupatus,
571 377 673 435 pro
695 362 896 434 quibus
925 363 1097 418 multa
1121 363 1267 439 bona
1298 365 1371 421 ad
1402 381 1651 423 mensam
1677 368 1792 438 epi-

210 455 480 527 scopalem
515 455 843 526 pertinentia
863 455 1098 529 obligata
1127 456 1457 529 reliquisset,
1480 466 1665 515 tamen
1684 462 1792 517 uti-

212 547 453 604 litatibus
484 548 714 604 ecclesie
732 548 788 603 in
811 548 1013 621 quibus
1039 549 1215 620 potuit
1234 551 1518 621 providere
1532 553 1786 608 curavit:

201 642 551 701 .advocatiam
562 642 712 699 enim
731 644 1084 702 villicationis
1103 646 1162 702 in
1183 644 1601 715 Hardessehem,
1624 666 1790 720 quam

206 735 443 791 domnus
466 734 753 794 Conradus
789 737 1019 815 ecclesie
1044 747 1232 795 nostre
1255 739 1546 811 episcopus
1576 756 1608 795 a
1648 741 1791 797 Con-

211 825 344 882 rado
367 826 434 882 de
453 824 673 900 Piscina
698 827 1049 886 ministeriali
1072 830 1303 889 ecclesie
1321 831 1649 899 absolverat,
1674 832 1791 903 ipse

203 918 557 989 postmodum
586 936 619 976 a
658 921 859 977 comite
894 919 1212 979 Meinhardo
1248 920 1318 979 de
1358 920 1578 991 Sladen,
1616 940 1648 980 a
1678 940 1791 996 quo

200 1007 319 1078 jam
345 1008 524 1066 dictus
543 1010 610 1065 de
622 1008 848 1067 Piscina
873 1027 996 1068 eam
1022 1013 1078 1069 ia
1096 1012 1261 1070 feodo
1282 1014 1477 1081 tenuit,
1505 1014 1599 1070 diu
1637 1014 1790 1086 inpe-

208 1096 376 1153 ditam
414 1101 707 1171 expedivit.
749 1101 1093 1161 Medietatem
1130 1105 1297 1161 etiam
1330 1106 1497 1163 castri
1542 1106 1599 1161 in
1639 1103 1791 1162 Hon-

206 1186 363 1261 burg,
390 1205 558 1261 quam
578 1192 793 1249 nobiles
813 1193 1015 1252 fratres
1036 1195 1305 1252 Ludolfus
1324 1207 1379 1252 et
1402 1196 1632 1253 Adolfus
1653 1197 1720 1254 de
1742 1196 1790 1261 ’_°

210 1278 365 1338 Dasle
398 1282 458 1338 in
485 1282 647 1341 feodo
668 1286 742 1342 ab
770 1288 1003 1344 ecclesia
1037 1298 1352 1358 tenuerunt,
1391 1307 1491 1362 pro
1532 1292 1789 1348 trecentis

206 1367 357 1460 libris
386 1372 459 1460 ab
483 1373 691 1431 eisdem
733 1376 985 1460 absolvit,
1017 1388 1074 1435 et
1103 1380 1333 1436 ecclesie
1370 1389 1557 1437 nostre
1582 1383 1790 1438 condo-

207 1458 371 1515 navit.
397 1457 546 1517 ldem
566 1462 732 1521 etiam
756 1457 1102 1526 medietatem
1126 1471 1475 1542 proprietatis
1495 1472 1551 1526 in
1577 1470 1786 1544 Empna

203 1562 239 1604 a
260 1548 464 1607 domno
488 1551 749 1628 Conrado,
773 1561 1053 1631 quondam
1092 1541 1372 1634 preposito
1404 1563 1625 1631 Montis,
1659 1541 1789 1622 vero
1821 1541 1865 1597 Β

209 1640 418 1711 herede,
465 1644 707 1703 obtinuit
736 1650 1187 1712 ministerialibus
1220 1657 1453 1714 ecclesie
1489 1656 1785 1724 infeodari;

203 1734 298 1803 qui
332 1739 686 1805 postmodum
734 1742 802 1798 de
844 1760 1120 1803 consensu
1162 1749 1297 1805 dicti
1336 1751 1599 1822 prepositi
1644 1751 1788 1807 idem

206 1822 418 1882 feodum
446 1844 551 1905 pro
593 1832 740 1889 mille
771 1835 928 1894 libris
954 1849 1143 1897 nostre
1174 1842 1404 1899 ecclesie
1439 1844 1784 1916 obligarunt;

205 1918 479 1975 residuam
512 1938 642 1979 vero
683 1928 1025 1986 medietatem
1064 1948 1193 2006 sepe
1229 1934 1410 1992 dictus
1435 1936 1725 2008 episcopus
1757 1953 1789 1992 a

205 2009 398 2067 comite
425 2009 745 2073 Hermanno
779 2020 849 2076 de
889 2021 1286 2099 Waldenberge
1316 2026 1468 2100 (169)
1504 2043 1606 2099 pro
1632 2044 1791 2084 sexa-

151 2112 155 2116 ’
206 2103 352 2183 ginta
390 2109 637 2182 quinque
674 2116 877 2173 marcis
916 2125 973 2172 et
1006 2119 1043 2174 5
1070 2120 1262 2190 solidis
1300 2122 1524 2178 nomine
1562 2123 1790 2180 ecclesie

209 2190 607 2266 inpignoratam
652 2204 873 2275 recepit,
917 2215 972 2262 et
1008 2197 1245 2265 ecclesie
1280 2225 1385 2281 pro
1423 2212 1651 2282 pignore
1694 2229 1790 2283 pe-

210 2285 363 2341 cunie
393 2288 651 2361 reliquid.
692 2292 842 2349 idem
863 2300 1038 2352 etiam
1085 2300 1386 2356 comeciam
1434 2300 1595 2356 sitam
1631 2301 1790 2372 juxta

210 2372 419 2457 Lanam
440 2380 599 2454 (170)
623 2384 695 2439 ab
719 2385 828 2442 illis
848 2386 916 2443 de
938 2386 1206 2462 Lutberge
1225 2390 1397 2462 (171),
1433 2407 1531 2461 per
1557 2401 1788 2450 mortem

211 2464 439 2525 Bertoldi
487 2471 740 2529 advocati
780 2475 914 2547 ipsis
945 2486 1252 2546 vacantem,
1299 2480 1532 2536 ecclesie
1564 2496 1792 2552 compa-

208 2559 362 2627 ravit,
386 2569 441 2617 et
468 2577 509 2618 a
537 2564 723 2621 relicta
749 2566 996 2638 ejusdem
1019 2569 1269 2627 advocati
1291 2580 1347 2627 et
1372 2570 1480 2628 filia
1518 2588 1619 2629 sua
1642 2574 1789 2628 obti-

206 2650 323 2704 nuit
358 2653 461 2709 sibi
509 2657 702 2714 etsuis
737 2662 1205 2718 successoribusS
1240 2663 1506 2720 librarum
1545 2665 1827 2723 redditus.

205 2729 260 2825 in
288 2736 592 2801 Dammone
619 2747 694 2802 ab
719 2763 905 2804 annuo
930 2765 1095 2806 censu
1126 2766 1405 2820 arearum,
1428 2768 1528 2825 pro
1546 2768 1616 2810 eo
1640 2755 1792 2810 vide-

205 2823 329 2889 licet
353 2845 413 2891 ut
433 2852 560 2893 eam
585 2853 620 2893 a
644 2839 763 2896 suis
807 2842 1253 2900 molestatoribus
1276 2823 1601 2901 defensaret.
1640 2845 1787 2903 Idem

202 2926 363 2983 etiam
396 2930 469 2984 ad
515 2931 844 3001 prebendam
865 2932 1101 2990 fratrum
1124 2937 1361 2992 contulit
1382 2936 1653 2994 decimam
1685 2953 1787 2993 no-

206 3019 338 3076 valis
368 3021 422 3076 in
459 3019 696 3079 Vorliolt
727 3025 901 3098 (ΗΞ),
934 3027 1281 3083 advocatiam
1326 3029 1492 3083 etiam
1524 3029 1580 3089 in
1620 3028 1788 3085 Dam-

206 3124 361 3168 moue
381 3112 561 3185 (175),
580 3132 754 3187 quam
777 3119 1007 3175 comites
1029 3120 1098 3175 de
1125 3119 1521 3192 Waldenberge
1551 3120 1608 3176 in
1629 3119 1790 3177 feodo

204 3208 518 3272 tenuerunt,
535 3207 607 3261 ab
621 3209 881 3265 omnibus
895 3211 1155 3279 absolvit,
1166 3222 1221 3269 et
1239 3211 1466 3268 ecclesie
1488 3208 1585 3283 per
1605 3213 1790 3270 omnia

200 3296 512 3365 expeditam
548 3299 803 3371 reliquid.
829 3300 977 3358 Obiit
995 3312 1181 3360 autem
1203 3319 1356 3360 anno
1378 3303 1598 3360 Domini
1629 3304 1788 3373 1257,

200 3382 240 3439 8
267 3384 538 3448 Kalendas
562 3389 735 3461 Junii,
768 3394 1136 3454 ordinationis
1156 3412 1255 3454 sue
1272 3413 1424 3455 anno
1455 3398 1514 3453 11
1543 3399 1608 3454 θ’».

554 3499 913 3562 JOIIANNES
947 3506 1076 3563 30"
1121 3509 1429 3581 episcOpus.

271 3584 403 3646 Post
422 3590 714 3650 decessum
737 3598 1068 3657 venerabilis
1090 3601 1264 3672 patris
1288 3603 1464 3659 uestri
1488 3618 1553 3660 ac
1581 3603 1791 3661 domini

205 3675 463 3751 Heinnici,
488 3686 613 3757 pari
644 3697 774 3745 voto
801 3699 859 3747 et
885 3692 1139 3749 unanimi
1173 3708 1447 3752 consensu
1487 3694 1789 3766 Johannes,

204 3778 513 3859 propositus
538 3779 726 3839 Sancti
750 3782 1011 3853 Mauritii,
1039 3785 1096 3842 in
1121 3786 1351 3843 ecclesie
1370 3795 1555 3844 nostre
1574 3788 1789 3860 episco-

203 3877 331 3934 pum
350 3867 603 3941 eiigitur;
628 3874 1027 3945 qui,'quantum
1042 3875 1453 3932 ~adexteriorem
1487 3876 1796 3947 hominem,

202 3958 533 4028 tegerebat,
570 3970 635 4017 ut
665 3972 782 4018 tam
816 3963 1088 4036 iuniorum
1132 3978 1300 4038 quam
1338 3966 1617 4024 minorum
1642 3968 1699 4025 in
1729 3982 1791 4027 se

203 4057 528 4116 provocaret
563 4050 848 4123 aﬂ‘ectum;
877 4058 972 4128 qui
1000 4059 1169 4115 etiam
1200 4060 1319 4130 paci
1355 4068 1415 4117 et
1441 4060 1660 4117 utilitati
1692 4076 1788 4118 ec-

196 4133 366 4197 τιθείς
382 4138 704 4210 intendens,
728 4144 884 4215 lapsa
907 4154 964 4201 et
1005 4146 1245 4204 alienata
1276 4161 1377 4219 pro
1404 4150 1618 4207 viribus
1649 4140 1784 4219 suis,

1891 267 2205 330 Bremensis
2239 272 2475 345 argenti.
2518 270 2650 327 Item
2679 271 2752 327 ab
2789 271 3022 328 Ecberto
3055 280 3299 329 castrum
3343 271 3479 329 Lut-

1892 372 2005 420 tere
2028 363 2180 437 (174)
2214 378 2315 434 pro
2332 361 2652 434 quingentis
2681 361 2884 416 marcis
2913 362 3211 418 examinati
3236 362 3474 433 argenti,

1890 456 1962 511 20
1987 458 2189 513 marcis
2218 457 2423 522 minus,
2445 463 2500 509 et
2524 454 2598 510 25
2617 469 2865 509 mansos.
2895 452 3027 509 Item
3049 453 3105 507 in
3129 454 3322 529 eadem
3346 453 3477 509 villa

1888 563 1922 602 a
1948 548 2196 603 Jobanne
2226 546 2532 603 camerario
2554 545 2590 600 2
2611 559 2837 611 mansos
2858 560 2959 615 pro
2982 545 3050 599 15
3069 545 3312 600 talentis.
3341 543 3477 601 Item

1891 638 1949 694 in
1972 639 2166 694 eadem
2201 638 2330 693 villa
2369 653 2406 694 a
2445 636 2647 693 comite
2689 634 2926 691 Henrico
2963 635 3035 691 de
3080 634 3478 706 Waldenberge

1893 729 1962 783 17
1982 744 2207 785 mansos
2250 729 2531 800 expeditos
2562 736 2619 782 et
2647 727 2678 781 7
2708 742 2932 783 mansos
2974 725 3282 783 infeodatos
3307 738 3419 796 pro
3445 726 3478 779 7

1892 821 2093 878 marcis
2137 821 2434 877 examinati
2477 820 2707 892 argenti.
2751 818 2882 874 Item
2922 835 2954 874 a
2997 818 3199 875 comite
3241 819 3307 851 ¹⁸¹
3338 817 3477 883 Bun-

1889 915 2097 970 cbardo
2117 922 2171 970 et
2197 916 2398 971 comite
2420 912 2678 970 Heinrico
2705 912 2967 967 fratribus
2992 912 3058 966 de
3080 910 3478 989 Waldenberge

1890 1007 2024 1062 emit
2048 1007 2234 1063 villam
2255 1017 2312 1063 et
2334 1006 2718 1062 ministeriales
2747 1013 2801 1060 et
2822 1004 3225 1083 quedambona
3244 1003 3478 1061 attinen-

1890 1099 1964 1154 tia
1987 1114 2085 1169 pro
2108 1098 2520 1169 quadringentis
2540 1098 2743 1153 marcis
2765 1096 3061 1155 examinati
3084 1096 3316 1167 argenti.
3341 1095 3475 1151 Item

1889 1191 2257 1261 acquisitione
2284 1192 2452 1246 castri
2481 1190 2628 1261 quod
2649 1189 2828 1261 Peyna
2852 1196 3097 1254 vocatur,
3123 1196 3178 1242 et
3202 1187 3479 1244 solutione

1889 1280 2200 1337 debitorum
2229 1280 2502 1336 Gunzilini
2532 1280 2627 1334 filii
2659 1278 2958 1335 Burchardi
2980 1279 3047 1334 de
3084 1277 3473 1343 Wulﬂebutbe,

1888 1375 2150 1445 expendit
2174 1375 2322 1429 mille
2348 1383 2404 1429 et
2436 1373 2501 1428 10
2527 1374 2726 1429 talenta
2750 1371 3281 1429 Hildensemensium
3309 1373 3476 1428 dena-

1892 1468 2123 1523 riorum.
2169 1465 2301 1522 Item
2339 1467 2483 1523 bona
2523 1466 2854 1538 episcopalia
2892 1466 2963 1522 ab
2996 1474 3345 1523 antecessore
3372 1482 3476 1521 suo

1888 1560 2147 1630 obligata,
2183 1574 2283 1630 pro
2318 1559 2607 1630 nongentis
2649 1569 2705 1614 et
2736 1557 3096 1629 quadraginta
3126 1558 3345 1613 talentis
3369 1555 3478 1615 Hil—

1888 1652 2332 1709 densemensium
2364 1651 2716 1706 denariorum
2741 1650 3000 1715 redemit;
3049 1665 3147 1719 pro
3188 1649 3309 1704 istis
3349 1649 3477 1703 reli-

1889 1743 2008 1814 quit
2036 1742 2275 1813 quedam
2316 1742 2461 1797 bona
2498 1741 2829 1812 episcopalis
2870 1740 3127 1811 obligata.
3168 1738 3300 1794 Item
3345 1739 3478 1794 emit

1888 1846 2126 1908 quatuor
2151 1852 2377 1894 mansos
2402 1836 2474 1891 ab
2498 1836 2606 1893 illis
2629 1836 2696 1891 de
2728 1835 3032 1907 Ringelem,
3063 1836 3129 1889 de
3165 1835 3366 1905 quibus
3394 1835 3479 1889 in-

1888 1929 2069 1984 stituit
2086 1928 2204 1984 dari
2224 1928 2284 1982 in
2306 1927 2670 1984 anniversarii
2700 1926 2786 1983 sui
2810 1927 2898 1981 die
2928 1925 2996 1980 ad
3028 1924 3326 1996 quamlibet
3355 1939 3479 1994 prc-

1888 2016 2127 2073 bendam
2174 2017 2211 2073 8
2245 2018 2536 2095 denarios;
2573 2016 2893 2074 camerariis
2923 2024 2979 2071 et
3010 2014 3378 2089 campanariis
3410 2014 3477 2046 ¹⁰¹

1890 2126 2063 2164 unum
2096 2110 2356 2178 solidum,
2387 2111 2693 2167 scolaribus
2720 2111 2770 2186 ‘5
2796 2108 3022 2176 solidos,
3059 2108 3127 2163 ad
3165 2107 3336 2162 altare
3374 2107 3476 2162 do-

1890 2202 2040 2259 mino
2067 2211 2254 2258 nostre
2277 2203 2562 2259 candelam
2594 2203 2662 2259 de
2684 2218 2807 2279 una
2836 2202 2974 2256 libra
3005 2214 3148 2255 cere.
3174 2197 3306 2254 Item
3341 2213 3480 2253 con-
3538 2240 3547 2247 .

1891 2294 2015 2349 tulit
2063 2294 2305 2365 capitulo
2355 2303 2548 2353 nostro
2583 2295 2614 2348 7
2651 2309 2876 2350 mansos
2918 2294 2972 2349 in
3017 2289 3481 2365 Ochtersemsjbi

1890 2395 2150 2443 vacantes
2186 2388 2255 2444 de
2283 2397 2462 2444 morte
2507 2387 2746 2444 IIeinrici
2785 2386 2883 2442 filii
2913 2385 3161 2457 Lippoldi
3204 2383 3367 2450 Craz,
3409 2382 3480 2438 ad
3536 2458 3541 2461 _

1891 2480 2163 2551 agendum
2214 2478 2417 2537 festum
2471 2479 2738 2537 Johannis
2785 2487 2912 2535 ante
2954 2486 3170 2548 portam
3224 2475 3479 2531 Latinam

1891 2572 2293 2643 sollempniter;
2323 2582 2380 2628 et
2410 2571 2479 2628 de
2499 2571 2707 2627 eisdem
2726 2570 2889 2626 bonis
2910 2569 3184 2625 ordinavit
3209 2567 3329 2623 dari
3357 2566 3479 2622 cui-

1888 2662 2024 2719 libet
2051 2664 2402 2721 dominorum
2428 2679 2602 2720 unum
2632 2663 2890 2729 solidum,
2915 2662 3183 2740 ministris
3212 2660 3404 2716 altaris
3427 2666 3479 2714 e'

1892 2755 2001 2814 illis
2024 2758 2119 2828 qui
2143 2765 2401 2828 preerunt
2423 2757 2594 2812 choro
2612 2756 2884 2826 duplicem
2908 2756 3237 2826 portionem,
3263 2753 3477 2809 duobus

1892 2850 2077 2920 pueris
2104 2850 2201 2921 qui
2229 2850 2533 2906 cantabunt
2552 2849 2770 2904 alleluia
2792 2865 2964 2905 unum
2990 2848 3248 2912 solidum,
3276 2861 3474 2917 paupe-

1891 2944 2045 2999 ribus
2075 2943 2383 3000 scolaribus
2404 2943 2593 2998 decem
2622 2942 2849 3009 solidos,
2883 2940 3205 2997 camerariis
3234 2947 3289 2994 et
3326 2953 3480 2993 cam-

1889 3032 2133 3104 panariis
2158 3033 2227 3065 ¹⁰²
2250 3048 2420 3089 unum
2450 3030 2709 3098 solidum,
2734 3031 2802 3087 ad
2828 3029 3201 3086 accendendas
3222 3028 3481 3084 candelas

1890 3122 2039 3178 circa
2059 3121 2288 3176 chorum
2315 3120 2454 3176 duas
2479 3120 2650 3176 libras
2676 3134 2820 3187 cere,
2843 3128 2898 3175 et
2928 3119 3121 3176 eodem
3149 3118 3236 3174 die
3260 3117 3479 3174 dabitur

1891 3195 2093 3270 caritas
2132 3212 2200 3269 de
2241 3212 2457 3269 duobus
2504 3210 2730 3268 ferculis
2755 3212 3029 3282 pullorum
3074 3226 3201 3269 cum
3247 3225 3388 3281 pane
3423 3217 3478 3264 et

1889 3304 2039 3359 vino.
2067 3302 2167 3360 Hic
2194 3303 2396 3375 prefuit
2421 3304 2650 3360 ecclesie
2677 3311 2866 3360 nostre
2894 3304 3054 3359 annis
3079 3302 3279 3359 tribuis
3310 3312 3367 3358 et
3392 3301 3468 3356 di-

1890 3394 2091 3461 midio;
2143 3394 2280 3450 obiit
2324 3401 2512 3450 autem
2565 3408 2713 3449 anno
2763 3393 3039 3449 dominico
3086 3390 3481 3448 incarnationis

1893 3482 2026 3537 1261
2080 3483 2170 3550 η’,
2223 3482 2290 3538 18
2341 3482 2613 3541 Kalendas
2653 3482 2927 3546 Octobris.
2963 3482 3330 3539 ordinationis
3378 3495 3479 3539 suo

1891 3587 2040 3629 anno
2068 3574 2119 3628 4.

2485 3641 2676 3724 erro
2723 3669 2871 3723 sim.

1956 3778 2385 3837 Anniversarius
2425 3781 2613 3838 domni
2648 3780 2869 3839 Ottonis
2888 3782 3118 3839 ecclesie
3150 3790 3343 3838 nostre
3363 3781 3481 3852 epi-

1890 3872 2043 3954 scopi
2076 3871 2165 3927 51.
2197 3869 2299 3928 Hic
2332 3872 2426 3930 illo
2466 3873 2746 3945 quondam
2786 3874 2957 3931 nobili
2994 3871 3192 3930 Ottone
3232 3872 3371 3929 duce
3410 3872 3480 3928 de

1888 3960 2213 4020 Brunswich
2253 3972 2411 4036 patre
2444 3965 2808 4039 (I75)Anatus,
2860 3956 3097 4023 Alberto'
3128 3976 3186 4022 et
3229 3965 3480 4023 Iohanne

1889 4051 2153 4112 fratribus
2185 4055 2300 4113 suis
2336 4057 2395 4112 in
2424 4066 2653 4128 paterna
2687 4058 2991 4115 hereditate
3032 4057 3475 4123 succedentibus.

1888 4147 2125 4217 primum
2148 4148 2204 4202 in
2216 4149 2549 4205 canonicum
2559 4151 2791 4207 ecclesie
2802 4158 2994 4208 nostre
3008 4151 3249 4223 eligitur,
3261 4149 3476 4215 deinde,

196 4238 469 4296 quantum
508 4234 708 4304 potuit,
743 4251 1005 4294 revocare
1046 4236 1319 4296 studebat.
1356 4239 1603 4297 Primum
1635 4242 1787 4297 vide-
1817 4253 1863 4308 ι)
1887 4246 2113 4294 vacante
2137 4241 2370 4296 ecclesia
2400 4252 2590 4298 nostra
2632 4257 2731 4313 per
2754 4250 2988 4298 mortem
3014 4241 3345 4297 venerabilis
3379 4254 3480 4313 pa-

201 4315 328 4376 licet
369 4337 403 4378 a
435 4322 705 4396 Lippoldo
741 4337 801 4383 et
839 4326 1044 4386 Basilio
1084 4329 1348 4387 fratribus
1376 4332 1444 4387 de
1490 4331 1785 4398 Escherde,
1889 4330 1990 4384 tris
2017 4330 2260 4401 episcopi
2281 4330 2556 4389 Johannis
2601 4333 2689 4403 pie
2735 4333 3162 4400 recordacionis,
3198 4346 3265 4387 eo
3286 4338 3481 4402 agente

202 4409 544 4472 advocatiam
567 4419 918 4478 viilicationis
938 4421 995 4477 iu
1012 4420 1316 4479 Cherstede
1350 4422 1417 4456 ¹⁰⁶
1440 4438 1541 4494 pro
1565 4431 1785 4480 centum
1887 4428 2148 4491 quartum
2197 4422 2474 4479 decimum
2510 4439 2742 4491 annum,
2777 4426 2833 4479 in
2873 4424 3104 4481 ecclesie
3144 4430 3331 4478 nostre
3368 4422 3484 4492 epi~

197 4497 354 4563 libris
374 4504 918 4572 liiidensemaisium
957 4515 1310 4571 denarion
1345 4514 1576 4572 ecclesie
1598 4523 1789 4572 nostre
1888 4525 2117 4582 scopum
2158 4514 2502 4583 postulatur;
2554 4516 2924 4587 postulatione
2962 4530 3093 4571 vero
3125 4515 3193 4570 de
3235 4529 3295 4570 se
3335 4511 3483 4570 facta

198 4599 559 4667 comparavit.
582 4599 716 4658 Item
737 4619 770 4658 a
797 4603 1061 4677 Lippoldo
1084 4605 1152 4662 de
1175 4605 1416 4677 Antiqua
1450 4604 1595 4661 Foro
1620 4606 1787 4662 advo-
1887 4618 2063 4674 usque
2098 4604 2156 4661 in
2196 4604 2453 4674 quintum
2476 4622 2682 4663 annum
2709 4608 2998 4676 pendente,
3031 4623 3062 4662 a
3082 4621 3225 4679 papa
3261 4603 3487 4664 Urbano

197 4682 405 4740 caciam
447 4686 693 4757 ejusdem
732 4691 838 4749 loci
884 4708 986 4764 pro
1023 4694 1093 4749 54
1122 4693 1362 4750 talentis.
1401 4692 1532 4748 Item
1575 4709 1606 4748 a
1651 4692 1782 4764 Lip-
1885 4703 2086 4768 quarto
2105 4694 2484 4765 continuatur,
2508 4706 2563 4756 et
2587 4697 2775 4768 sicper
2796 4713 2922 4754 eum
2945 4698 2999 4752 in
3023 4698 3217 4754 ordine
3245 4695 3491 4766 subdya~

1481 4806 1714 4864 VARUE
1749 4806 2155 4867 LECTIONES.

221 4974 274 5011 ..
298 4911 748 5011 33.239236“
774 4914 2407 5011 2'29"“satis.-."suasisseresentment???”-
2457 4917 2589 5011 ,⁸⁸⁸
2623 4923 2969 4985 sciamads-

298 4990 669 5054 Campenariis
692 5005 740 5042 ε.
771 4990 868 5046 bis.
950 4990 1022 5022 ¹⁹³
1047 4994 1295 5062 sepultus
1344 4990 1400 5045 in
1442 4990 2026 5063 ascensu'baptisterii
2061 4995 2129 5049 ad
2167 5000 2420 5050 austrum
2457 4995 2520 5060 2.

1699 5122 1920 5183 NOTAE.

1885 5241 2109 5300 montis.

1958 5313 2005 5360 lt
2019 5312 2109 5360 τι)
2150 5306 2332 5360 Lutter
2373 5316 2461 5360 am
2496 5306 2866 5360 Barenberae.

3076 4926 3142 4962 ⁸⁸⁸
3192 4920 3407 4980 ιιειιιὶῑε
3436 4944 3475 4983 c
3488 4975 3509 4992 ,

284 5225 415 5360 :23:

682 5303 857 5360 uvius.

682 5303 857 5360 uvius.
