4056 5360
572 206 731 267 "1263

1662 219 2026 276 -ΑΡΡΕΝΒῙΧ
2062 221 2154 277 AD
2192 221 2252 277 S.
2290 210 2783 278 GODEHARDUM.

3723 196 3856 270 uti

574 322 817 381 ’conatus
839 325 1069 383 ecclesia
1092 336 1277 384 nostra
1303 344 1399 400 per
1419 329 1606 402 plures
1632 348 1807 390 annos
1837 336 1948 389 tam
1979 336 2035 390 in
2064 335 2176 406 spi-
2206 343 2249 397 Α
2282 343 2404 390 tura
2451 343 2505 389 et
2543 333 2579 389 9
2616 333 2825 388 mansis
2856 314 3134 402 predictis,
3178 341 3280 399 pro
3307 330 3455 384 certo
3483 334 3536 383 et
3558 326 3856 383 constituto

590 413 880 470 ritualibus
907 431 1075 487 quam
1098 417 1154 472 in
1172 420 1564 489 temporalibus
1583 422 1938 493 gubernatur.
1965 423 2173 480 indicto

589 519 722 560 vero
751 508 986 563 concilio
1015 510 1156 580 apud
1200 509 1525 583 Lugdunum
1564 527 1597 569 a
1630 529 1768 585 papa
1796 512 2060 585 Gregorio
2102 512 2171 581 Χ,

578 604 721 653 tunc
740 599 979 668 primum
1004 615 1070 656 eo
1093 601 1147 655 in
1169 602 1503 674 dyaconatus
1532 611 1587 660 et
1611 606 2002 676 presbiteratus
2027 606 2174 662 ordi-

577 700 687 745 nes
728 700 983 761 promoto
1006 735 1021 761 ,
1070 709 1195 749 cum
1250 695 1373 750 aliis
1413 696 1753 767 coepiscopis
1783 698 1851 754 ad
1880 699 2173 755 concilium

586 779 955 848 proﬁciscitur
998 784 1109 852 (an.
1165 784 1346 856 1274),
1399 785 1583 857 ibique
1637 798 1857 859 propter
1912 789 2171 845 noticiam

586 872 675 927 sui
715 874 929 944 generis
954 890 985 929 a
1020 890 1156 946 papa
1204 876 1439 949 benigne
1475 880 1794 950 suscipitur,
1827 889 1883 935 et
1923 881 1989 936 de
2016 897 2173 936 man-

585 962 715 1019 dato
753 979 888 1036 pape
909 981 939 1021 a
971 969 1268 1024 reverenda
1288 978 1441 1041 patre
1466 969 1734 1028 Wernero
1762 973 2172 1043 archiepiscopo

576 1053 905 1127 Moguntina
946 1057 1146 1114 ibidem
1190 1059 1245 1114 in
1275 1062 1593 1132 episcopum
1629 1072 2018 1131 consecratur;
2061 1078 2172 1135 quo

588 1160 807 1203 reverso
833 1164 1115 1219 prospere,
1153 1153 1463 1221 pontificale
1487 1153 1725 1210 cilicium
1751 1164 1837 1211 est
1873 1164 2036 1227 prout
2057 1170 2172 1211 me-

584 1238 691 1295 lius
728 1241 905 1310 potuit
958 1258 1055 1311 pre
1103 1243 1334 1301 diversis
1385 1248 1838 1318 occupationibus
1883 1256 2166 1305 executus.

576 1328 685 1386 ‘Hic
710 1332 972 1388 nimirum
996 1335 1065 1389 ab
1090 1349 1156 1390 eo
1192 1343 1437 1407 tempore
1464 1355 1576 1409 quo
1611 1349 1856 1396 nostram
1880 1341 2169 1397 ecclesiam

578 1425 822 1495 suscepit
860 1427 1152 1497 regendam
1192 1443 1367 1499 usque
1411 1430 1465 1483 in
1504 1430 1668 1486 linem
1699 1432 1808 1487 vite
1844 1448 1944 1488 sue
1992 1434 2169 1489 zelum

580 1514 676 1571 Dei
697 1517 765 1572 ad
786 1518 1072 1573 ecclesiam
1099 1520 1373 1589 optinens,
1404 1537 1525 1576 eam
1552 1539 1653 1593 pro
1677 1522 1885 1580 viribus
1908 1524 2169 1581 extollere

575 1609 806 1677 studuit,
852 1610 995 1664 bona
1036 1612 1271 1681 quedam
1306 1613 1636 1684 episcopaiia
1664 1630 1696 1670 a
1732 1616 1847 1671 suis
1874 1617 2166 1687 predeces-

2276 426 2481 494 precio,
2512 423 2763 480 videlicet
2790 437 2888 493 pro
2919 420 3179 477 trecentis
3211 417 3608 490 quinquaginta
3633 418 3856 486 marcis,

2276 516 2519 571 manebit
2561 514 2825 580 ecclesie;
2871 513 2938 569 de
2988 511 3188 583 quibus
3242 509 3640 581 quinquaginta
3676 522 3858 564 marco

2269 608 2387 678 jam
2411 624 2509 679 per
2533 608 2852 678 episcopum
2896 613 3026 661 sunt
3065 603 3260 660 solute.
3305 601 3438 657 Item
3467 600 3735 657 allodium
3755 598 3858 656 Ve-

2275 703 2407 759 teris
2445 702 2571 759 viile
2610 711 2736 757 ante
2765 701 3074 757 Hildensem
3109 699 3403 754 alienatum
3441 712 3541 769 pro
3580 697 3859 768 octoginta

2273 794 2491 851 talentis
2501 796 2859 866 recuperavit.
2874 794 3125 849 Castrum
3139 790 3536 862 Woldenberge
3558 805 3688 845 cum
3707 788 3860 846 inda-

2273 882 2397 954 gine
2423 884 2588 939 castri
2633 892 2845 939 tantum
2874 899 2905 939 a
2929 883 2998 917 “°
3016 882 3310 938 comitibus
3333 881 3401 936 de
3420 878 3860 961 Woldenbergbe

2270 993 2371 1048 pro
2412 977 2558 1032 mille
2586 978 2898 1049 quingentis
2928 978 3148 1043 marcis,
3189 976 3339 1048 quod
3362 977 3417 1031 in
3453 984 3609 1047 parte
3629 973 3858 1029 australi

2271 1070 2484 1141 magnis
2531 1070 2703 1125 eciam
2759 1056 3069 1140 sumptibus
3107 1083 3207 1139 pro
3234 1076 3387 1139 parte
3410 1068 3673 1122 muravi‘t.
3710 1066 3857 1123 Allo-

2269 1160 2421 1217 dium
2453 1162 2520 1216 ad
2550 1160 2666 1217 Rod
2699 1159 2855 1231 juxta
2900 1160 3301 1235 Woldenberge
3328 1168 3382 1215 et
3414 1168 3631 1230 pratum
3678 1167 3860 1215 castra

2269 1252 2526 1323 adjacens
2551 1268 2651 1323 pro
2678 1252 2744 1307 70
2775 1254 3008 1320 marcis;
3048 1252 3435 1309 villicationem
3467 1250 3657 1318 Holle,
3693 1266 3858 1322 quam

2269 1344 2562 1414 obligatam
2602 1344 2828 1410 invenit,
2855 1359 2954 1415 pro
2982 1352 3202 1421 centum
3226 1343 3624 1415 quinquaginta
3656 1343 3860 1398 marci:

2267 1434 2520 1489 absolvit.
2558 1434 2922 1490 Advocaciam
2951 1435 3006 1489 in
3029 1433 3184 1489 Holle
3211 1443 3265 1489 et
3301 1434 3592 1489 comiciam
3634 1432 3858 1502 ibidem,

2266 1541 2369 1580 nec
2396 1540 2506 1581 non
2532 1526 2845 1599 gograviam
2874 1525 2943 1582 de
2976 1526 3042 1581 15
3068 1527 3214 1582 villis
3243 1543 3274 1581 a
3298 1526 3495 1581 comite
3528 1522 3767 1579 Ludolfo
3793 1524 3861 1581 de

2266 1615 2665 1689 Woldenberge
2686 1634 2785 1689 pro
2810 1618 2913 1673 141
2944 1618 3164 1685 marcis.
3194 1627 3249 1673 et
3276 1616 3627 1672 advocaciam
3671 1617 3726 1670 in
3756 1614 3860 1670 Ba—

577 1699 798 1755 soribus
822 1701 1063 1773 obligata
1113 1702 1462 1774 dcobligavit,
1511 1713 1567 1761 et
1608 1708 1843 1777 quedam
1872 1709 2015 1764 bona
2059 1710 2163 1765 sibi
2193 1716 2238 1776 B
2264 1708 2593 1765 dekenstede
2622 1709 2771 1781 (184)
2801 1709 2871 1764 ab
2884 1711 3074 1765 eodem
3098 1725 3198 1780 pro
3216 1709 3287 1763 26
3314 1710 3553 1777 talentis,
3580 1711 3714 1764 item
3740 1724 3859 1777 mag

575 1791 804 1862 suisque
832 1795 1245 1851 successoribus
1288 1799 1654 1868 comparavit;
1705 1800 1809 1855 ista
1861 1802 2159 1859 videlicet:

573 1890 702 1937 ante
729 1892 972 1938 castrum
1016 1883 1411 1955 Peppcnborch
1457 1887 1524 1942 10
1558 1903 1783 1947 mansos
1816 1907 1916 1962 pro
1941 1901 2163 1950 centum

573 1973 970 2047 quinquaginta
995 1977 1234 2045 talentis,
1265 1987 1377 2034 tres
1401 1989 1584 2050 partes
1621 1982 1911 2039 advocacie
1938 1984 1994 2038 in
2016 1985 2163 2058 Chy-

572 2066 788 2123 crstede
812 2067 881 2123 ab
915 2069 1024 2124 illis
1064 2069 1133 2126 de
1175 2069 1471 2138 Escberde,
1508 2073 1645 2129 duas
1672 2083 1857 2144 partes
1878 2092 1977 2148 pro
2006 2085 2161 2133 octo-

574 2158 724 2230 ginta
753 2160 991 2227 talentis,
1040 2162 1319 2232 quandam
1354 2164 1644 2221 comiciam
1680 2166 1839 2237 juxta
1865 2168 2163 2225 Cherstede

573 2251 642 2306 de
671 2251 781 2308 hiis
804 2253 949 2308 villis
981 2272 994 2308 :
1022 2252 1336 2324 Hottenem,
1362 2255 1743 2329 [-uppenstede
1784 2260 1833 2332 (i
1845 2260 1955 2332 76),
1992 2273 2163 2331 parvo

574 2341 792 2400 Lobeke
815 2345 964 2416 (177)
996 2354 1052 2402 et
1090 2346 1157 2403 de
1191 2348 1314 2404 aliis
1335 2349 1665 2420 quibusdam
1693 2352 1837 2408 villis
1865 2353 2161 2425 circumja-

572 2437 847 2505 ctmtibus,
882 2453 915 2494 a
942 2436 1200 2495 Brunone
1236 2440 1304 2497 de
1344 2439 1581 2498 Gustede
1622 2458 1724 2513 pro
1765 2444 2165 2516 quinquaginta

573 2530 829 2597 talentis;
880 2530 1230 2589 advocaciam
1276 2534 1332 2588 in
1383 2533 1604 2590 Clowen
1653 2535 1723 2569 ιοδ
1758 2552 1790 2592 a
1845 2535 2051 2593 Sifrido
2097 2538 2164 2595 de

576 2620 924 2696 Rntenberge
960 2638 1062 2696 pro
1090 2625 1490 2699 quinquaginta
1521 2628 1768 2698 talentis;
1806 2630 2164 2686 advocaciam

575 2712 633 2767 in
669 2712 1020 2787 Borchdorpe
1056 2732 1252 2775 versus
1277 2715 1526 2775 Miricam
1563 2719 1711 2791 (178)
1748 2736 1778 2776 a
1810 2720 2072 2792 Lippoldo
2096 2721 2165 2778 de

572 2802 855 2863 Escberde
903 2823 1004 2878 pro
1049 2807 1121 2863 49
1172 2810 1422 2878 talentis;
1475 2811 1811 2881 piscaturam
1833 2810 1838 2814 ’
1862 2813 1919 2867 in
1975 2813 2164 2887 Layna

568 2897 732 2968 juxta
780 2900 942 2955 ruthe
976 2915 1007 2956 a
1052 2900 1257 2957 domno
1301 2901 1551 2960 Johanne
1579 2905 1646 2961 de
1682 2905 1937 2978 Adenoys
1963 2921 2064 2977 pro
2096 2906 2164 2962 14

571 2988 836 3057 talentis;
892 3000 1135 3049 castrum
1194 2991 1389 3050 Hudbe
1437 3010 1560 3052 cum
1615 2997 1860 3068 quinque
1916 2997 2160 3066 mansis,

573 3088 743 3150 prato,
770 3056 896 3137 cum
918 3083 1233 3140 molendino
1261 3094 1317 3141 et
1359 3086 1573 3143 duabus
1612 3056 1909 3159 piscaturis
1936 3106 1968 3144 a
1998 3056 2165 3146 Hille;
2190 3056 2232 3114 ο

574 3187 732 3229 maro
760 3173 828 3229 de
850 3172 1062 3248 Oberge
1086 3192 1186 3248 pro
1208 3177 1461 3234 ducentis
1486 3179 1711 3247 marcis,
1755 3189 1809 3236 et
1835 3182 1992 3251 quasi
2038 3180 2165 3237 fun-

576 3263 727 3319 ditus
755 3264 824 3320 de
848 3280 991 3321 novo
1022 3267 1237 3339 magnis
1264 3269 1572 3341 sumptibus
1607 3272 1931 3327 construxit.
1960 3271 2165 3340 .Come-

573 3353 717 3425 ciam
759 3353 965 3411 Nowen
989 3358 1056 3391 ¹⁶⁵
1093 3358 1240 3430 (179)
1270 3374 1301 3414 a
1323 3361 1522 3416 comite
1546 3359 1781 3418 Henrico
1813 3364 1880 3418 de
1904 3362 2165 3419 Woiden-

573 3445 740 3519 berge
777 3463 879 3519 pro
908 3448 1014 3503 120
1040 3451 1280 3517 marcis;
1309 3452 1631 3508 advocacias
1678 3454 1734 3508 in
1759 3452 2061 3524 Ringelem,
2106 3454 2162 3509 in

578 3535 811 3609 Uppem,
846 3540 901 3595 in
932 3540 1118 3598 Solide
1146 3543 1295 3615 (180)
1332 3554 1385 3600 et
1410 3545 1682 3601 comecias
1710 3546 1778 3601 ad
1809 3545 1993 3618 Soltga
2016 3554 2072 3601 et
2095 3545 2163 3601 ad

573 3627 676 3686 Bis
711 3631 881 3704 (181),
909 3649 1011 3689 nec
1033 3649 1144 3690 non
1185 3635 1253 3691 ad
1292 3637 1679 3707 proprietatem
1710 3638 1876 3693 castri
1901 3636 2164 3693 Werdere

580 3720 735 3792 (182)
761 3730 815 3777 et
840 3724 1134 3780 molendini
1174 3734 1229 3781 et
1265 3726 1333 3757 ⁸⁸⁸
1362 3726 1657 3796 piscatore,
1684 3735 1739 3782 et
1764 3728 1798 3782 9
1841 3742 2162 3783 mansorum

576 3812 953 3883 adjacencium
996 3831 1028 3871 a
1060 3817 1260 3871 comite
1282 3815 1511 3874 Ludoli‘o
1548 3818 1616 3873 de
1642 3818 2039 3890 Woldenberge
2062 3834 2163 3889 pro

575 3902 987 3974 quadringentis
1015 3905 1413 3977 quinquaginta
1436 3907 1656 3974 marcis,
1672 3916 1728 3963 et
1746 3908 1889 3964 idem
1918 3916 2161 3965 castrum

502 4060 508 4067 ,
574 4008 677 4063 pro
690 3993 865 4050 libero
889 3995 957 4027 ¹⁰⁷
980 4006 1163 4052 castro
1182 3998 1414 4055 ecclesie
1436 3998 1692 4067 obtinuit,
1719 4000 1794 4055 ita
1809 4001 1957 4070 quod
1983 4000 2163 4057 dictus

577 4098 766 4140 comes
798 4093 853 4140 et
882 4086 970 4143 sui
1005 4086 1233 4145 heredes
1276 4089 1455 4159 ipsum
1493 4098 1736 4146 castrum
1764 4107 1832 4145 eo
1855 4090 1980 4161 jure
2014 4090 2161 4146 obti-

580 4175 804 4243 nebunt,
836 4192 948 4248 quo
973 4179 1041 4234 de
1071 4178 1424 4249 Halremunt,
1456 4183 1524 4239 de
1565 4182 1782 4238 Sladem
1824 4182 2073 4249 comites,
2107 4190 2164 4238 et

579 4265 838 4323 dominus
870 4266 938 4323 de
973 4266 1258 4342 Honburg,
1285 4288 1386 4328 sua
1416 4282 1597 4330 castra
1628 4281 1813 4330 tenere
1834 4272 1904 4329 ab
1931 4272 2163 4330 ecclesia

2259 1797 2436 1867 jorem
2472 1798 2782 1864 comiciam,
2819 1813 2928 1868 que
2966 1798 3157 1869 incipit
3190 1814 3219 1853 a
3244 1797 3502 1854 Scirbeke
3522 1798 3684 1869 juxta
3720 1797 3859 1854 Har-

2264 1890 2462 1946 lessem
2512 1897 2567 1945 et
2600 1891 2946 1961 protenditur
2974 1906 3071 1962 per
3111 1890 3287 1947 Hever
3323 1906 3498 1962 usque
3541 1890 3614 1946 ad
3646 1891 3857 1948 fontem

2266 1981 2647 2038 Sebbettessen
2673 1983 2743 2037 ab
2776 1983 2868 2038 illa
2908 1991 3064 2053 parte
3086 1981 3444 2048 Gandersem,
3480 1989 3536 2038 et
3578 1999 3762 2053 usque
3790 1983 3858 2038 ad

2263 2082 2485 2144 pontem
2511 2070 2772 2129 Oikessen
2809 2074 2980 2145 (185),
3024 2082 3079 2129 et
3100 2081 3357 2145 quartam
3385 2080 3597 2143 partem
3622 2074 3858 2130 comicie

2262 2181 2431 2235 super
2466 2164 2739 2236 Amberga
2766 2165 2937 2237 (186),
2961 2181 2993 2220 a
3017 2168 3218 2222 comite
3251 2164 3565 2221 Hermanno
3593 2164 3665 2220 de
3705 2164 3859 2219 Wol-

2263 2256 2537 2327 denberge
2561 2271 2661 2327 pro
2698 2255 3115 2327 quadringentis
3156 2258 3388 2321 marcis;
3416 2257 3778 2312 advocaciam
3802 2257 3856 2313 in

2265 2348 2678 2406 Sibbethtessen
2708 2349 2775 2405 de
2797 2348 2959 2403 bonis
2988 2349 3239 2405 custodie
3272 2364 3305 2405 a
3349 2347 3580 2421 Hugone
3619 2349 3694 2404 de
3729 2347 3858 2404 Hol—

2261 2444 2461 2500 tbusen
2487 2458 2587 2515 pro
2629 2442 2701 2497 20
2725 2442 2956 2510 marcis;
2998 2449 3251 2514 stagnum
3281 2442 3439 2513 juxta
3474 2441 3764 2498 Eddessen
3803 2450 3856 2497 et

2263 2535 2637 2591 molendinum
2660 2532 2830 2606 Berge
2849 2549 2974 2590 eum
3008 2535 3310 2605 piscatura;
3343 2533 3540 2589 silvam
3571 2532 3855 2605 quandam

2263 2626 2321 2682 in
2349 2626 2517 2682 Harto
2547 2626 2695 2697 (187)
2719 2641 2843 2697 quae
2866 2626 3068 2682 dicitur
3088 2626 3565 2694 Wrochterewolt,
3605 2642 3638 2682 a
3665 2627 3857 2681 multis

2264 2718 2597 2774 echtwardis
2631 2733 2734 2789 pro
2754 2733 2952 2789 magna
2979 2734 3194 2774 summa
3222 2719 3450 2789 pecunie
3468 2718 3774 2790 expedivit,
3803 2727 3856 2773 et

2263 2811 2495 2867 ecclesie
2540 2810 2795 2865 obtinuit.
2854 2809 2913 2865 In
2976 2809 3380 2883 Tyderingerod
3446 2811 3854 2882 quinquaginta

2263 2902 2608 2958 ecbtwardos
2649 2917 2679 2956 a
2725 2901 3003 2974 Lyppoldo
3028 2903 3096 2959 de
3125 2899 3338 2958 Vreden
3380 2918 3481 2973 pro
3514 2902 3588 2956 24
3616 2904 3854 2971 mat-cis,

2264 2993 2531 3049 decimam
2578 2993 2635 3050 in
2684 2991 3121 3064 Hemmendorpe
3151 3002 3437 3049 vacantem
3485 2993 3593 3048 sibi
3627 2994 3857 3064 suisque

2264 3082 2678 3138 successoribus
2701 3082 2955 3149 retinuit;
2989 3082 3213 3137 domum
3247 3081 3617 3153 episcopalem
3647 3082 3706 3137 in
3742 3080 3854 3136 Hil-

2263 3172 2512 3238 densem,
2549 3173 2711 3243 quasi
2745 3173 3005 3239 dirutam,
3042 3190 3224 3240 muro,
3252 3173 3520 3238 trabibus,
3549 3182 3697 3228 tecto
3720 3173 3854 3242 lapi-

2262 3264 2366 3319 deo
2385 3262 2596 3330 refecit,
2627 3272 2681 3319 et
2706 3264 2829 3320 aliis
2855 3264 3098 3320 edilliciis
3128 3265 3473 3320 instauravit.
3508 3263 3853 3319 Ccnacnlum

2264 3354 2319 3409 in
2341 3339 2742 3425 Poppenburcb
2769 3364 2825 3409 et
2852 3363 3059 3410 turrem
3085 3370 3309 3425 parvam
3332 3345 3678 3424 adiacentem
3714 3342 3852 3424 lapi4

2262 3445 2424 3502 dibus
2451 3446 2601 3501 texit.
2631 3446 2886 3501 Castrum
2915 3445 3286 3517 Wincenburg
3300 3462 3332 3501 a
3347 3445 3656 3517 Beyerberg
3677 3450 3853 3517 usque"

2262 3536 2331 3591 ad
2360 3536 2570 3591 valvam
2598 3537 2864 3602 muravit;
2904 3537 3117 3591 valvam
3142 3538 3409 3607 lapideam
3444 3546 3574 3592 ante
3600 3546 3851 3593 castrum

2261 3626 2441 3699 Peyne
2481 3628 2791 3693 construxit
2815 3636 2871 3683 et
2901 3628 3173 3699 lapidibus
3204 3629 3364 3696 texit;
3420 3629 3757 3684 testudinem
3794 3629 3852 3683 in

2262 3730 2451 3776 castro
2478 3720 2728 3777 similiter
2772 3722 3047 3791 lapidibus
3094 3722 3249 3788 texit,
3295 3730 3350 3777 et
3398 3722 3509 3777 alia
3542 3718 3851 3777 ediﬁciafin

2266 3811 2454 3867 eodem
2492 3820 2674 3867 castro
2703 3810 2817 3868 fere
2846 3813 3030 3875 omnia
3059 3813 3365 3879 innovavit;
3388 3811 3639 3881 .feodnu'i
3675 3807 3851 3869 etiarn

2263 3904 2431 3961 castri
2474 3903 2713 3960 civitatis
2745 3912 2798 3960 et
2842 3904 3070 3961 comicie
3106 3904 3285 3976 Peyne
3328 3919 3362 3959 a
3405 3905 3612 3961 comite
3660 3904 3851 3960 Wide-

2264 3994 2433 4051 kindo
2456 3994 2524 4050 de
2546 3994 2939 4067 Poppenborcb
2960 3996 3252 4066 expedivit,
3276 3996 3373 4066 qui
3406 3996 3540 4051 illud
3566 3996 3626 4051 in
3654 4009 3850 4055 manna

2263 4102 2395 4143 suas
2435 4087 2606 4143 libere
2635 4088 2962 4160 resignavit;
2993 4087 3343 4145 advocaciam
3390 4087 3446 4142 in
3492 4085 3851 4159 Lapidibnsa

2262 4176 2516 4237 Iohanne
2539 4185 2594 4234 et
2614 4177 2868 4235 Conrado
2894 4178 3080 4237 Acken
3107 4179 3397 4249 expedivit.
3422 4177 3558 4235 Item
3586 4194 3624 4234 a
3647 4180 3852 4242 dom

2264 4268 2522 4326 Heinrico
2563 4270 2631 4326 de
2658 4268 2954 4329 Honborcb
2994 4271 3051 4327 in
3091 4271 3308 4341 placitis
3334 4271 3575 4328 obtinuit
3605 4270 3758 4342 quod
3785 4268 3852 4324 li-

578 4357 963 4427 dinoscuntur,
988 4374 1055 4415 eo
1086 4360 1320 4432 adjecto,
1363 4364 1510 4433 quod
1538 4372 1783 4420 castrum
1810 4362 1925 4433 jam
1954 4363 2159 4419 dictum
2196 4427 2231 4434 _
2265 4361 2458 4419 berum
2479 4361 2585 4417 erit
2611 4362 2841 4421 ecclesie
2863 4362 3132 4420 redimere
3158 4372 3400 4421 (rastrum
3422 4361 3693 4434 Bonburg
3714 4374 3851 4433 quo-‘-

583 4449 691 4506 sub
713 4464 1063 4524 quocumque
1080 4427 1256 4510 eciam
1278 4427 1445 4527 pallio
1471 4455 1618 4528 (185)
1643 4470 1741 4527 per
1766 4427 1974 4514 dictum
1998 4455 2168 4512 comi-
2196 4427 2242 4484 Β
2269 4468 2507 4524 cumque
2538 4468 2683 4510 anno
2710 4468 2929 4525 semper
2958 4454 3108 4513 intra
3132 4455 3333 4512 festum
3368 4457 3575 4530 pascbe
3599 4427 3686 4511 et-
3696 4427 3851 4510 Vial-

579 4550 691 4598 tem
723 4545 837 4601 sive
858 4558 964 4616 per
1006 4561 1139 4603 suos
1184 4548 1412 4605 heredes
1433 4548 1662 4607 alienari
1705 4565 1817 4605 non
1857 4548 2039 4616 debet,
2067 4548 2165 4607 sed

573 4638 822 4706 proloco
846 4647 902 4695 et
926 4646 1172 4711 tempore
1190 4648 1435 4699 castrum
1468 4656 1594 4697 eum
1628 4641 1960 4709 molendino,
1980 4641 2163 4711 pisca-

2266 4544 2455 4616 burgis
2494 4558 2595 4616 pro
2621 4545 2884 4603 trecentis
2924 4546 3083 4604 libris
3107 4546 3643 4605 Hildensemensium
3681 4547 3853 4603 dena-

2264 4638 2497 4699 riorum.
2523 4637 2657 4696 Item
2679 4641 3018 4700 camerarins
3044 4641 3404 4709 maneamus,
3422 4641 3715 4715 pineerna,
3738 4632 3855 4698 (ια-ἰ

1883 4776 2120 4834 VARUE
2159 4774 2554 4833 LECTIONES.

653 4878 720 4910 “‘
754 4878 946 4935 dovven
986 4881 1035 4935 1.
1116 4881 1184 4913 ¹⁰⁹
1226 4878 1431 4935 Rowen
1468 4879 1550 4934 ed.
1632 4879 1699 4911 ⁸⁵⁸
1736 4879 1759 4933 i
1807 4896 1856 4933 ρ.
1932 4880 1998 4911 ’θ’
2036 4878 2176 4932 libro
2218 4894 2266 4931 c.
2344 4878 2413 4912 ¹⁰⁸
2449 4868 2528 4933 tui
2561 4894 2606 4933 c.

2067 5017 2295 5076 ΝΟΤιΕ.

645 5149 795 5218 (176)
832 5149 1013 5207 Locus
1034 5150 1300 5208 desertus.

648 5219 800 5358 ﬁ
839 5219 1064 5341 gleincn
1088 5222 1289 5305 Lopke.
1432 5291 1445 5306 θ
2054 5294 2066 5306 ,

669 5353 718 5358 __
895 5306 1050 5357 mea,
1106 5308 1331 5358 merica,
1367 5306 1535 5355 eruca,
1566 5289 1710 5348 idem
1762 5292 1910 5358 quod
1962 5291 2103 5349 Heid

579 5355 591 5360 _
651 5306 800 5360 (μδ)
840 5306 1050 5357 Mirica,
1106 5308 1331 5358 merica,
1367 5306 1535 5355 eruca,
1567 5306 1710 5348 idem
1762 5306 1910 5360 quoa
1962 5306 2145 5360 uerae.

2235 5178 2253 5191 α
2336 5151 2461 5207 (1ὃὲ

2525 5148 2757 5208 Werder
2786 5164 2854 5206 an
2890 5149 2988 5207 der
3010 5148 3183 5208 Nette.

2335 5204 2484 5318 ζεξὲξ
2526 5204 2578 5276 i.
2596 5204 2647 5277 ἐξ
2666 5204 2991 5291 gratari?

2438 5294 2455 5318 ι
2524 5290 2952 5318 Ὠ...1,1..Ι.Α..ηοη,1ι
2988 5300 2995 5307 '

2339 5290 2484 5357 {184)
2524 5290 2972 5347 Baddekenstedt.
