4038 6434
198 439 339 514 .1335

1322 445 1715 504 CHRONICON
1753 447 2381 508 HILDESHEIMENSE.

3329 446 3478 501 1266-

195 551 325 620 ciati
350 549 614 621 episcopi,
641 551 706 608 de
732 554 1084 622 suppellectili
1115 558 1461 628 quorundam
1489 561 1787 630 predeces-
1817 567 1862 623 Α
1889 564 1976 620 nis
2004 575 2130 634 post
2161 575 2392 620 mortem
2428 578 2582 620 suam
2611 563 2930 619 ordinarent'
2963 569 3124 632 prout
3159 560 3461 616 secundum

197 655 388 698 eorum
430 657 657 697 suorum
695 645 1077 714 episcoporum
1121 647 1188 703 de
1234 647 1379 707 facto
1427 667 1486 706 se
1536 653 1779 723 ingesse-

197 741 342 801 rant,
382 733 529 802 quod
560 733 851 804 episcopus
877 736 1094 804 penitus
1120 737 1374 793 abolevit.
1413 739 1554 807 Quid
1583 742 1781 810 plura?

196 822 441 881 Ecclesia
487 827 754 897 siquidem
804 844 901 898 per
957 829 1137 901 ipsum
1183 832 1580 890 incrementum
1619 836 1780 906 longe

197 916 435 986 amplius
466 919 778 986 recepisset,
821 918 868 973 si
895 927 950 974 et
990 921 1289 976 domestica
1314 932 1367 977 et
1397 923 1626 980 fratrum
1659 942 1782 996 per-

197 1011 418 1067 secucio
447 1027 555 1065 non
585 1011 811 1079 fuisset;
836 1014 979 1067 unde
1003 1013 1192 1084 iniquo
1221 1017 1453 1073 consilio
1485 1028 1666 1074 actum
1697 1027 1782 1075 est

195 1101 345 1172 quod
371 1103 479 1158 dux
503 1102 782 1159 Johanncs
811 1116 1022 1161 armata
1052 1123 1217 1162 manu
1242 1117 1433 1166 contra
1461 1111 1778 1181 episcOpum

195 1201 258 1248 et
302 1195 586 1249 ecclesiam
639 1197 927 1266 processit,
976 1207 1030 1253 et
1075 1214 1185 1254 non
1236 1209 1449 1256 tantum
1499 1203 1778 1274 laycorum

197 1294 462 1354 quantum
491 1287 844 1342 ecclesiarum
867 1291 1308 1359 possessionibus
1329 1293 1563 1363 dampna
1595 1295 1780 1364 gravia

197 1375 479 1448 irrogavit.
524 1377 664 1433 Pace
711 1381 928 1435 tandem
965 1382 1107 1436 inter
1133 1383 1452 1453 episcopum
1501 1392 1556 1439 et
1600 1385 1778 1454 ipsum

196 1468 394 1526 ducem
424 1470 807 1538 intercedente,
839 1473 1027 1542 eisque
1064 1475 1118 1528 in
1160 1476 1412 1530 amicicia
1450 1476 1681 1532 firmatis
1712 1478 1779 1532 ad

199 1559 454 1628 invicem,
491 1579 618 1620 ecce
647 1564 758 1619 dux
796 1566 1048 1621 Albertus
1083 1567 1291 1634 senior,
1335 1577 1417 1624 set
1452 1569 1575 1624 aliis
1599 1571 1780 1623 inma-

201 1651 350 1729 nior,
390 1655 612 1709 stimulo
640 1656 840 1711 invidie
867 1666 1058 1714 contra
1103 1657 1328 1714 fratrem
1369 1677 1530 1715 suum
1568 1661 1782 1731 episco-

195 1759 332 1814 pum
355 1747 611 1818 agitatus,
656 1748 836 1818 ipsum
869 1758 924 1804 et
963 1751 1248 1806 ecclesiam
1275 1751 1565 1808 liumiliare
1594 1753 1781 1822 dispo-

196 1836 342 1903 suit,
388 1838 536 1908 quod
585 1855 752 1909 opere
803 1840 1097 1910 imposuit;
1151 1843 1283 1913 quia
1336 1859 1446 1898 non
1491 1840 1786 1900 contentus

195 1926 348 1996 quod
370 1929 655 1984 ecclesiam
679 1931 1038 1988 circumvenit
1060 1933 1114 1987 in
1137 1935 1347 2002 multis,
1375 1934 1516 1989 sicut
1536 1935 1699 1990 etiam
1723 1935 1780 1989 in
1808 1911 1856 1972 Β

195 2015 309 2082 illis
329 2018 570 2090 quinque
591 2021 734 2077 villis
757 2023 823 2077 ad
846 2023 1144 2078 comcciam
1182 2025 1367 2096 Soltga
1404 2027 1632 2096 antiquo
1656 2027 1782 2097 jure

197 2110 595 2184 spectantibus,
648 2127 788 2182 quas
833 2114 1078 2169 marcbio
1112 2113 1239 2170 Otto
1285 2117 1352 2172 de
1395 2116 1781 2174 Brandeborcli

194 2185 373 2255 eidem
424 2198 552 2256 duci
587 2212 776 2257 contra
813 2204 1084 2274 justitiam
1127 2206 1496 2278 adjudicavit,
1527 2210 1782 2281 episcopo

193 2299 381 2347 tamen
412 2296 814 2352 contradicente
843 2309 898 2353 et
943 2301 1294 2370 reclamante,
1331 2304 1505 2359 eciam
1542 2306 1780 2361 suscita-

192 2381 279 2458 vit
322 2383 550 2440 ecclesie
584 2386 950 2456 adversarios,
982 2391 1184 2460 quibus
1213 2391 1281 2450 ad
1321 2393 1615 2449 ledendum
1659 2411 1782 2450 eam

194 2474 408 2543 rapinis
443 2483 498 2530 et
533 2477 800 2535 incendiis
827 2496 922 2551 per
967 2490 1169 2537 terram
1199 2484 1356 2541 ducis
1398 2485 1536 2540 liber
1566 2487 1785 2556 patebat

193 2565 462 2628 transitus
503 2577 556 2623 et
589 2585 818 2625 securus
861 2571 928 2626 ad
966 2575 1306 2631 municiones
1349 2593 1480 2633 suas
1503 2593 1778 2634 recursus.

199 2651 371 2726 Igitur
403 2658 473 2712 ab
509 2659 767 2730 episcopo
794 2663 974 2734 gracia
1006 2665 1220 2720 consilii
1243 2668 1309 2722 ad
1335 2667 1529 2723 ducem
1572 2666 1780 2725 Johan-

198 2761 327 2801 nem
354 2750 676 2817 recurritur,
712 2752 804 2821 qui
835 2769 960 2807 cum
993 2755 1226 2811 diversis
1257 2758 1474 2827 placitis
1498 2759 1628 2814 hinc
1660 2760 1785 2817 inde

197 2841 460 2906 servatis,
495 2839 663 2897 frater
715 2842 872 2901 fratri
920 2847 1064 2916 apud
1110 2847 1332 2904 faatrem
1378 2852 1624 2920 optinere
1674 2871 1781 2909 non

195 2939 418 3002 posset,
467 2933 723 2990 misertus
758 2935 944 2993 fratris
989 2940 1259 3012 promittit
1294 2943 1581 3014 auxilium,
1612 2956 1665 3002 et
1699 2947 1784 3001 ni-

195 3021 533 3082 cliilominus
571 3041 638 3083 eo
679 3041 1008 3100 procurante
1049 3050 1173 3088 cum
1213 3036 1624 3107 archiepiscopo
1648 3038 1784 3094 Bre-

196 3119 376 3174 mensi
417 3127 472 3174 et
508 3121 744 3178 dominis
775 3122 1124 3183 inferioribus
1169 3144 1270 3182 nec
1303 3145 1413 3184 non
1439 3145 1563 3185 cum
1587 3130 1782 3187 Ottone

196 3218 255 3266 et
303 3211 523 3266 Alberto
558 3215 968 3273 marchionibus
1005 3219 1072 3273 de
1117 3219 1500 3278 Brandeborch
1532 3224 1587 3277 in
1629 3223 1781 3279 favo-
1811 3255 1851 3311 Ο

198 3315 319 3356 rem
354 3303 593 3374 episcopi
623 3315 812 3362 contra
847 3308 1043 3363 ducem
1087 3311 1264 3366 valide
1317 3313 1633 3382 inspiratur.
1676 3313 1781 3369 Sed

199 3406 332 3450 ecce
351 3393 537 3465 iniqua
550 3405 696 3452 sorte
713 3397 822 3452 dux
845 3397 1122 3456 Johannes
1132 3404 1478 3471 praemoritur
1495 3405 1605 3476 (an.
1621 3405 1781 3472 .1277,

201 3485 334 3546 Dec.
369 3488 478 3558 15),
511 3497 566 3543 et
595 3489 704 3544 dux
731 3491 988 3548 Albertus
1023 3503 1170 3549 tutor
1195 3496 1524 3562 admittitur;
1565 3498 1706 3552 unde
1731 3507 1785 3553 et

201 3591 274 3639 ex
301 3586 474 3632 morte
503 3578 670 3648 hujus
693 3588 744 3633 et
768 3590 914 3635 metu
938 3582 1163 3638 alterius
1195 3599 1330 3652 pene
1362 3586 1594 3640 moritur
1628 3587 1784 3641 auxi-

202 3666 340 3746 lium
384 3668 609 3722 ecclesie
651 3671 1063 3739 repromissum.
1099 3671 1525 3744 Verumptamen
1567 3677 1782 3746 episco-

201 3775 310 3833 pus
337 3769 389 3812 et
411 3759 888 3832 Magdeburgensis
915 3764 1146 3820 ecclesie
1177 3774 1231 3820 et
1252 3768 1630 3822 marehionum
1655 3784 1786 3824 oon-

202 3852 342 3910 fisus
363 3853 586 3918 auxilio,
625 3869 684 3909 se
705 3863 892 3908 contra
918 3854 1140 3911 fratrem
1173 3873 1272 3927 pro
1297 3859 1526 3915 ecclesia
1550 3860 1782 3916 invitum

202 3944 479 4017 upposuit,
509 3960 682 4013 eoque
707 3944 761 4000 in
787 3946 1055 4016 principio
1083 3947 1312 4002 viriliter
1339 3959 1528 4004 contra
1557 3951 1782 4008 fratrem

203 4037 692 4106 agente,,predictis
717 4053 846 4092 vero
871 4038 925 4092 in
949 4038 1171 4094 ferendo
1200 4041 1402 4095 auxilio
1421 4043 1781 4112 torpentibus,

201 4125 502 4196 Cherstede
535 4136 589 4183 et
623 4127 829 4200 limpne
855 4130 1200 4186 municiones
1240 4132 1469 4188 ecclesie
1512 4150 1608 4204 per
1643 4136 1783 4206 ignis

195 4215 385 4287 jacula
417 4219 726 4288 capiuntur,
778 4229 832 4275 et
870 4222 1120 4290 pociores
1145 4221 1528 4280 ministeriales
1555 4226 1782 4281 ecclesie

202 4305 342 4362 inibi
385 4308 728 4376 captivantur
757 4310 868 4379 (an.
904 4310 1086 4383 1279).
1137 4311 1216 4367 Ex
1247 4314 1350 4369 liae
1390 4331 1585 4388 magna
1624 4317 1781 4372 ruina

202 4396 432 4450 ecclesie
455 4397 512 4451 fit
537 4398 726 4470 ingens
749 4400 905 4454 dolor
933 4401 1002 4455 ab
1037 4403 1325 4472 omnibus;
1355 4405 1448 4460 sed
1471 4407 1778 4478 episc0pus,

202 4502 366 4562 quem
405 4490 524 4559 plus
547 4491 701 4546 dolor
731 4493 982 4564 angebat,
1013 4496 1135 4564 plus
1167 4497 1359 4564 doluit,
1399 4508 1452 4553 et
1480 4499 1534 4554 in
1569 4510 1780 4556 tantum

1888 655 2058 712 Deum
2089 657 2269 711 anime
2309 672 2406 711 sue
2434 655 2597 710 saluti
2628 653 2884 725 expedire
2915 653 3159 709 viderent
3188 672 3201 708 :
3229 652 3374 707 unde
3394 667 3462 707 ex
3501 653 3506 658 “

1882 746 2224 803 ordinatione
2259 747 2482 817 capituli
2529 747 2596 801 de
2629 747 2820 802 eodem
2852 744 3031 800 novali
3065 744 3120 800 in
3147 744 3464 798 anniversa-

1882 837 1965 891 rio
1991 838 2163 906 ipsius
2193 838 2412 894 dabitur
2434 838 2741 893 communis
2779 835 3006 901 karitas,
3034 835 3101 890 de
3135 835 3298 905 pullis
3326 849 3464 904 pane

1880 937 1935 984 et
1954 931 2102 994 vino,
2129 929 2393 986 fratribus
2423 937 2477 984 et
2498 929 2720 984 vicariis
2746 926 3020 982 universis
3045 945 3059 980 ε
3093 926 3317 982 cuilibet
3348 925 3461 979 fra-

1880 1029 2026 1076 trum
2041 1019 2112 1074 20
2131 1021 2363 1086 denarii,
2393 1019 2616 1076 cuilibet
2639 1017 2968 1073 vicariorum
2999 1016 3085 1082 10,
3105 1017 3281 1072 tribus
3308 1031 3462 1071 cam-

1880 1113 2123 1182 panariis
2167 1111 2396 1177 solidus,
2448 1110 2626 1166 tribus
2657 1109 2957 1165 cameraris
2987 1108 3217 1173 solidus,
3244 1106 3337 1176 qui
3365 1122 3462 1162 co-

1880 1204 2218 1273 adjuvabunt
2248 1203 2628 1272 campanarios
2663 1202 2730 1256 ad
2756 1201 3104 1272 pulsandum,
3132 1198 3463 1269 pauperibus

1880 1295 2187 1351 scolaribus
2223 1295 2290 1348 12
2315 1295 2495 1350 solidi.
2524 1294 2827 1364 Episcopus
2854 1292 3028 1348 eciam
3051 1291 3317 1361 quasdam
3343 1305 3464 1358 pro-

1880 1387 2138 1457 prietates
2178 1386 2449 1441 bonorum
2497 1387 2800 1456 pauperum
2855 1383 3152 1439 seolarium
3208 1381 3458 1447 contulit,

1880 1492 1980 1548 pro
2010 1478 2210 1548 quibus
2233 1477 2286 1531 in
2317 1485 2476 1532 nocte
2499 1475 2857 1542 anniversarii
2878 1475 2998 1544 ejus
3019 1473 3088 1529 de
3111 1474 3218 1528 illis
3244 1472 3310 1526 12
3332 1473 3462 1528 soli-
3485 1548 3498 1554 ‘

1879 1571 1966 1626 dis
2004 1570 2475 1642 procurabuntur;
2509 1568 2618 1623 duo
2645 1567 2788 1622 cerei
2815 1567 2881 1622 de
2920 1567 3098 1622 tribus
3141 1564 3298 1620 libris
3335 1580 3462 1620 cere

1879 1669 2172 1732 ponentur,
2206 1676 2350 1715 unus
2389 1659 2456 1714 ad
2499 1661 2672 1714 altare
2698 1658 2854 1713 beate
2893 1656 3132 1730 Virginis
3169 1657 3227 1712 in
3268 1657 3461 1723 choro,

1880 1750 2017 1806 alter
2044 1749 2113 1803 ad
2153 1749 2504 1820 sepulchrum
2546 1747 2807 1818 episcopi,
2835 1747 2932 1818 qui
2963 1749 3231 1804 ardebunt
3254 1746 3322 1803 de
3352 1761 3462 1802 una

1880 1854 2107 1911 vespera
2153 1841 2219 1896 ad
2256 1842 2436 1896 aliam.
2485 1839 2818 1896 Memoratus
2863 1840 3037 1895 eciam
3087 1839 3377 1909 episcopus
3406 1846 3492 1893 et-

1881 1949 2244 2004 personarum
2285 1941 2338 1988 et
2390 1933 2618 1992 ecclesie
2667 1932 2888 1988 utilitati
2934 1932 3294 2002 prospiciens,
3344 1931 3463 2000 ipsa

1882 2025 2020 2080 hora
2050 2026 2115 2055 ¹¹¹
2146 2040 2253 2094 qua
2294 2032 2682 2080 testamentum
2713 2039 2876 2081 suum
2907 2023 3172 2088 condidit,
3203 2022 3272 2077 ad
3298 2021 3482 2081 devo—.

1882 2126 1994 2171 tam
2029 2115 2470 2186 supplicationer;
2503 2114 2747 2185 capituli,
2774 2129 2978 2169 annum
3005 2114 3186 2184 gracie
3209 2111 3276 2167 de
3298 2111 3466 2167 bene-

1880 2208 2022 2264 ﬁciis
2049 2223 2155 2278 que
2184 2207 2251 2263 de
2283 2223 2450 2264 manu
2493 2207 2735 2277 epis00pi
2777 2214 3050 2272 tenentur,
3096 2203 3336 2274 capitulo
3388 2203 3468 2258 in-

1883 2298 2079 2364 dulsit;
2113 2305 2166 2352 et
2194 2297 2505 2367 prepositus
2533 2295 2812 2350 Johannes
2839 2295 2906 2350 de
2934 2294 3050 2350 suis
3085 2291 3387 2360 beneficiis,
3409 2300 3468 2348 et

1883 2388 2184 2458 capitulum
2214 2387 2280 2442 de
2309 2385 2634 2441 obedientiis
2661 2385 2913 2441 similiter
2943 2383 3318 2451 indulserunt;
3358 2382 3468 2438 hoc

1883 2478 2048 2532 modo
2078 2476 2329 2532 videlicet
2363 2475 2509 2547 quod
2539 2475 2872 2546 quicumque
2911 2472 3142 2530 fratrum
3173 2482 3299 2530 ante
3319 2471 3465 2528 diem

1883 2569 2031 2627 beati
2056 2567 2246 2623 Jacobi
2268 2568 2520 2634 moritur,
2548 2582 2688 2622 nova
2714 2566 2994 2638 sequentis
3023 2566 3151 2621 anni
3183 2565 3463 2636 percipiet,

1883 2668 2048 2730 prout
2073 2659 2127 2716 in
2151 2659 2323 2728 ipsius
2347 2657 2590 2730 episcopi
2627 2669 2679 2714 et
2719 2658 2945 2728 capituli
2989 2657 3186 2712 litteris
3223 2655 3484 2727 plenarie,

1885 2750 2216 2809 conﬁtetur.
2248 2751 2518 2823 Episcopo
2549 2752 2602 2805 in
2647 2751 2734 2806 die
2776 2751 2920 2806 beati
2966 2749 3167 2815 Olrici,
3199 2748 3294 2819 qui
3338 2757 3468 2803 tunc

1885 2841 2020 2899 feria
2051 2843 2217 2899 tercia
2249 2844 2509 2910 occurrit,
2541 2852 2599 2897 ut
2623 2843 2826 2898 dictum
2854 2853 2959 2908 est,
2996 2849 3313 2912 premortuo
3341 2855 3468 2896 ecce

1885 2935 2035 2992 dictu
2085 2935 2335 2990 mirabile
2375 2934 2468 2989 sed
2499 2933 2610 2988 Deo
2651 2949 2761 2988 non
2803 2933 3140 3004 impossibile
3175 2932 3470 3003 subsequi.

1884 3036 2013 3082 tur:
2037 3026 2179 3082 infra
2213 3026 2246 3080 6
2276 3026 2624 3094 ebdomades,
2656 3025 2844 3080 eodem
2892 3026 2980 3080 die
3020 3039 3130 3095 quo
3177 3022 3488 3094 cpiscopus.

1885 3118 1996 3173 dux
2022 3118 2278 3173 Albertus
2299 3128 2422 3188 post
2449 3118 2680 3172 moritur
2703 3116 2813 3186 (an.
2845 3115 3004 3181 1279,
3023 3115 3159 3185 Aug.
3193 3115 3304 3184 15),
3332 3123 3464 3168 tam-

1887 3226 2054 3278 quam
2102 3209 2197 3264 Dei
2233 3210 2441 3278 judicio
2467 3217 2742 3264 evocatus.
2785 3207 2944 3262 Rexit
2975 3216 3157 3261 autem
3180 3207 3471 3276 episcopus

1885 3300 2013 3356 Otto
2037 3311 2280 3356 nostram
2313 3300 2622 3365 ecclesiam,
2661 3308 2904 3370 tempore
2936 3298 3322 3368 postulationis
3371 3313 3471 3353 sue

1885 3401 2298 3460 connumerato,
2347 3393 2412 3448 19
2443 3393 2509 3423 ¹¹²
2554 3392 2714 3447 annis
2744 3401 2796 3447 et
2832 3391 3069 3462 perfecte
3100 3389 3385 3446 mensibus
3413 3389 3463 3444 7.

2372 3482 2689 3540 sunmus
2724 3484 2849 3537 52m
2879 3483 2963 3536 ιω.
3471 3549 3474 3552 ,

1956 3576 2222 3634 Defuncto
2253 3577 2548 3632 venerabili
2601 3584 2754 3646 patre
2789 3576 3014 3632 domino
3036 3583 3225 3629 nostro
3273 3572 3470 3629 Ottone

1885 3671 2163 3741 episcopo,
2181 3669 2234 3724 Si
2243 3669 2432 3724 ffridus
2448 3667 2926 3740 lilagdeburgensis
2947 3666 3176 3721 ecclesie
3205 3667 3466 3730 decanus,

1885 3761 1950 3817 de
1975 3763 2140 3817 domo
2184 3761 2448 3816 nobilium
2490 3761 2556 3814 de
2605 3759 2989 3826 Qucrenvorde
3031 3757 3256 3812 trahens
3305 3757 3444 3827 origi

1885 3870 2030 3920 nem,
2063 3854 2146 3908 vir
2184 3870 2279 3923 per
2309 3853 2494 3907 omnia
2527 3852 2909 3923 magnanimus
2952 3849 3256 3904 litterarum
3293 3849 3469 3904 scien-

1884 3923 1980 4011 tia,
2019 3961 2230 3998 morum
2259 3946 2563 4009 honestate,
2591 3943 2884 4013 multisque
2917 3942 3126 4011 pollens
3155 3939 3470 4006 virtutibus,

1884 4035 1938 4090 in
1982 4045 2232 4090 nostrum
2258 4036 2593 4106 episcopum,
2626 4033 3037 4092 consulentibus
3071 4042 3125 4086 et
3147 4032 3470 4086 amminicu-

1883 4127 1994 4182 lum
2024 4129 2090 4183 ad
2114 4129 2219 4183 hoc
2248 4128 2619 4198 prestantibus
2653 4126 2951 4182 venerabili
2977 4124 3254 4179 Bernardo
3285 4131 3470 4178 sancte

1884 4217 2363 4291 Magdeburgensis
2409 4219 2640 4276 ecclesie
2695 4219 2888 4285 electo,
2917 4228 2972 4274 et
3016 4216 3214 4272 illustri
3247 4214 3470 4270 Alberto

1884 4310 1949 4366 de
1996 4310 2379 4368 Brandeborch
2436 4312 2774 4379 marehione,
2843 4311 2939 4382 qui
2983 4311 3175 4366 eodem
3230 4317 3471 4377 tempore

1883 4403 2166 4459 ecclesiam
2204 4414 2447 4459 nostram
2490 4405 2767 4459 viduatam
2814 4411 3003 4458 contra
3048 4402 3327 4456 Albertum
3366 4399 3470 4455 du-

1883 4510 2002 4554 cem
2026 4494 2092 4549 de
2119 4495 2468 4571 Brunesvvlch
2501 4496 2676 4564 ipsam
2712 4495 3104 4566 inpugnantem
3125 4491 3356 4546 viriliter
3377 4491 3472 4544 de-

203 4577 262 4632 in
287 4594 352 4633 eo
383 4580 537 4634 dolor
561 4581 806 4648 invaluit,
832 4584 979 4654 quod
1015 4586 1140 4652 sibi,
1173 4595 1231 4642 ut
1263 4589 1520 4655 creditur,
1546 4591 1780 4660 prestitit
1811 4591 1855 4646 D
1882 4585 2182 4652 fendentes,
2251 4585 2306 4640 in
2349 4587 2570 4642 civitate
2632 4585 3015 4640 llildeneshcm
3076 4599 3200 4638 cum
3248 4581 3471 4651 copioso

202 4684 430 4726 causam
473 4673 682 4727 mortis.
710 4673 828 4744 Ipse
856 4676 1000 4729 enim
1045 4686 1223 4733 tactus
1247 4680 1552 4735 vehementi
1595 4681 1792 4753 dolore.

203 4760 556 4830 intrinsecus,
599 4773 878 4835 tamquam
903 4784 999 4822 sue
1025 4770 1217 4826 mortis
1241 4772 1487 4840 prescius
1525 4784 1676 4828 sexta
1712 4773 1786 4830 fe-

203 4853 286 4908 ria
337 4863 482 4922 ante,
535 4857 676 4912 sicut
705 4858 771 4889 ¹⁰⁹
799 4874 945 4914 anno
989 4859 1204 4915 Domini
1255 4863 1392 4917 1279
1425 4864 1478 4917 in
1516 4865 1603 4919 die
1638 4865 1783 4922 beati

202 4942 392 5012 Olrici,
420 4949 514 5017 qui
551 4947 686 5002 feria
711 4950 874 5004 tercia
905 4959 1036 5007 tunc
1071 4954 1331 5020 occurrit,
1361 4955 1543 5010 carnis
1568 4959 1781 5027 persol-

202 5037 281 5090 vit
307 5037 546 5092 debitum
575 5039 662 5104 ιη,
701 5039 961 5097 fratribus
999 5041 1055 5096 in
1089 5043 1330 5112 capitulo
1357 5047 1689 5115 convocatis,
1714 5049 1782 5104 de

203 5129 388 5182 novali
432 5130 485 5184 in
530 5130 813 5197 Emberke,
865 5133 1010 5201 quod
1051 5150 1118 5188 ex
1150 5137 1503 5192 concessione
1533 5141 1778 5194 omnium

203 5236 440 5289 quorum
489 5222 747 5278 intererat
793 5225 1084 5294 exstirpari
1134 5225 1358 5292 fecerat,
1406 5245 1565 5282 suum
1595 5247 1778 5285 coram

205 5311 472 5369 fratribus
500 5322 890 5370 testamentum
937 5315 1200 5382 condidit,
1228 5326 1283 5371 et
1320 5319 1451 5374 illud
1494 5336 1619 5375 cum
1654 5337 1780 5390 pro-

205 5391 436 5470 prietate
460 5411 512 5456 et
545 5401 754 5457 decima
795 5419 896 5458 nec
943 5419 1052 5457 non
1103 5422 1224 5458 (tum
1280 5408 1425 5461 omni
1453 5408 1596 5477 jure,
1640 5411 1782 5465 sicut

206 5491 326 5562 ipse
358 5493 549 5559 tenuit,
576 5510 738 5563 super
758 5495 1014 5564 reliquias
1037 5496 1193 5550 beate
1214 5490 1454 5568 Virginis
1484 5500 1698 5565 obtulit.
1716 5503 1782 5556 li-

207 5582 401 5642 berum
439 5585 751 5655 relinquens
785 5587 1022 5657 capitqu
1053 5588 1312 5657 quatinus
1349 5590 1416 5645 de
1454 5591 1658 5645 eisdem
1690 5594 1783 5647 bo-

1883 4678 2122 4733 exereitu
2174 4693 2385 4732 moram
2433 4678 2741 4743 trahebant,
2799 4675 3057 4731 canonice
3107 4683 3188 4728 est
3243 4673 3466 4728 electus.

1883 4771 1988 4839 Qui
2017 4787 2141 4826 cum
2165 4771 2598 4827 conﬁrmationis
2627 4780 2678 4826 et
2703 4768 3136 4826 consecrationis
3163 4781 3365 4822 munus
3402 4764 3471 4818 ab

1885 4865 2297 4935 archiepiscopo
2324 4864 2642 4935 Moguntino
2671 4873 2724 4918 et
2747 4863 3009 4934 regalium
3041 4861 3418 4915 investituram
3439 4873 3470 4912 a

1886 4958 2241 5014 serenissimo
2263 4956 2635 5012 Romanorum
2664 4971 2789 5027 rege
2810 4954 3041 5011 Rodolfo
3061 4961 3206 5009 esset
3221 4952 3468 5020 adeptus,

1887 5049 2176 5104 ecclesiam
2218 5057 2488 5114 nostram,
2519 5063 2682 5118 quam
2729 5063 2796 5101 ex
2853 5061 2920 5101 eo
2949 5045 3096 5116 quod
3139 5043 3472 5098 munitiones

1889 5139 2180 5194 Tzerstede
2215 5147 2271 5193 et
2323 5138 2532 5209 Empna
2568 5155 2664 5208 per
2695 5139 2888 5194 ducem
2925 5139 3226 5208 predictum
3256 5133 3472 5206 penitus

1887 5232 2162 5286 destruete
2182 5241 2236 5285 et
2270 5247 2376 5285 non
2403 5231 2562 5300 pauci
2587 5231 2783 5285 ibidem
2820 5228 3262 5284 ministerialium
3299 5233 3354 5280 et
3378 5239 3472 5279 va-

1888 5324 2151 5378 sallorum
2176 5321 2404 5377 ecclesie
2441 5329 2600 5376 erant
2645 5320 2807 5391 capti,
2841 5319 3077 5391 graviter
3099 5315 3471 5387 perturbatam

1887 5412 2112 5477 invenit,
2157 5426 2255 5480 pro
2311 5411 2518 5466 viribus
2563 5411 2677 5466 suis
2728 5411 2936 5466 studuit
2987 5408 3307 5465 reformare.
3348 5404 3474 5474 ipso

1889 5516 2125 5571 namque
2163 5501 2300 5556 duce
2345 5509 2468 5569 post
2518 5515 2719 5570 paucos
2755 5500 2872 5555 dies
2918 5499 3194 5563 defuncto,
3228 5494 3472 5566 captivos

1889 5594 2014 5649 data
2060 5609 2168 5646 non
2216 5591 2426 5646 modica
2452 5592 2676 5661 pecunia
2737 5591 3005 5658 liberavit,
3054 5598 3106 5645 et
3148 5585 3472 5659 procedente

1474 5701 1706 5760 VARUE
1756 5705 2156 5762 LECTIONES.

288 5785 467 5857 33","!
506 5804 577 5850 (τοέ
611 5787 717 5857 lege
743 5805 926 5854 quam.

208 5856 254 5910 Χ
279 5855 416 5909 ΠΗ
445 5868 645 5911 tantum
663 5855 866 5912 semisse
893 5860 1114 5914 ridetur.
1192 5855 1259 5894 ¹¹³
1286 5863 1559 5933 inscriptio
1597 5864 1758 5918 deest.

1029 5789 1096 5892 1::
1131 5791 1373 5892 scpgltus
1542 5793 1927 5892 uitiare'sancte
1959 5793 2150 5849 Cl‘UClS
2171 5797 2222 5846 ⁸2.
2339 5795 2396 5823 ¹¹¹
2426 5796 2501 5848 ita
2536 5801 2740 5849 correxi
2770 5815 2784 5861 ,‘
2812 5799 2951 5856 bona
2989 5816 3033 5853 Γ.

3143 5798 3206 5826 ¹¹⁹
3235 5797 3309 5868 ita
3340 5809 3386 5846 c.
3414 5800 3468 5844 ut
