4066 5330
560 386 701 444 1267

1660 384 2018 446 Appianum
2039 388 2135 446 AD
2173 392 2231 448 s.
2272 384 2776 463 GODEHARDUM,

3704 385 3843 446 1968

557 508 805 571 tempore
826 499 1160 555 munitiones
1188 499 1497 555 destructas
1521 495 1791 570 Empnam
1815 500 1884 533 ⁸⁸⁸
1908 501 2155 563 videlicet
2181 506 2229 563 Α
2254 504 2420 561 berch
2448 514 2668 575 captum
2695 481 2818 558 fuit.
2844 499 2947 557 Per
2973 501 3133 572 cujus
3146 499 3457 574 captionem
3482 497 3605 573 ipse
3628 497 3845 574 episcan

546 594 615 647 'et
636 590 928 648 Tzerstede
949 591 1297 648 restauravit.
1329 590 1596 663 Empnam
1633 601 1817 647 tamen
1839 593 1897 648 in
1918 592 2041 649 loco
2060 604 2154 649 tu-

558 684 687 739 tiori
726 684 984 755 locatam,
1028 674 1241 742 mutato
1276 685 1502 741 nomine
1536 683 1808 743 Gronowe
1839 687 2155 765 appellavit.

496 786 497 789 ‘
561 775 658 832 Set
698 792 825 834 ecce
869 776 1093 835 Alberto
1118 779 1275 846 duce,
1313 786 1381 834 ut
1422 778 1777 849 promittitur,
1823 774 2036 835 sublato
2086 780 2154 836 de

557 868 761 937 medio,
807 869 905 925 filii
930 870 1051 941 ejus
1102 868 1372 926 Henricus
1414 868 1562 941 (188)
1611 869 1868 926 Albertus
1916 869 2064 942 (189)
2099 880 2156 927 et

504 977 515 988 ’
558 961 892 1019 Wilbelmus
922 962 1070 1035 (190)
1108 962 1295 1031 duces,
1337 962 1581 1034 paternis
1622 962 1868 1034 vestigiis
1894 954 2169 1018 inberenA

560 1062 667 1120 tes,
695 1062 887 1108 contra
916 1052 1237 1123 episcopum
1263 1060 1319 1108 et
1339 1051 1625 1108 ecclesiam
1654 1050 1907 1108 ferociter
1934 1051 2155 1123 erigun-

558 1154 671 1201 tur.
696 1144 906 1212 Quibus
944 1161 1073 1202 cum
1101 1147 1394 1218 episcopus
1426 1145 1644 1203 fortiter
1694 1153 2040 1218 repugnaret,
2066 1145 2153 1201 fa-

560 1244 713 1295 ctum
736 1245 823 1292 est
854 1236 1081 1297 sinistro
1108 1236 1328 1307 eventu,
1353 1247 1418 1295 ut
1432 1239 1500 1295 de
1524 1239 1801 1310 precipuis
1822 1232 2154 1296 ministeria-

558 1322 705 1382 libus
736 1330 792 1379 et
815 1325 1040 1381 vasallis
1066 1326 1298 1383 ecclesie
1330 1327 1386 1382 in
1420 1336 1604 1383 castro
1637 1326 1842 1399 Campe
1877 1327 2048 1400 (191),
2084 1327 2155 1384 ad

559 1415 709 1486 quod
754 1415 930 1487 gratia
970 1418 1203 1488 presidii
1238 1434 1298 1487 se
1334 1428 1670 1490 receperant,
1700 1420 1821 1490 ipso
1842 1428 2024 1476 castro
2057 1435 2155 1490 per

558 1505 727 1562 duces
766 1506 1109 1577 aliquamdiu
1150 1515 1275 1564 arta
1296 1509 1580 1565 obsidione
1602 1510 1804 1565 vallato
1837 1526 1903 1565 ac
1931 1510 2153 1565 demum

558 1607 889 1670 expugnante,
922 1601 1264 1672 septuaginta
1303 1602 1389 1657 vel
1429 1603 1649 1658 circiter
1690 1610 2033 1672 caperentur.
2074 1601 2155 1659 Ex

559 1705 672 1760 quo
702 1698 915 1746 tantum
935 1692 1243 1763 periclitata
1275 1702 1330 1750 et
1359 1694 1569 1765 dejecta
1598 1693 1704 1750 fuit
1729 1695 1982 1763 ecclesia,
2008 1695 2155 1767 quod

556 1782 652 1837 vix
679 1784 1042 1855 recuperandi
1077 1793 1181 1840 aut
1199 1787 1519 1858 resurgendi
1558 1802 1681 1858 spes
1703 1786 1888 1859 aliqua
1914 1787 2154 1843 habeba-

557 1880 670 1929 tur.
690 1873 1015 1946 Episcopus
1038 1883 1243 1947 tamen
1260 1878 1315 1931 in
1354 1855 1604 1935 bomino—
1623 1855 1923 1945 confidens,
1949 1886 2005 1934 et
2028 1894 2155 1934 mu--
2188 1855 2232 1910 Β

559 1981 687 2021 rum
709 1966 1047 2025 defensionis
1080 1984 1182 2040 pro
1218 1969 1448 2026 ecclesia
1492 1984 1552 2025 se
1599 1984 1903 2041 opponens,
1931 1969 2158 2027 minime

561 2058 889 2130 desperavit.
943 2058 1075 2117 Orta
1126 2077 1365 2134 namque
1413 2063 1557 2122 inter
1606 2060 1806 2117 fratres
1848 2078 1945 2118 seu
1990 2063 2158 2119 duces

561 2154 713 2224 ipsos
746 2154 1040 2223 discordia,
1075 2155 1193 2227 ipse
1213 2156 1429 2212 duobus
1449 2171 1642 2213 eorum
1671 2155 1967 2212 Willielmo
2008 2156 2159 2212 vide-

560 2246 688 2301 licet
723 2255 778 2303 et
824 2247 1050 2304 Alberto
1081 2247 1485 2316 confederatur,
1519 2265 1550 2303 a
1593 2249 1794 2319 quibus
1834 2257 1890 2303 et
1915 2256 2158 2304 castrum

565 2338 1043 2410 Stoupliemborch
1069 2341 1219 2412 (192)
1240 2341 1344 2397 sibi
1364 2342 1602 2412 cptinuit
1628 2356 1728 2414 pro
1759 2350 1907 2397 certa
1930 2342 2161 2413 pecunie

562 2429 868 2501 quantitate
920 2431 1317 2502 stipendiorum
1373 2432 1595 2487 nomine
1653 2431 1905 2503 obligari,
1968 2440 2158 2487 contra

556 2522 786 2578 tertium
832 2539 891 2579 se
930 2533 984 2580 et
1024 2525 1313 2582 ecclesiam
1359 2524 1709 2582 defensurus.
1762 2525 1945 2582 Factis
1976 2525 2161 2597 itaque

563 2614 796 2671 diversis
848 2616 1146 2674 insultibus
1188 2626 1243 2673 et
1272 2617 1619 2674 conﬂictibus
1662 2618 1791 2674 hinc
1813 2625 1868 2674 et
1892 2618 2017 2674 inde
2040 2618 2159 2688 epi-

565 2703 768 2778 scopus
798 2710 1093 2765 nonnullos
1126 2711 1194 2766 de
1229 2718 1382 2780 parte
1403 2711 1632 2766 adversa
1656 2710 1859 2766 milites
1890 2726 1954 2767 ac
1983 2709 2163 2766 famu-

565 2797 652 2853 los
673 2800 985 2869 captivavit,
1008 2817 1104 2871 per
1127 2817 1269 2872 quos
1302 2802 1488 2873 plures
1527 2815 1756 2877 suorum
1785 2818 1816 2857 a
1853 2801 2162 2873 captivitate

567 2890 824 2958 absolvit,
848 2903 902 2947 et
928 2907 1123 2948 rursus
1151 2893 1219 2950 ad
1236 2893 1612 2950 defensionem
1636 2894 1864 2950 ecclesie
1897 2908 1956 2950 se
1982 2894 2163 2949 muni—

567 2982 668 3037 vit.
725 2980 843 3038 Hiis
882 2982 957 3038 ita
1005 2985 1174 3056 gestis
1224 2985 1480 3041 Albertus
1524 2993 1582 3040 et
1630 2984 1960 3040 Wilhelmus
1996 2984 2163 3040 duces

569 3072 1008 3143 opidumfratris
1036 3090 1228 3131 eorum
1255 3076 1413 3133 ducis
1448 3075 1678 3153 Henrici'
1700 3075 2039 3133 Helmcnstat
2064 3090 2164 3131 no—

570 3165 738 3232 mine,
766 3176 1092 3237 cooperantc
1114 3169 1219 3224 sibi
1238 3170 1495 3241 episcopo
1518 3170 1884 3237 obsederunt;
1909 3170 2164 3240 civesque

571 3258 858 3341 obsidione
895 3261 1076 3328 artati,
1102 3262 1244 3318 datis
1269 3263 1479 3333 treugis
1522 3262 1649 3318 hinc
1677 3269 1732 3317 et
1756 3262 1901 3326 inde,
1923 3254 2165 3331 potiores

571 3352 775 3408 milites
802 3368 911 3407 non
936 3354 1142 3424 paucos
1170 3362 1280 3408 tam
1311 3354 1378 3409 de
1425 3363 1579 3425 parte
1600 3353 1843 3424 episc0pi
1873 3368 2040 3424 quam
2060 3352 2166 3407 du-

574 3458 702 3498 cum
734 3442 802 3498 ad
830 3458 889 3499 se
918 3444 973 3498 in
1014 3444 1236 3514 Opidum
1263 3444 1405 3498 mitti
1440 3444 1734 3514 petierunt,
1791 3441 2169 3519 tamquamﬁe

572 3555 709 3611 pace
736 3547 790 3594 et
813 3539 1105 3594 concordia
1141 3539 1446 3595 tractaturi.
1482 3539 1692 3606 Quibus
1739 3538 2090 3610 introgressis
2114 3545 2170 3592 et

577 3632 649 3688 ad
673 3631 908 3702 hospitia
954 3630 1069 3701 jam
1105 3631 1339 3702 receptis
1368 3631 1646 3703 nichilque
1675 3631 1805 3686 mali
1837 3629 2171 3701 suspicanti-

576 3724 704 3790 bus,
733 3718 978 3778 inﬁdeles
1004 3723 1151 3779 cives
1173 3724 1339 3780 verba
1370 3725 1521 3794 pacis
1552 3724 1608 3778 in
1634 3739 1730 3779 ore
1757 3720 2009 3795 gerentes
2034 3731 2088 3779 et
2112 3723 2169 3779 in

579 3823 799 3888 pectore
821 3831 942 3889 non
960 3815 1244 3882 habentes,
1279 3823 1467 3886 portas
1494 3815 1641 3885 opidi
1668 3816 2093 3883 concluserunt,’
2116 3822 2181 3895 et.

566 3922 680 3982 eos
711 3907 853 3983 intra
882 3908 1174 3963 crudeliter
1194 3908 1512 3964 occiderunt
1543 3909 1629 3963 ³⁸³.
1669 3907 1827 3975 Quod
1858 3906 2062 3990 factum
2087 3907 2172 3962 lu-

583 4000 757 4073 gubre
776 4000 877 4056 toti
904 4001 1077 4071 patrie
1102 4016 1325 4056 causam
1348 4000 1947 4071 prestititlamentandi.
1972 3997 2173 4054 Deinde

583 4109 655 4148 ex
678 4093 934 4148 mandato
964 4091 1350 4165 Romanorum,
1388 4093 1530 4165 regis
1571 4092 1813 4163 praedicti
1843 4106 1976 4161 pace
1990 4092 2173 4161 jurata

587 4186 733 4239 inter
752 4180 1025 4254 principes
1049 4194 1103 4239 et
1136 4184 1348 4255 nobiles
1390 4182 1649 4250 Saxonie,
1679 4185 1788 4239 dux
1813 4182 2080 4238 Henricus
2107 4182 2175 4238 de

588 4287 774 4337 castro
820 4275 1240 4347 Harlingebcrch
1272 4275 1419 4347 (195)
1471 4276 1725 4332 omnibus
1772 4274 2177 4345 circumvicinis

590 4372 829 4442 dampna
878 4369 1030 4443 varia
1075 4367 1374 4440 irrogavit;
1412 4368 1557 4423 unde
1604 4368 1736 4423 dicti
1785 4367 2080 4438 principes,
2119 4368 2176 4422 in

2253 612 2357 667 pus
2379 596 2646 667 judicium
2674 596 2743 651 ad
2764 594 2925 651 Bocla
2975 593 3146 666 (194),
3188 595 3333 666 quod
3363 595 3474 651 dux
3501 594 3846 659 Albertus.et

2253 686 2399 743 filius
2418 687 2543 758 ejus
2566 685 2835 743 Henricus
2860 685 3068 742 dudum
3095 694 3292 742 contra
3305 686 3581 758 justitiam
3597 688 3847 744 detinue-

2253 789 2398 846 rant,
2436 786 2762 850 occupatum
2806 777 3150 849 recuperavit
3194 779 3307 851 (an.
3354 774 3541 851 1291),
3575 785 3635 835 et
3662 779 3843 850 ipsum

2253 881 2497 928 castrum
2519 885 2707 926 coram
2745 886 2805 926 se
2833 879 3114 942 tamquam
3148 871 3255 927 loci
3295 871 3443 927 illius
3473 870 3663 943 judice
3687 886 3845 927 secu-

2254 962 2354 1018 lari
2384 962 2652 1033 proscribi
2676 970 2732 1018 et
2762 960 2890 1019 data
2920 963 3191 1018 sententia
3231 962 3361 1018 fecit
3387 962 3637 1019 funditus
3657 962 3846 1018 demo-

2253 1054 2361 1111 liri.
2391 1053 2460 1109 Et
2479 1054 2805 1125 procedente
2824 1061 3069 1124 tempore
3095 1055 3152 1109 in
3179 1054 3300 1111 loco
3329 1054 3462 1110 haut
3480 1055 3645 1127 longe
3666 1057 3845 1126 posito

2253 1154 2495 1204 castrum
2532 1145 2883 1202 Leveuborch
2924 1145 3075 1219 (195)
3114 1146 3327 1219 magnis
3365 1145 3687 1203 sumotibus.
3717 1156 3849 1197 θυαε

2253 1237 2473 1305 struxit,
2489 1252 2590 1309 per
2614 1238 2762 1309 quod
2796 1238 2955 1309 plura
2970 1238 3112 1294 bona
3142 1253 3208 1295 ac
3228 1238 3353 1310 jura
3386 1238 3619 1295 ecclesie
3638 1237 3853 1293 abstra:

2254 1336 2337 1387 απ
2372 1338 2435 1386 et.
2470 1327 2734 1386 distracta
2778 1330 2846 1385 ad
2888 1329 3180 1386 ecclesiam
3231 1328 3526 1385 revocavit.
3574 1324 3851 1399 Henricus

2254 1438 2384 1478 vero
2411 1430 2465 1479 et
2488 1422 2744 1479 Albertus
2770 1421 2941 1478 duces
2985 1430 3097 1477 tam
3123 1421 3192 1477 de
3222 1420 3389 1477 castri
3410 1418 3855 1489 constructione,

2255 1530 2421 1585 quam
2449 1515 2614 1570 etiam
2631 1513 2839 1585 jurium
2869 1526 2935 1569 ac
2953 1513 3225 1569 bonorum
3247 1512 3472 1569 ecclesie
3496 1510 3855 1567 revocatione

2255 1607 2521 1672 dolentes,
2563 1607 2744 1677 ipsum
2786 1612 3028 1662 castrum
3074 1602 3448 1675 Levenborch,
3490 1619 3619 1660 cum
3671 1601 3853 1657 adhuc

2255 1708 2403 1757 esset
2436 1698 2649 1754 novella
2668 1698 2955 1769 plantatio,
2985 1695 3177 1770 grandi
3204 1694 3447 1753 exercitu
3476 1694 3855 1758 obsederunt;

2257 1799 2339 1847 set
2372 1805 2499 1847 cum
2540 1790 2833 1861 episcopus
2881 1788 2951 1844 ad
2992 1788 3364 1859 repellendum
3392 1801 3488 1842 eos
3531 1801 3592 1842 se
3634 1783 3856 1840 fortiter

2257 1888 2593 1952 prepararet,
2642 1879 3148 1951 magnanimitatem
3192 1878 3314 1950 ejus
3357 1877 3605 1945 videntes
3635 1884 3694 1931 et
3718 1890 3852 1930 con-

2260 1972 2514 2028 stantiam
2564 1972 2621 2027 in
2649 1979 2840 2028 sancto
2871 1971 2943 2004 “‘
2974 1971 3276 2042 proposito,
3314 1976 3687 2040 recesserunt,
3738 1983 3857 2022 ma-

2258 2064 2437 2120 chinis
2465 2065 2522 2118 in
2544 2078 2740 2135 campo
2775 2072 2830 2119 et
2852 2063 2976 2120 aliis
3016 2062 3399 2119 instrumentis
3445 2060 3682 2126 bellicis,
3733 2073 3859 2129 qua

2259 2156 2327 2211 ad
2351 2156 2775 2227 expugnandum
2807 2162 3055 2211 castrum
3090 2161 3532 2226 apportaverant,
3552 2149 3865 2225 derelictis.

2260 2248 2465 2304 Eodem
2513 2256 2696 2303 tamen
2733 2262 2877 2303 anno
2913 2246 3118 2302 biidem
3158 2245 3327 2301 duces
3370 2258 3570 2315 magno
3620 2256 3856 2314 congre-

2260 2349 2386 2413 gato
2411 2340 2676 2405 exercitu,
2714 2354 2878 2409 super
2907 2337 3221 2394 Fusennam
3247 2335 3476 2392 fluvium
3507 2332 3661 2405 (196)
3685 2347 3861 2405 prope

2259 2431 2557 2488 Olesborch
2613 2439 2857 2486 castrum
2924 2430 3157 2484 multum
3211 2425 3564 2500 prejudiciale
3617 2422 3863 2479 ecclesie

2260 2531 2570 2591 erexerunt,
2597 2530 2653 2577 et
2679 2538 2878 2578 nomen
2921 2522 3244 2591 inponentes
3292 2516 3586 2574 Lowendal
3617 2530 3863 2586 occupa-

2261 2624 2410 2671 runt.
2444 2613 2748 2685 Episcopus
2775 2626 2909 2668 vero
2948 2627 3018 2667 ne
3055 2611 3195 2666 liber
3236 2626 3301 2665 ac
3341 2608 3604 2681 frequens
3626 2606 3766 2678 ipsis
3792 2605 3867 2661 de

2262 2717 2446 2765 castro
2471 2696 2714 2778 predicto
2737 2705 2805 2760 ad
2826 2703 3192 2777 invadendum
3220 2701 3508 2757 ecclesiam
3534 2706 3753 2771 pateret
3776 2697 3863 2751 in-

2262 2800 2483 2865 troitus,
2526 2797 2675 2854 aliud
2719 2804 2984 2866 castrum,
3028 2795 3117 2850 cui
3155 2809 3356 2850 nomen
3402 2790 3729 2862 impositum
3777 2797 3864 2843 est

2264 2891 2641 2962 Papenborcb,
2672 2889 2873 2944 inloco
2892 2903 3001 2943 non
3026 2886 3198 2945 multo
3227 2885 3350 2956 plus
3365 2899 3529 2959 quam
3551 2881 3626 2938 ad
3648 2882 3862 2953 jactum

2265 2983 2459 3054 sagitte
2500 2989 2715 3036 remoto
2757 2979 2949 3045 erexit,
2980 2986 3036 3033 et
3063 2976 3251 3032 multis
3298 2974 3534 3030 munivit
3584 2970 3821 3028 armatis
3844 2989 3863 3024 :

2264 3088 2362 3146 per
2391 3074 2540 3146 quod
2567 3080 2812 3130 castrum
2847 3069 3139 3127 Lowendal
3173 3074 3590 3124 manutenentes
3639 3064 3867 3120 fuerunt

2206 3200 2233 3222 ς
2267 3167 2427 3223 artati
2463 3182 2529 3223 ac
2547 3165 2759 3237 religati
2787 3164 2842 3219 in
2856 3172 3071 3219 tantum
3100 3169 3183 3229 ut,
3207 3160 3303 3232 qui
3324 3168 3483 3214 antea
3508 3156 3873 3237 obsederant,

2266 3257 2670 3324 obsiderentur,
2712 3254 2952 3327 factique
2977 3270 3046 3310 ex
3072 3251 3458 3310 obsessoribus
3485 3249 3600 3305 sint
3626 3246 3860 3304 obsessi.

2265 3349 2496 3405 Domum
2524 3364 2653 3403 vero
2683 3348 2816 3419 ipsis
2844 3348 2899 3401 in
2922 3353 3106 3402 castro
3147 3341 3442 3400 Lowendal
3468 3339 3863 3413 deﬂuentibus,

2265 3449 2323 3497 et
2354 3442 2410 3495 in
2442 3449 2626 3497 castro
2651 3438 3007 3510 Papenborch
3034 3436 3454 3509 proﬁtientibus,
3483 3441 3734 3488 castrum
3769 3428 3868 3484 Lo-

2266 3533 2480 3588 wendal
2507 3530 2753 3602 capitur,
2782 3538 2837 3586 et
2869 3538 2982 3585 tam
3010 3529 3116 3585 hoc
3142 3541 3309 3599 quam
3354 3524 3489 3581 illud
3514 3523 3741 3594 penitus
3763 3521 3863 3576 de-

2267 3624 2510 3681 molitur.
2542 3623 2685 3690 Quid
2714 3623 2913 3694 plura?
2941 3616 3171 3677 illustris
3196 3616 3343 3686 Otto,
3366 3617 3482 3673 dux
3509 3613 3864 3679 Luneborcb,

2269 3725 2513 3775 castrum
2561 3715 2903 3771 Calenborch
2945 3712 3094 3785 (197)
3138 3725 3304 3783 super
3344 3708 3592 3781 Laynam
3637 3704 3869 3760 ﬂuvium

2268 3808 2579 3867 construxit
2604 3826 2619 3876 ;
2646 3794 2794 3878 quod
2824 3805 2954 3882 quia
2976 3802 3233 3875 vergebat
3270 3802 3326 3857 in
3347 3799 3657 3855 maximum
3688 3795 3881 3853 octies

2271 3904 2351 3961 sie
2402 3902 2810 3965 detrimentum,
2857 3897 3149 3969 episcopus
3191 3893 3464 3951 sustinere
3516 3904 3632 3945 non
3676 3887 3869 3942 valens

2272 4010 2373 4050 nec
2397 3994 2609 4060 volens,
2647 3999 2839 4047 contra
2867 3989 3052 4060 ipsum
3085 3987 3280 4041 ducem
3314 3979 3638 4045 insurrexit,
3664 3988 3723 4035 et
3750 3991 3869 4033 mo-

2271 4087 2357 4143 dis
2401 4085 2600 4156 quibus
2631 4082 2808 4154 potuit
2849 4077 3222 4153 impugnavit._
3249 4074 3371 4146 Ipse
3409 4086 3544 4128 vero
3591 4068 3723 4125 Otto
3760 4069 3869 4124 dux

2273 4192 2401 4234 cum
2463 4173 2698 4230 Henrico
2758 4180 2814 4228 et
2860 4171 3085 4226 Alberto
3134 4165 3368 4223 ducibus
3417 4163 3486 4219 de
3542 4158 3871 4216 Brunswicb

2274 4267 2681 4338 conspiratione
2727 4263 2881 4339 facta
2911 4269 3105 4319 contra
3126 4256 3438 4333 ecclesiam,
3482 4251 3873 4309 assistentibus

2275 4360 2357 4416 eis
2378 4358 2576 4415 Ottone
2603 4365 2658 4413 et
2700 4354 3021 4431 Hermaan
3063 4352 3132 4409 de
3180 4346 3569 4406 Brandeborcb
3595 4342 3873 4400 matellio—

591 4434 828 4536 quorurn
862 4438 1028 4518 etiam
1053 4475 1284 4537 numero
1328 4459 1619 4531 episcopus
1661 4459 1944 4527 existebat,
1983 4474 2049 4515 ac
2077 4473 2180 4512 ηοδ
2278 4452 2441 4533 nibus
2470 4458 2526 4507 et
2568 4447 2846 4506 nonnullis
2899 4445 3022 4502 aliis
3070 4441 3410 4541 principibus
3454 4453 3545 4541 ac.
3571 4434 3875 4541 nobilibus,

590 4529 729 4612 biles
758 4536 998 4609 Saxonie
1021 4531 1212 4626 contra
1232 4529 1415 4623 ipsum
1444 4529 1661 4626 ducem,
1700 4558 1982 4620 tamquam
2016 4564 2179 4623 gene-
2211 4572 2255 4627 ι)
2281 4529 2481 4616 magno
2507 4542 2734 4598 collecto
2759 4538 3005 4596 exercitu
3049 4544 3228 4631 terras
3251 4529 3511 4631 ecclesie

590 4650 725 4705 ralis
756 4648 908 4718 pacis
927 4619 1271 4717 violatorem,
1302 4622 1541 4700 dictante
1576 4643 1752 4715 ipsius
1779 4619 1927 4713 regis
1960 4619 2177 4697 senten-
2211 4619 2247 4627 ’⁷
2279 4636 2529 4706 duasque
2584 4642 2763 4689 turres
2829 4630 3073 4702 lapideas
3138 4623 3472 4718 Stederdorp
3519 4619 3781 4718 videlicet
3823 4623 3875 4672 et

591 4719 669 4801 tia
713 4711 1133 4813 insurrexerunt
1170 4743 1229 4792 et
1268 4742 1510 4793 castrum
1543 4711 1933 4805 Harlingeberh
1953 4732 2179 4788 obsede—
2280 4725 2510 4800 Oberge,
2537 4724 2901 4798 quorumdam
2924 4721 3161 4778 militum
3189 4716 3431 4813 fidelium
3722 4724 3874 4765 mna

592 4843 741 4891 runt.
764 4808 1015 4903 Cumque
1051 4831 1194 4886 idem
1222 4830 1333 4886 dux
1381 4829 1450 4884 ad
1492 4803 1866 4883 liberationem
1892 4825 2063 4897 ipsius
2088 4840 2182 4880 ca-
2282 4819 2465 4875 siones
2493 4825 2773 4889 ceperunt,
2825 4829 3030 4885 easque
3059 4803 3734 4903 incastellantesdirmiter
3758 4814 3874 4903 mu:

594 4925 693 4980 stri
730 4897 1043 4989 festinaret,
1097 4921 1235 4976 inito
1261 4938 1266 4944 ’
1290 4918 1531 4975 maximo
1572 4932 1698 4973 cum
1748 4916 2085 4987 principibus
2126 4922 2183 4970 et
2282 4911 2521 4978 nierum,
2544 4910 2612 4965 de
2653 4908 2761 4965 illis
2798 4916 2854 4964 et
2873 4907 2997 4963 aliis
3031 4904 3149 4961 suis
3176 4897 3876 5001 munitio-nibusterramet

3408 4988 3872 5006 ".,,-..._.-—A-A
