4038 6420
202 421 344 483 1209

1305 427 1310 431 ’
1343 417 1736 479 CHRONICON
1775 411 2390 476 HlLDESHEIMENSE.

3326 418 3464 476 1270

200 535 584 610 magnanimus
605 530 661 590 in
699 532 940 592 adversis
981 535 1270 606 desperare
1292 546 1387 592 aut
1420 537 1648 608 deprimi
1671 551 1780 591 non
1811 537 1855 594 A
1882 536 2022 591 hove
2051 535 2199 606 (203)
2235 534 2460 591 ecclesie
2478 543 2660 590 nostre
2681 532 2908 604 perutile
2929 549 3054 590 cum
3084 549 3185 591 suo
3204 534 3465 591 comitatu

199 638 516 696 consuetus,
549 636 632 685 set
656 628 714 682 in
755 627 980 682 domino
1009 625 1120 682 Deo
1143 642 1246 683 suo
1281 628 1542 694 confisus,
1571 629 1780 683 condu-

200 723 309 779 ctis
328 719 610 792 armigeris
640 727 694 775 et
729 718 1099 790 stipendiariis
1121 719 1424 775 innumeris
1455 721 1567 774 vim
1588 721 1642 774 vi
1667 729 1782 773 tum

200 829 327 872 cum
350 813 722 868 moderamine
756 821 874 867 tum
915 812 1034 868 sine
1056 811 1429 867 moderamine
1467 812 1777 882 repellebat.

198 903 339 962 Nam
382 906 569 962 eadem
615 906 847 961 durante
892 921 1108 977 guerra,
1145 906 1411 976 quasdam
1454 907 1784 962 munitiones

196 997 426 1064 ducum,
448 997 699 1052 videlicet
748 995 958 1065 Uslere,
997 996 1332 1064 Everborcb,
1370 995 1781 1052 Geveldebusen

196 1100 257 1149 et
277 1091 445 1149 Echte
469 1092 628 1165 (198)
637 1094 781 1164 cepit
797 1103 853 1149 et
878 1094 1172 1161 destruxit,
1205 1109 1272 1150 ac
1293 1094 1350 1150 in
1371 1089 1632 1165 pluribus
1654 1111 1786 1151 con-

199 1182 461 1253 ﬂictibus,
500 1185 830 1242 concedente
871 1185 1094 1242 domino
1116 1185 1248 1255 Deo,
1279 1201 1310 1241 a
1357 1201 1468 1257 quo
1491 1195 1574 1243 est
1604 1188 1786 1245 omnis

197 1275 451 1344 victoria,
489 1275 866 1348 triumphavit,
899 1277 1112 1348 sibique
1135 1278 1190 1332 in
1235 1278 1339 1333 hac
1367 1278 1556 1334 eadem
1590 1293 1798 1350 guerra-

199 1375 416 1423 tantum
441 1369 988 1440 supercrevit-,'quod
1035 1369 1191 1440 plura
1221 1369 1702 1440 debitavpersolvit,
1729 1370 1790 1426 in

199 1461 404 1533 quibus
429 1468 590 1516 antea
620 1461 923 1516 tenebatur.
966 1461 1195 1517 Demum
1234 1476 1366 1518 vero
1401 1462 1542 1517 inter
1570 1462 1802 1532 episco~

201 1565 334 1623 pum
367 1567 435 1608 ex
456 1567 587 1619 una,
617 1549 871 1608 Ottonem
901 1553 969 1609 de
992 1551 1317 1609 Luneborch
1345 1562 1400 1609 et
1419 1553 1700 1609 Albertum
1719 1553 1787 1609 de

201 1641 524 1699 Brunswich
589 1643 757 1700 duces
817 1652 972 1715 parte
1014 1659 1082 1700 ex
1129 1645 1319 1711 altera,
1367 1643 1602 1700 Henrico
1649 1645 1787 1701 duce

201 1735 448 1803 excluso,
471 1735 668 1792 castris
686 1735 853 1791 etiam
878 1735 1088 1807 Oberge
1113 1744 1170 1792 et
1215 1735 1572 1806 Stedemdorp
1590 1737 1784 1807 primi-

203 1835 294 1882 tus
329 1826 548 1895 dirutis,
595 1827 920 1899 compositio
950 1827 1255 1884 ordinatur.
1283 1827 1350 1882 Et
1377 1843 1502 1883 cum
1529 1828 1639 1884 dux
1661 1826 1786 1884 Otto

199 1928 444 1976 castrum
468 1918 823 1975 Calemberch
854 1936 1001 1976 some
1042 1920 1190 1992 (199)
1215 1920 1534 1988 includeret,
1565 1928 1787 1992 pontem

201 2019 330 2066 ante
350 2019 591 2067 castrum
622 2026 788 2082 super
812 2011 1055 2085 Laynam
1071 2029 1101 2067 a
1127 2028 1263 2069 sona
1287 2013 1477 2068 eadem
1500 2014 1787 2084 episcopus

199 2102 539 2158 excludebat.
589 2103 708 2158 Dux
741 2113 924 2159 autem
963 2103 1230 2160 Henricus
1280 2106 1568 2160 ecclesiam
1610 2106 1789 2164 adhuc

201 2194 549 2266 impugnans,
581 2204 822 2250 castrum
852 2195 1128 2266 quoddam
1170 2196 1460 2253 Mosborch
1509 2214 1790 2270 nuncupa-

201 2295 319 2341 tum
342 2285 396 2340 in
420 2286 668 2342 terminis
688 2289 937 2343 cometiae
964 2288 1125 2344 Bocla
1156 2291 1480 2357 construxit,
1505 2285 1652 2360 (μιδά
1675 2301 1788 2347 sta-

199 2376 301 2433 tim
330 2378 619 2449 episcopus
646 2387 702 2434 et
730 2379 844 2447 alii,
878 2380 1078 2451 quibus
1105 2382 1442 2437 constructio
1473 2383 1808 2452 bujusmodi

200 2467 489 2525 videbatur
517 2470 838 2543 incongrua,
884 2473 1307 2541 circumdantes,
1342 2476 1559 2545 penitus
1583 2486 1792 2532 everte-

200 2570 352 2617 runt.
383 2561 515 2632 Ipso
541 2563 934 2620 nichilominus
956 2566 1094 2621 duce
1125 2566 1178 2620 in
1206 2567 1584 2636 persecutione
1613 2569 1788 2625 eccle-

199 2653 286 2708 sie
314 2653 662 2724 perdurante,
688 2671 753 2712 ac
783 2657 1057 2713 nobilibus
1086 2657 1221 2713 viris
1244 2658 1311 2712 de
1336 2657 1613 2727 Werdere,
1649 2662 1792 2719 etde

204 2741 408 2800 Sladen
449 2745 741 2802 comitibus
770 2747 874 2804 sibi
910 2749 1316 2818 assistentibus,
1342 2765 1438 2821 per
1472 2751 1653 2822 ipsum
1677 2754 1794 2824 epl-

203 2851 434 2907 scopum
459 2847 700 2894 castrum
746 2839 1005 2897 Werdere
1045 2841 1194 2913 (200)
1229 2842 1510 2912 aliquanto
1550 2852 1792 2915 tempore

204 2927 496 2984 obsessum
523 2932 737 3001 capitur
756 2941 816 2987 et
838 2933 1164 2989 destruitur.
1187 2933 1445 2990 Castrum
1469 2935 1791 2994 Walmoden

205 3019 277 3076 ad
310 3021 684 3091 reprimendos
711 3024 869 3080 ducis
898 3023 1116 3081 Henrici
1151 3027 1380 3096 predicti
1410 3028 1668 3097 insultus,
1696 3031 1791 3100 qui

206 3109 277 3166 de
285 3120 472 3169 castro
492 3110 713 3170 Luttere
726 3114 1130 3186 irrogabantur,
1144 3118 1434 3188 nongentis
1447 3127 1501 3172 et
1522 3120 1794 3192 quinqua-

1884 627 2030 681 mille
2049 636 2104 682 et
2123 627 2316 697 viginti
2343 626 2542 682 marcis
2563 627 2685 696 puri
2718 627 2928 697 argenti
2967 626 3072 682 sibi
3105 636 3161 682 et
3195 627 3313 683 suis
3341 643 3467 683 suc-

1884 719 2191 775 cessoribus
2215 719 2567 788 comparavit.
2609 718 2969 774 Advocaciam
3020 719 3075 774 in
3113 718 3246 775 urbe
3287 735 3319 775 a
3352 718 3465 773 Lu-

1884 809 2033 865 doll‘o
2070 811 2374 866 camerario
2409 810 2659 866 absolvit.
2697 811 3050 866 Advocatiam
3103 810 3156 865 in
3195 809 3466 866 llasiken-

1885 903 2060 957 husen
2099 902 2248 974 (204)
2279 919 2309 958 a
2335 902 2596 973 Lippoldo
2622 903 2689 959 de
2715 902 2902 958 Dalem
2942 902 3114 958 milite
3157 902 3464 973 acquisivit.

1885 993 2157 1050 Palatium
2193 985 2503 1066 episcopale
2549 995 2604 1050 in
2646 995 2835 1050 multis
2879 995 3099 1050 ediﬁtiis
3139 994 3468 1061 emendavit,

1885 1086 2292 1156 cappellamque
2340 1086 2542 1142 ibidem
2583 1087 2650 1142 de
2699 1101 2843 1142 novo
2897 1085 3223 1154 construxit,
3274 1085 3368 1140 ubi
3417 1095 3474 1141 et

1886 1185 2124 1248 quatuor
2147 1177 2446 1234 canonicos
2481 1177 2736 1245 instituit,
2787 1177 2986 1249 quibus
3007 1178 3076 1233 ad
3103 1178 3306 1233 victum
3335 1193 3473 1248 qua-

1887 1268 2138 1342 draginta
2189 1269 2358 1327 libras
2416 1268 2947 1326 Hildensemcnsium
2995 1270 3348 1326 denariorum
3405 1268 3473 1324 de

1886 1360 2256 1418 oblationibus
2289 1361 2784 1421 et.obventionibus
2809 1360 3038 1432 ecclesie
3060 1361 3234 1418 sancti
3248 1360 3487 1416 .Andree=

1889 1467 2115 1508 necnon
2138 1454 2418 1524 preposito
2441 1453 2685 1524 ejusdem
2703 1453 2931 1515 ecclesie
2953 1453 3066 1510 sive
3087 1452 3494 1509 archidiacono.

1887 1546 2122 1602 civitatis
2152 1546 2218 1601 l2
2240 1546 2407 1602 libras
2428 1546 2548 1602 dari
2573 1547 2732 1602 annis
2757 1547 2987 1618 singulis
3015 1546 3305 1603 ordinavit.
3341 1543 3476 1599 Tres

1887 1639 2052 1696 etiam
2074 1655 2298 1696 mansos
2325 1641 2381 1694 in
2412 1638 2596 1696 Reden
2623 1639 2726 1695 sibi
2757 1650 3013 1695 vacantes
3035 1639 3232 1711 adjecit
3252 1637 3476 1694 canoni-

1889 1733 1969 1789 cis
2005 1733 2309 1790 antedictis.
2359 1731 2684 1789 Novissimis
2721 1742 2904 1788 autem
2953 1734 3147 1789 diebus
3192 1731 3308 1789 suis
3351 1747 3476 1788 cum

1839 1823 1862 1897 ζ
1891 1826 2117 1897 aliqua‘li
2138 1841 2289 1897 pace,
2313 1836 2375 1883 ut
2403 1827 2608 1883 dictum
2641 1835 2728 1883 est
2753 1827 3027 1896 superius,
3057 1825 3347 1892 frueretur,
3383 1840 3479 1880 ca-

1893 1929 2067 1974 strum
2093 1917 2474 1992 Hundestruge
2494 1930 2548 1976 et
2578 1919 2802 1991 opidum
2829 1919 2988 1976 Dasle
3017 1918 3167 1991 (205)
3217 1933 3343 1975 cum
3384 1918 3481 1972 ad-

1885 2012 2100 2084 jacente
2125 2013 2386 2068 comitatu
2413 2013 2561 2068 mille
2581 2021 2635 2068 et
2658 2013 2946 2085 nongentis
2966 2012 3167 2068 marcis
3192 2009 3482 2082 emptionis

1889 2105 2050 2161 titulo
2087 2106 2436 2176 conparavit,
2483 2107 2794 2177 relinquens
2840 2121 2905 2161 ea
2951 2121 3052 2176 pro
3093 2103 3288 2174 majori
3330 2102 3516 2172 parte

1891 2198 2007 2254 suis
2031 2198 2444 2255 successoribus
2472 2198 2802 2254 exsolvenda
2835 2198 2946 2267 (an.
2981 2194 3160 2267 1510).
3204 2193 3354 2250 Licet
3380 2193 3484 2247 ita-

1892 2307 1997 2361 que
2024 2292 2202 2347 dictus
2230 2293 2520 2362 episc0pus
2555 2291 2768 2346 cunctis
2811 2305 2948 2360 pene
2991 2287 3328 2358 temporibus
3362 2285 3483 2355 qui-

1891 2381 1996 2436 bus
2026 2373 2269 2436 nostram
2292 2381 2433 2436 rexit
2453 2380 2738 2436 ecclesiam
2770 2388 3052 2450 potentum
3075 2377 3384 2450 principum
3431 2382 3486 2430 et

1893 2473 2126 2529 aliorum
2175 2473 2328 2528 duris
2370 2473 2844 2544 persecutionibus
2889 2471 3320 2536 circumclusus,
3362 2485 3486 2541 gra-

1892 2566 2147 2637 viumque
2170 2580 2490 2637 guerrarum
2525 2566 2851 2621 tumultibus
2887 2563 3051 2620 fuerit
3077 2569 3399 2633 occupatus,
3433 2571 3488 2616 et

1892 2673 1925 2714 a
1961 2658 2308 2715 tribulatione
2332 2659 2602 2713 malorum
2647 2667 2700 2713 et
2737 2658 2925 2713 dolore
2966 2664 3195 2711 vex‘atus
3230 2674 3241 2708 :
3279 2654 3485 2708 utilita-

1893 2759 2000 2806 tem
2023 2761 2206 2807 tamen
2222 2752 2450 2808 ecclesie
2472 2760 2657 2806 nostre
2679 2759 2790 2805 tam
2822 2750 2878 2804 in
2907 2748 3283 2819 spiritualibus
3318 2761 3483 2816 quam

1894 2843 1950 2898 in
1978 2845 2372 2914 temporalibus
2395 2844 2709 2915 prospicere
2742 2859 2852 2898 non
2882 2841 3138 2914 neglexit,
3170 2840 3339 2895 immo
3366 2853 3484 2892 eam

1893 2937 2205 3007 utrobique,
2236 2945 2296 2990 ut
2331 2936 2408 2990 ita
2453 2937 2724 3002 dicamus,
2751 2944 2805 2991 et
2839 2935 2981 2990 inter
3015 2947 3305 3004 pressuras
3335 2928 3489 2984 exal-

1897 3029 2028 3084 tavit
2063 3038 2116 3084 et
2154 3029 2295 3083 inter
2323 3028 2604 3098 angustias
2625 3028 2889 3083 dilatavit.
2931 3026 2997 3082 Et
3025 3035 3085 3081 ut
3113 3025 3180 3080 de
3214 3034 3490 3093 tempora-

1893 3124 2038 3179 libus
2064 3121 2316 3192 superius
2338 3121 2482 3176 dicta
2524 3120 2814 3188 sulliciant,
2840 3121 2896 3174 in
2926 3117 3304 3189 spiritualibus
3350 3116 3492 3170 sicut

205 3205 360 3275 ginta
390 3206 510 3276 puri
551 3209 761 3279 argenti
806 3209 1008 3265 marcis
1039 3210 1266 3265 ecclesie
1300 3222 1650 3281 conparatur.
1691 3215 1796 3271 Ca-
1823 3239 1868 3300 ο
1898 3216 2038 3271 intra
2073 3215 2331 3271 scribitur
2365 3229 2422 3270 se
2453 3214 2703 3268 habebat.
2757 3211 3020 3278 Quamvis
3040 3210 3185 3265 enim
3217 3217 3494 3277 tempora-

205 3305 388 3354 strum
423 3301 581 3354 'vero
640 3298 856 3355 Sladem
907 3301 1144 3372 graviter
1199 3301 1500 3358 obsidetur.
1558 3303 1799 3363 Tandem

208 3390 588 3460 conpositione
622 3392 762 3447 inter
825 3392 1020 3448 ducem
1070 3401 1124 3447 et
1161 3393 1478 3465 episcopum
1528 3398 1800 3466 ordinata,

205 3482 500 3553 cpiscopus
537 3499 730 3555 graves
760 3485 1180 3556 inpugnationes
1225 3496 1281 3542 et
1333 3503 1561 3560 guerras
1615 3500 1802 3562 postea

207 3589 323 3630 non
355 3576 645 3644 sustinuit;
678 3586 760 3632 set
789 3593 923 3646 pace
948 3579 1170 3648 aliquali
1203 3589 1329 3636 ante
1355 3581 1520 3636 tinem
1547 3583 1652 3637 vite
1682 3600 1802 3650 sue,

208 3668 428 3724 modico
437 3677 624 3723 tamen
639 3676 899 3738 tempore,
918 3669 1218 3725 fruebatur.
1235 3669 1378 3726 Inter
1395 3673 1495 3728 hec
1505 3683 1685 3729 autem
1700 3692 1805 3746 que

210 3762 466 3832 superius
493 3761 638 3817 dicta
663 3770 812 3829 sunt,
828 3772 1072 3818 castrum
1085 3763 1284 3819 Butam
1301 3763 1454 3837 (201)
1482 3767 1674 3822 inloco
1712 3770 1804 3825 ubi

212 3852 401 3926 Layna
424 3863 480 3911 et
514 3853 768 3911 lndistria
808 3855 1092 3910 conﬂuunt
1119 3865 1441 3927 sumptuose
1475 3862 1801 3930 construxit,

213 3954 436 4018 propter
458 3947 604 4018 quod
627 3947 696 4002 ab
716 3946 914 4002 Ottone
940 3948 1077 4003 duce
1120 3947 1575 4020 Luneuburgensi
1615 3969 1805 4022 graves

215 4035 653 4108 impugnationes
681 4046 735 4092 et
759 4053 982 4108 guerras
1015 4038 1179 4109 longo
1211 4047 1453 4109 tempore
1477 4050 1563 4095 est
1586 4059 1806 4112 perpes-

216 4143 332 4184 sus.
371 4127 512 4184 Pace
541 4137 719 4182 tamen
746 4127 886 4182 inter
911 4143 1005 4184 eos
1036 4127 1179 4183 facta
1207 4129 1318 4199 (an.
1348 4130 1505 4197 1285,
1535 4131 1661 4186 Dec.
1692 4134 1800 4204 16),

215 4221 506 4292 episcopus
536 4220 592 4274 in
619 4219 833 4292 placitis
857 4221 1092 4276 obtinuit
1118 4221 1309 4276 donari
1356 4223 1458 4277 sibi
1492 4232 1545 4278 et
1578 4225 1806 4281 ecclesie

217 4328 252 4368 a
283 4313 420 4368 duce
459 4313 716 4384 praedicto
757 4314 1142 4386 proprietatem
1181 4314 1347 4368 castri
1389 4313 1722 4371 Lowenrode
1753 4325 1808 4372 et

219 4405 364 4474 opidi
400 4403 714 4472 Honovere;
746 4406 894 4476 quod
927 4413 1110 4459 tamen
1144 4405 1284 4458 idem
1319 4405 1427 4460 dux
1454 4406 1524 4460 ab
1551 4406 1805 4476 episcopo

217 4496 425 4566 recepit
461 4496 516 4551 in
557 4495 801 4563 fetidum,
839 4497 980 4551 datis
1009 4495 1388 4550 tantummodo
1409 4504 1627 4550 centum
1660 4512 1799 4551 mar-

1906 3309 2049 3364 libus
2084 3309 2346 3374 intentus,
2378 3304 2814 3362 adversariorum
2843 3319 2906 3358 ac
2932 3301 3236 3374 principum
3271 3313 3381 3353 non
3423 3298 3494 3352 ti-

1905 3401 2104 3454 muerit
2134 3398 2538 3469 principatum;
2569 3397 2699 3452 totis
2727 3404 2910 3450 tamen
2947 3393 3253 3450 visceribus
3299 3390 3493 3463 dilige-

1905 3492 1995 3547 bat
2022 3491 2302 3546 Christum
2333 3506 2532 3561 regem.
2576 3489 2711 3544 Nam
2739 3488 2984 3543 divinum
3017 3486 3242 3543 ollitium
3266 3485 3495 3539 libenter

1905 3583 2177 3649 audiebat,
2208 3581 2405 3637 fatiens
2433 3582 2582 3635 omni
2601 3581 2687 3636 die
2726 3580 2952 3635 missam
2977 3594 3163 3634 coram
3189 3593 3247 3632 se
3276 3592 3372 3646 per
3395 3589 3496 3630 no-

1906 3685 2015 3732 tam
2059 3675 2357 3741 decantari,
2412 3672 2516 3729 nisi
2560 3689 2754 3743 magna
2795 3688 2922 3728 eum
2956 3671 3010 3725 in
3043 3671 3148 3725 hoc
3200 3667 3496 3723 necessitas

1906 3769 2209 3839 impediret.
2253 3766 2319 3822 Et
2353 3766 2811 3837 quandocumque
2845 3780 3058 3828 novem,
3087 3762 3380 3819 lcaionum
3418 3757 3496 3814 fe-

1907 3869 2050 3914 stum
2087 3857 2306 3926 aliquod
2346 3855 2626 3928 agebatur,
2666 3864 2776 3908 non
2827 3854 3027 3921 solum,
3062 3853 3284 3907 missam
3327 3858 3410 3905 sct
3443 3855 3498 3904 ct

1907 3950 2234 4005 matutinum
2281 3963 2346 4004 ac
2387 3948 2756 4018 vespertinum
2803 3945 3038 4002 olIicium
3089 3945 3319 4012 tonatim
3369 3958 3496 3998 cum

1905 4057 2076 4112 pausa
2099 4049 2152 4096 et
2171 4039 2470 4095 intentione
2504 4039 2674 4093 multa
2703 4054 2827 4093 cum
2855 4038 2970 4092 suis
3001 4036 3212 4093 clericis
3235 4035 3498 4089 decanta-

1906 4134 2000 4190 vit.
2039 4132 2097 4187 In
2128 4132 2429 4202 majoribus
2450 4133 2612 4186 etiam
2636 4129 3023 4186 festivitatibus
3053 4137 3107 4183 et
3136 4126 3497 4182 ordinationi-

1906 4225 2009 4280 bus
2069 4224 2392 4280 clericorum
2445 4240 2510 4278 ac
2558 4222 2829 4278 velatione
2894 4238 3175 4290 sacrarum
3221 4221 3493 4291 virginum

1907 4317 2136 4386 aliisque
2160 4316 2562 4386 pontiﬁcalibus
2583 4316 2779 4382 ofﬁciis.
2802 4331 2928 4371 eum
2951 4313 3137 4385 perise
3169 4329 3324 4369 sacra
3363 4313 3495 4366 mis-

1907 4423 2092 4465 sarum
2124 4409 2423 4478 solempnia
2451 4408 2954 4477 eelebrarethtanta
2984 4407 3088 4462 sibi
3117 4407 3291 4460 virtus
3318 4415 3372 4459 et
3397 4405 3494 4459 de-

1906 4499 2055 4554 votio
2083 4514 2113 4553 a
2136 4499 2366 4553 Domino
2388 4507 2471 4553 est
2497 4514 2777 4565 concessa,
2801 4507 2860 4553 ut
2885 4499 2938 4552 in
2965 4499 3219 4553 lacrimas
3241 4511 3495 4566 prorum-

218 4588 320 4643 cis.
358 4585 472 4643 Hoc
502 4596 680 4643 autem
712 4587 915 4643 factum
960 4596 1044 4642 est
1078 4586 1334 4656 episcopo
1379 4594 1433 4641 et
1477 4587 1702 4642 ecclesie
1751 4589 1804 4643 in
1839 4587 1883 4642 D
1907 4599 2077 4659 peret,
2107 4599 2161 4645 et
2188 4591 2360 4644 imbre
2385 4591 2737 4645 lacrimarum
2765 4606 2936 4645 .suam
2988 4589 3171 4643 fatiem
3223 4587 3496 4658 irrigaret,

219 4693 631 4748 recompensam
663 4679 831 4734 castri
871 4677 1083 4746 Huden,
1127 4678 1273 4748 quod
1318 4678 1430 4733 dux
1470 4678 1810 4736 destruxerat

221 4769 546 4826 antedictus.
599 4769 884 4838 Quandam
927 4770 1092 4825 etiam
1141 4778 1352 4841 partem
1392 4771 1555 4825 castri
1599 4770 1810 4841 Popcn-

220 4861 393 4918 borch
434 4863 504 4917 ab
543 4864 879 4934 impetitione
908 4863 1174 4918 Gherardi
1203 4862 1418 4918 comitis
1452 4863 1518 4917 de
1549 4861 1806 4919 Scowcn-

221 4953 391 5010 borch
429 4954 553 5010 data
575 4956 804 5026 pecunia
834 4955 1119 5025 expedivit.
1163 4953 1417 5010 Castrum
1446 4952 1636 5010 Herste
1659 4954 1808 5025 (202)

220 5059 391 5116 prope
416 5045 644 5120 Gotinge
665 5047 1022 5118 comparavit,
1048 5047 1192 5117 quod
1216 5056 1403 5117 postea
1438 5062 1532 5117 per
1562 5047 1808 5118 traditio-

223 5151 349 5192 nem
380 5147 597 5209 captum
646 5139 962 5195 destruitur.
1001 5138 1253 5195 Castrum
1306 5154 1526 5210 quoque
1569 5138 1808 5194 Wester-

1909 4681 2294 4752 devotionique
2328 4683 2464 4747 adeo
2499 4683 2714 4738 deditus
2737 4682 3012 4748 existeret,
3042 4690 3100 4735 ut
3128 4697 3189 4736 ea
3223 4696 3330 4751 que
3367 4695 3497 4736 can-

1909 4774 2072 4828 tanda
2107 4781 2201 4828 aut
2220 4775 2449 4836 dicenda
2471 4784 2646 4841 erant,
2676 4776 2768 4830 vix
2796 4783 2982 4845 posset
3010 4774 3191 4828 dicere
3235 4781 3330 4830 aut
3369 4787 3497 4842 pro-

1911 4862 2074 4931 ferre,
2108 4874 2191 4921 set
2220 4868 2382 4922 verba
2412 4867 2740 4939 singultibus
2761 4866 3157 4937 interrumpere
3186 4867 3250 4898 ¹¹⁷
3273 4873 3495 4936 oporte-

1912 4956 2033 5022 bat.
2065 4955 2229 5014 Sacre
2257 4961 2422 5015 etiam
2447 4960 2778 5016 visitationis
2799 4958 3034 5016 ollicium
3066 4958 3252 5014 multis
3277 4957 3436 5012 annis
3465 4975 3497 5011 a

1916 5049 2033 5105 suis
2072 5052 2548 5120 predecessoribus
2573 5053 2946 5110 intermissum
2971 5068 3094 5108 cum
3119 5067 3315 5122 magna
3337 5049 3494 5105 sedu-

1913 5140 2064 5197 litate
2102 5146 2365 5214 exercuit,
2407 5146 2686 5203 evellendo
2718 5155 2771 5202 et
2795 5143 3112 5218 dissipando
3136 5142 3319 5211 noxia,
3345 5139 3494 5198 editi-

1499 5271 1730 5332 \IARIIE
1774 5273 2172 5335 LECTIONES.

300 5365 365 5394 '”
391 5380 745 5436 prorumpere
769 5382 905 5419 corr.
933 5365 1325 5434 interrumpere
1352 5381 1396 5419 c.

1724 5483 1952 5546 NOTIE.

302 5573 449 5646 (l98)
498 5571 674 5640 Uslar,
733 5571 1223 5650 Gieboldehausen,
1261 5572 1487 5644 Eelttq";
1523 5574 1805 5643 .Everburg

227 5647 526 5718 lgnoratur.

328 5716 430 5772 199
475 5716 511 5769 i.
541 5730 591 5770 e.
626 5717 1072 5772 reconciliationi.

326 5784 432 5840 200
482 5785 539 5840 in
567 5800 706 5857 pago
731 5787 1060 5857 Ambcrgau.

325 5853 423 5912 20!
480 5853 677 5911 Ruthc.

326 5784 453 5857 200)
480 5785 539 5857 in
567 5800 706 5857 pago
731 5787 1060 5857 Ambcrgau.

325 5853 451 5912 201)
480 5853 677 5911 Ruthé.
939 5853 958 5857 ⁷
1163 5885 1166 5888 ~

2012 5577 2139 5634 202)
2180 5576 2390 5634 Harste.
2411 5628 2420 5634 .

2011 5645 2137 5704 205)
2177 5645 2504 5704 Westerbot'.

2012 5715 2139 5790 204)
2178 5718 2262 5773 Ct‘.
2288 5715 2512 5774 Luntzel
2545 5716 2582 5770 l.
2608 5732 2737 5844 c.
2766 5716 2892 5770 240.

2013 5788 2139 5844 205)
2180 5787 2538 5844 Hunnesriick
2571 5796 2625 5844 et
2711 5787 2852 5844 assel
2888 5788 2892 5844 l

2013 5784 2139 5861 205)
2180 5787 2538 5846 Huunesriick
2571 5796 2625 5845 et
2661 5784 2852 5844 Dassel
2888 5787 2944 5873 in
2981 5784 3218 5858 Sollinga
3255 5784 3404 5840 silva.
