4038 6378
601 416 736 473 1171

1701 396 2043 463 APPEHDIX-
2078 400 2172 460 ΑΒ
2196 404 2277 459 4S:
2313 392 2816 465 GODEHARDUM.

3702 381 3813 449 ΕΒ

593 530 771 589 cando
798 537 855 585 et
882 528 1178 600 plantando
1222 526 1486 597 proﬂcua,
1537 522 1862 595 corrigendo
1904 536 1969 577 ac
2008 519 2181 576 refor-
2209 531 2255 586 Α
2280 520 2501 589 putetur
2521 511 2749 569 materia
2774 510 2831 564 in
2867 505 3134 600 futurum,
3166 492 3817 600 et

591 621 796 679 mando
827 628 937 676 tam
966 621 1022 675 in
1041 619 1221 689 capite
1260 632 1426 688 quam
1461 617 1517 671 in
1550 614 1815 680 menbris,
1866 627 1976 684 que
1996 626 2183 668 corre-.

591 717 794 775 ctionis
832 729 898 772 ac
927 713 1334 771 reformationis
1369 711 1522 766 novit
1555 709 1738 766 studio
1765 708 2024 779 indigere,
2069 720 2182 761 non

591 807 999 879 querendoque
1034 820 1132 860 sua
1154 811 1355 869 essent,
1379 809 1462 858 set
1490 815 1597 871 que
1621 799 1830 856 domini
1863 798 1993 855 Jesu
2017 795 2183 853 Chri-

593 900 686 968 sti,
710 906 766 955 et
792 899 847 953 in
874 911 1110 969 persona
1138 896 1223 951 sui
1253 902 1378 949 ante
1398 893 1583 948 omnia
1614 892 1953 948 ostendendo
1981 890 2092 943 vita
2130 896 2186 942 et

591 990 1029 1054 conversatione,
1058 988 1224 1043 verbo
1252 986 1455 1056 pariter
1488 984 1556 1017 ¹¹¹¹
1577 991 1632 1040 et
1648 982 1918 1052 exemplo,
1951 979 2186 1051 qualiter

595 1084 843 1141 subditos
864 1084 917 1137 in
937 1082 1104 1136 domo
1130 1078 1349 1135 Domini
1379 1084 1656 1148 oporteret
1677 1074 2024 1132 laudabiliter
2046 1088 2182 1129 con-

593 1176 826 1232 versari.
866 1171 1033 1227 Multa
1061 1170 1282 1242 quidem
1325 1177 1380 1224 et
1411 1169 1515 1223 alia
1555 1182 1663 1239 que
1709 1164 2186 1236 contemplationis

596 1276 653 1323 et
678 1264 1007 1322 actualitatis
1026 1264 1286 1337 existunt,
1314 1262 1483 1333 gessit
1501 1261 1594 1315 hic
1618 1256 1860 1329 pontifex
1888 1258 2182 1329 gloriosus,

594 1374 706 1430 que
734 1372 845 1412 non
867 1363 997 1411 sunt
1026 1354 1230 1425 scripta
1264 1354 1321 1409 in
1356 1353 1495 1408 libro
1515 1352 1645 1418 hoc,
1673 1367 1742 1406 ne
1779 1348 2081 1421 legentibus
2099 1348 2185 1402 vel

598 1448 944 1505 audientibus
971 1448 1177 1504 tedium
1218 1451 1577 1518 generarent;
1625 1443 1726 1498 hec
1764 1449 1948 1497 autem
1984 1440 2186 1510 scripta

598 1550 751 1608 sunt,
780 1550 842 1596 ut
867 1541 1073 1596 sciatur
1098 1554 1196 1611 per
1215 1538 1398 1595 omnia
1418 1536 1659 1592 valuisse
1682 1543 1738 1589 et
1761 1534 1949 1589 multis
1967 1532 2186 1587 virtuti-

596 1633 703 1688 bus
728 1632 1012 1689 claruisse.
1051 1629 1213 1686 Rexit
1233 1637 1416 1685 autem
1443 1626 1732 1684 ecclesiam
1760 1633 2008 1680 nostram
2028 1623 2187 1679 annis

598 1724 670 1779 ὅθ
691 1732 746 1779 et
768 1723 835 1757 η’
859 1723 1139 1779 mensibus
1163 1715 1248 1776 10.
1283 1722 1445 1774 Anno
1471 1718 1618 1773 enim
1638 1714 1913 1772 dominico
1933 1715 2189 1771 incarna-

598 1814 767 1870 tionis
803 1812 961 1878 l3l0,
990 1811 1339 1882 pontiﬁcatus
1378 1809 1465 1864 sui
1512 1809 1602 1873 51,
1647 1807 1842 1877 quinto
1888 1804 2008 1861 Kal.
2060 1803 2187 1859 Maii

2282 610 2390 673 via,
2422 614 2689 676 quantum
2726 609 2811 657 est
2838 593 3116 669 possibile,
3156 591 3528 663 precludatur,
3561 597 3743 656 statuto
3772 597 3819 645 et

2282 696 2564 770 privilegio
2583 701 2845 765 perpetuo
2868 697 2954 745 est
2975 687 3250 742 ﬁrmatum
3278 683 3445 753 quod,
3480 681 3537 738 si
3577 681 3705 737 inter
3733 680 3819 737 cla-

2282 805 2408 845 rum
2440 796 2495 843 et
2538 787 2840 857 bu:genses
2867 794 3030 851 super
3056 775 3396 833 libertatibus
3424 781 3523 830 aut
3548 772 3819 828 emunitati—

2282 881 2390 936 bus
2423 878 2652 935 ecclesie
2680 882 2777 931 aut
2814 889 2876 929 re
2905 873 3088 942 aliqua
3111 869 3327 941 questio
3351 867 3579 932 orietur,
3600 864 3819 936 quidquid

2283 970 2534 1036 canonici
2569 975 2756 1025 nostre
2789 965 3021 1023 ecclesie
3062 963 3273 1034 justum
3304 975 3430 1017 esse
3454 959 3573 1016 suis
3598 957 3823 1013 afﬁrmare

2283 1061 2555 1117 voluerint
2574 1058 2924 1130 iuramentis,
2972 1056 3185 1125 absque
3228 1053 3394 1109 ullius
3441 1049 3827 1115 contr-aditum

2284 1152 2497 1208 salvum
2538 1149 2621 1205 eis
2657 1150 2717 1204 in
2755 1155 3076 1219 perpetuum
3122 1142 3483 1215 permanebit.
3519 1138 3670 1197 Omni
3690 1140 3824 1195 etiam

2285 1257 2452 1310 anno,
2488 1240 2709 1312 quando
2765 1255 2893 1295 novr
2938 1237 3193 1295 consules
3241 1242 3372 1292 sunt
3410 1233 3621 1298 statuti,
3662 1232 3823 1287 biiden

2285 1334 2541 1391 consules
2571 1334 2641 1389 ab
2669 1332 2927 1403 episcopo
2964 1340 3059 1386 aut
3091 1329 3331 1400 capitulo
3355 1325 3629 1396 requisiti,
3649 1324 3827 1387 venia

2285 1425 2354 1480 ad
2396 1423 2733 1495 presentiam
2762 1421 3085 1489 eorundem,
3115 1429 3173 1475 et
3194 1417 3354 1474 tactis
3391 1423 3697 1472 sanctorum
3730 1413 3829 1467 [die

2286 1514 2433 1585 quiis
2458 1513 2726 1584 jurabunt
2750 1510 2895 1582 quod
2931 1524 3125 1566 omnes
3162 1517 3353 1579 portas
3380 1504 3616 1561 civitatis
3643 1501 3826 1559 ﬁdeliter

2289 1604 2550 1661 tonebunt
2594 1613 2649 1658 et
2693 1601 3023 1669 custodierit,
3070 1608 3126 1655 et
3162 1598 3310 1670 quod
3342 1596 3646 1669 specialiter
3680 1593 3829 1649 Sancti

2286 1692 2635 1751 Pantaleonis
2655 1701 2711 1749 et
2727 1702 2876 1749 retro
2901 1692 3094 1747 urbem
3127 1699 3318 1761 portas
3354 1688 3612 1758 episcopo
3642 1695 3727 1743 aut
3756 1703 3829 1741 eae

2287 1787 2459 1858 pitulo
2484 1788 2599 1844 sive
2621 1786 2708 1843 die
2730 1787 2844 1842 sive
2868 1794 3026 1845 nocte
3046 1784 3102 1839 in
3132 1783 3392 1851 omnibus
3426 1796 3613 1838 eorum
3638 1780 3833 1835 necessi—

600 1905 843 1961 dcbitum
870 1871 1053 1960 carnis
1084 1902 1389 1967 exsolvens,
1414 1899 1668 1970 migravit
1687 1899 1755 1954 ad
1777 1896 2071 1953 Dominum
2093 1898 2182 1963 “9,

2293 1881 2490 1938 tatibus
2514 1879 2857 1938 reserabunt.
2898 1876 3030 1949 item
3057 1875 3208 1931 omni
3230 1890 3377 1930 anno
3402 1872 3543 1929 feria
3569 1871 3833 1930 secundail

602 1998 921 2068 relinquens
951 1996 1239 2061 ecclesiam
1262 1995 1469 2049 honore
1486 2000 1541 2047 et
1555 1990 1792 2062 potentia
1822 1989 2189 2054 emendatam,

603 2097 686 2146 set
709 2089 918 2157 multis,
943 2096 1004 2144 ut
1024 2102 1216 2155 verum
1240 2084 1534 2153 fateamur,
1553 2083 1863 2140 debitorum
1886 2079 2189 2136 honoribus

604 2190 945 2254 agravatam.

1062 2312 1412 2371 HENRICUS
1448 2313 1574 2373 sane
1634 2311 1729 2381 ωε

618 2416 621 2419 λ
676 2426 815 2483 Huic
836 2426 1101 2484 successit
1126 2426 1210 2482 vir
1231 2426 1419 2500 utique
1439 2423 1765 2481 venerabilis
1789 2422 2075 2491 Henricus,
2100 2438 2191 2479 ec-

607 2519 767 2593 clesie
793 2528 978 2575 nostro
1001 2519 1261 2587 decanus,
1300 2518 1367 2576 de
1406 2518 1604 2574 illustri
1629 2518 1892 2573 comitum
1931 2516 1998 2572 de
2040 2515 2193 2571 Wol-

607 2610 876 2687 denbcrge
904 2612 1156 2682 prosapia
1186 2610 1450 2667 oriundus
1498 2612 1583 2664 ¹²².
1643 2608 1747 2678 Qui
1769 2618 2009 2666 castrum
2040 2607 2192 2664 Hun-

605 2702 835 2773 desruge
868 2717 932 2757 ac
955 2702 1177 2773 opidrm
1201 2701 1360 2758 Dasle
1381 2717 1507 2757 cum
1533 2702 1795 2757 comitatu
1835 2701 2114 2772 adiacente
2157 2717 2191 2756 ε

606 2793 958 2848 serenissima
1005 2791 1238 2849 Henrico
1267 2793 1334 2848 de
1358 2791 1785 2849 Lutcelenborch
1822 2801 1954 2848 tunc
1991 2791 2194 2848 Roma-

607 2898 817 2952 norum,
834 2898 979 2953 rege,
1006 2893 1194 2954 postea
1225 2894 1408 2938 autem
1436 2883 1785 2953 imperatore,
1816 2882 2044 2938 ecclesie
2092 2898 2193 2943 n0,—

608 2983 721 3028 stre
762 2982 1024 3043 perpetuo
1070 2974 1235 3041 uniri,
1287 2990 1454 3044 seque
1485 2983 1540 3029 et
1578 2989 1924 3030 successores
1962 2990 2093 3029 suos
2124 2974 2194 3030 de

608 3064 814 3121 eisdem
850 3063 991 3119 inter
1032 3074 1211 3121 cetera
1253 3065 1473 3137 regalia,
1505 3080 1612 3137 que
1654 3073 1847 3121 nostra
1872 3065 1940 3120 ab
1964 3065 2194 3135 imperio

609 3163 758 3211 tenet
783 3156 1031 3225 ecclesia,
1062 3157 1293 3213 obtinuit
1320 3156 1587 3213 infcudari
1613 3160 1723 3230 (an.
1754 3156 1910 3225 1510,
1935 3155 2079 3228 Sept.
2113 3156 2189 3228 6).

2287 1972 2465 2043 capite
2486 1972 2755 2027 adventus
2784 1968 2851 2001 ¹¹⁸
2874 1968 2929 2023 in
2958 1966 3199 2038 generali
3236 1965 3484 2036 capitulo
3513 1962 3830 2034 jurabuatdi-

2287 2064 2363 2121 eti
2382 2063 2658 2129 consules,
2678 2076 2740 2118 se
2764 2075 2958 2117 omnes
2978 2060 3259 2115 libertates
3281 2065 3337 2114 et
3363 2056 3684 2113 emunitatcs
3698 2053 3837 2123 cedes

2287 2155 2391 2223 sie,
2419 2155 2473 2210 in
2501 2160 2773 2225 quantum
2810 2158 3064 2222 possunt,
3100 2149 3336 2206 ﬁdeliter
3374 2148 3707 2205 defensuros.
3738 2143 3837 2200 liis

2286 2260 2418 2303 vero
2467 2245 2542 2300 ita
2586 2243 2910 2315 conpositis,
2953 2249 3198 2298 castrum
3246 2239 3536 2296 Hoinboke
3584 2236 3718 2309 (207)
3746 2251 3831 2291 ω

2288 2351 2416 2401 cum
2447 2335 2672 2393 domino
2699 2335 2766 2390 de
2792 2332 3127 2400 Homborcb,
3151 2332 3545 2393 auxiliantibus
3564 2330 3628 2386 ad
3648 2331 3740 2385 hoc
3761 2338 3830 2382 ut-

2287 2441 2525 2498 cumque
2555 2425 2886 2498 quibusdam
2925 2423 3051 2492 aliis
3076 2422 3457 2494 principibus,
3503 2428 3731 2492 potenter
3755 2417 3835 2473 ob:

2289 2517 2451 2586 sedit,
2479 2517 2768 2573 obsessum
2804 2515 2968 2587 cepit,
3013 2524 3341 2586 captumque
3362 2512 3499 2571 fecit
3522 2509 3829 2571 funditusdei

2290 2608 2493 2679 moliri.
2533 2607 2768 2680 Opidum
2793 2607 3077 2673 Bokenem,
3094 2607 3305 2666 milleet
3329 2615 3555 2663 centum
3568 2601 3747 2660 martis
3762 2614 3837 2656 eo:

2290 2699 2454 2757 clesie
2481 2698 2819 2770 conparavit.
2861 2697 2988 2771 (An.
3023 2697 3181 2765 15M,
3212 2695 3377 2751 Hart.
3416 2696 3503 2768 8.)
3522 2694 3654 2752 Cum

2291 2787 2490 2846 Ottone
2519 2789 2658 2845 duce
2704 2788 2773 2844 de
2813 2786 3163 2854 Luneboreb,
3201 2785 3296 2857 qui
3336 2785 3568 2856 cpidum
3598 2782 3839 2839 Honorem

2291 2891 2348 2939 et
2372 2891 2612 2939 castrum
2654 2879 2994 2939 Lowenrode
3032 2896 3160 2946 cum
3180 2874 3835 2952 quibusdantcomitatibut

2290 2983 2349 3044 et
2370 2974 2531 3030 bonis
2553 2972 2676 3028 aliis
2704 2972 2773 3028 ab
2800 2972 3033 3029 ecclesia
3067 2972 3126 3027 in
3170 2970 3396 3034 feudum
3426 2976 3668 3027 tenuerat
3704 2973 3751 3021 et
3780 2965 3835 3019 ab

2293 3067 2415 3138 ipso
2452 3066 2693 3136 recipere
2712 3065 2945 3131 curavit,
2977 3079 3172 3137 graves
3201 3078 3436 3135 guerras
3468 3060 3668 3126 habuit,
3689 3057 3835 3129 plures

2295 3157 2580 3215 conﬂictus
2602 3157 2743 3224 iniit,
2773 3157 2828 3211 in
2864 3156 3140 3227 aliquibus
3171 3156 3544 3211 succumbens
3560 3153 3680 3208 etin
3702 3147 3842 3220 pluri-.

611 3247 681 3303 Et
703 3249 1027 3319 procedente
1052 3259 1312 3321 tempore,
1340 3258 1581 3306 castrum
1619 3249 1839 3320 cpidum
1871 3264 1936 3304 ac
1964 3250 2195 3305 comita-
2224 3238 2268 3301 C
2298 3252 2403 3307 bus
2443 3250 2811 3319 triumphans.
2850 3248 3095 3305 Tandem
3121 3248 3505 3319 conpositione
3550 3245 3703 3310 facta,
3724 3240 3841 3299 idm.

612 3346 732 3407 tum
764 3330 1080 3412 hujusniodi
1108 3341 1389 3411 persolvit,
1416 3340 1544 3411 quia
1580 3355 1611 3394 a
1646 3339 2029 3409 predecessore
2072 3354 2195 3406 suo,

613 3429 715 3507 qui,
736 3444 801 3484 ea
838 3437 1249 3501 conparaverat,
1283 3430 1528 3485 nondum
1561 3427 1775 3483 fuerant
1801 3428 2096 3499 persoluta.
2138 3427 2197 3482 ln

612 3508 883 3593 principio
903 3518 1264 3590 promotionis
1286 3535 1383 3575 sue
1406 3520 1707 3590 burgenses
1737 3533 1802 3573 ac
1834 3518 1981 3574 cives
2004 3517 2198 3574 civita-

614 3610 688 3664 tis
712 3619 897 3665 nostre
928 3611 985 3665 in
1017 3628 1215 3684 magna
1241 3627 1305 3666 ac
1326 3618 1476 3665 tanta
1498 3611 1791 3666 rebellione
1831 3618 1889 3664 et
1910 3610 2198 3680 pertinatia

616 3702 846 3772 pOSitos,
873 3703 1019 3785 qupd
1047 3703 1325 3759 ﬁdelitatis
1346 3703 1450 3759 sibi
1480 3711 1723 3774 prostare
1758 3702 2071 3775 homagium
2096 3719 2199 3759 no-

616 3793 856 3864 luerunt,
878 3795 1023 3850 bona
1053 3796 1155 3851 sibi
1180 3796 1234 3850 in
1258 3795 1477 3857 civitate
1516 3794 1945 3851 llildensemcnsi
1976 3812 2073 3866 per
2112 3811 2200 3850 re-

618 3887 978 3958 signationem
1020 3889 1349 3946 vasallorum
1391 3904 1619 3961 suorum
1678 3889 1929 3943 vacantia
1967 3904 2201 3958 occupa-

617 3988 836 4049 verunt,
866 3989 920 4036 et
946 3981 1001 4054 in
1033 3982 1219 4037 multis
1241 3982 1364 4037 aliis
1398 3997 1456 4037 se
1485 3990 1859 4053 Opposucrunt
1883 3996 1988 4053 quc
2018 3990 2203 4039 nostro

618 4063 982 4146 respiciebant
1006 4076 1233 4132 ecclesie
1263 4076 1585 4143 libertatem,
1611 4079 1920 4146 conpetenti
1952 4076 2204 4131 modera-

620 4156 766 4221 tione
788 4168 1141 4237 compescuit.
1181 4166 1419 4222 Collecto
1450 4183 1686 4237 namque
1710 4182 1915 4238 magno
1940 4166 2200 4235 exercitu,

621 4254 894 4311 civitatem
946 4258 1222 4324 obsidens,
1264 4266 1505 4313 castrum
1545 4257 1848 4322 Sturewold
1882 4256 2030 4329 (206)
2074 4242 2211 4312 con—ﬁ

624 4346 824 4399 struxit
848 4346 936 4413 “3,
974 4341 1175 4418 eosque
1205 4348 1497 4402 subtractis
1532 4346 1969 4401 molendinorum
2003 4354 2057 4400 et
2102 4362 2204 4416 pa—

626 4434 883 4503 Seuerum
913 4440 1122 4495 solatiis
1154 4441 1207 4495 in
1234 4447 1445 4495 tantum
1481 4438 1679 4494 artavit
1704 4437 1849 4508 quod
1875 4435 2016 4492 infra
2062 4454 2203 4509 pau-

626 4546 721 4586 cos
748 4532 864 4588 dies
895 4548 1018 4588 cum
1050 4533 1168 4603 ipso
1208 4540 1633 4603 conposuerunt,
1670 4530 1997 4587 deditionem
2019 4530 2123 4588 sibi
2152 4539 2207 4585 et

625 4624 898 4680 ﬁdelitatis
927 4625 1235 4696 bomagium
1271 4624 1553 4692 facientes,
1578 4640 1641 4679 ac
1666 4624 1844 4680 salvas
1889 4622 2209 4692 relinquet]:

625 4712 711 4772 tes
731 4719 799 4772 ab
821 4719 954 4789 ipsis
981 4720 1197 4773 invasas
1229 4719 1456 4774 ecclesie
1483 4718 1776 4773 libertates.
1815 4715 1959 4769 Inter
1999 4714 2205 4769 articu-

625 4808 712 4863 los
741 4810 1133 4879 conpositionis
1171 4810 1486 4880 hujusmodi
1533 4808 1837 4879 specialiter
1870 4815 1954 4862 est
1986 4822 2215 4876 expres:

628 4916 753 4957 sum
786 4902 931 4972 quod
982 4910 1137 4971 porta
1202 4912 1348 4956 retro
1392 4901 1615 4976 urbem,
1646 4916 1743 4971 per
1775 4913 1941 4970 quam
1985 4897 2094 4951 itur
2139 4895 2207 4951 ad

631 4989 890 5048 Sanctum
911 4991 1162 5059 Paulum,
1193 4993 1377 5048 multis
1399 4993 1558 5048 annis
1584 4991 1838 5047 continue
1863 4990 2069 5053 clausa,
2093 5003 2209 5058 ma-

629 5084 779 5145 nebit
797 5086 1050 5141 ammodo
1078 5093 1336 5140 reserata.
1381 5082 1447 5138 Et
1466 5092 1526 5139 ut
1545 5082 1725 5137 omnis
1754 5082 1892 5137 inter
1916 5082 2121 5135 clerum
2138 5094 2205 5134 ex

630 5191 765 5249 una,
784 5184 836 5231 et
864 5176 1162 5248 burgenses
1190 5184 1343 5246 parte
1374 5190 1442 5230 ex
1474 5174 1665 5241 altera,
1699 5171 2059 5229 dissensionis
2089 5184 2208 5223 am-

2296 3342 2404 3398 dux
2433 3342 2547 3412 jam
2576 3341 2721 3401 dicta
2758 3341 2902 3396 bona
2937 3340 3009 3395 ab
3036 3339 3294 3410 episc0po
3321 3339 3530 3409 recepit
3552 3338 3607 3392 in
3635 3332 3835 3397 fetidum.

2297 3442 2353 3489 et
2378 3449 2438 3490 se
2462 3433 2731 3507 vasallum
2775 3433 3004 3489 ecclesie
3043 3432 3379 3504 recognovit.
3419 3429 3569 3487 Idem
3597 3428 3839 3500 episcopu.

2300 3541 2593 3582 usurarum
2630 3524 2970 3596 voraginem,
2998 3540 3106 3596 que
3144 3524 3363 3583 animas.
3380 3524 3608 3589 devorat
3634 3515 3839 3576 etfacuk

2299 3624 2438 3673 tates
2463 3616 2735 3683 exhaurit,
2766 3632 2874 3688 que
2894 3616 3039 3687 apud
3059 3615 3210 3671 cives
3229 3614 3695 3685 ilildensemenses
3722 3605 3833 3666 mule

2301 3718 2419 3765 tum
2448 3710 2768 3776 inoleverat,
2788 3709 2944 3765 valde
2978 3708 3279 3765 restrinxit.
3321 3707 3550 3767 Castam
3577 3705 3724 3761 vitam
3757 3700 3834 3756 dit—

2300 3800 2402 3867 xit,
2439 3808 2493 3854 et
2526 3799 2834 3870 pontiﬁcale
2863 3799 3103 3856 cilicium
3132 3800 3326 3857 devote
3350 3808 3405 3856 et
3439 3813 3567 3856 cum
3588 3808 3757 3867 magna
3775 3804 3839 3853 δεῖ.

2301 3892 2528 3947 dulitate
2553 3892 2818 3960 exercuit,
2845 3893 2991 3950 sicut
3011 3893 3096 3947 vir
3124 3892 3326 3958 bonus,
3350 3892 3652 3963 siinplexct
3673 3894 3838 3957 recini.

2301 3993 2356 4039 et
2376 3985 2636 4041 recedens
2657 4001 2688 4040 a
2714 3986 2880 4052 malo,
2902 3984 2997 4040 Dei
3021 3994 3075 4041 et
3098 3986 3336 4056 proximi
3358 3985 3573 4045 habens
3592 3982 3745 4039 zelum
3764 3976 3829 4027 “'-

2302 4075 2609 4132 Novissime
2627 4092 2758 4132 vero
2786 4077 2981 4133 diebus
3013 4077 3130 4133 suis
3162 4077 3484 4133 mandatum
3506 4073 3833 4147 apostolicum.

2305 4168 2410 4223 sibi
2439 4182 2624 4238 grave,
2654 4168 2886 4224 subditis
2914 4168 3295 4236 intollerabile,
3322 4183 3434 4225 non
3480 4184 3548 4224 ex
3578 4177 3739 4221 amore
3760 4159 3833 4230 jn-

2305 4257 2469 4323 stitie,
2505 4265 2587 4312 set
2626 4256 2735 4311 odii
2781 4257 2968 4336 fomite
3006 4267 3061 4314 et
3099 4258 3273 4315 livore
3301 4258 3563 4325 vindicte,
3597 4256 3659 4311 ab
3681 4248 3833 4309 endis

2305 4349 2409 4403 sibi
2431 4349 2590 4419 dirigi
2616 4358 2959 4418 procuratur.
2973 4348 3129 4407 Unde
3152 4351 3289 4422 ipse,
3316 4350 3650 4421 presentiens
3667 4351 3837 4405 tam

2305 4441 2537 4515 malum,
2590 4440 2830 4496 surrexit
2878 4441 3024 4497 sicut
3070 4452 3260 4514 pastor
3306 4442 3521 4510 bonus,
3558 4439 3647 4512 qui
3692 4432 3830 4506 post!“

2306 4532 2546 4587 animam
2572 4548 2728 4587 suam
2754 4547 2855 4603 pro
2877 4533 3072 4589 ovibus
3113 4533 3250 4601 suis,
3285 4532 3582 4603 sedemque
3621 4524 3829 4600 apostoli:

2306 4638 2427 4678 cam
2448 4623 2600 4691 adiit,
2624 4640 2723 4695 pro
2746 4623 2937 4681 fraude
2958 4633 3013 4681 et
3029 4625 3157 4681 dolo
3177 4625 3495 4696 bujusmodi
3516 4635 3708 4681 summo
3722 4631 3825 4688 νοο-

2309 4714 2441 4770 tifici
2475 4717 2841 4787 exponendis.
2874 4715 2980 4787 Ubi
3009 4718 3067 4772 in
3103 4719 3490 4790 prosecutione
3508 4715 3641 4787 juris
3674 4710 3744 4766 sui
3769 4706 3837 4763 ἴθ’.

2308 4806 2404 4861 bre
2423 4813 2622 4873 tactus,
2652 4822 2763 4877 pro,
2775 4824 2935 4879 grege
2964 4825 3066 4865 suo
3086 4816 3341 4865 mortuus
3372 4819 3478 4876 est,
3514 4816 3568 4864 et
3599 4806 3650 4861 in
3682 4813 3827 4858 monk

2310 4896 2477 4950 sterio
2498 4904 2685 4952 sancte
2710 4897 2869 4955 Clare
2889 4898 3156 4956 Avinione
3183 4899 3482 4956 honoriﬁce
3499 4899 3563 4931 “‘
3588 4893 3832 4961 mlum

2310 5001 2456 5040 anno
2498 4984 2715 5042 Domini
2762 4989 2926 5059 isis,
2958 4991 3012 5047 5.
3057 4990 3185 5048 ldus
3228 4990 3378 5060 Julii,
3417 4989 3732 5062 pontiﬁcatus
3760 4976 3830 5048 sui

2312 5092 2457 5133 anno
2483 5078 2535 5133 9.
2573 5078 2631 5133 In
2653 5080 2773 5149 eius
2794 5082 3172 5147 anniversario
3202 5084 3480 5151 dabuntur
3511 5082 3575 5138 de
3599 5070 3825 5135 decimi“

2314 5168 2509 5225 Solede
2549 5172 2771 5228 cuilibet
2797 5173 3146 5232 dominorum
3172 5176 3410 5247 presenti
3436 5174 3468 5228 7
3498 5169 3686 5230 denarii
3706 5160 3821 5220 etdi-

1911 5309 1993 5362 VA
2002 5305 2139 5362 ΒΙιΕ
2179 5303 2579 5362 LECTIONES.

706 5423 775 5499 _“'
799 5425 1063 5499 additum.
1117 5426 1184 5458 m
1207 5424 1472 5499 additum.
1551 5424 1636 5499 "°_
1652 5422 1897 5499 sepultus
1922 5420 1977 5475 in
2001 5419 2185 5499 media
2202 5418 2559 5499 ecclesiesub
2580 5436 2786 5499 corona
2823 5426 2878 5499 2.
2959 5428 3031 5463 ¹³¹-
3049 5428 3326 5499 inscriptio
3347 5429 3509 5499 deest,
3538 5429 3653 5499 ut_et
3672 5420 3721 5499 in
3735 5427 3817 5499 ρξ-

634 5492 790 5566 πίριω
819 5494 909 5563 qui
932 5504 1241 5566 sequuntur.
1319 5497 1384 5527 ⁸⁸⁸
1422 5494 1528 5551 Iste
1547 5494 1677 5566 quia
1705 5487 1789 5548 vir
1809 5487 2282 5566 mansuetusfuit,
2307 5504 2340 5566 _a
2362 5488 2692 5558 quibusdam
2716 5496 3015 5553 vocabatur
3041 5487 3293 5555 Aleke'S.

3477 5481 3680 5569 είυοεξρι
3699 5481 3816 5569 ne:

634 5547 844 5637 culture.
871 5547 1207 5637 vocavit
1228 5547 1307 5598 ’³⁸⁸
1326 5547 1521 5637 jejunii
1546 5547 1707 5621 iam
1728 5547 2039 5619 posteriori.
2110 5559 2178 5592 ¹¹⁸
2210 5547 2402 5613 addito
2429 5574 2529 5613 eoa:
2557 5547 2720 5617 manu
2745 5547 3321 5624 r'e'cEZiJr'i."'?i71iic
3354 5547 3546 5625 mamis—
3557 5547 3659 5619 uiis
3679 5547 3819 5621 ειτιυίί

633 5630 723 5688 ΧΙ
741 5631 778 5685 γ
798 5633 1003 5704 incipit.

2165 5718 2390 5778 NOTE.

710 5804 859 5884 (206)
898 5808 1242 5875 Stevervvald.

2385 5807 2532 5883 (207)
2569 5807 2992 5867 Hobenbiichen.
