4038 6444
236 425 383 495 1213

1292 458 1301 467 -
1320 420 1327 423 ⁷
1351 420 1745 487 CHRONICON
1782 420 2401 484 HILDESHEIMENSE.

3352 397 3496 479 isis

220 549 390 609 Inidia
416 544 737 619 stopavini,
765 544 969 603 vicario
1012 545 1046 600 ι
1091 543 1302 602 denarii
1341 552 1398 600 et
1429 552 1625 615 quarta
1662 541 1797 605 vini,
1830 541 1876 598 Δ
1901 539 2178 595 ordinavit
2202 538 2342 594 duas
2372 536 2581 593 faculas
2594 537 2767 593 annis
2783 537 3013 609 singulis
3043 551 3141 609 per
3175 532 3350 593 totum
3398 532 3498 607 ade

220 641 485 713 magistro
505 637 721 709 majori,
746 634 1061 695 subcustodi
1089 643 1147 691 et
1182 635 1493 692 succentori
1531 632 1802 700 similiter,

220 730 448 789 candela
468 730 535 785 de
556 727 694 784 libra
723 742 867 794 cere,
896 714 1198 783 scolaribus
1224 727 1260 781 5
1285 725 1465 792 solidi,
1488 723 1809 780 camerariis

220 831 278 880 et
306 817 673 892 campanariis
693 819 730 872 3
753 817 912 879 solidi
944 817 1030 872 η’.
1549 822 1551 824 ’

835 904 1020 963 OTTO
1057 907 1207 963 δίειμι.

244 1034 251 1041 -
295 999 605 1060 Venerabili
625 1009 777 1072 patre
795 998 1000 1055 domno
1023 996 1258 1054 Henrico
1276 996 1347 1053 de
1372 995 1811 1067 Woldenberghe

221 1095 481 1168 episeopo
502 1103 691 1150 nostro
718 1091 986 1147 Avinione
1009 1089 1233 1147 feliciter
1268 1088 1547 1156 defuncto,
1594 1088 1662 1145 de
1699 1101 1812 1159 quo

222 1187 498 1246 sulliciens
522 1187 795 1257 scriptura
825 1183 1079 1255 superius
1110 1183 1404 1254 reperitur,
1454 1181 1722 1238 successit
1758 1181 1810 1236 ei

223 1285 452 1348 patruus
491 1275 612 1346 ejus
653 1274 889 1330 domnus
934 1273 1061 1329 Otto
1102 1273 1171 1328 de
1208 1270 1665 1345 Woldenbergbe,
1687 1281 1814 1341 prec'

225 1369 434 1441 positus
486 1367 686 1429 Montis
740 1364 914 1431 sancti
961 1365 1226 1433 Mauritii;
1266 1365 1323 1421 in
1367 1364 1682 1434 episcopum
1712 1375 1814 1417 no-

226 1470 403 1532 strum
463 1460 827 1519 concorditer.
854 1460 1081 1516 electus.
1140 1457 1239 1514 Hic
1284 1457 1340 1515 in
1404 1454 1672 1528 principio
1722 1454 1812 1508 in-

228 1569 451 1627 gressus
464 1554 551 1609 sui
568 1553 761 1609 habuit
775 1552 1088 1609 conﬂictum
1109 1567 1235 1609 cum
1246 1551 1577 1623 quibusdam
1589 1555 1816 1619 oppresé

168 1691 179 1700 .
227 1645 447 1702 scribus
475 1654 619 1702 terre
643 1653 848 1712 nostre,
883 1645 1130 1701 videlicet
1184 1644 1253 1701 de
1301 1642 1811 1715 Engelinghborstel

226 1736 369 1793 etde
408 1735 769 1793 Monikhusen
822 1734 971 1807 (208)
1026 1749 1196 1807 prope
1247 1733 1434 1789 villam
1482 1732 1814 1790 Oslevesben

230 1827 410 1900 (209),
433 1838 488 1884 et
508 1826 619 1883 Deo
643 1827 929 1883 victoriam
974 1827 1180 1884 nostris
1229 1826 1580 1893 concedente,
1626 1825 1816 1895 hostes

230 1927 326 1976 aut
353 1920 497 1991 capti
517 1927 612 1975 aut
632 1917 900 1975 interfecti
927 1926 1023 1975 aut
1055 1918 1225 1990 fugati
1249 1917 1697 1986 succubuerunt;
1751 1917 1820 1973 de

229 2029 468 2085 quorum
494 2013 807 2085 captivitate
835 2012 1093 2069 dominus
1120 2021 1309 2067 noster
1348 2010 1641 2081 episcopus
1694 2025 1818 2065 ma-

230 2124 394 2181 gnam
431 2108 660 2187 extorsit
684 2107 914 2178 pecunie
934 2107 1316 2180 quantitatem,
1341 2105 1486 2161 unde
1513 2105 1631 2176 ipse
1656 2114 1709 2162 et
1733 2105 1819 2164 sui

231 2201 545 2271 locupletati
572 2200 811 2256 fuerunt.
870 2199 993 2270 ipse
1040 2215 1173 2255 vero
1219 2206 1501 2268 tamquam
1546 2196 1720 2253 fidelis
1767 2206 1822 2253 et

231 2292 410 2349 bonus
439 2291 801 2362 dispensator.
819 2292 1081 2363 pecunias
1104 2290 1212 2347 sibi
1238 2290 1422 2346 taliter
1442 2289 1822 2360 provenientes

233 2387 293 2457 in
319 2387 613 2443 utilitatem
649 2387 881 2444 ecclesie
921 2395 1112 2443 nostre
1147 2392 1492 2452 convertens,
1536 2392 1716 2442 castra
1767 2390 1823 2439 et

233 2482 378 2555 bona
401 2481 731 2553 episcopalia
756 2497 853 2554 per
873 2481 1289 2553 predecessores
1317 2493 1449 2535 suos
1481 2477 1823 2549 inpignorata

235 2589 334 2632 seu
369 2574 601 2629 alienata
636 2572 1055 2645 recuperavitet
1075 2571 1323 2628 redemit.
1376 2570 1632 2626 Castrum
1692 2570 1824 2625 vero

237 2665 457 2737 Luttere
486 2675 540 2722 et
566 2666 803 2722 oilicium
825 2667 880 2721 in
905 2665 1080 2721 Barke
1102 2673 1156 2720 et
1179 2663 1533 2720 advocaciam
1572 2662 1629 2717 in
1662 2660 1823 2718 Caie-

234 2758 391 2818 vclde
420 2757 571 2830 (210)
602 2774 635 2818 a
668 2758 901 2814 ducibus
944 2755 1451 2812 Brunswieensibus
1497 2768 1596 2825 pro
1648 2753 1825 2809 tribus

234 2851 483 2923 millibus
508 2859 561 2906 et
582 2849 651 2909 60
678 2850 879 2910 marcis
904 2849 1064 2916 emit,
1090 2856 1139 2905 et
1167 2847 1428 2919 pecunias
1477 2861 1580 2918 pro
1622 2846 1825 2918 quibus

237 2943 592 3015 predecessor
617 2958 752 2999 suus
783 2944 1019 2999 domnus
1068 2939 1349 3014 Syﬂ'rydus
1396 2940 1686 3011 episcopus
1730 2953 1825 2993 ca-

240 3046 416 3095 Strum
448 3034 704 3091 Lindowe
730 3033 879 3107 (211)
920 3049 954 3099 a
993 3033 1267 3089 nobilibus
1303 3032 1370 3087 de
1393 3031 1579 3087 Plesse
1606 3044 1828 3100 compa—

238 3128 402 3195 tavit,
426 3127 667 3195 nondum
694 3129 904 3184 solutas
931 3121 1293 3197 persolvit,'et
1328 3124 1383 3179 in
1423 3124 1614 3180 eodem
1644 3129 1828 3178 castro

241 3219 510 3291 palacium
537 3218 957 3290 inexpugnabile
997 3233 1122 3273 cum
1153 3216 1263 3271 alto
1287 3230 1463 3269 muro
1496 3212 1824 3307 construxit.
1855 3247 1900 3306 6

241 3310 500 3368 Castrum
537 3310 842 3367 Sturwolde
876 3311 1036 3381 quasi
1073 3324 1141 3365 ex
1180 3316 1297 3364 toto
1350 3307 1722 3377 solempnibus
1774 3313 1830 3362 et

244 3403 758 3476 inexpugnabilibus
783 3401 1032 3467 editiciis,
1055 3412 1217 3471 prout
1244 3398 1435 3470 liquet,
1456 3405 1654 3469 prater
1678 3398 1830 3468 pala-

245 3495 392 3551 cium
417 3496 727 3566 antiquum,
751 3494 898 3565 quod
920 3500 1149 3563 patruus
1171 3506 1306 3547 suus
1328 3489 1678 3545 immediatus
1701 3504 1830 3560 pre-

246 3586 505 3643 decessor
568 3587 804 3643 domnus
862 3583 1120 3639 Hinricus
1173 3582 1464 3653 episcopus
1525 3580 1828 3644 edificavit,

248 3681 462 3755 magnis
483 3680 791 3751 sumptibus
814 3676 1138 3734 construxit.
1169 3672 1237 3728 Et
1256 3672 1582 3746 quamplura
1619 3672 1829 3728 edificia

249 3776 306 3837 in
340 3777 462 3832 aliis
494 3762 679 3829 nostre
706 3770 937 3828 ecclesie
981 3767 1179 3825 castris
1226 3766 1406 3822 diruta
1431 3807 1446 3833 ,
1485 3779 1592 3836 que
1648 3763 1833 3819 omnia

249 3868 559 3927 describere
591 3864 805 3922 difﬁcile
841 3870 1006 3929 esset,
1031 3861 1145 3931 ipse
1166 3855 1469 3915 reediflcari
1496 3854 1829 3927 procuravit.

249 3957 378 4032 lpse'
405 3959 569 4015 etiam
611 3957 791 4012 adhuc
841 3953 1152 4026 prcpositus
1206 3947 1407 4006 Montis
1457 3947 1717 4013 existens,
1766 3944 1835 4001 ad

251 4052 467 4119 laudem
498 4058 553 4106 et
599 4049 861 4104 honorem
916 4042 1304 4114 omnipotentis
1356 4039 1455 4096 Dei
1495 4047 1550 4095 et
1601 4038 1836 4111 gloriose

250 4140 445 4200 matris
482 4140 726 4213 ejusdem
757 4136 986 4210 virginis
1040 4133 1211 4189 Marie
1261 4132 1537 4204 quandam
1584 4129 1834 4196 missam,

249 4234 547 4305 vulgariter
593 4245 816 4287 auream
860 4229 1082 4293 dictam,
1117 4225 1348 4297 singulis
1377 4223 1537 4280 annis
1570 4217 1838 4278 sabbathé

249 4309 503 4400 proximo
530 4333 655 4396 post
683 4336 1003 4379 communes
1027 4319 1174 4393 (212)
1213 4318 1283 4374 ab
1316 4316 1467 4373 omni
1516 4315 1665 4373 clero
1724 4322 1838 4371 tam

249 4418 505 4489 religioso
522 4432 685 4487 quam
702 4412 932 4471 seculari
955 4410 1306 4482 solempniter
1320 4409 1375 4464 in
1397 4408 1627 4464 ecclesia
1653 4417 1840 4464 nostra

1906 639 2130 686 ventum
2154 630 2226 685 ob
2248 629 2609 685 reverentiam
2654 629 2841 701 ympni
2896 628 3043 700 (215)
3105 629 3234 684 Veni
3266 624 3500 685 Redem-

1906 731 2029 792 ptor
2057 723 2115 777 in
2138 721 2311 777 choro
2332 729 2521 777 nostro
2546 728 2671 775 ante
2693 719 2959 791 pulpitum
2986 720 3057 777 ad
3081 712 3499 792 completorium
3584 780 3589 787 ,

1908 812 2280 869 incendendas
2301 820 2356 868 et
2382 812 2672 879 ardendas,
2696 819 2750 867 et
2772 812 2994 868 cuilibet
3013 812 3211 869 scolari
3234 812 3287 867 in
3309 798 3499 868 eodem

1909 908 2267 979 completorio
2320 907 2563 979 presenti
2619 906 2792 962 eciam
2841 905 3221 976 undecumque
3260 896 3501 973 venienti

1908 1014 2078 1054 unam
2113 996 2349 1055 similam
2377 1015 2474 1071 per
2494 998 2829 1070 prepositum
2856 1006 3105 1054 nostrum
3135 997 3500 1054 tribuendam.

1911 1092 2137 1165 Insuper
2169 1092 2371 1151 festum
2413 1094 2568 1149 beate
2590 1092 2871 1149 Elizabeth
2902 1106 3024 1149 cum
3058 1101 3223 1149 cantu
3267 1101 3323 1149 et
3370 1092 3503 1166 con:

1912 1186 2190 1243 solacione
2216 1186 2590 1257 solempnibus
2609 1186 2663 1241 in
2690 1186 2921 1242 ecclesia
2951 1192 3142 1242 ucstra
3174 1201 3272 1265 pro
3300 1185 3504 1263 duplici

1913 1266 2053 1335 festo
2080 1279 2449 1350 peragendum
2486 1278 2723 1334 instituit
2756 1287 2919 1349 atque
2948 1266 3248 1337 redditibus
3273 1280 3502 1337 delevit.

1914 1371 2337 1428 Anniversarios
2371 1372 2699 1428 domnorum
2725 1370 2943 1444 Siﬂ‘rydi
2970 1382 3023 1428 et
3044 1370 3262 1445 Henrici
3287 1364 3505 1444 episco}

1913 1481 2111 1537 porum
2151 1460 2487 1532 nostrorum,
2520 1466 2965 1536 predecessorum
2991 1481 3247 1533 suorum,
3268 1473 3321 1521 et
3343 1452 3506 1543 suum

1915 1556 2196 1627 proprium
2236 1557 2292 1611 in
2343 1555 2573 1612 ecclesia
2634 1565 2823 1611 nostra
2867 1557 3221 1627 solempnitcr
3274 1548 3510 1636 singulis

1916 1648 2079 1703 annis
2110 1646 2449 1718 peragendos
2499 1662 2625 1701 cum
2658 1647 2813 1715 ,bona
2848 1645 3320 1702 administratione
3344 1646 3510 1723 ‘ordif-

1917 1738 2086 1794 navit.
2111 1737 2271 1795 Rexit
2301 1746 2484 1795 autem
2511 1738 2799 1794 ecclesiam
2842 1747 3086 1794 nostram
3118 1739 3179 1796 in
3212 1744 3426 1795 summa
3455 1728 3511 1819 et

1918 1831 2214 1903 tranquilla
2247 1847 2380 1903 pace
2417 1830 2498 1887 sic
2526 1830 2673 1901 quod
2707 1846 2830 1886 cum
2873 1830 2990 1887 suis
3023 1830 3281 1887 omnibus
3327 1830 3512 1907 subdi-

1921 1925 1993 1981 tis
2015 1925 2246 1981 multum
2290 1922 2470 1981 fuerat
2500 1914 2884 1994 locupletatus,
2918 1932 2972 1979 et
3001 1924 3182 1979 taliter
3220 1924 3368 1995 quod
3401 1907 3509 2001 vii;-

1920 2016 2045 2073 lane
2079 2017 2135 2072 in
2160 2016 2412 2088 pluribus
2445 2016 2591 2073 villis
2621 2032 2720 2072 sue
2747 2025 2888 2072 terre
2912 2030 3036 2073 cum
3066 2017 3241 2073 bonis
3266 2002 3511 2091 vestibus

1920 2116 1976 2164 et
1996 2107 2271 2164 mautellis
2300 2108 2368 2164 de
2395 2108 2549 2163 vario
2576 2105 2841 2163 foderatis
2867 2107 3119 2164 incedere
3164 2102 3509 2183 videbantur,

1921 2199 2246 2272 disponente
2272 2200 2506 2256 Domino
2542 2209 2597 2256 et
2628 2200 3051 2271 cooperantibus
3076 2201 3203 2257 sibi
3226 2201 3411 2258 favore
3457 2210 3514 2258 et

1921 2294 2174 2351 amicicia
2200 2294 2463 2350 nobilium
2484 2293 2793 2364 principum
2823 2291 3036 2351 Ottonis
3078 2288 3511 2373 de'Luneborcii

1921 2397 1975 2444 et
2012 2385 2229 2443 Ottonis
2259 2387 2326 2442 de
2358 2385 2679 2443 Brunswich
2727 2386 2952 2453 dueum,
2987 2387 3140 2456 pacis
3191 2392 3246 2442 et
3289 2386 3513 2459 justicie

1923 2478 2183 2534 illioram.
2208 2475 2478 2534 Omnibus
2499 2478 2683 2549 itaque
2705 2492 2803 2548 per
2824 2476 3029 2532 dictum
3054 2478 3318 2534 domuum
3343 2465 3513 2547 Otto:-

1924 2582 2050 2626 nem
2074 2570 2390 2641 episcopum
2425 2584 2525 2641 pro
2567 2569 2800 2626 utilitate
2852 2577 2908 2625 et
2950 2571 3239 2626 commodo
3265 2570 3515 2649 'ecdesie

1924 2670 2111 2718 nostre
2137 2670 2398 2733 tanquam
2427 2677 2522 2733 per
2543 2661 2746 2717 bonum
2773 2669 2827 2717 et
2854 2661 3364 2733 fidelem‘pastorcm
3396 2662 3514 2741 ian}

1923 2754 2177 2811 debilitet
2198 2764 2253 2811 et
2283 2754 2513 2811 feliciter
2543 2754 2899 2820 consumatis,
2954 2771 3101 2812 anno
3150 2742 3515 2821 ordinationis

1926 2862 2025 2901 sue
2048 2846 2143 2901 l6°
2173 2845 2415 2902 debitum
2446 2847 2682 2901 humane
2711 2832 3051 2903 condicionis
3084 2849 3315 2905 exsolvit
3365 2841 3513 2925 (2H)

1926 2938 2040 3012 [απ.
2059 2938 2217 3007 1551,
2238 2936 2373 3009 Aug.
2400 2937 2516 3011 22],
2547 2947 2601 2993 et
2638 2938 2693 2993 in
2721 2938 2952 3009 ecclesia
2979 2949 3165 2995 nostra
3193 2950 3319 2997 ante
3347 2930 3518 3017 altare

1928 3030 2174 3085 omnium
2200 3037 2517 3085 sanctorum
2540 3030 2835 3101 requiescit
2866 3031 2952 3085 η’.
2983 3030 3154 3104 Cujus
3181 3035 3443 3090 memoria
3465 3038 3518 3092 ct

1926 3122 1999 3156 ³³⁹
2025 3121 2402 3177 benedictione
2437 3120 2508 3177 sit
2537 3130 2741 3176 eterna.
2766 3121 2959 3177 Amen.
3497 3108 3507 3126 ⁵

2452 3211 2802 3269 HENRICUS
2840 3214 2990 3269 55'".
3014 3224 3015 3227 ‘
3384 3258 3389 3259 ν
3486 3220 3497 3277 ζ

2001 3303 2138 3359 Huic
2172 3305 2440 3361 successit
2466 3304 2613 3376 (215)
2663 3303 2822 3377 [Aug.
2849 3304 2943 3378 28]
2986 3307 3313 3364 venerabilis
3338 3302 3521 3379 pater

1930 3399 2167 3455 domnus
2191 3397 2479 3465 Henricus,
2508 3397 2739 3454 illustris
2765 3399 2832 3430 “°
2854 3399 3010 3455 ducis
3038 3400 3185 3472 (216)
3213 3400 3278 3457 de
3313 3388 3519 3458 Bruns-

1929 3492 2070 3547 wich
2099 3492 2260 3559 filius,
2275 3491 2332 3547 in
2362 3492 2520 3563 cujus
2541 3492 2804 3548 electione
2827 3492 3142 3548 detestabile
3171 3495 3369 3551 scisma
3402 3473 3522 3569 sur:-

1930 3584 2088 3639 rexit.
2114 3582 2250 3638 Nam
2280 3583 2502 3654 quidam
2536 3584 2603 3640 de
2644 3583 2882 3640 dominis
2938 3585 3142 3644 nostris
3186 3588 3521 3645 adherebant

1930 3675 2184 3731 electioni
2209 3691 2326 3742 sue,
2344 3676 2437 3731 alii
2455 3691 2584 3732 vero
2599 3677 2799 3733 domno
2821 3677 2980 3734 Erico
3002 3679 3067 3734 de
3093 3677 3522 3739 Schowinborch

1931 3774 2027 3838 per
2062 3767 2418 3838 apostolicam
2476 3769 2659 3825 sedem
2707 3771 2952 3842 proviso,
3001 3772 3090 3829 cui
3143 3774 3319 3829 eciam
3371 3773 3523 3837 cives

1934 3855 2409 3914 Hiidensemenses
2461 3858 2821 3928 adheserunt,
2879 3870 2993 3916 tum
3059 3872 3281 3934 propter
3345 3864 3523 3936 ipsius

1934 3950 2123 4006 domni
2148 3948 2367 4006 Henrici
2392 3951 2698 4021 potenciam
2715 3995 2729 4018 ,
2754 3961 2869 4007 tum
2900 3961 3122 4024 prepter
3165 3936 3520 4031 depravacio}

1935 4056 2059 4097 nem
2095 4049 2313 4096 monete
2341 4049 2528 4096 nostre
2569 4057 2666 4112 per
2685 4042 2807 4098 illos
2837 4042 2976 4100 forte
3004 4043 3239 4114 factam;
3297 4047 3521 4117 quidam

1934 4149 2066 4190 vero
2097 4134 2164 4190 de
2192 4133 2510 4190 consulibus
2550 4132 3090 4194 Hildensemensibus
3133 4138 3278 4195 dicto
3319 4120 3525 4209 domno

1936 4224 2172 4282 Henrico
2203 4225 2444 4282 faventes
2470 4224 2687 4282 fuerant
2711 4227 2778 4284 de
2807 4228 3024 4295 civitate
3062 4229 3296 4301 expulsi.
3325 4212 3526 4307 Belua:-

1939 4326 2130 4375 nentes
2158 4327 2339 4373 autem
2364 4325 2418 4372 et
2449 4317 2597 4373 dicto
2638 4317 2841 4374 domno
2890 4318 3049 4375 Erico
3093 4321 3355 4377 auxilium
3400 4336 3529 4402 pre-

1940 4416 2190 4475 stantes,
2238 4407 2493 4464 ferociter
2541 4423 2668 4464 eum
2726 4409 2940 4481 magnis
2995 4410 3221 4482 gwerris
3280 4411 3526 4469 diocesin

252 4508 489 4569 instituit
502 4507 780 4566 decantari
805 4504 1083 4579 (αη.1515,
1102 4502 1258 4558 Febr.
1275 4502 1352 4572 5),
1370 4501 1637 4571 deputans
1653 4500 1720 4556 ad
1737 4500 1842 4556 hoc
1942 4511 2187 4555 nostram
2218 4501 2554 4556 invaserunt.
2578 4498 2718 4555 Nam
2745 4501 2966 4572 opidum
2990 4500 3123 4558 Dam
3147 4503 3349 4559 domno
3376 4495 3528 4561 Heus

252 4602 322 4663 de
346 4601 556 4661 decima
579 4601 634 4656 in
656 4598 823 4655 {Zolde
846 4598 1055 4669 largam
1080 4603 1136 4652 ct
1171 4595 1371 4650 bonam
1410 4593 1841 4649 consolationem
1874 4595 1919 4652 D
1943 4593 2059 4647 rico
2083 4592 2351 4648 adherens
2377 4600 2639 4663 ceperunt
2677 4600 2732 4648 et
2765 4588 3012 4651 funditus
3035 4593 3442 4661 destruxerunt,
3464 4596 3527 4652 ut

253 4692 312 4771 in
346 4693 534 4749 eadem
593 4692 762 4751 missa
809 4687 1155 4761 presentibus
1203 4685 1639 4743 ministraldam.
1700 4682 1833 4740 item

1942 4692 2166 4758 apparet
2192 4685 2612 4757 cooperantibus
2638 4684 2719 4740 eis
2740 4685 2807 4740 ad
2829 4685 2932 4741 hoc
2953 4685 3276 4756 quibusdam
3298 4670 3530 4766 ecclcSie

1531 4837 1769 4896 νΑιιιΑῑ
1809 4835 2207 4897 LECTIONES.

331 4982 397 5014 ¹¹⁷
428 4976 634 5039 lterum
661 4978 776 5033 alia
800 4994 988 5031 manus
1011 4972 1195 5030 swcufi
1216 4971 1268 5027 Χ
1282 4970 1325 5025 ν
1352 4970 1562 5041 incipit.

256 5053 526 5125 correctis.
605 5050 672 5083 “’
716 5050 795 5104 ita
839 5065 886 5102 ο.
966 5047 1033 5080 ⁸³⁸³
1078 5046 1115 5099 i.
1156 5059 1223 5099 ac
1264 5040 1482 5114 elegans
1531 5040 1587 5095 2.

1678 4967 1910 5060 “"obiit
1938 4985 1989 5024 a.
2018 4967 2082 5023 ι).
2116 4967 2495 5026 ucccxxxr.
2531 4970 2904 5077 ordinacionis
2932 4989 3030 5030 sue
3049 4973 3168 5029 xv.
3190 4974 3244 5029 2.
3274 4938 3513 5031 nam.

1755 5194 1988 5253 NOTAE.

356 5379 483 5450 209)
521 5379 789 5450 Oesselse,
808 5381 1089 5438 districtus
1120 5379 1318 5450 Ruthe.

357 5446 484 5520 2le
521 5456 695 5511 B‘erka
739 5446 793 5509 et
829 5450 1068 5508 Calefeld
1104 5449 1334 5520 princip.
1392 5446 1730 5520 Giittingens.
1788 5459 1845 5506 et

264 5520 612 5608 Grubenhag.
639 5525 940 5608 dimceseos
966 5520 1316 5594 Moguntina).

356 5595 483 5663 211)
522 5594 753 5650 Lindau.

358 5661 485 5742 212)
524 5665 855 5742 communes
876 5682 896 5714 ι
914 5661 1208 5742 die_he_i_lige
1225 5662 1669 5742 gemeinwoche)
1687 5670 1845 5742 erant

265 5730 382 5793 dies
401 5730 644 5793 victoria:
676 5734 956 5790 Saxonum
983 5733 1050 5788 de
1076 5730 1389 5803 Th’uringis,
1418 5732 1472 5803 in
1502 5732 1839 5803 hebdomada

266 5815 392 5879 post
420 5806 565 5862 diem
588 5806 657 5879 _S.
687 5804 972 5879 Michaelis
985 5801 1276 5879 celebrati;
1286 5801 1384 5879 _'._v.
1406 5801 1657 5879 _H_'altaus
1665 5802 1839 5879 1311)·-

268 5872 516 5947 ieitbuch
570 5877 667 5932 der
734 5872 1040 5931 Deutschen
1103 5872 1199 5928 des
1256 5872 1590 5929 Mitteialters
1660 5872 1795 5929 l797
1821 5914 1835 5939 ,

348 5315 460 5372 .208
503 5311 845 5386 Engelbostel
871 5319 925 5367 et
959 5309 1389 5365 Mitnchhausen.

356 5387 461 5443 209
521 5383 789 5450 Oesselse,
808 5381 1089 5438 districtus
1120 5379 1318 5434 Ruthe.

332 5315 484 5527 $210;
521 5456 695 5527 B‘erka
739 5463 793 5509 et
829 5450 1068 5527 Calefeld
1104 5449 1334 5527 princip.

1942 5325 1995 5381 ι)-
2022 5308 2298 5381 142,υᾶ

2016 5378 2165 5450 (215)
2205 5377 2245 5450 i_.
2272 5393 2323 5433 e.
2355 5377 2598 5450 hymni,
2766 5449 2774 5450 ί
3502 5396 3507 5437 ξ

2017 5447 2167 5525 (2.“)
2207 5447 2283 5504 De
2328 5447 2475 5525 alia?
2513 5447 2697 5525 obitus
2720 5449 2794 5507 οῖ·
2825 5450 3135 5525 Esitriget.
3154 5452 3212 5525 ι,
3239 5467 3294 5525 ρ.
3324 5452 3530 5522 sese,

1942 5528 2000 5576 et
2027 5517 2264 5592 chartas
2278 5534 2368 5589 ap.
2394 5517 2619 5577 Lunae!
2642 5521 2804 5577 diae.
2835 5520 3001 5588 Hild,
3013 5517 3082 5592 'p.
3110 5517 3412 5591 423,125.:
3466 5535 3507 5564 ιιτ

2224 5587 2571 5670 Excerptum
2599 5587 3184 5670 jqramenti‘_episcopi
3224 5587 3435 5670 legitur
3474 5595 3529 5649 in

1946 5659 2700 5735 Deductionejurisdictionis
2722 5659 3403 5735 meyerdingicae'eccle'siae
3437 5680 3529 5721 ca—

1949 5728 2584 5807 thedralisHjldesheim.
2607 5728 2900 5807 praeposito
2909 5743 2982 5807 get
3004 5728 3261 5807 'capttulo
3305 5750 3529 5807 compe-

1949 5801 2142 5883 tentis;
2149 5798 2409 5883 ‘Hi‘ldesh.
2439 5798 2738 5883 ῃὸξξῖοιῖ
2759 5818 2880 5883 pag.
2908 5805 2992 5860 70.
3074 5798 3108 5839 ε’
3162 5800 3175 5829 ⁵
3246 5804 3249 5807 ’
3322 5840 3327 5844 ι

2018 5871 2169 5942 (216)
2207 5870 2412 5927 Alberli
2438 5870 2833 5947 Gottingensis.
