4066 5330
496 248 639 317 n75

1590 248 1930 320 APPENDI‘X
1969 254 2063 313 AD.
2101 255 2159 313 ε’.
2201 246 2699 314 ρουεωιωυυ.

3612 248 3751 317 12Ἶο

488 370 678 441 nostre
719 361 941 418 vasallis
996 361 1081 417 1“.
1133 362 1333 421 Veiens
1378 377 1560 421 autem
1614 368 1793 425 dictus
1839 370 2072 428 domnus
2102 382 2149 439 Α
2176 370 2553 441 Marieuborch
2592 369 2659 425 de
2705 378 2849 433 novo
2903 359 3230 433 construxit,
3284 359 3671 438 Woldeusteyu
3717 384 3766 434 ο,

489 436 762 510 Henricus
773 453 1040 529 abducere
1062 472 1202 526 aque
1225 454 1429 512 fluxum
1452 456 1743 516 ludistriea
1767 463 2077 519 molendino

489 544 808 616 episcOpali,
847 545 1160 602 conﬂictum
1204 549 1395 604 habuit
1435 566 1560 606 cum
1603 549 1797 608 incolis
1842 554 2077 611 civitatis

490 650 660 709 prope
687 635 982 706 civitatem,
1010 639 1105 709 qui
1136 641 1552 710 prevalueruut;
1594 643 1817 713 quidam
1856 661 1985 700 vero
2012 646 2078 702 de

489 729 609 787 suis
642 729 699 785 in
725 728 910 801 fugam
940 732 1189 787 conversi
1222 733 1626 801 occubuerunt,
1645 751 1879 805 quorum
1908 737 2077 808 aliqui

492 817 825 891 interempti,
849 822 1096 897 nonnulli
1125 823 1386 893 captivati
1423 814 1667 880 fuerunt.
1712 826 1900 884 Dictus
1948 844 2078 885 vero

491 911 728 969 domnus
755 912 948 969 Erieus
972 914 1159 970 volens
1184 930 1310 970 cum
1349 916 1486 974 viris
1531 919 1757 988 armatis
1801 920 2077 975 civitatem

493 1002 726 1076 ingredi,
754 1004 940 1061 multis
977 1005 1045 1062 de
1092 1005 1309 1064 civitate
1360 1006 1465 1064 sibi
1520 1009 1868 1068 obviantibus
1909 1026 2080 1084 prope

491 1086 678 1149 villam
707 1091 852 1150 Haze
888 1092 1037 1167 (217)
1080 1103 1137 1152 et
1180 1112 1307 1153 eum
1356 1098 1703 1158 introducere
1746 1101 2077 1170 volentibus,

492 1182 674 1241 dictus
694 1183 929 1243 domnus
957 1183 1225 1245 Henricus
1263 1205 1390 1246 cum
1442 1192 1559 1248 suis
1606 1192 1729 1249 illos
1772 1192 1974 1250 invasit
2025 1202 2081 1250 et

494 1273 783 1333 debellavit
826 1277 1104 1350 triumpho
1152 1281 1379 1352 potitus.
1434 1282 1567 1340 Post
1609 1285 1712 1342 hec
1764 1285 1907 1343 facte
1950 1298 2081 1344 sunt

493 1375 684 1440 treuge
702 1369 771 1425 ad
789 1369 977 1426 decem
1005 1386 1179 1428 annos
1203 1372 1419 1447 (1555);
1458 1376 1657 1448 quibus
1681 1377 1849 1435 ﬁnitis
1864 1420 1880 1448 ,
1904 1380 2081 1450 maior

493 1469 581 1517 est
605 1471 795 1517 exorta
816 1478 1010 1533 guerra
1038 1479 1206 1535 quam
1231 1464 1333 1521 fuit
1357 1476 1537 1536 antea,
1560 1485 1667 1540 que
1687 1471 1846 1543 quasi
1876 1472 1945 1529 ad
1962 1481 2080 1530 tres

494 1568 672 1608 annos
692 1553 928 1622 duravit,
953 1554 1007 1610 in
1029 1557 1230 1637 quibus
1248 1558 1403 1629 plura
1431 1561 1661 1619 eeclesie
1685 1573 1871 1621 uostre
1898 1574 2077 1622 castra

492 1651 551 1723 et
582 1642 727 1700 bona
764 1645 1094 1718 episcopalia
1125 1664 1191 1705 ac
1218 1652 1585 1720 quorumdam
1619 1657 2079 1726 monasteriorum

2177 465 2344 523 nobili
2384 462 2618 533 Siﬁ‘rydo
2645 460 2711 516 de
2740 457 3070 522 llomborch,
3099 455 3323 513 Sladum
3351 473 3382 514 a
3420 457 3763 530 Meyuekoue

2177 556 2374 615 ibidem
2406 554 2602 610 comite
2626 551 2738 624 (an.
2778 549 2959 621 15:2),
2983 543 3244 622 Wydenla
3274 548 3342 604 ab
3381 548 3493 605 illis
3525 550 3594 606 de
3638 549 3761 615 60—:

2176 651 2345 706 vvisch
2366 648 2517 715 emit,
2540 655 2594 703 ct
2620 646 2809 703 eadem
2832 651 3011 700 castra
3052 643 3381 711 ubicumque
3408 641 3592 698 diruta
3637 640 3756 703 fue-

2176 751 2302 797 rant
2323 738 2562 810 reparari
2583 736 2859 795 ordinavit-
2878 733 3205 807 (an..15.l1).
3250 731 3470 789 Festum
3528 733 3753 806 gloriosi

2176 832 2423 904 corporis
2451 829 2652 886 Christi
2686 829 2743 884 lu
2771 826 3010 887 ecclesia
3036 834 3221 883 nostra
3256 825 3461 881 etallis
3505 824 3756 887 ecclesiis

2178 922 2471 997 collegiatis
2492 919 2841 992 solempniter
2860 916 3095 974 instituit
3116 931 3240 981 eum
3263 914 3639 972 anniversario
3657 927 3758 968 suo

2178 1012 2410 1085 singulis
2463 1008 2624 1073 annis
2680 1008 3067 1082 peragendum.
3117 1004 3360 1076 Reliquit
3399 1003 3577 1061 eciam
3639 1002 3772 1065 suis~

2177 1104 2591 1163 successoribus
2610 1101 2797 1159 decem
2823 1108 3004 1161 castra
3031 1110 3142 1154 non
3170 1096 3534 1169 inpignorata,
3565 1103 3661 1153 set
3688 1092 3772 1149 liv-

2177 1174 2308 1254 hera
2347 1204 2404 1254 et
2431 1195 2640 1261 soluta,
2670 1191 2921 1253 videlicet
2972 1188 3296 1253 Sturwolde,
3344 1180 3755 1252 Marienborch,

2178 1291 2341 1359 Rute,
2367 1288 2566 1361 Peyue,
2592 1283 2966 1351 Leveuborch,
2994 1282 3217 1338 Sladum
3233 1323 3248 1347 ,
3292 1278 3558 1352 Wydenla
3575 1319 3591 1344 ,
3621 1275 3757 1331 Lut-

2177 1394 2313 1451 tcre,
2336 1380 2723 1449 Woldeusteyu
2745 1384 2800 1432 et
2824 1372 3246 1446 Wyuzeuborch
3285 1371 3373 1438 '“,
3403 1385 3532 1427 cum
3580 1367 3757 1440 pluri-

2177 1478 2283 1534 bus
2303 1473 2464 1532 bouis
2488 1484 2675 1527 mense
2699 1466 3040 1539 episcopalis.
3073 1463 3348 1520 Destruxit
3369 1462 3542 1518 eciam
3577 1466 3761 1516 castra

2180 1568 2469 1627 Grensleve
2522 1572 2577 1621 et
2640 1558 3115 1617 Hilvverdeshuseu
3162 1556 3219 1611 in
3273 1554 3533 1613 comitatu
3576 1549 3756 1606 Dasio.

2180 1663 2341 1719 Rexit
2362 1661 2431 1694 ¹³⁸
2454 1668 2636 1723 autem
2656 1652 2945 1713 ecclesiam
2966 1659 3212 1707 nostram
3239 1647 3308 1703 52
3335 1645 3494 1701 anuis
3516 1658 3643 1699 eum
3673 1640 3760 1695 di—

492 1749 551 1796 et
586 1741 940 1814 collegiorum
970 1742 1313 1815 iupiguorata
1339 1745 1559 1802 fuerunt
1587 1756 1642 1803 et
1667 1763 1858 1803 eorum
1901 1748 2080 1819 aliqua

2182 1755 2370 1811 midio.
2397 1752 2654 1823 Sepultus
2682 1758 2767 1805 cst
2785 1753 2911 1804 ante
2935 1743 3105 1798 altare
3124 1741 3280 1795 beate
3306 1736 3599 1792 Katheriue
3646 1733 3762 1787 vir-

493 1830 715 1901 peuitus
743 1831 997 1889 alienata.
1024 1832 1236 1893 Domuo
1263 1853 1395 1893 vero
1417 1836 1651 1894 Henrico
1680 1839 1733 1893 in
1768 1839 2079 1909 huiusmodi

493 1938 703 1994 gwerra
727 1923 1010 1981 deﬁciente
1036 1933 1091 1981 et
1117 1927 1276 1997 quasi
1298 1929 1638 1999 desperante,
1665 1929 1810 1987 Deus
1831 1931 2081 2002 omnipo-

493 2019 615 2077 tens
641 2014 851 2072 meritis
873 2015 1111 2087 gloriose
1141 2018 1367 2090 virginis
1396 2014 1562 2076 Marie
1614 2036 1711 2076 sue
1758 2021 1971 2093 matris,
2023 2021 2080 2077 iu

491 2121 660 2176 quam
690 2105 905 2178 plenam
933 2116 988 2163 et
1018 2107 1232 2166 ﬁrmam
1261 2111 1452 2167 habuit
1479 2111 2076 2185 conﬁdeueiam,vieto.

491 2198 633 2255 riam
669 2198 774 2254 sibi
796 2200 1025 2257 contulit
1057 2200 1125 2257 de
1176 2202 1413 2261 inimicis
1462 2205 1579 2260 suis
1625 2203 1682 2277 in
1727 2214 1883 2275 prato
1938 2204 2080 2281 infra

495 2283 820 2348 Sturwoldis
844 2301 899 2348 et
919 2293 1216 2361 civitatem,
1243 2311 1478 2367 quorum
1508 2297 1665 2352 multi
1699 2295 1922 2353 fuerunt
1951 2297 2081 2353 sub-

494 2382 659 2440 mersi
688 2394 745 2440 et
772 2400 937 2456 quam
969 2387 1154 2458 plures
1186 2388 1405 2444 abducti
1443 2389 1659 2460 captivi.
1713 2388 1788 2446 De
1832 2406 1941 2460 qua
1995 2389 2081 2445 vi-

489 2472 665 2528 ctoria
694 2472 750 2529 iu
781 2483 995 2531 tantum
1022 2474 1125 2532 fuit
1146 2477 1349 2535 ditatus
1375 2488 1430 2535 et
1461 2479 1759 2537 adversarii
1786 2480 1872 2536 sui
1902 2478 2082 2535 taliter

492 2565 847 2637 suppeditati,
870 2568 1044 2624 eciam
1070 2569 1218 2626 dicto
1243 2571 1447 2629 domno
1475 2572 1637 2630 Erico
1691 2583 1821 2629 tunc
1863 2571 2081 2629 interim

494 2653 781 2726 defuncto,
805 2658 950 2729 quod
980 2675 1046 2716 ex
1072 2669 1205 2718 tunc
1231 2663 1287 2718 in
1316 2664 1547 2736 singulis
1592 2665 1749 2723 factis
1789 2666 1906 2722 suis
1950 2681 2079 2736 pro-

491 2746 844 2836 sperabatur;
885 2735 1232 2811 civitatenses
1261 2735 1434 2810 eciam
1462 2756 1706 2813 videntes
1732 2773 1790 2813 se
1828 2735 2079 2825 deﬁcere,

493 2840 669 2911 gratie
697 2842 827 2898 dicti
855 2844 1044 2901 domui
1065 2845 1284 2903 Heuriei
1311 2865 1369 2905 se
1404 2851 1797 2919 submiserunt,
1826 2851 1907 2907 sic
1935 2851 2081 2922 quod

494 2925 728 2985 invicem
755 2932 1113 2991 amicabiliter
1141 2936 1409 3007 paciﬁcati
1436 2948 1493 2994 et
1520 2940 1832 3018 concordati
1864 2938 2085 2996 fuerunt

497 3016 610 3090 (an.
641 3021 820 3094 15-16).
856 3025 961 3081 Sal
983 3026 1040 3082 iu
1073 3029 1303 3084 emenda
1349 3030 1661 3101 huiusmodi
1713 3016 2082 3089 controversie

2179 1846 2323 1918 ginis
2356 1861 2445 1899 an.
2474 1842 2635 1908 1562,
2662 1839 2818 1895 Febr.
2845 1838 2923 1911 6).
2948 1833 3120 1909 Cujus
3142 1830 3323 1886 anima
3362 1828 3416 1883 in
3459 1841 3591 1898 pace
3639 1838 3764 1896 per-

2179 1946 2340 2010 petua
2368 1936 2695 2006 requiescat.
2730 1932 2924 1987 Amen.

2448 2019 2803 2080 JOHANNES
2841 2008 3298 2076 SCHADELANT
3335 2009 3507 2083 save

2249 2115 2380 2172 Post
2400 2115 2608 2169 obitum
2647 2111 2834 2169 domui
2863 2109 3083 2165 Heuriei
3113 2107 3179 2163 de
3205 2099 3503 2170 Brunsvicii
3525 2105 3768 2161 domnus

2179 2224 2317 2282 papa
2340 2184 2574 2277 providit
2604 2204 2671 2260 de
2696 2202 3013 2273 episcopatu
3071 2197 3502 2256 Hildeusemensi
3544 2194 3765 2251 cuidam

2179 2297 2475 2358 venerabili
2517 2305 2572 2372 et
2607 2297 2753 2352 bono
2797 2293 2918 2349 viro
2970 2292 3039 2349 de
3088 2292 3278 2350 ordine
3326 2289 3765 2353 Brcdicatorum,

2180 2408 2350 2459 sacrm
2396 2391 2644 2462 theoloye
2684 2386 2919 2461 doctori,
2948 2403 3113 2460 quem
3152 2384 3450 2456 vuigariter-
3491 2381 3771 2445 vocabant

2180 2484 2494 2555 episcopum
2531 2480 2836 2537 Iohannem
2871 2477 3219 2535 Schadelaut.
3249 2474 3353 2543 Qui
3389 2475 3445 2529 in
3492 2471 3765 2547 principio

2180 2576 2438 2631 introitus
2472 2573 2557 2630 sui
2579 2572 2865 2645 requisivit
2883 2573 2949 2628 de
2974 2571 3129 2627 libris
3168 2568 3366 2625 divinis
3402 2575 3459 2622 et
3497 2563 3767 2636 legalibus

2180 2660 2635 2741 predecessorum'
2658 2680 2911 2721 suorum.
2934 2661 3090 2718 Tunc
3124 2658 3342 2717 ofﬁciati
3387 2656 3541 2714 eurie
3585 2662 3764 2710 osten-

2180 2760 2381 2816 debant
2401 2759 2451 2814 ei
2483 2758 2703 2823 loricas,
2731 2756 2936 2827 clipeos
2981 2762 3036 2810 et
3086 2753 3288 2826 galeas,
3324 2750 3569 2806 dicentes
3615 2744 3765 2817 quod

2180 2856 2317 2912 tales
2345 2852 2578 2912 fuissent
2598 2852 2723 2907 libri
2749 2851 3195 2922 predecessorum
3226 2860 3477 2903 suorum.
3518 2840 3588 2896 Et
3633 2839 3763 2912 quia

2182 2962 2364 3004 mores
2393 2945 2565 3016 patrie
2609 2959 2719 2999 nou
2757 2941 3130 3014 congruebant
3166 2938 3290 3005 sibi,
3324 2935 3526 2992 idcirco
3579 2933 3761 3003 ipsum

2181 3038 2554 3110 episcopatum
2588 3034 2657 3090 ad
2680 3049 2877 3089 manus
2906 3032 3093 3088 domui
3133 3045 3305 3101 papae,
3342 3043 3373 3083 a
3418 3040 3530 3097 quo
3578 3024 3761 3097 ipsum

492 3110 626 3189 dicti
647 3112 994 3173 civitateuses
1021 3118 1251 3190 singulis
1274 3121 1593 3192 septimanis
1614 3133 1987 3193 apposueruut
2014 3125 2081 3179 12
2108 3111 2152 3171 (ἶ
2184 3127 2377 3186 tenuit.
2403 3125 2697 3190 resiguavit
2722 3126 2833 3193 (an.
2874 3122 3055 3196 1564),
3078 3132 3132 3178 et
3152 3120 3293 3176 forte
3306 3134 3408 3191 per
3425 3117 3567 3174 duos
3587 3128 3769 3169 annos

493 3202 697 3261 talenta
721 3204 1247 3266 Hildeusemensium
1270 3212 1619 3270 denariorum
1648 3215 1715 3271 ad
1737 3215 2079 3274 satisfacien-

494 3293 626 3353 dum
652 3298 1301 3374 lapicidis,ca1;peutariis
1332 3313 1386 3362 et
1432 3307 1554 3363 aliis
1599 3307 1974 3371 laborantibus
2024 3310 2082 3383 in

494 3384 847 3443 ediﬁcaeioue
881 3392 1047 3446 castri
1093 3390 1495 3464 Marieuborch,
1520 3397 1665 3467 quod
1700 3397 1816 3469 ipse
1846 3397 2082 3456 domnus

496 3472 768 3534 Henricus
790 3488 921 3537 tunc
959 3483 1232 3540 ediﬁeavit
1274 3496 1329 3542 et
1374 3490 1699 3556 construxit,
1726 3490 2083 3561 quoadusque

495 3566 703 3623 dictum
732 3579 976 3627 castraut
1001 3573 1354 3644 perﬁceretur
1379 3578 1466 3633 ¹³¹.
1500 3577 1704 3635 Deinde
1722 3580 1945 3636 domino
1970 3578 2082 3636 Deo

500 3662 994 3729 prestante,dictus
1017 3664 1254 3721 domnus
1279 3665 1546 3724 Henricus
1575 3669 1642 3725 ad
1672 3670 1938 3741 gremium
1961 3686 2081 3726 ma-

499 3749 601 3807 tris
629 3752 859 3809 ecelesie
885 3771 1189 3828 regressus,
1217 3773 1248 3812 a
1301 3759 1591 3815 seutcnciis
1636 3760 2081 3817 excommunica-

499 3839 686 3910 tionis,
714 3845 916 3914 quibus
939 3863 1036 3917 per
1053 3849 1285 3905 domuos
1311 3851 1638 3921 apostolicos
1659 3851 1990 3908 Clementem
2030 3863 2083 3909 rt

496 3928 908 4006 luuocencium,
930 3954 994 3994 eo
1019 3941 1163 4010 quod
1196 3942 1492 4012 provisioui
1523 3943 1670 3999 dicto
1697 3944 1899 4000 domno
1922 3943 2082 4000 Erieo

499 4039 598 4095 per
624 4029 805 4084 sedem
833 4031 1186 4100 apostolicam
1218 4030 1357 4089 facte
1386 4050 1445 4091 se
1473 4035 1754 4106 opposuit,
1790 4035 2082 4093 inuodatus

497 4115 779 4185 extiterat,
817 4134 915 4189 per
963 4122 1197 4177 eundem
1245 4122 1629 4182 luuocencium
1678 4126 1962 4183 absolutus
2016 4128 2081 4159 ‘"

497 4205 711 4277 sibique
734 4209 800 4264 de
827 4210 1055 4266 ecclesia
1085 4222 1269 4270 nostra
1295 4215 1361 4270 de
1396 4231 1538 4272 novo
1582 4216 1860 4287 provisum
1907 4216 2084 4274 ﬁderat

496 4298 609 4369 (an.
651 4298 831 4370 1555).
886 4299 1058 4372 Igitur
1110 4303 1190 4360 sic
1247 4306 1626 4364 reconsiliatus
1684 4317 1739 4364 et
1772 4295 2082 4379 ‘premissis

497 4390 728 4462 gwerris
754 4400 808 4447 et
830 4392 1286 4452 tribulacionibus
1309 4399 1650 4454 cessantibus
1691 4415 1755 4454 ac
1786 4398 2080 4469 tranquilla

2182 3219 2238 3275 in
2263 3223 2577 3290 episcopatu
2604 3215 2904 3288 permansit
2931 3214 3017 3269 ³³⁸.

2666 3303 3089 3381 CHERARDUS
3126 3303 3273 3359 δῖνα.

2252 3400 2383 3459 Post
2406 3403 2553 3457 hunc
2588 3416 2686 3473 per
2710 3402 2971 3457 domuum
3015 3394 3297 3453 Urbanum
3345 3405 3540 3463 papam
3596 3388 3759 3460 quin-

2181 3502 2299 3552 tum
2337 3494 2405 3551 ad
2446 3492 2733 3551 ecclesiam
2788 3489 3289 3546 llildeusemensem
3342 3483 3640 3539 translatus
3680 3487 3763 3539 est

2184 3584 2509 3641 venerabilis
2536 3574 2689 3655 pater
2711 3584 2947 3640 domnus
2961 3578 3273 3637 Gherardus
3293 3576 3359 3632 de
3379 3588 3576 3646 genere
3595 3573 3761 3627 baro-

2186 3691 2317 3731 uum
2338 3675 2405 3731 de
2419 3673 2602 3730 Monte
2614 3688 2782 3745 prope
2797 3671 3054 3738 Miudam,
3067 3678 3197 3724 tunc
3213 3666 3500 3737 episcopus
3510 3660 3758 3716 Verden-

2184 3764 2283 3831 sis,
2296 3773 2350 3818 et
2362 3763 2635 3835 quondam
2650 3770 2902 3819 cantoret
2916 3758 3258 3832 postmodum
3281 3756 3522 3811 decauus
3534 3748 3761 3849 ecclesie

2184 3846 2400 3920 uostre;
2432 3852 2515 3908 vir
2544 3852 2834 3921 facundus,
2864 3850 3121 3923 providus
3149 3855 3203 3903 et
3226 3836 3761 3938 magnanimus-Illic

2183 3945 2360 4016 primo
2390 3944 2535 3999 anno
2565 3944 2648 3999 sui
2686 3944 2967 4015 ingressus
2997 3939 3263 4012 quosdam
3287 3943 3535 4006 raptores
3563 3929 3756 3986 videli-

2184 4044 2269 4093 cet
2290 4034 2359 4090 60
2386 4043 2626 4091 armatos
2646 4034 2713 4090 de
2734 4032 3018 4090 Westfalia
3040 4029 3257 4101 cpidum
3280 4025 3428 4080 Eltze
3444 4021 3757 4078 invadentes

2184 4127 2355 4198 cepit,
2388 4134 2472 4182 set
2518 4126 2802 4182 attendens
2837 4124 2988 4196 quod
3036 4123 3184 4178 salvo
3213 4120 3421 4174 honore
3469 4130 3567 4170 eos
3619 4111 3757 4166 forte

2185 4217 2417 4273 retinere
2465 4232 2573 4271 non
2612 4226 2817 4287 posset,
2864 4215 3065 4271 liberos
3094 4222 3148 4268 et
3183 4210 3366 4281 quitos
3399 4204 3609 4262 dimisit
3638 4216 3759 4258 eos-

2183 4310 2326 4365 dem.
2360 4307 2562 4364 Deinde
2591 4324 2736 4364 auuo
2764 4323 2865 4364 suo
2894 4305 3065 4362 tereio
3097 4304 3162 4335 ¹³⁷
3185 4301 3329 4357 circa
3368 4297 3567 4353 festum
3612 4290 3756 4347 uati-

2183 4400 2369 4456 vitatis
2403 4398 2570 4455 Marie
2608 4400 2718 4470 (an.
2746 4398 2904 4470 1567)
2935 4393 3312 4452 iuvadentibus
3345 4387 3623 4443 hostiliter
3644 4383 3757 4453 epi-

495 4494 629 4550 pace
659 4483 1002 4553 succedente,
1025 4496 1205 4542 castra
1232 4489 1461 4545 eeclesie
1483 4490 1826 4562 inpignorata
1854 4498 1909 4546 et
1937 4490 2080 4544 bona
2113 4474 2159 4507 ν
2182 4499 2469 4562 seopatum
2517 4500 2767 4547 nostrum
2819 4489 2956 4545 duce
2998 4486 3192 4557 Magno
3234 4482 3305 4579 de
3339 4474 3664 4579 Brunswigk

492 4570 756 4628 meusalia
787 4590 885 4645 pro
911 4585 1026 4632 toto
1054 4595 1155 4635 suo
1179 4595 1339 4650 posse
1362 4582 1720 4652 recuperavit.
1738 4582 1928 4637 Castra
1954 4572 2084 4637 vero
2184 4584 2441 4653 episeopo
2497 4581 2939 4638 Halberstadeusi
2989 4595 3113 4635 cum
3187 4571 3458 4644 adiutorio
3517 4570 3754 4640 episcopi

495 4658 891 4733 Woldcnstcin,
927 4668 1149 4723 Sladum
1186 4679 1241 4725 et
1264 4670 1529 4743 Wydenla
1554 4671 1700 4742 (218)
1743 4686 1844 4742 pro
1882 4686 2079 4742 magna
2183 4672 2660 4746 Magdeburgcnsis
2698 4672 2927 4741 bischop
2962 4668 3239 4740 Kogelvvyt
3267 4664 3517 4720 dietiuec
3548 4674 3659 4713 nou
3689 4655 3755 4710 de

493 4751 722 4821 pceuuie
751 4769 964 4811 summa
991 4758 1220 4814 ceclcsie
1244 4769 1429 4816 uostre
1454 4760 1804 4832 conparavit;
1836 4770 2079 4816 castrum
2184 4765 2436 4838 Anchalt,
2461 4764 2527 4820 de
2549 4762 2962 4820 Hademersleve
2990 4774 3113 4816 eum
3139 4756 3386 4828 pluribus
3414 4751 3536 4807 aliis
3559 4749 3754 4805 bravo—

1698 4914 1783 4970 VA
1794 4914 1932 4969 RIIE
1965 4915 2257 4974 LECTION
2266 4919 2367 4974 ES.

567 5021 630 5106 ξδ’
648 5034 807 5106 ann?
833 5019 1048 5106 Domini
1072 5024 1473 5084 MCCCXXXII.
1504 5030 1560 5084 in
1585 5039 1749 5106 nocte
1772 5029 1968 5106 natalis
1997 5028 2215 5106 Domini
2238 5031 2316 5106 2._
2392 5032 2457 5106 Ψ
2480 5031 2547 5106 Et
2573 5033 2640 5106 de
2663 5032 2889 5106 singulis
2914 5028 3164 5106 domibus
3189 5026 3371 5106 adhuc
3406 5019 3569 5106 hodie
3583 5018 3751 5106 fleti}:

495 5090 791 5172 Yf'onetynf
814 5099 881 5172 ad
926 5093 1071 5150 idem
1119 5108 1362 5172 castrum
1416 5109 1671 5172 spectans
1717 5100 2264 5172 demptishaliquibus
2306 5101 2464 5157 bonis
2517 5090 2823 5172 feudalibﬁs
2852 5117 2975 5172 que
3026 5098 3226 5172 habent
3254 5090 3745 5172 _domini‘episcopi

495 5166 982 5252 ngtotlasterium
1007 5164 1490 5252 sanctiuicbaelis
1521 5179 1577 5225 et
1613 5168 1771 5252 pauci
1799 5164 2010 5224 vasalli.
2034 5164 2264 5252 occasio
2288 5180 2473 5252 autem
2496 5164 2899 5252 compulsiouis'
2914 5170 2980 5226 ad
3004 5164 3628 5252 ediﬁeandumgcastﬁum

496 5227 798 5288 Mdictum
823 5236 925 5284 fuit
955 5234 1078 5294 ista.
1112 5238 1238 5294 auia
1267 5224 1713 5294 episeouusvieit
1756 5255 1850 5290 eos
1894 5254 2062 5290 uroue
2092 5224 2477 5313 ‘mdlo'niunhiﬁ
2506 5224 2549 5293 ἰή
2567 5224 2991 5330 -ᾀξίιξιῆοξέέιήι
3022 5230 3571 5330 Ρὲειξιεῖνίαιειξ

3003 5305 3194 5330 --..--Σ.ὶ.
3207 5305 3330 5330 Α..-ι.
3374 5320 3396 5330 -
