4038 6384
1731 313 1958 337 Ὧ-ι-νι

270 411 408 471 1277

1381 426 1774 487 CHRONICON
1815 427 2436 492 HILDESBEIMENSE.

3398 419 3537 492 127a

271 531 433 588 nibus
484 528 635 602 (2l9)
672 539 726 586 et
763 530 1001 590 maxima
1054 536 1449 612 armigerorum
1487 541 1854 609 multitudine,
1885 547 1933 605 Α
1959 546 2241 618 dispendia
2279 566 2611 620 gwerrarum
2641 559 2696 604 et
2731 549 2979 605 labomm
3011 550 3250 606 retinuit.
3279 551 3536 608 Castrum

271 621 515 680 occurrit
531 622 613 680 eis
641 633 861 694 propter
881 624 1064 682 villam
1087 625 1419 688 Vormerscn
1445 632 1594 705 (220)
1618 633 1853 690 domnus

269 713 584 771 Gherardus
605 715 917 787 episcopus,
934 725 989 774 et
1009 721 1178 791 pretio
1192 721 1505 779 diutissimo
1531 725 1850 792 commisso,

268 804 564 862 auxiliante
592 803 705 862 Deo
738 817 791 864 et
820 825 920 865 sua
944 813 1222 883 genitrice,
1246 814 1531 871 victoriam
1557 815 1852 888 gloriosam

265 899 444 954 nostri
467 907 930 970 -reportaveruat,
983 902 1284 962 interfectis
1325 906 1746 979 quamplurimis
1784 908 1853 942 "'

263 989 729 1060 adversariorum,
759 1001 814 1048 et
835 994 1009 1065 captis
1038 995 1176 1053 duce
1201 998 1446 1069 predicto
1475 1015 1575 1056 nec
1604 1014 1712 1054 non
1738 998 1855 1070 epi-

263 1095 436 1151 scopo
469 1079 910 1141 Halberstadensi
959 1086 1182 1144 Alberto
1205 1104 1332 1144 cum
1367 1080 1576 1162 magna
1622 1105 1851 1147 suorum

260 1172 641 1241 multitudine,
679 1190 711 1230 a
759 1177 962 1246 quibus
995 1180 1292 1235 maximam
1321 1181 1551 1251 pecunle
1578 1196 1853 1238 summam

261 1262 382 1335 ipse
409 1262 666 1322 dominus
687 1275 876 1323 noster
899 1269 1189 1343 episcopus
1207 1280 1534 1342 extorquere
1562 1270 1852 1344 potuisset,

259 1356 361 1412 sed
382 1357 590 1413 veritus
616 1358 946 1416 tirannidem
997 1362 1395 1436 archiepiscopi
1423 1363 1854 1438 Magdeburgen-

259 1448 366 1516 sis,
394 1451 489 1521 qui
533 1458 665 1507 tunc
701 1453 845 1524 apud
884 1451 1146 1511 Karolum
1177 1466 1433 1528 quartum
1468 1458 1850 1529 imperatorem

259 1555 460 1614 magne
496 1545 842 1602 auctoritatis
887 1547 1210 1617 habebatur,
1261 1558 1316 1605 et
1351 1550 1516 1606 etiam
1550 1553 1852 1623 potentiam

259 1631 420 1691 ducis
453 1632 632 1706 Magni
671 1636 932 1707 iunioris,
978 1639 1073 1710 qui
1105 1648 1234 1697 tunc
1267 1643 1336 1698 ad
1381 1643 1612 1700 ducatus
1671 1642 1852 1700 Brun-

260 1727 585 1784 swicenscm
599 1737 653 1784 et
677 1729 1156 1804 Luneburgensem
1172 1733 1654 1805 fueratexaltatus,
1674 1752 1704 1792 a
1729 1753 1855 1808 pre-

259 1817 424 1880 dictis
443 1819 674 1891 captivis
700 1838 972 1878 summam
1004 1825 1249 1881 tridecim
1277 1827 1511 1884 millium
1541 1845 1852 1886 marcarum

1957 634 2319 710 Vynenborch
2381 657 2411 695 a
2454 642 2669 719 comite
2695 641 2949 696 Conrado
2997 642 3065 698 de
3110 640 3537 713 Werningerode

1952 747 2054 801 pro
2103 748 2300 803 magna
2333 748 2557 788 summa
2593 733 2824 804 pecunic
2865 733 3015 788 emit.
3051 732 3307 788 Castrum
3337 733 3535 791 Biano-

1952 822 2230 880 kcnborch
2265 825 2406 895 cepit
2435 825 2730 894 adjuvante
2750 824 2948 879 comite
2979 821 3244 896 Tydei-leo
3275 824 3342 879 de
3377 822 3536 880 Wer-

1952 915 2268 986 ningerode,
2314 916 2460 988 quod
2485 925 2670 972 tamen
2697 917 2750 971 in
2777 915 2989 986 placitis
3019 926 3233 987 recepta
3259 914 3536 986 aliquanta

1953 1009 2199 1078 pecuniae
2245 1025 2460 1064 summa
2506 1009 2708 1064 comite
2766 1009 2832 1040 “°
2861 1008 3176 1063 Borchardo
3208 1007 3275 1062 de
3313 1005 3532 1079 Regem

1953 1106 2108 1169 steyn
2136 1097 2390 1154 restituit.
2421 1099 2676 1154 Castrum
2710 1097 3082 1171 Stcynbrugge
3101 1106 3421 1162 construere
3447 1096 3535 1152 in-

1953 1189 2114 1260 cepit.
2150 1183 2214 1245 ln
2244 1190 2417 1245 saliua
2440 1189 2606 1261 Gyter
2630 1191 2780 1263 (εει)
2804 1191 3070 1262 quosdam
3098 1190 3340 1246 redditus
3361 1189 3538 1248 dictos

1953 1280 2295 1354 bokpennige
2341 1283 2412 1337 ab
2440 1279 2549 1340 illis
2581 1283 2647 1338 de
2678 1281 2949 1355 linyscede
2974 1282 3125 1337 emit.
3153 1279 3347 1338 Villam
3376 1279 3536 1337 Mud-

1954 1373 2290 1432 desdeborch
2321 1373 2472 1445 (225)
2504 1383 2559 1429 et
2610 1374 2801 1431 silvam
2833 1374 3152 1432 attinentem
3202 1374 3272 1429 ab
3319 1374 3426 1429 illis
3469 1373 3538 1429 de

1954 1465 2145 1522 Roden
2187 1482 2288 1538 pro
2315 1475 2464 1522 certa
2515 1467 2747 1538 pecunie
2781 1458 2995 1522 summa
3042 1465 3299 1522 videlicet
3330 1463 3433 1519 700
3469 1464 3535 1497 ιδ’

1956 1560 2164 1617 markis
2189 1561 2548 1632 comparavit.
2577 1560 2811 1616 Domum
2843 1559 3111 1630 lapideam
3141 1574 3238 1613 seu
3264 1556 3536 1636 palacium

1955 1654 2012 1709 in
2047 1652 2438 1725 Puppenborch
2461 1653 2700 1709 edificari
2735 1651 3072 1723 procuravit.
3099 1650 3317 1720 Organa
3347 1655 3539 1704 nostra

1955 1759 2098 1802 nova
2150 1744 2218 1800 ad
2249 1751 2504 1800 ornatum
2558 1742 2786 1798 ecclesie
2827 1748 3016 1797 nostre
3075 1739 3388 1809 sumptibus
3435 1736 3539 1791 100

1958 1799 2271 1888 marcarum
2313 1840 2368 1888 et
2415 1832 2558 1887 ultra
2607 1831 2849 1887 donavit.
2880 1828 3079 1885 Villam
3135 1799 3315 1901 Peyne
3370 1799 3554 1899 propel

261 1909 475 1984 argenti
517 1910 571 1965 in
603 1912 845 1969 amicitia
889 1915 1175 1972 dumtaxat
1211 1919 1416 1990 recepit
1452 1920 1538 1976 m.
1574 1920 1706 1977 Post
1751 1921 1856 1981 hoc
1890 1933 1933 1988 Β
1961 1921 2266 1980 Kerkvcrde
2293 1939 2394 1995 pro
2423 1922 2526 1978 100
2553 1921 2756 1980 marcis
2797 1920 3158 1992 comparavit.
3183 1918 3414 1989 insuper
3442 1933 3557 1973 ca—

262 2010 385 2056 orta
413 2011 498 2058 est
540 2003 817 2060 discordia
856 2005 999 2062 inter
1027 2007 1312 2065 dominum
1363 2020 1613 2066 nostrum
1639 2011 1853 2082 episco-

251 2105 396 2176 pum
421 2100 479 2149 et
499 2109 565 2150 ex
577 2096 685 2152 alia
706 2106 860 2168 parte
871 2099 1038 2157 duces
1066 2099 1318 2159 Ottonem
1333 2104 1550 2177 (22l)ct
1568 2106 1852 2161 Albertum

265 2184 420 2256 (222)
454 2186 522 2241 de
539 2186 900 2262 Brunswigk;
928 2193 1150 2263 quidam
1183 2194 1250 2251 de
1277 2197 1500 2254 vasallis
1520 2206 1576 2253 et
1605 2197 1853 2254 ministe-

263 2275 494 2332 rialibus
549 2279 778 2336 ecclesie
835 2280 1302 2344 Hildensemensis
1353 2289 1612 2360 episcopo
1663 2299 1853 2346 nostro

264 2367 615 2438 rebellantes,
669 2373 737 2428 ad
771 2373 948 2430 dictos
991 2377 1160 2433 duces
1208 2394 1266 2435 se
1301 2381 1682 2450 contulerunt;
1709 2399 1850 2456 quos

264 2458 381 2538 ipse
424 2461 661 2520 domnus
709 2466 1002 2537 cpiscopus
1065 2469 1119 2524 in
1166 2480 1349 2527 castro
1386 2472 1708 2531 Walmoden
1747 2491 1850 2547 po-

264 2559 443 2610 tenter
471 2554 683 2612 obsedit
727 2557 839 2628 (an.
892 2559 1050 2632 l368)
1069 2603 1083 2628 ,
1115 2571 1169 2620 ct
1214 2564 1357 2620 miro
1380 2565 1542 2621 modo
1562 2583 1658 2638 per
1692 2567 1852 2624 indu-

263 2643 458 2698 striam
493 2645 674 2717 ipsum
719 2658 962 2706 castrum
989 2668 1114 2709 cum
1151 2670 1293 2726 aque
1326 2655 1475 2712 ﬂuxu
1507 2668 1852 2732 pcomportato

263 2750 458 2808 aggere
487 2739 762 2813 submergi
799 2741 930 2798 fecit
959 2752 1012 2799 et
1051 2761 1118 2800 ex
1163 2755 1277 2802 toto
1304 2748 1536 2818 destrui,
1580 2759 1740 2821 prout
1765 2752 1852 2806 in—

262 2827 436 2884 tuitus
464 2829 765 2889 hodiernus
795 2835 1131 2894 manifestat.
1186 2838 1420 2896 Sinistro
1448 2850 1628 2897 tamen
1655 2852 1853 2898 eventu

264 2917 472 2975 factum
504 2931 589 2991 est
622 2926 788 2996 quod,
826 2927 1153 2986 durantibus
1183 2930 1499 3002 huiusmodi
1530 2944 1852 2990 controver-

269 3009 388 3078 siis,
414 3013 645 3082 predicti
693 3015 862 3074 duces
904 3019 1124 3090 cpidum
1155 3023 1383 3079 ecclesie
1426 3035 1614 3082 nostre
1634 3026 1854 3084 Alvelde

263 3114 545 3174 ceperunt,
593 3108 986 3178 spoliaverunt,
1038 3123 1092 3168 et
1121 3124 1366 3172 castrum
1399 3133 1601 3174 novum
1653 3121 1854 3178 ibidem

263 3206 560 3253 erexerunt
620 3199 740 3272 (an.
791 3201 972 3275 1570).
1023 3204 1129 3260 Sed
1179 3207 1438 3265 dominus
1480 3209 1625 3266 Deus
1661 3221 1716 3268 et
1765 3212 1852 3282 pia

1956 2011 2116 2067 licem
2160 2012 2226 2068 de
2268 2027 2405 2068 auro
2450 2027 2590 2082 puro
2641 2010 2871 2084 gemmis
2917 2009 3172 2081 pretiosis
3213 2008 3541 2064 adornatum

1956 2103 2184 2163 ecclesie
2210 2112 2397 2160 nostre
2429 2104 2596 2159 dedit.
2628 2101 3080 2158 Anniversarium
3110 2116 3272 2158 suum
3304 2098 3544 2160 instituit

1956 2194 2309 2266 solempniter
2344 2196 2400 2250 in
2441 2195 2673 2251 ecclesia
2706 2202 2894 2252 nostra
2923 2192 3310 2264 peragendum.
3343 2190 3542 2247 Aulam

1956 2288 2319 2360 episcopalem
2339 2289 2496 2360 quasi
2521 2287 2760 2345 dirutam
2780 2295 2836 2342 et
2863 2293 3132 2342 vetustate
3159 2292 3542 2367 consumptam

1955 2381 2258 2437 reedificari
2317 2380 2649 2451 procuravit.
2701 2378 3015 2435 Claustrum
3067 2373 3543 2432 Carthusiensium

1956 2474 2206 2532 fundavit
2235 2473 2507 2544 adjutorio
2542 2473 2814 2528 bonorum
2841 2470 3087 2525 virorum
3141 2475 3197 2523 et
3242 2464 3544 2523 redditibus

1955 2567 2185 2622 dolavit.
2219 2565 2339 2637 ipse
2372 2565 2513 2621 rexit
2534 2564 2822 2621 ecclesiam
2849 2571 3094 2618 nostram
3123 2559 3284 2615 annis
3320 2557 3542 2630 triginta

1957 2658 2157 2726 tribus,
2179 2667 2237 2732 et
2269 2666 2390 2714 erat
2431 2658 2548 2715 suis
2578 2656 2814 2713 subditis
2837 2653 3127 2726 presertim
3155 2650 3368 2707 clericis
3396 2647 3544 2703 mul-

1959 2761 2074 2806 tum
2101 2750 2335 2806 affabilis
2363 2758 2416 2805 et
2444 2749 2739 2820 benignus;
2766 2747 2868 2802 fuit
2896 2743 3224 2802 sullicienter
3248 2742 3544 2808 litteratus,

1957 2852 2012 2898 et
2039 2843 2161 2898 ideo
2193 2842 2520 2898 clericorum
2549 2841 2782 2896 fauctor.
2822 2837 3002 2892 Etiam
3032 2835 3236 2890 multas
3261 2833 3544 2888 orationes

1957 2942 2012 2988 et
2036 2934 2338 2990 dictaturas
2383 2942 2494 2988 tam
2524 2947 2821 3003 prosaycas
2850 2944 3016 3000 quam
3061 2925 3317 2982 metricas
3359 2940 3455 2994 per
3484 2938 3544 2979 se

1959 3025 2137 3096 ipsum
2164 3024 2332 3081 edidit
2372 3032 2427 3078 et
2460 3023 2704 3080 dictavit.
2728 3021 2852 3092 Ipso
2880 3029 3061 3075 autem
3095 3018 3149 3071 in
3176 3026 3320 3072 etate
3349 3016 3542 3071 decre-

1958 3117 2071 3187 pita
2120 3116 2440 3182 constituto,
2477 3113 2681 3171 subditi
2714 3113 2799 3168 sui
2823 3121 2877 3168 et
2915 3109 3154 3167 maxime
3187 3107 3416 3164 ecclesie
3442 3121 3540 3160 va-

1959 3209 2080 3264 salli
2110 3209 2381 3264 tumultus
2411 3216 2465 3262 et
2491 3221 2728 3278 gwerras
2758 3205 2900 3259 inter
2949 3219 3008 3258 se
3058 3216 3269 3284 graves.
3295 3198 3541 3280 concita-7

264 3298 442 3345 mater
461 3289 582 3360 ejus
604 3307 716 3346 non
741 3293 895 3349 obliti
912 3295 1290 3354 misericordie
1313 3315 1410 3355 suc
1438 3316 1539 3356 nec
1565 3303 1852 3357 ecclesiam
1881 3309 1922 3366 c
1954 3309 2172 3356 verunt.
2195 3298 2254 3354 ln
2277 3299 2477 3369 quibus
2497 3297 2726 3354 ecclesia
2747 3305 2935 3351 nostra
2958 3294 3194 3349 maxime
3209 3291 3536 3363 periclitata,

266 3389 510 3451 nostram
551 3383 778 3438 omnino
813 3384 1284 3459 derelinquentes,
1311 3406 1378 3446 ex
1407 3401 1532 3461 post
1559 3393 1850 3464 aliqualcm

267 3473 702 3542 consolationem
733 3475 1074 3545 rcfuderunt,
1100 3480 1443 3551 disponendo
1461 3485 1606 3554 quod
1635 3485 1852 3541 olliciati

265 3562 474 3619 domini
507 3566 682 3622 nostri
704 3567 948 3639 episcopi
982 3586 1150 3642 prope
1181 3581 1426 3628 castrum
1462 3574 1852 3649 Woldensteyn

267 3654 455 3728 habito
480 3657 686 3724 insultu
715 3675 840 3714 cum
864 3662 1217 3736 adversariis,
1239 3664 1310 3720 24
1339 3676 1581 3723 armatos
1603 3668 1852 3738 pociores

265 3745 334 3801 de
365 3748 634 3804 dictorum
653 3751 856 3809 ducum
879 3753 1128 3812 clientela
1152 3767 1436 3825 ceperunt,
1464 3758 1697 3829 ipsomet
1715 3760 1854 3816 duce

267 3836 464 3910 Ottone
508 3857 605 3910 per
649 3841 834 3913 fugam
881 3845 973 3900 vix
1019 3846 1298 3902 evadente.
1349 3847 1429 3903 Ex
1460 3858 1590 3911 tunc
1621 3850 1853 3905 interve-

266 3930 544 4003 nientibus
575 3933 790 4002 placitis
825 3942 1012 4006 treuge
1051 3935 1192 3992 facte
1220 3948 1367 4005 sunt,
1397 3949 1453 3995 et
1480 3942 1711 4012 tandem.
1731 3943 1851 4013 opi-

266 4021 396 4090 dum
413 4022 630 4080 Alvelde
658 4039 781 4080 cum
813 4035 996 4082 castro
1027 4043 1168 4083 novo
1197 4031 1510 4086 restitutum
1544 4041 1630 4089 est
1665 4035 1850 4104 nobis,

267 4121 323 4184 et
352 4113 549 4184 captivi
575 4115 776 4171 ducum
808 4126 937 4172 sunt
968 4118 1126 4174 liberi
1166 4121 1399 4179 dimissi.
1426 4123 1571 4180 ldem
1595 4126 1854 4184 dominus

217 4247 225 4256 .
268 4211 456 4258 noster
488 4204 778 4276 episcopus
803 4215 918 4263 toto
952 4225 1053 4265 suo
1084 4218 1325 4282 tempore
1349 4216 1551 4272 multas
1581 4224 1636 4272 et
1670 4217 1853 4274 diver-

269 4309 362 4350 sas
391 4295 747 4362 adversitates
773 4299 826 4355 in
852 4302 1062 4372 spoliis,
1097 4304 1364 4362 incendiis
1388 4317 1442 4362 et
1468 4309 1854 4368 rebellionibus

268 4402 521 4458 (suorum,
557 4391 626 4446 ab
652 4393 908 4457 omnibus
929 4395 1446 4466 circumjaeentibus
1470 4401 1722 4469 ducibus,
1748 4419 1852 4460 no-

267 4477 493 4553 bilibus,
525 4492 580 4536 et
616 4484 1039 4556 oppressoribus
1071 4489 1186 4544 suis
1220 4489 1697 4562 impugnatoribus
1729 4511 1855 4565 gra-

267 4570 493 4628 vissime
527 4589 819 4645 perpessus
863 4586 967 4646 est,
1015 4580 1112 4634 sed
1142 4589 1324 4636 tamen
1373 4582 1470 4638 Dei
1497 4593 1553 4638 et
1573 4585 1852 4655 genitricis

1955 3407 2145 3464 graves
2172 3391 2554 3463 oppressiones
2576 3397 2630 3445 ct
2650 3387 2880 3458 injurias
2905 3385 3229 3442 sustinebat.
3267 3381 3542 3453 Episccpo
3567 3420 3569 3423 .

1953 3500 2082 3539 vero
2114 3491 2331 3554 propter
2366 3483 2577 3538 senium
2601 3480 2885 3536 deﬁciente
2918 3487 2973 3533 et
3002 3475 3353 3532 rebellionem
3391 3473 3539 3544 ipso-

1955 3591 2075 3629 rum
2099 3589 2446 3644 compescere
2467 3589 2577 3628 non
2599 3573 2833 3638 valente,
2850 3570 2975 3625 talis
3005 3569 3201 3624 modus
3225 3564 3537 3632 intervenit,

1954 3663 2100 3734 quod
2128 3663 2362 3718 domnus
2381 3661 2660 3717 Jolsannes
2688 3661 2833 3717 [ilius
2862 3658 3079 3716 comitis
3106 3658 3174 3713 de
3201 3655 3374 3729 lloya,
3406 3664 3539 3711 tunc

1953 3756 2245 3826 episc0pus
2275 3771 2371 3812 seu
2420 3756 2626 3810 electus
2676 3752 3138 3820 Padeburnensis,
3169 3751 3226 3805 in
3257 3749 3538 3820 coadjuto—

1954 3863 2068 3902 rem
2105 3846 2292 3901 domni
2319 3847 2559 3917 episcopi
2589 3845 3055 3902 Hildenscmensis
3084 3851 3401 3912 assumptus
3432 3849 3534 3907 est,

1954 3938 2048 4008 qui
2079 3938 2398 3994 insolentias
2419 3947 2544 3992 ante
2570 3938 2784 3993 habitas
2805 3935 3119 4000 refrenavit,
3146 3941 3310 4004 prout
3329 3931 3538 4000 aliqua-

1955 4030 2079 4086 liter
2116 4029 2274 4096 fecit;
2321 4046 2431 4101 quo
2464 4030 2729 4086 translato
2759 4029 2824 4084 ad
2849 4028 3224 4098 episcopatum
3254 4021 3536 4077 Hildense-

1956 4106 2220 4189 mensem,
2246 4123 2483 4178 domnus
2503 4121 2819 4176 tilicrardus
2843 4119 3056 4176 modico
3085 4125 3327 4186 tempore
3348 4127 3539 4182 super-

1956 4219 2093 4274 vixit
2128 4218 2216 4282 “’,
2271 4225 2326 4272 et
2375 4215 2670 4272 defunctuS
2706 4215 2827 4286 (an.
2877 4211 3036 4276 1⁸598,
3070 4206 3335 4277 Nov.15)
3392 4203 3536 4276 apud

1954 4310 2377 4367 Carthusienses
2410 4307 2887 4363 llildensemenses
2915 4304 3190 4374 sepultus,
3222 4299 3451 4354 feliciter
3482 4296 3538 4350 in

1954 4401 2174 4457 Christo
2202 4401 2527 4472 requiescat.
2553 4399 2747 4466 Amen,
2774 4407 2880 4453 etc.

2466 4489 2822 4546 JOHANNES
2860 4488 3013 4543 58‘".

2027 4583 2166 4639 Ante
2194 4585 2372 4640 dictus
2409 4593 2592 4639 autem
2622 4582 2902 4638 Johannes
2928 4579 2998 4633 ad
3027 4577 3397 4648 episcopatum
3424 4570 3536 4624 ηει-

263 4677 365 4718 sue
386 4662 552 4720 Marie
587 4665 880 4736 adiutorio,
909 4668 964 4723 in
986 4686 1092 4740 qua
1119 4672 1276 4742 plene
1300 4649 1622 4744 conﬁdebat,
1647 4677 1710 4734 in,
1735 4678 1852 4733 sin-
1885 4649 1928 4703 θ
1956 4675 2370 4732 densemensem
2396 4682 2702 4746 promotus,
2729 4673 2784 4726 in
2818 4661 2921 4726 suo
2951 4667 3175 4722 introitu
3199 4665 3379 4735 aliqua
3402 4662 3538 4717 satis

265 4754 408 4825 gulis
474 4757 820 4815 laudabiliter
872 4763 1160 4832 prevaluit.
1209 4762 1464 4821 Castrum
1513 4767 1848 4826 Calenberch

265 4845 500 4910 obsedit,
525 4857 579 4904 et
604 4848 829 4906 fluvium
875 4851 1115 4928 Leynam
1154 4854 1400 4923 abduxit,
1425 4857 1639 4928 magnis
1667 4867 1848 4918 tamen

263 4934 543 4994 laboribus
589 4947 645 4995 et
690 4943 975 5012 expensis,
1026 4953 1188 5016 prout
1219 4944 1407 5016 liquet.
1435 4946 1690 5004 Castrum
1718 4949 1846 5005 Col-

261 5027 462 5099 dingen
508 5031 660 5103 (223)
687 5034 918 5092 ecclesie
955 5045 1141 5094 nostre
1192 5039 1504 5110 acquisivit,
1553 5057 1650 5111 per
1678 5043 1846 5099 multa

1955 4775 2216 4822 strcnnue
2250 4766 2438 4838 gessit.
2470 4763 2607 4820 Nam
2646 4765 2841 4821 ducem
2874 4760 3223 4817 Fredericum
3264 4757 3330 4812 de
3361 4755 3537 4809 Brun-

1957 4857 2128 4931 swigk
2165 4867 2366 4914 terram
2417 4856 2920 4914 Hildensemensem
2970 4852 3367 4924 opprimentem
3421 4846 3537 4916 ipse

1954 4951 2294 5021 compescuit
2315 4959 2371 5007 et
2390 4951 2667 5023 repressit.
2693 4948 2870 5005 Etiam
2894 4954 3137 5003 castrum
3153 4941 3362 4998 Vreden
3387 4937 3534 5010 (22G)

1953 5042 2182 5099 ecclesie
2229 5040 2666 5099 llildensemensi
2705 5041 2938 5098 multum
2988 5033 3339 5110 prejudiciale
3366 5045 3536 5101 expu-

1547 5173 1780 5234 V'AllUE
1817 5176 2220 5236 LECTIONES.

269 5289 404 5389 mm
433 5299 490 5344 et
523 5292 676 5346 addit
697 5310 744 5347 c.
789 5295 891 5375 "‘3’
919 5295 987 5350 de
1012 5312 1120 5366 qua
1150 5311 1268 5421 ιὸθοι

363 5357 452 5413 Vll
483 5377 531 5416 c.
611 5363 677 5396 “’
713 5363 848 5420 obnt
891 5380 1022 5421 ergo
1072 5383 1124 5421 a.
1208 5407 1223 5420 .

363 5357 452 5413 Vll
483 5377 531 5416 c.
611 5363 677 5396 “’
713 5363 848 5420 obiit
891 5357 1046 5436 ergo'
1072 5383 1124 5422 a.
1152 5357 1223 5421 ἶ).
1269 5367 1423 5424 1598.
1458 5369 1512 5423 2.

1271 5296 2010 5373 inia‘coiistruxitetdotavit
2037 5317 2102 5358 ac
2128 5300 2378 5359 fundavit
2399 5276 2753 5358 Carthusiam
2792 5315 2963 5373 prope
2998 5297 3216 5354 Hilden.
3288 5289 3356 5324 ⁸⁸⁸
3379 5290 3458 5344 ita
3485 5305 3535 5342 c.

1805 5457 2037 5517 NOTE.

336 5534 1179 5657 (ἓξὲξιεξμὲξὲίξηίὲνξιε-ημημ
1537 5639 1594 5657 η.
1726 5640 1736 5652 .

345 5631 796 5703 ῖῆ0)ίῐι“θηιιεεη
854 5636 924 5691 ab
977 5637 1187 5694 oriente
1222 5638 1489 5703 civitatis;
1535 5639 1845 5696 Chronicon

265 5703 438 5777 sancti
483 5702 684 5777 Egidii
715 5714 768 5761 et
793 5704 968 5762 Bothe
987 5707 1368 5768 Gheimessem
1395 5721 1446 5765 et
1473 5702 1696 5768 Dinklar
1720 5711 1850 5767 scri-

263 5773 417 5850 run:

340 5843 486 5922 ΨΜ)
513 5843 1071 5909 Salzdcrheldensem.

2022 5569 2172 5638 (222)
2196 5565 2627 5638 couinsenscm-

2023 5633 2173 5709 (223)
2206 5655 2244 5709 a‘
2263 5633 2458 5709 Magno
2487 5637 2626 5691 duce
2663 5633 3096 5705 oppigneratum.

2023 5707 2177 5780 (224)
2211 5707 2531 5780 βειιῑζὶιιειι.

2025 5773 2176 5850 (225)
2205 5773 2448 5850 Mishurg
2471 5791 2643 5850 prope
2674 5773 2964 5850 llannuver

2025 5837 2174 5924 (226)
2216 5851 2280 5908 ad
2323 5837 2589 5916 Leii'iam,
2627 5847 2770 5903 haud
2822 5845 3081 5918 procula
3117 5837 3527 5902 Gandersheim.
