4066 5330
454 262 602 355 μω

1473 263 1479 271 ·
1548 261 1886 347 APPENDIX
1928 262 2023 327 AD.
2059 263 2117 323 s.
2159 263 2655 353 consumam.

446 351 675 453 ignava,
692 380 1018 459 cooperante
1037 373 1174 429 duce
1202 372 1524 441 Henricu,et
1552 365 1797 431 funditus
1822 364 2036 444 evertit,
2064 364 2114 435 Ἀ
2139 351 2930 459 oremationibushostilissime
2948 383 3346 457 pervagaruut;

454 470 517 520 let
537 466 617 521 sic
643 465 701 519 in
729 471 874 519 statu
904 465 1312 535 competentl‘et
1340 466 1475 521 satis
1500 467 1730 537 pacillco
1752 468 2039 523 ecclesiam
2092 484 2093 487 ‘

448 552 966 612 ﬂildcusemensem
1008 554 1227 612 circiter
1272 556 1342 610 20
1397 572 1574 613 annos
1623 558 1782 629 juxta
1818 558 2040 615 modum

450 661 641 703 suum
676 646 834 702 rexit.
866 643 1074 702 Interea
1114 658 1295 703 tamen
1327 646 1529 704 factum
1563 658 1666 705 est
1696 650 1850 720 quod
1881 666 2043 717 vene-

453 738 651 793 rabilis
695 737 932 793 domnus
979 736 1262 808 Eghardus
1291 738 1359 793 dc
1405 736 1691 794 Haueuzee
1734 739 2042 809 prepositus

454 820 694 887 ecclesie
743 828 1225 896 Hiideusemensis,
1251 830 1363 885 -vir
1413 846 1610 901 magne
1642 831 1947 886 litteratura
1989 837 2045 886 et

459 919 753 985 industrie,
781 918 1008 974 sinistro
1049 927 1244 973 eventu
1294 918 1365 973 ab
1401 918 1701 974 emunitate
1747 919 1900 974 urbis
1924 917 2042 972 Hil-

454 1008 838 1064 deusemensis
890 1007 1152 1062 violenter
1184 1013 1462 1063 extractus
1489 1018 1543 1063 et
1568 1008 1857 1085 abductus,
1883 1007 2043 1078 quasi

454 1097 656 1155 fuisset
675 1098 905 1153 violator
921 1098 1073 1168 pacis
1100 1107 1264 1165 terre,
1292 1114 1400 1170 que
1426 1108 1556 1154 tunc
1584 1098 1878 1171 vulgariter
1903 1099 2044 1153 lant-

456 1189 613 1246 ftede
639 1189 940 1256 dicebatur,
992 1190 1049 1244 in
1072 1190 1212 1245 turri
1261 1190 1565 1245 Sturwalde
1593 1189 1966 1246 incarceratus
1990 1198 2046 1246 et

456 1282 733 1354 pereduos
771 1280 885 1336 fere
911 1295 1086 1337 annos
1116 1281 1259 1336 inibi
1293 1280 1549 1338 detentus
1579 1281 1722 1338 diem
1740 1282 1912 1337 ‘suum
1942 1282 2045 1336 ibi-

460 1373 586 1429 ‘dem
623 1372 823 1429 clausit
848 1379 1184 1441 extremum;
1241 1373 1308 1429 de
1344 1388 1456 1445 quo
1483 1373 1614 1428 dum
1652 1387 1841 1427 rumor
1870 1373 2046 1428 exiret

458 1467 617 1536 quasi
642 1466 810 1521 fuerit
830 1464 885 1519 lu
913 1465 1102 1520 eadem
1130 1465 1270 1520 turri
1294 1462 1787 1535 occisus,prefatus
1809 1464 2045 1519 damnus

456 1557 750 1627 episcopus
801 1570 991 1612 coram
1032 1556 1384 1612 multitudine
1425 1556 1865 1627 congregationis
1915 1556 2044 1611 cieri

456 1655 512 1702 et
546 1647 728 1719 populi
758 1647 996 1703 civitatis
1022 1644 1489 1703 Hildensemenlsis
1518 1656 1829 1702 et-suorum
1863 1648 2044 1703 vasa!-

454 1738 636 1794 iorum
686 1740 1141 1810 protestationem
1189 1740 1465 1810 publicam
1514 1737 1644 1795 fecit
1699 1739 1809 1811 (an.
1858 1738 2040 1811 1405),
2074 1723 2119 1783 Β

456 1829 709 1903 quodde‘
743 1830 1125 1886 interiectione
1174 1845 1271 1885 seu
1304 1838 1480 1885 morte
1508 1830 1682 1901 ipsius
1706 1830 1891 1885 domui
1920 1845 2044 1900 pre—

452 1920 621 1994 positi
660 1922 779 1993 ipse
814 1921 955 1978 foret
984 1922 1246 1978 innocens
1269 1930 1323 1977 et
1351 1922 1634 1985 immunis,
1664 1931 1718 1977 et
1745 1921 1814 1977 ad
1842 1937 2043 1992 expur-

453 2015 694 2086 gandum
725 2029 787 2071 se
807 2012 875 2069 ad
910 2014 1015 2070 hoc
1041 2029 1228 2070 coram
1252 2015 1512 2069 omnibus
1543 2023 1794 2085 paratum
1820 2002 1880 2069 se
1909 2010 2042 2069 oil‘e-

452 2106 647 2174 rcbat;
699 2115 783 2163 set
837 2105 1026 2161 habito
1078 2106 1355 2177 colloquio
1428 2107 1571 2162 inter
1618 2105 1741 2162 illos
1768 2105 1863 2176 qui
1914 2104 2043 2161 tunc

451 2198 737 2269 presentes
759 2198 1006 2266 aderant,
1023 2198 1396 2270 juramentum
1418 2195 1523 2270 ipsi
1544 2196 1749 2253 domno
1786 2197 2044 2268 episcopo

454 2289 576 2347 erat
603 2290 917 2347 remissum.
961 2289 1033 2346 Ut
1059 2298 1239 2346 tamen
1275 2290 1424 2345 omni
1450 2304 1585 2360 pace
1624 2288 1856 2356 dicatur,
1899 2288 2041 2343 idem

454 2380 696 2439 domnus
740 2382 1035 2453 episcopus
1081 2381 1136 2437 in
1187 2382 1570 2454 prodigalitate
1610 2388 1666 2436 et
1713 2379 2042 2435 feminarum

457 2472 822 2531 contubernio
871 2474 1015 2529 ultra
1044 2488 1362 2530 mensuram
1404 2481 1458 2529 et
1496 2474 1618 2543 plus
1648 2488 1811 2543 quam
1839 2471 2041 2537 decuit,

450 2564 679 2620 laxabat
730 2565 1008 2633 habenas;
1046 2574 1376 2637 quapropter
1412 2564 1614 2620 factum
1644 2572 1733 2620 est
1766 2571 1828 2619 ut
1860 2558 2043 2618 omnia

457 2666 641 2713 castra
671 2665 726 2712 et
772 2657 1149 2727 possessiones
1180 2658 1434 2725 ecclesie,
1487 2673 1588 2712 nec
1632 2672 1740 2711 non
1772 2658 1928 2711 bona
1976 2654 2045 2710 ad

456 2761 707 2803 mensam
741 2748 1102 2819 episcopalem
1125 2749 1447 2819 spectantia,
1472 2749 1558 2804 vel
1591 2748 1933 2819 inpignorata
1959 2746 2043 2802 vel

459 2836 697 2893 alienata
725 2837 795 2893 ab
840 2837 960 2909 ipso
986 2846 1118 2896 sunt
1143 2839 1350 2906 relicta,
1396 2846 1451 2894 et
1484 2839 1632 2909 quia,
1667 2847 1726 2893 ut
1748 2836 2042 2919 .apparuit,

459 2934 694 2991 nimium
727 2935 1012 3008 laycaliter
1059 2952 1119 2993 se
1144 2938 1333 3009 gessit,
1381 2936 1613 3009 plurime
1639 2935 2046 2991 exhorbitancie

2140 484 2347 541 gwerre
2366 473 2419 524 et
2445 468 2741 524 inimicicie'
2758 468 2894 523 citra
2914 456 3035 524 "tres
3055 458 3235 527 annos
3260 456 3569 529 continuos.
3585 456 3714 544 pro;

2140 566 2311 614 tracte
2352 564 2512 628 sunt;
2563 546 2617 615 in
2650 557 2847 630 quibus
2881 566 3154 637 nostrates
3204 552 3378 619 eciam
3411 549 3481 619 in

2141 651 2483 707 conﬂictibus
2520 648 2975 721 dampnosissime
3016 642 3458 736 succubuerunt,

2142 757 2286 798 unus
2311 741 2414 797 fuit
2439 748 2613 813 prope
2630 741 2893 798 Osterwik
2915 752 2969 800 et
2984 738 3323 825 ‘alterprope
3342 732 3525 824 Grene
3545 732 3719 830 (227);

2142 833 2199 895 in
2221 850 2331 906 quo
2358 835 2595 890 domnus
2643 834 2788 890 ﬁlius
2814 834 2971 891 ducis
3002 834 3261 905 Saxonie,
3309 847 3508 905 uoster.
3522 856 3721 901 conca.

2138 918 2374 980 iionicus
2410 932 2465 980 et
2491 924 2719 981 ecclesie
2754 924 2953 982 Montis
2989 927 3165 984 sancti
3197 926 3437 985 Mauritii
3464 914 3719 1003 preposi.

2142 1023 2252 1083 tus,
2286 1016 2427 1071 heu!
2458 1014 2637 1072 fuerat
2682 1016 3000 1074 interfectus
3042 1019 3171 1091 (an.
3203 1020 3381 1093 1421).
3431 1007 3725 1097 Qualiaet

2142 1117 2345 1179 quanta
2380 1107 2615 1181 dampna
2639 1109 2868 1165 ecclesia
2893 1119 2947 1166 et
2980 1118 3090 1166 tota
3122 1119 3267 1169 terra
3298 1122 3483 1171 nostra
3509 1095 3576 1168 ex
3616 1095 3740 1172 boe-

2142 1200 2448 1270 pertulerit,
2478 1216 2589 1257 non
2638 1199 2797 1256 facile
2823 1210 2908 1258 est
2948 1202 3277 1271 describere,
3312 1213 3401 1265 set
3449 1200 3735 1277 hodierna.

2142 1284 2451 1347 debitorum
2483 1282 2655 1347 onera
2680 1300 2734 1348 et
2756 1292 2863 1348 alia
2890 1302 3037 1348 certa
3065 1293 3265 1353 indicia
3307 1282 3596 1353 manikste
3627 1278 3724 1352 de—Z

2144 1382 2389 1452 claram;
2440 1384 2585 1439 unde
2631 1383 2835 1440 factum
2875 1393 2962 1441 est
3010 1385 3155 1457 quod
3188 1375 3461 1455 predictus
3481 1367 3737 1469 domnus

2143 1474 2452 1544 epiSCOpus,
2467 1482 2574 1529 tam
2606 1475 2760 1530 senio
2793 1491 2954 1546 quam
2972 1474 3294 1547 penuriatu
3316 1470 3642 1548 oppressus,
3663 1478 3734 1543 in.

2145 1564 2517 1638 eoadjumrem
2540 1583 2697 1622 suum
2725 1568 3199 1640 recepitdomnum
3221 1567 3475 1640 Magnum
3493 1554 3725 1643 illustris

2144 1658 2303 1714 ducis
2326 1658 2393 1691 ³⁸⁸
2422 1657 2659 1715 Saxouie
2687 1657 2881 1725 lilium,
2911 1666 3040 1715 tunc
3074 1659 3389 1730 episcopum
3425 1644 3726 1727 Caminen;

2146 1765 2261 1806 sem
2282 1794 2296 1818 ,
2330 1759 2385 1807 et
2411 1751 2590 1821 ipsum
2636 1751 2926 1807 accedente
2954 1749 3231 1808 consensu
3258 1763 3313 1808 ct
3334 1755 3592 1813 concordi

2145 1843 2323 1899 ctione
2350 1843 2571 1914 capituli
2601 1832 3066 1899 Iiildensemensis
3094 1860 3195 1900 nec
3233 1859 3343 1899 non
3373 1833 3743 1915 conniventi;

2143 1932 2274 1991 eleri
2321 1944 2484 2006 atque
2518 1935 2848 1991 vasallorum
2871 1944 2925 1991 et
2955 1930 3192 2007 quorum
3218 1932 3485 2005 interfuit,
3513 1937 3570 1999 in
3602 1921 3745 2009 epis-

2144 2038 2370 2094 secpum
2414 2021 2914 2098 Hildensemensem
2965 2025 3069 2093 sibi
3120 2024 3378 2080 substitui
3428 2042 3489 2089 ac
3518 2026 3727 2087 domno

2142 2116 2281 2186 papa
2340 2113 2572 2170 Martino
2619 2115 2813 2185 quinto
2877 2114 3202 2185 impetravit.
3263 2112 3476 2171 Domuo
3538 2110 3731 2178 autem

2143 2204 2339 2277 Magno
2382 2204 2436 2258 in
2480 2204 2797 2275 episcopum
2868 2212 3119 2260 nostrum
3170 2205 3459 2277 promoto,
3517 2203 3737 2271 factum,

2143 2300 2227 2353 es't
2286 2293 2584 2366 tripudium
2654 2294 2822 2351 totius
2888 2295 3020 2350 cieri
3082 2302 3145 2367 et,
3198 2296 3425 2366 populi,
3481 2309 3539 2352 et
3600 2292 3740 2368 post-

2144 2384 2293 2441 brevi
2343 2383 2625 2440 intervallo
2669 2384 2930 2454 temporis
2988 2382 3224 2439 domnus
3275 2384 3564 2456 episcopus
3625 2380 3749 2440 Jo—Q

2144 2479 2354 2534 hannes
2411 2484 2661 2533 mortuus
2693 2484 2778 2532 est
2827 2483 2882 2531 et
2927 2476 2983 2530 in
3024 2476 3206 2530 medio
3250 2476 3481 2531 ecclesie
3532 2487 3742 2551 nostri;-

2144 2570 2389 2641 sepultus
2414 2568 2501 2623 ιδ’.
2540 2566 2658 2639 Ipse
2680 2555 2821 2623 rexit
2855 2566 3142 2627 ecclesiam
3184 2566 3429 2622 nostram
3454 2567 3525 2622 15
3560 2560 3741 2624 annii.

2144 2662 2282 2717 citra
2313 2661 2398 2715 vel
2427 2661 2588 2727 ultra,
2627 2668 2683 2715 et
2706 2644 2960 2715 maximis
2983 2657 3291 2714 debitorum
3316 2658 3581 2714 ‘oneribus

2143 2762 2327 2810 vatam
2376 2762 2431 2807 et
2495 2751 2741 2807 omnium
2788 2765 2971 2807 rerum
3023 2748 3479 2829 distraxionibus~
3507 2744 3732 2823 reliquit

2146 2846 2395 2911 eandem,
2429 2843 2736 2901 successori
2767 2857 2985 2915 quoque
3017 2855 3119 2898 Suo
3143 2842 3351 2897 nullum
3396 2832 3616 2912 penitus
3650 2842 3733 2898 lo—

2147 2952 2272 2992 cum
2322 2936 2554 2992 liberum
2600 2936 2847 2991 nullosve
2903 2934 3146 2991 redditus
3203 2942 3300 2989 aut
3360 2933 3735 3005 paucissimos

460 3020 996 3084 et'inconveniencia
1027 3037 1155 3083 sunt
1181 3037 1389 3095 secuta,
1414 3036 1764 3099 propterque
1790 3036 1844 3082 et
1878 3028 2042 3082 etiam
2074 3064 2115 3120 Ο
2147 3028 2271 3101 post
2323 3045 2383 3084 se
2434 3028 2741 3098 dereliquit,
2776 3043 2940 3098 super
2985 3027 3184 3098 quibus
3228 3026 3486 3083 omnibus
3543 3026 3749 3113 parcat

460 3118 620 3190 plura
649 3119 776 3187 alia,
809 3128 974 3189 prout
1016 3119 1366 3176 versimiliter
1395 3118 1772 3175 formidandus
1804 3128 1889 3175 est
1922 3134 2045 3174 om-

469 3209 725 3280 nipotens
746 3208 912 3277 Deus,
933 3209 1328 3282 multiplicibus
1356 3209 1581 3282 ﬂagellis
1598 3209 1777 3265 u"nos
1803 3220 1857 3265 et
1878 3218 2047 3265 totam

462 3308 668 3357 terram
701 3312 945 3358 nostram
989 3311 1043 3358 et
1074 3312 1291 3374 gentem
1340 3302 1662 3375 gravissime
1700 3301 1941 3369 attrivit,
1992 3312 2049 3357 et

470 3394 759 3464 presertim
793 3410 861 3450 ex
900 3410 965 3451 eo
995 3394 1163 3466 quod,
1214 3406 1461 3450 extremo
1500 3404 1743 3465 tempore
1780 3396 1888 3450 vite
1929 3411 2047 3461 sue,

461 3485 719 3542 videlicet
741 3484 807 3542 ad
829 3485 1073 3558 quinqué
1094 3503 1272 3543 annos
1286 3496 1411 3542 ante
1432 3484 1643 3543 obitum
1664 3488 1839 3558 ipsius
1861 3488 2049 3543 domui

462 3572 728 3647 episcopi,
762 3577 1141 3635 intollerabilis
1164 3588 1458 3650 tempestas
1490 3584 1825 3651 giverrarum
1852 3589 1906 3635 et
1932 3581 2049 3636 bel-

466 3669 645 3725 lorum
658 3679 849 3725 contra
872 3686 974 3727 nos
997 3671 1315 3728 insurrexit.
1338 3671 1471 3727 Nam
1489 3671 1822 3728 confederati
1846 3673 2053 3729 archie-

466 3761 729 3832 piscopus
780 3760 1148 3831 Coloniensis,
1184 3764 1629 3835 archiepiscopus
1658 3764 2053 3837 Magdburgen-

469 3852 569 3920 sis,
600 3853 888 3924 cpiscopus
940 3851 1432 3921 Halberstadensis,
1457 3869 1649 3911 omnes
1683 3856 1849 3912 duces
1880 3855 2053 3911 Brun-

470 3943 767 4000 swicenses
808 3954 863 4000 et
887 3941 1347 4018 Luneburgenses
1377 3955 1432 4002 et
1473 3942 1853 4004 SlesvvicenSis
1880 3948 1969 4015 ‘9‘,
2000 3957 2055 4004 et

471 4037 769 4093 multarum
795 4047 1065 4095 terrarum
1093 4057 1263 4113 quam
1285 4042 1470 4112 plures
1488 4041 1717 4097 comites
1741 4049 1797 4095 et
1816 4041 2054 4095 barones

472 4143 600 4182 cum
624 4130 880 4186 omnibus
901 4130 1146 4200 ipsorum
1184 4133 1496 4188 civitatibus
1531 4140 1583 4188 et
1611 4132 1830 4187 vasallis
1864 4139 2052 4186 contra

474 4217 654 4273 solum
682 4217 1183 4278 Hildensemenscm
1214 4224 1589 4294 episcopatum
1612 4222 1870 4279 ferociter
1897 4222 2055 4293 quasi

472 4310 707 4365 eundem
740 4312 977 4368 totaliter
1002 4313 1336 4371 devastaturi
1362 4323 1753 4382 convenerunt,
1782 4330 1847 4369 ac
1876 4314 2055 4385 ipsum

2151 3118 2257 3176 sibi
2292 3120 2636 3189 omnipotens
2663 3118 2828 3174 Dens.

2676 3196 2963 3265 MAGNUS
2995 3208 3121 3264 sau-

2220 3298 2367 3355 ldem
2398 3308 2580 3355 autem
2605 3298 2841 3355 domnus
2861 3297 3090 3371 Magnus
3113 3298 3490 3370 episcopatum
3518 3298 3753 3377 Eiidem-

2150 3404 2460 3446 semensem
2502 3397 2614 3445 tam
2672 3398 2914 3445 extreme
2955 3391 3381 3460 depauperatum
3424 3386 3733 3462 inveniens,

2151 3489 2418 3551 quantum
2460 3482 2527 3537 de
2571 3480 2688 3537 suis
2714 3481 2962 3551 pecuniis
3013 3481 3208 3553 potuit,
3254 3483 3583 3552 apportavit,
3615 3500 3734 3538 me-

2151 3573 2429 3628 diautibus
2455 3571 2655 3642 quibus
2675 3572 2977 3643 huc-usque
2996 3572 3131 3627 vivit
3151 3580 3205 3627 et
3226 3582 3555 3642 perseverat.
3586 3572 3732 3629 Idem

2151 3664 2388 3720 domnus
2416 3661 2644 3736 Magnus
2674 3672 2917 3719 castrum
2953 3663 3131 3720 Grene
3158 3664 3306 3735 (228)
3343 3652 3471 3720 cum
3506 3665 3625 3720 suis
3653 3650 3739 3721 atl-

2153 3755 2406 3812 tineuciis
2433 3771 2463 3811 a
2485 3755 2686 3829 domna
2718 3755 2937 3812 ducissa
2961 3755 3028 3811 de
3058 3755 3379 3827 Brunswigk
3426 3757 3482 3810 in
3515 3771 3737 3827 posses-

2155 3848 2366 3905 sionem
2408 3846 2631 3917 recepit.
2676 3845 2797 3918 lpse
2838 3848 3003 3903 etiam
3049 3845 3378 3903 fortalicium
3421 3846 3741 3923 Dachtmisg

2157 3954 2256 3996 seu
2285 3938 2434 4011 (229)
2460 3954 2491 3994 a
2525 3936 2757 3994 Ludolfo
2787 3939 2854 3994 de
2879 3936 3169 4011 Esscharte
3196 3941 3569 4013 comparavit,
3590 3942 3739 4019 quod

2156 4031 2343 4086 statim
2376 4046 2443 4086 ex
2480 4041 2603 4102 post
2637 4031 2763 4109 duci
2793 4028 2979 4086 Ottoni
3002 4032 3069 4087 de
3097 4030 3420 4088 Lunehorch
3443 4034 3548 4089 Sub
3572 4022 3741 4092 certis

2155 4125 2330 4196 pactis
2360 4123 2597 4179 restituit
2636 4139 2739 4194 pro
2778 4125 3151 4194 aequisicione
3196 4134 3249 4180 et
3289 4122 3575 4197 empcione
3621 4127 3743 4198 plu,-

2156 4218 2301 4273 rium
2330 4224 2637 4273 castrorum
2672 4215 2727 4270 in
2755 4216 3000 4272 dominio
3034 4215 3452 4291 Homburgensi,
3488 4221 3741 4291 proqui-

2158 4310 2262 4365 bus
2299 4308 2474 4365 eciam
2514 4309 2772 4379 grandem
2812 4310 3041 4378 pecunie
3087 4326 3359 4369 summam
3400 4311 3576 4366 eidem
3613 4300 3745 4369 duci

474 4401 903 4474 circumquaque
945 4405 1172 4476 rapinis,
1224 4407 1529 4476 incendiis,
1560 4406 2054 4473 interiectionibus,
2088 4396 2134 4455 D
2159 4400 2347 4457 Ottoni
2370 4396 2650 4471 perSolvit,
2670 4400 2925 4457 videlicet
2949 4402 3091 4457 ultra
3130 4403 3196 4457 10
3220 4402 3375 4460 milia
3406 4403 3741 4461 lloreuorum

474 4493 949 4565 ‘captivationibus,
982 4497 1453 4570 depactatiouibus
1471 4508 1525 4556 et
1542 4499 1901 4557 ecclesiarum
1924 4512 2057 4552 con-

2163 4493 2283 4549 auri
2308 4493 2375 4548 de
2398 4489 2552 4548 Reno
2570 4492 2626 4546 in
2647 4500 2861 4563 promta
2883 4494 3134 4562 pecunia.

1913 4614 2313 4629 Μ

1497 4698 2135 4764 SUPPLEMENTUM
2178 4697 2262 4759 IN
2305 4695 2602 4758 CODICE
2643 4696 2703 4759 2.

549 4795 795 4859 Dominus
823 4797 1051 4871 Magnus
1078 4799 1213 4856 satis
1233 4799 1583 4855 laudabiliter
1612 4798 1752 4853 rexit
1774 4798 1828 4853 in
1856 4805 2063 4882 tempo-
2163 4795 2320 4854 senio
2346 4802 2606 4867 gravatus
2634 4794 2688 4848 in
2711 4793 2883 4881 filium
2910 4794 3130 4866 eligeret
3162 4793 3426 4854 illustrem
3445 4799 3747 4870 principem

480 4885 707 4954 ralibus,
735 4887 903 4942 multa
931 4895 1110 4943 castra
1138 4888 1271 4944 emit
1292 4889 1395 4944 sub
1416 4895 1699 4943 contractu
1723 4886 2064 4958 redempcio—
2164 4888 2426 4945 domuum
2476 4884 2905 4973 BERNARDUM
2935 4887 3131 4942 ducem
3177 4888 3243 4945 de
3266 4887 3621 4977 .Bruusgwili,
3647 4893 3752 4963 qui

625 4975 764 5008 ηιιιε·
804 4994 831 5014 ιι
890 4976 952 5024 n-
988 4979 1125 5034 “52
1156 4978 1323 5042 (sapt.
1351 4978 1466 5040 21).
1500 4979 1747 5038 sepultus
1792 4979 1849 5033 in
1881 4978 2063 5032 medio
2165 4978 2430 5040 tanquam
2455 4979 2709 5038 provisor
2732 4970 2874 5034 rexit
2898 4979 2965 5034 ad
2990 4978 3020 5031 7
3049 4995 3246 5035 annos.
