4038 6400
255 305 280 358 4
291 300 392 359 9.85

1701 237 2075 341 sris'rom.

255 419 461 476 sciente
501 411 860 482 discederem,
909 425 940 465 a
979 424 1088 481 quo
1132 405 1383 480 quamvis
1429 402 1700 461 interdum
1743 401 1838 457 ab-
1868 403 1918 461 Α
1944 392 2128 452 anima
2169 404 2289 448 esse
2325 405 2356 445 a
2389 387 2599 445 cunctis
2632 381 2968 456 sapientibus
2993 390 3103 435 non
3135 375 3439 482 ignoratur,
3465 379 3520 427 et

247 526 382 568 .sens
411 508 572 564 locali
613 505 822 577 spatio,
864 501 1246 573 corporalique
1281 498 1554 568 colloquio
1581 511 1831 567 segrega-

253 611 372 667 tus,
412 613 694 669 rtusquam
745 595 942 651 mentis
994 608 1179 648 amore
1229 590 1440 646 fueram
1491 586 1830 656 disjunctus,

253 698 544 762 postquam
567 687 800 758 primum
823 682 1201 754 coagulatione
1244 677 1526 735 charitatis
1557 676 1833 731 adhzerere

258 780 515 836 ardenter
576 776 920 847 incipiebam.
981 773 1184 829 Precor
1235 771 1517 826 humiliter
1576 767 1832 838 pietatem

250 880 492 928 vestram
521 877 582 924 ut
603 867 922 924 memoriam
946 865 1051 919 mei
1082 864 1278 919 habeat
1299 862 1352 916 in
1382 860 1629 915 oratione
1651 865 1832 912 vestra

251 961 310 1016 in
331 962 453 1017 loco
476 968 663 1015 sancto
684 973 782 1028 pro
805 955 1098 1012 abolitione
1119 952 1538 1009 commissorum
1560 963 1828 1004 meorum.

250 1052 482 1120 Quando
519 1051 667 1106 enim
703 1065 805 1105 nos
848 1047 1018 1104 vestri
1060 1045 1454 1109 obliviscimur,
1505 1057 1605 1096 nec
1658 1038 1832 1095 nostri

191 1146 193 1148 ’
252 1143 627 1208 recordamur,
655 1142 802 1213 quod
827 1148 1120 1209 utrumque
1151 1137 1311 1192 absit.
1358 1135 1464 1191 Sed
1501 1134 1630 1206 quia
1671 1133 1834 1203 spiri-

248 1235 387 1291 tuali
414 1235 788 1291 consolatione
811 1240 992 1287 vestra
1031 1238 1206 1301 parte,
1249 1228 1294 1284 si
1323 1226 1644 1299 dignamini,
1675 1224 1834 1279 nolu-

247 1344 378 1384 mus
399 1327 624 1400 privari,
663 1327 731 1381 ad
763 1325 1050 1379 utilitatem
1097 1320 1399 1392 spiritualis
1424 1327 1477 1373 et
1516 1314 1834 1386 temporalis

245 1420 497 1475 exercitii
521 1419 734 1489 aliquas
757 1417 1103 1472 membranas
1125 1414 1283 1469 nobis
1304 1411 1497 1467 donari
1523 1423 1829 1480 precamur.

243 1508 409 1576 Nam,
443 1518 504 1564 ut
530 1510 704 1575 scitis,
733 1509 965 1563 libenter
989 1505 1261 1560 interdum
1285 1499 1699 1572 scriptitationis
1731 1498 1837 1553 im-

243 1619 438 1660 moror
464 1603 663 1659 studio.
701 1601 807 1657 Sed
837 1617 984 1656 nunc
1008 1599 1319 1656 facultatem
1342 1593 1613 1652 scribendi
1639 1607 1832 1663 perga-

246 1695 427 1750 menis
467 1694 850 1751 deficientibus
885 1709 994 1748 non
1035 1692 1230 1756 habeo,
1271 1688 1376 1744 nisi
1403 1695 1597 1744 vestrae
1636 1697 1834 1738 manus

241 1786 534 1859 largitione
556 1787 847 1842 tribuatur.
879 1785 1082 1840 Valete.

324 1992 404 2048 Ad
448 1993 707 2048 eumdem.
762 1990 923 2046 Jurat
975 2005 1029 2045 se
1079 1987 1357 2060 quemdam
1408 1985 1603 2040 librum
1652 1997 1754 2036 non

884 2060 1190 2116 abstulisse.

317 2155 535 2214 Seniori
579 2171 681 2213 suo
719 2156 784 2212 G.
826 2154 979 2211 omni
1023 2151 1376 2208 veneratione
1423 2148 1716 2220 perdigno,
1764 2145 1824 2200 F.

245 2252 371 2310 solo
400 2252 624 2308 nomine
650 2249 920 2306 Cucullio.

320 2342 505 2414 Usque
535 2343 719 2417 modo,
756 2341 832 2396 mi
877 2340 1079 2405 senior,
1115 2336 1346 2393 nimium
1380 2334 1459 2391 fui
1503 2333 1829 2389 cordetenus

240 2437 522 2493 animatus
561 2435 628 2491 de
667 2433 967 2491 securitate
996 2440 1190 2487 vestra:
1220 2429 1424 2501 gratiae.
1460 2425 1566 2482 Sed
1604 2432 1827 2481 econtra

241 2526 432 2582 omnia
460 2541 607 2581 nunc
631 2524 786 2580 aliter
809 2531 1032 2594 propter
1065 2529 1285 2592 peccata
1306 2533 1447 2574 mea.
1480 2516 1677 2571 Tristis
1705 2530 1828 2571 sum

240 2616 412 2673 nimis
446 2616 692 2673 de‘furto
718 2614 842 2672 libri
883 2613 1050 2670 vestri
1089 2627 1252 2682 supra
1288 2625 1376 2665 me
1403 2609 1552 2665 dicti.
1594 2606 1702 2662 Sed
1735 2622 1829 2662 cx-

243 2723 480 2779 purgare
507 2723 595 2763 me
623 2707 786 2778 cupio
811 2707 905 2762 tali
931 2703 1194 2770 facinore,
1217 2702 1673 2773 qualitercunque
1713 2698 1829 2768 pla-

243 2809 331 2856 cet
352 2801 665 2870 paternitati
692 2797 866 2872 [tum].
896 2797 1037 2865 Quid
1065 2795 1263 2868 plura?
1301 2793 1532 2865 Proprio
1559 2807 1654 2848 ore
1681 2791 1825 2857 dico,

243 2909 478 2965 meaque
499 2911 667 2950 manu
700 2909 929 2950 securus
969 2891 1255 2948 subscribo
1287 2891 1366 2948 sic
1385 2891 1610 2959 dicens:
1642 2889 1698 2944 Si
1725 2903 1828 2960 ego

241 2984 306 3041 F.
339 2986 490 3040 illum
529 2994 775 3041 vestrum
796 2985 999 3040 librum
1025 2983 1097 3039 Μ.
1129 2999 1291 3055 quem
1324 2983 1528 3051 dicitis,
1558 2982 1644 3038 vel
1677 2980 1827 3037 furto

241 3078 494 3168 tuli,gaut
515 3079 583 3134 ab
609 3078 794 3149 aliquo
823 3076 972 3134 furto
996 3077 1272 3133 sublatum
1304 3076 1542 3148 suscepi,
1575 3075 1660 3168 vel
1689 3090 1828 3146 qua-
1853 3110 1894 3168 Ο

231 3165 501 3240 Ἰίοιιηῳιε
527 3169 690 3224 modo
717 3184 842 3224 eum
882 3169 1058 3224 habeo
1083 3175 1178 3223 aut
1218 3168 1508 3224 habentem
1539 3167 1674 3233 scio,
1703 3181 1826 3222 cor-

240 3275 349 3332 pus
373 3268 429 3316 et
457 3260 680 3331 sanguis
711 3259 928 3315 Domini
957 3260 1130 3315 nostri
1152 3257 1283 3316 Iesu
1305 3257 1532 3325 Christi,
1562 3258 1708 3329 quod
1731 3273 1829 3313 sae-

239 3349 366 3422 pius
410 3349 640 3421 accipio,
669 3347 922 3420 quamvis
967 3348 1244 3419 indignus,
1290 3348 1384 3403 ﬂat
1413 3347 1550 3402 mihi
1584 3347 1652 3403 ad
1689 3362 1824 3402 con-

239 3439 671 3507 demnationem,
698 3454 808 3495 non
832 3439 900 3494 ad
931 3439 1379 3510 redemptionem.

981 3553 1075 3610 ΙΙΙ.

241 3644 328 3698 Ad
375 3643 695 3725 Ruotkerum
735 3641 1470 3725 a‘bbatentﬂerbipolensem.
1525 3641 1726 3696 Tuetur
1771 3656 1826 3694 se

555 3715 805 3770 adversus
836 3716 1128 3772 acerbiores
1152 3713 1265 3784 ejus
1288 3713 1516 3768 litteras.

315 3807 515 3864 Abbati
540 3807 607 3864 R.
637 3807 925 3864 doctorum
949 3806 1315 3878 peritissimo,
1342 3805 1567 3861 humilis
1605 3803 1666 3859 F.
1700 3803 1824 3857 nul-

242 3898 354 3954 lius
377 3900 557 3954 meriti
584 3901 710 3956 dote
733 3899 937 3956 ditatus

317 3988 561 4064 Epistola
604 3990 773 4048 vestri
821 3989 1062 4046 nominis
1100 3988 1459 4060 inscriptione
1499 3986 1826 4058 prmtitulata
1920 4054 1924 4058 λ

243 4082 481 4138 multum
496 4083 922 4139 .consristaverat
938 4083 1239 4153 praecordia
1262 4090 1471 4148 nostra,
1494 4095 1618 4152 qua:
1649 4079 1826 4150 primo

243 4172 365 4229 visa
393 4172 624 4228 ﬁnxerat
647 4189 727 4242 se,
768 4174 926 4245 quasi
971 4173 1253 4230 faeecitate
1279 4182 1473 4228 vestrm
1511 4170 1828 4228 dictationis

243 4273 395 4320 esset
413 4265 746 4336 composita.
776 4263 954 4333 Quam
989 4281 1114 4321 cum
1143 4272 1478 4336 recuperatae
1499 4262 1705 4319 mentis
1736 4261 1826 4316 in-

242 4355 488 4413 tentione
508 4357 865 4429 perlegeram,
901 4355 1124 4412 memini
1149 4369 1433 4426 nunquam
1455 4369 1552 4411 vos
1585 4361 1700 4410 tam
1737 4352 1826 4407 in-

1935 487 2075 540 ratio
2107 492 2320 538 tantum
2362 479 2418 534 in
2463 477 2644 534 studio
2682 473 2892 530 versari
2932 470 3197 526 videatur.
3237 465 3522 522 Glossema

1933 572 2231 629 novissime
2266 570 2523 639 adjuncta
2553 564 2912 638 proﬁtebatur
2949 557 3348 617 decoloratione
3387 553 3521 609 solis

1932 665 2162 736 gratiam
2195 677 2282 717 me
2319 660 2664 730 adepturum,
2702 672 2826 712 cum
2874 653 3151 709 veridicax
3186 647 3521 704 orthodoxo-

1934 771 2054 810 rum
2080 754 2345 810 sententia
2366 738 2822 807 deeoloratiOnem
2847 747 2979 801 solis
3001 751 3231 799 testatur
3252 738 3520 794 fervorem

1933 846 2217 916 designare
2253 841 2671 914 persecutionis.
2703 837 2809 893 Sed
2855 837 2902 893 si
2937 846 3048 892 tam
3078 846 3336 904 magnum
3363 828 3518 882 furo-

1934 951 2047 991 rem
2076 935 2386 1006 provocari,
2418 943 2479 988 ut
2506 949 2655 988 more
2680 931 3021 986 irritatorum
3053 925 3338 982 hominum
3357 924 3522 976 locu-

1933 1027 2012 1082 tio
2053 1026 2343 1083 dictatiovc
2379 1035 2559 1082 vestra
2597 1023 2826 1094 eclipsin
2866 1029 3159 1092 pateretur,
3187 1016 3281 1073 tali
3323 1014 3522 1069 delicto

1935 1121 2151 1191 indulge
2173 1120 2410 1184 veniam,
2435 1118 2572 1173 abba
2597 1115 2926 1172 venerande.
2956 1111 3015 1167 Si
3037 1110 3262 1166 alterius
3287 1105 3522 1176 alicujus

1936 1221 2238 1268 vestrorum
2272 1211 2498 1282 puerilis
2537 1209 2756 1264 animus
2773 1208 2853 1265 sic
2886 1202 3201 1262 efferbuerit
3237 1199 3404 1273 [cod.,
3438 1195 3520 1253 ef-

1936 1301 2254 1375 ferbuerat],
2281 1312 2464 1359 vestro
2497 1315 2842 1358 reservamus
2863 1297 3089 1368 judicio.

2671 1413 2760 1468 IV.

1935 1507 2248 1578 Reginbafa’i
2292 1507 2556 1578 monachi,
2596 1507 2730 1578 forte
2768 1503 2954 1578 Sancti
3000 1496 3516 1578 Entmeramntensis,

2009 1568 2231 1648 Epistola
2259 1580 2328 1631 ad
2363 1568 2782 1641 Frouniuitduttt,
2815 1576 2907 1648 cui
2935 1573 3154 1627 remittit
3176 1568 3446 1634 Persium,
3468 1573 3520 1620 et

2007 1647 2102 1718 pro
2133 1649 2295 1706 varifo
2325 1649 2567 1719 beneﬁcis
2590 1649 2793 1718 gratias
2823 1647 2952 1717 agit.

1862 1767 1905 1820 B
2003 1759 2226 1815 Eximiae
2271 1757 2581 1814 dilectionis
2625 1773 2727 1813 suo
2767 1755 3176 1826 consanguineo
3219 1751 3282 1806 F.
3323 1749 3520 1806 Recur-

1929 1868 2132 1908 nsmus
2155 1854 2209 1906 in
2234 1852 2520 1921 utriusque
2550 1849 2826 1921 perfidelis
2851 1847 3135 1918 obsequio.

2000 1943 2155 2010 Quod
2202 1951 2443 1996 vestrum
2489 1941 2645 1996 vobis
2682 1939 2996 2010 nuperrime
3039 1952 3148 1992 non
3204 1932 3520 1989 remisimus

1929 2037 2192 2100 libellum,
2221 2050 2287 2089 nc
2311 2035 2550 2089 alienum
2577 2033 2649 2087 ob
2673 2033 2779 2088 hoc
2811 2030 3056 2086 habeatis
3081 2028 3347 2090 animum,
3370 2038 3522 2094 quae-

1931 2145 2142 2184 sumus.
2188 2126 2323 2182 Nam
2375 2143 2500 2181 cum
2545 2140 2656 2180 non
2715 2124 2925 2194 ingrata
2979 2130 3162 2177 vestra
3208 2117 3520 2188 accepimus

1928 2221 2141 2287 nu'ntia,
2163 2235 2261 2290 per
2287 2218 2457 2274 nostri
2488 2218 2792 2272 litterarum
2819 2209 3339 2283 compositiunculas
3371 2223 3521 2279 qua:-

1929 2329 2034 2384 que
2063 2320 2271 2368 secreta
2314 2311 2583 2381 nobisque
2610 2308 2920 2364 necessaria
2949 2304 3104 2359 vobis
3148 2299 3521 2358 remandaturi

1929 2407 2048 2461 sine
2084 2412 2274 2460 nostro
2311 2403 2560 2459 conscire
2585 2410 2764 2456 vester
2792 2398 3057 2454 abscessit
3088 2394 3334 2450 nuntius.
3361 2391 3520 2459 Quod

1927 2493 2095 2555 nimis
2125 2499 2352 2553 moleste
2377 2497 2648 2568 patientes
2677 2509 2772 2564 per
2800 2493 2964 2548 istum
3002 2489 3162 2544 nobis
3199 2496 3253 2542 et
3274 2485 3428 2541 vobis
3451 2483 3519 2538 ii-

1928 2592 2186 2648 deliorem
2213 2590 2464 2645 nuntium
2492 2588 2649 2643 vobis
2670 2585 3082 2642 transmisimus
3113 2581 3356 2636 codicem
3378 2591 3521 2648 prte-

1929 2670 2385 2754 dictum,kdignas
2426 2689 2605 2752 grates
2635 2675 2919 2733 referendo
2961 2673 3106 2745 quod
3133 2669 3322 2726 tandiu
3365 2667 3518 2722 illum

1929 2775 2084 2831 nobis
2111 2783 2374 2846 przestare
2401 2769 2608 2842 dignati
2640 2768 2793 2825 estis.
2825 2767 2930 2822 Sed
2953 2781 3051 2838 per
3071 2763 3322 2819 eumdem
3353 2758 3520 2828 hujus

1929 2867 2163 2923 seedqu
2201 2865 2522 2936 portitorem
2559 2862 2732 2917 nostri
2766 2859 3031 2923 libellum,
3068 2856 3162 2926 qui
3201 2852 3519 2909 inscribitur

1928 2959 2180 3025 Persius,
2235 2957 2396 3014 nobis
2437 2955 2732 3011 remissum
2783 2952 2850 3006 iri
2896 2950 3196 3022 poscimus.
3248 2943 3521 3000 Prmterea'

1927 3067 2057 3124 erga
2099 3051 2267 3108 vestri
2305 3048 2620 3121 pergameni
2667 3045 3039 3109 donationem,
3075 3041 3204 3112 quia
3235 3048 3364 3094 tunc
3397 3051 3523 3108 gra-

1928 3145 2128 3198 tiarum
2159 3141 2468 3198 actionibus
2503 3139 2689 3194 locum
2737 3151 2845 3191 non
2890 3133 3206 3197 habuimus,
3248 3127 3520 3184 maximas

1927 3231 2215 3291 referimus
2268 3231 2491 3303 gratias.
2537 3229 2612 3284 De
2648 3226 3010 3299 promissione
3043 3231 3098 3278 et
3145 3220 3520 3278 consolatione

1926 3323 2103 3380 nostri
2130 3323 2345 3381 itineris
2369 3309 2642 3390 vestrapte
2676 3317 2836 3373 nobis
2865 3315 3027 3381 facta,
3058 3321 3262 3369 nostra:
3295 3325 3405 3366 non
3433 3316 3521 3365 est

1927 3415 2204 3472 facultatis
2230 3431 2329 3470 vos
2356 3415 2530 3486 gratia
2573 3409 2962 3467 remunerandi
2985 3414 3044 3462 ut
3073 3403 3356 3477 promeriti
3384 3401 3519 3457 estis

1925 3518 1981 3566 et
2037 3510 2148 3566 Deo
2198 3509 2529 3565 concedente
2577 3501 3064 3578 promerebimini:
3114 3508 3315 3556 aeterna
3359 3495 3518 3550 vobis

1926 3603 2177 3658 mercede
2210 3610 2580 3673 praeoptamus
2611 3599 2772 3670 digna
2816 3595 3115 3651 resolutum
3158 3591 3225 3646 iri
3267 3587 3511 3660 praemia.

1928 3693 2131 3748 Valete.

2691 3805 2754 3860 ν.

1935 3905 2082 3960 Idem
2109 3904 2298 3958 cidem.
2339 3903 2512 3974 Rogat
2541 3911 2601 3958 ut
2621 3899 3013 3974 sibisigniﬂcet
3032 3897 3164 3974 quid
3194 3895 3260 3955 de
3282 3891 3512 3964 quodam

2180 3975 2368 4028 itinere
2403 3970 2549 4028 uelit.
2581 3970 2917 4028 Membranas
2938 3970 3087 4040 petit,
3119 3977 3227 4022 etc.

1999 4088 2059 4143 F.
2083 4088 2167 4144 sui
2192 4088 2496 4144 amicorum
2521 4085 2878 4151 amicissimo,
2911 4085 3304 4144 Rscrnsmus,
3338 4066 3517 4146 sputis

1934 4181 2176 4242 omnium
2221 4180 2516 4247 obnoxius,
2562 4176 2829 4250 quidquid
2857 4173 3109 4245 adoptari
3157 4177 3337 4242 potest
3368 4164 3516 4221 festi-

1928 4277 2071 4332 v'ms.

2000 4366 2127 4433 Tui,
2149 4381 2184 4423 o
2215 4365 2291 4422 mi
2321 4367 2507 4433 chare,
2541 4363 2794 4436 quamvis
2833 4359 3081 4418 absentia
3112 4353 3278 4414 nimis
3294 4359 3517 4425 pertur-

243 4449 394 4506 culto
427 4451 567 4522 stylo
607 4450 718 4505 ulla
749 4450 914 4505 verba
939 4449 1332 4520 composuisse.
1364 4446 1649 4502 infremuit
1673 4445 1820 4500 enim
1855 4462 1900 4516 ι)
1923 4456 2087 4512 δοιυε
2130 4456 2400 4526 suspirem
2431 4469 2574 4524 sape
2614 4441 2867 4524 “pius
2891 4451 2939 4507 εί
2969 4465 3059 4506 τρε
3090 4457 3275 4503 tamen
3306 4459 3364 4500 se
3388 4448 3517 4512 pro.

242 4539 502 4596 indecens
525 4541 791 4612 scriptura
817 4542 878 4598 in
897 4542 1025 4597 talia
1068 4541 1336 4608 convicia,
1369 4547 1431 4594 ut
1465 4555 1565 4594 nec
1603 4553 1690 4592 me
1727 4551 1819 4592 so-

241 4630 360 4686 lum
398 4631 695 4688 dilacerare
732 4631 1022 4698 suﬂiceret,
1067 4646 1255 4686 verum
1299 4631 1354 4683 in
1399 4627 1672 4685 seniorem
1717 4641 1820 4680 no-

241 4734 417 4780 strum
443 4725 525 4780 ira
561 4733 856 4781 exarseret.
900 4723 957 4778 Si
989 4722 1364 4779 honorandam
1403 4719 1663 4775 Ruotkeri
1693 4733 1820 4789 per-

239 4835 433 4902 sonam
476 4835 586 4876 non
611 4836 846 4888 vererer,
877 4818 1108 4876 forsitan
1137 4827 1250 4875 tam
1279 4815 1440 4874 tedis
1467 4825 1685 4885 tamque
1715 4829 1819 4884 pu-

239 4911 434 4968 dendis
455 4922 638 4967 uterer
658 4912 858 4980 verbis,
885 4919 948 4965 ut
971 4926 1080 4966 non
1111 4909 1296 4980 peiora
1318 4913 1669 4979 superessent
1688 4919 1821 4960 con-

236 5001 400 5057 vicia.
446 4999 524 5057 De
562 5002 810 5079 neglectu
854 5001 990 5056 mihi
1030 5001 1229 5075 ignota:
1270 4997 1539 5054 cautionis
1576 4995 1825 5065 increpa-

233 5091 414 5160 vistis,
458 5107 626 5163 quam
652 5108 754 5149 nec
781 5108 946 5148 manu
988 5092 1205 5163 propria
1243 5088 1522 5155 commisi,
1567 5101 1668 5142 nec
1701 5085 1824 5141 aliis

237 5180 615 5239 deferentibus
646 5200 890 5254 unquam
929 5184 1132 5252 accepi.
1170 5180 1472 5248 Quemdam
1515 5178 1821 5233 llezilinum

235 5274 604 5344 adduxerunt,
629 5277 723 5347 qui
747 5277 965 5348 penitus
989 5276 1069 5331 sic
1090 5276 1328 5345 ignotus,
1366 5274 1507 5330 sicut
1536 5285 1820 5341 nunquam

235 5374 325 5422 est
355 5383 387 5421 a
430 5383 519 5422 me
544 5369 714 5437 visus,
745 5369 932 5426 nescio
978 5368 1108 5440 quid
1135 5367 1434 5438 promiscui
1472 5365 1687 5436 pecoris
1732 5379 1822 5433 pe-

235 5465 464 5515 tentem.
490 5458 647 5527 Quod
673 5471 963 5532 postquam
993 5459 1390 5516 monomachia:
1426 5458 1608 5513 studio
1636 5456 1817 5511 deter-

237 5565 442 5617 seram,
469 5552 620 5606 nullo
640 5553 803 5608 modo
832 5551 1203 5622 possederam.
1234 5549 1489 5620 lnmquali
1528 5550 1694 5604 etiam
1719 5564 1819 5618 po-

237 5641 439 5697 sitione
473 5658 828 5699 numerorum
858 5643 1090 5698 aflirmat
1130 5659 1217 5698 me
1250 5643 1509 5698 detestari
1557 5641 1819 5709 studium,

240 5730 502 5802 optimam
534 5740 742 5802 partem
769 5732 1027 5801 hominis,
1054 5747 1178 5787 cum
1222 5733 1397 5802 major
1430 5747 1559 5801 pars
1585 5731 1823 5787 hominis

1929 4559 2086 4614 spere
2105 4558 2234 4613 erga
2262 4555 2312 4597 te
2355 4542 2576 4608 habent,
2611 4541 2745 4595 mihi
2775 4537 3076 4610 przecordia
3121 4531 3376 4590 mreroris
3417 4543 3514 4583 ne-

1928 4634 2053 4690 bula
2084 4635 2297 4689 detersa
2348 4633 2544 4688 rident.
2581 4632 2688 4687 Sed
2737 4631 2932 4686 harum
2980 4641 3163 4682 rerum
3209 4625 3276 4680 de.
3313 4620 3515 4692 quibus

1928 4736 2116 4782 noster
2139 4725 2387 4790 ultimus,
2420 4740 2546 4780 cum
2571 4737 2602 4778 a
2639 4738 2727 4777 me
2762 4717 3087 4782 discessisti,
3113 4715 3217 4770 fuit
3257 4727 3512 4769 sermun-

1925 4819 2105 4885 culus,
2157 4818 2481 4872 memoriam
2529 4815 2682 4872 cordi
2729 4811 3042 4868 mentaliter
3091 4804 3342 4881 infigens,
3382 4803 3514 4860 si‘id

1924 4908 2138 4964 itineris
2173 4923 2388 4963 mecum
2418 4921 2738 4979 aggressum
2779 4905 2847 4959 iri
2892 4903 3055 4970 velis;
3092 4909 3190 4956 aut
3237 4900 3283 4954 si
3301 4898 3362 4972 id
3393 4896 3513 4952 ﬁeri
3571 4907 3584 4915 ‘

1919 5005 2036 5076 non
2061 4998 2256 5069 possit,
2289 4998 2421 5068 quid
2456 5005 2549 5051 aut
2584 5003 2850 5066 quantum
2878 4992 3014 5048 mihi
3041 5001 3400 5062 progressum
3426 4984 3510 5039 fa-

1925 5103 2046 5144 cere
2088 5087 2402 5158 praepossis,
2445 5083 2779 5141 adminiculo
2817 5081 2898 5137 tui
2940 5081 3245 5136 litterarum
3291 5087 3515 5143 compo-

1923 5179 2257 5246 sitiunculis,
2291 5186 2352 5232 ut
2374 5192 2434 5232 es
2461 5177 2697 5242 locutus,
2725 5174 2996 5228 intimato.
3040 5169 3307 5224 Praeterea
3336 5177 3514 5235 quan-

1923 5270 2172 5325 tumlibet
2227 5269 2561 5324 membrana:
2621 5282 2789 5322 causa
2846 5259 3218 5335 perscribendi
3275 5255 3509 5323 libellos,

1920 5380 2061 5434 quos
2086 5363 2250 5428 nosti,
2281 5362 2415 5417 mihi
2446 5360 2910 5424 accommodatos,
2949 5357 3066 5410 illas
3095 5362 3274 5408 tamen
3299 5357 3508 5420 septem

1921 5457 2089 5526 pelles
2119 5456 2318 5510 ibidem
2366 5454 2636 5517 inventas,
2692 5451 2738 5506 si
2767 5465 2876 5504 non
2928 5448 3050 5518 plus
3096 5461 3234 5515 opus
3281 5442 3507 5526 habeas,

1922 5547 2058 5601 mihi
2109 5544 2467 5600 transmittes.
2523 5541 2700 5596 Tuum
2756 5540 3026 5594 seniorem
3081 5549 3246 5606 penes
3278 5541 3328 5587 te
3359 5521 3511 5587 com-

1924 5645 2233 5693 marantem
2268 5636 2386 5690 vice
2439 5650 2562 5689 mea
2587 5633 2822 5688 salutato
2850 5647 2944 5701 per
2993 5628 3199 5694 omnia,
3245 5634 3302 5681 et
3323 5621 3509 5689 ambo,

1923 5739 2090 5800 prout
2119 5729 2354 5784 maxime
2386 5725 2632 5796 valeatis,
2682 5724 2916 5780 studiosi
2962 5723 3083 5779 sitis
3127 5721 3182 5776 in
3213 5715 3511 5774 commissa
