4038 6390
583 232 722 305 uti

1498 214 2347 287 FROUMUNDTCGENOBITAE
2367 203 2952 289 ,IEGERNSEENSIS

3673 190 3777 276 uti

582 350 745 421 vobis
762 342 1181 419 opella-seniori
1221 351 1410 405 nostro
1443 341 1813 409 satisfactum,
1861 340 2001 413 quia.
2017 337 2175 394 vobis
2206 349 2251 408 Α
2279 324 2564 405 quiescere
2595 333 2850 387 audimus
2906 330 2963 384 in
3007 326 3396 421 monasteria“;
3420 328 3606 421 quiete,
3641 337 3781 405 SOpita

584 441 900 515 ﬁdeihabet
932 454 1100 510 quam
1126 435 1422 508 plurimum
1464 433 1669 489 Valte.

1333 547 1423 604 Vl.

586 645 739 701 Idem
766 645 837 700 ad
858 643 1097 699 eumdem
1119 650 1185 696 et~
1205 641 1363 695 alios.
1391 638 1502 694 Cur
1525 638 1595 693 ad
1628 654 1717 693 eos
1742 654 1847 692 non
1880 635 2124 691 iuviserit
2148 636 2176 691 2

594 754 611 783 λ.
978 711 1269 768 Delibellis
1302 709 1640 783 quibusdam,
1676 718 1781 763 etc.

589 856 597 864 .
659 805 886 863 Domnis
907 814 964 860 et
990 802 1253 859 fratribus
1295 800 1350 856 in
1380 799 1602 855 Christo
1633 799 1751 854 suis
1790 795 1880 852 W.
1908 794 1971 852 Ρ.
1999 795 2071 850 Μ.
2110 794 2171 852 F.

584 897 693 971 [[.,
728 896 970 963 Wwoxr,
995 894 1213 959 Panem,
1254 891 1629 957 Mscmnstuo,
1656 882 2033 963 Fnouumvno],
2066 887 2178 944 Rs-

586 1006 881 1051 stxestnus
932 986 1270 1043 litteratoria:
1303 981 1669 1056 professionis
1711 982 2175 1055 neglectissimus,

588 1082 857 1155 quidquid
884 1081 1133 1152 adoptari
1167 1088 1348 1151 potest
1372 1076 1642 1135 festivius.

656 1169 915 1249 Exterior
933 1186 1088 1227 meus
1112 1171 1298 1236 homo,
1328 1167 1581 1240 quamvis
1608 1167 1756 1241 longi
1795 1166 2069 1239 temporis.
2087 1167 2177 1223 in-

589 1246 824 1319 terstitio
860 1246 1166 1333 conspectu
1226 1272 1411 1319 careat
1453 1270 1661 1326 vestro,
1717 1260 1945 1316 interior
1994 1271 2178 1317 tamen

589 1354 797 1409 intima:
826 1336 1132 1409 dilectionis
1172 1352 1631 1423 contemplatione
1658 1350 1825 1406 vestri
1860 1350 2178 1420 neutiquam

591 1445 933 1523 recordatur.
965 1442 1122 1510 Quod
1144 1459 1262 1511 vos,
1294 1451 1357 1498 ut
1383 1441 1634 1513 promisi,
1661 1441 1713 1495 in
1740 1442 2038 1496 transactis
2060 1441 2176 1496 die-

589 1518 717 1613 rum
749 1518 1039 1593 curriculis
1066 1549 1172 1589 non
1203 1534 1445 1601 visitavi,
1494 1533 1548 1588 id
1594 1548 1848 1588 aversum
1882 1531 2055 1588 fuisse
2094 1547 2181 1588 se-

590 1622 766 1682 niuris
818 1626 922 1683 mei
976 1627 1269 1697 praesentia
1319 1626 1535 1685 scitote.
1585 1623 1816 1696 Insuper
1874 1639 1985 1680 non
2044 1624 2181 1679 adeo

2274 433 2443 495 atque
2484 422 2675 479 delusa
2710 430 2908 478 cuncta
2945 417 3197 476 saeculari
3238 417 3589 475 tribulatione.
3619 420 3781 496 Gaude,

2272 514 2442 571 frater
2472 514 2851 580 dilectissime,
2880 510 3027 583 quod
3062 508 3315 565 invenisti
3337 510 3480 581 quod
3508 524 3692 584 semper
3711 530 3783 572 su.

2273 607 2512 679 spirioso
2560 605 2746 660 animo
2785 601 3108 674 qumsivisti.
3150 599 3302 672 Rogo
3336 607 3410 667 te,
3436 616 3504 656 ne
3534 602 3630 657 ulla
3661 605 3784 662 dece-

2275 700 2418 770 ptrix
2448 741 2464 765 ,
2500 699 2650 754 nulla
2695 693 2975 752 seduetrix
3011 692 3281 750 avellatte
3305 693 3373 749 de
3411 695 3615 751 tramite
3630 697 3785 754 verita.

2252 791 2369 847 tis.
2418 788 2541 845 Noli
2590 788 2866 859 respicere
2907 786 3112 841 nodum
3141 784 3374 854 solvere,
3400 801 3508 856 quo
3532 796 3579 842 te
3605 788 3786 857 trusisti,

2275 891 2554 954 perpetuae
2592 878 2852 936 charitati
2893 877 3152 948 deinceps
3174 894 3390 934 vacare.
3433 877 3647 949 Fugiens
3670 895 3695 936 e
3715 896 3789 939 sa-

2276 975 2422 1041 culo,
2458 973 2504 1028 si
2539 980 2665 1045 post
2690 980 2904 1044 tergum
2936 970 3166 1040 respicis
3193 970 3397 1038 animo,
3432 971 3644 1027 multum
3665 973 3790 1029 mira-

2278 1066 2358 1121 ris
2388 1065 2535 1136 quod
2564 1062 2886 1119 multimoda
2909 1061 3220 1132 infestaque
3249 1062 3439 1117 mundi
3477 1062 3689 1133 pericula
3707 1073 3789 1120 tan

2279 1159 2464 1215 salvus
2488 1148 2763 1213 evaSeras.
2797 1152 2941 1222 Quid
2993 1154 3199 1209 multa?
3227 1152 3305 1209 Ex
3350 1169 3461 1226 quo
3500 1155 3648 1210 homo
3688 1155 3792 1212 indi-

2279 1265 2421 1323 gnus
2442 1248 2726 1320 presbyter
2759 1261 2882 1302 sum
2906 1245 3215 1311 ordinatus,
3244 1246 3325 1301 tui
3353 1261 3464 1301 non
3478 1261 3590 1302 sum
3609 1246 3791 1311 oblitus;

2281 1341 2540 1413 deinceps
2586 1353 2720 1416 vero
2777 1353 3083 1409 nunquam,
3146 1352 3443 1408 nusquam,
3492 1340 3685 1411 quando
3718 1342 3794 1395 mei

2281 1442 2599 1487 meorumve
2628 1427 2908 1495 recordor,
2951 1427 3033 1483 tui
3060 1442 3169 1483 non
3212 1428 3522 1485 obliviscor.
3566 1428 3798 1500 Speremus

2281 1535 2540 1592 namque,
2573 1519 2879 1591 spirituque
2926 1530 3203 1590 optamus,
3233 1519 3560 1590 quandoque
3596 1532 3640 1575 te
3663 1521 3798 1577 venire

2283 1614 2349 1669 ad
2376 1614 2496 1669 loca
2521 1613 2681 1669 nobis
2707 1610 2992 1679 viciniora,
3023 1610 3285 1684 praedigni
3310 1611 3524 1668 abbatis
3547 1613 3618 1667 tui
3637 1612 3800 1668 benedi-

590 1729 781 1789 ειῃωω
823 1719 961 1774 mihi
986 1719 1273 1774 videbam.-
1307 1718 1365 1773 in
1411 1716 1579 1788 hujus
1617 1717 1880 1788 ιρηιροιοίε
1924 1716 2185 1772 observa-
2214 1699 2257 1756 Β
2283 1697 2431 1760 cibili
2476 1704 2715 1761 licentia.
2755 1701 2987 1760 Confido
3025 1703 3081 1757 in
3115 1701 3349 1758 Domino
3391 1701 3519 1759 Jesu
3540 1701 3728 1759 Christo
3757 1712 3802 1759 ut

592 1810 743 1865 tione
779 1793 836 1865 id.
856 1810 1070 1866 itineris
1110 1811 1334 1865 meatim
1366 1808 1558 1879 arripi,
1586 1824 1711 1863 cum
1750 1808 2011 1881 pabulum
2042 1816 2187 1864 esset

592 1902 798 1986 tibique
827 1902 1080 1969 charum,
1102 1912 1157 1957 et
1182 1902 1390 1957 incerta
1425 1901 1720 1971 temperies
1761 1900 1906 1957 aeris
1951 1888 2184 1956 habere;

590 2003 704 2061 tur,
736 1993 894 2049 vobis
936 2008 1159 2073 quoque
1205 1993 1362 2049 locus
1400 2001 1455 2048 et
1483 1993 1656 2048 otium
1691 1992 1917 2048 minime
1963 1992 2187 2051 daretur

592 2084 874 2152 audiendi,
925 2095 981 2142 ct
1023 2087 1147 2141 lene
1200 2084 1493 2141 consilium
1549 2099 1649 2156 pro
1697 2083 1783 2140 his
1828 2084 1963 2139 mihi
1999 2084 2183 2154 dandi,

591 2197 718 2253 qua:
753 2181 918 2237 vestri
948 2180 1167 2237 aurium
1198 2179 1468 2236 cubiculis
1497 2178 1843 2235 instillarem.
1885 2175 2186 2237 Transacut

593 2265 879 2350 Paschalis
902 2269 1217 2326 festivitatis
1248 2269 1658 2341 exspectatione
1691 2284 1841 2335 mox,
1873 2284 1998 2324 cum
2030 2277 2190 2324 terra}.

596 2362 790 2439 soluta:
836 2362 1086 2433 gramina
1130 2361 1406 2429 emittunt,
1434 2376 1532 2417 vos
1568 2359 1818 2430 adusque
1854 2360 1966 2414 vita
1998 2374 2189 2430 super:

596 2455 726 2519 stite
766 2470 854 2510 me
888 2454 1151 2526 promitto
1178 2462 1494 2509 venturum.
1543 2450 1686 2517 Tibi,
1722 2450 1888 2507 frater
1924 2449 2192 2505 amantis—

597 2546 737 2603 sime
759 2544 1128 2610 Froumunde,
1153 2542 1320 2608 libelli
1344 2542 1649 2610 residuum,
1672 2541 1819 2613 quod
1843 2540 2069 2613 rogasti,
2094 2556 2192 2610 per

598 2638 748 2715 hunc
773 2636 1081 2709 pelliferum
1106 2634 1412 2703 transmisi,
1438 2635 1640 2706 jubens
1665 2645 1716 2690 te
1735 2650 1902 2706 quam
1926 2632 2193 2688 citissime

597 2730 656 2797 id
684 2731 1020 2802 perscribere
1044 2745 1212 2786 causa
1243 2728 1537 2786 confestim
1566 2727 1900 2794 remittendi,
1931 2727 2062 2798 quia
2087 2725 2191 2781 do-

597 2822 754 2879 mino
801 2822 1051 2893 ejusdem
1096 2806 1245 2888 libri,
1274 2822 1463 2878 nescio
1490 2821 1686 2877 tuimet
1736 2819 2051 2893 postulatis,
2092 2812 2195 2875 'sat

598 2914 711 2991 egi.
739 2912 909 2969 Vobis
947 2922 1152 2978 autem,
1179 2912 1402 2970 domine
1428 2921 1483 2971 et
1506 2913 1767 2986 magister
1809 2912 2191 2983 Meginhelme,

2286 1797 2556 1853 voluntati
2592 1812 2729 1853 meae
2779 1795 3129 1853 satisfaciens
3167 1797 3403 1853 deducat
3446 1812 3530 1852 me
3572 1796 3632 1852 ad
3665 1797 3801 1852 locum

2287 1890 2383 1946 ubi
2408 1891 2629 1945 inventa
2663 1897 2793 1945 sunt
2831 1897 3020 1944 sancta
3048 1888 3204 1960 signa
3230 1898 3435 1944 nostra:
3461 1887 3800 1959 redemptionis.

2289 1983 2426 2039 Et=si
2451 1984 2527 2039 ita
2558 1984 2685 2050 erit,
2727 1982 2894 2054 cupio
2914 1997 3015 2039 vos
3048 1982 3233 2039 videre
3257 1996 3461 2053 meque
3488 1980 3804 2037 commendare

2288 2085 2490 2132 sanctae
2515 2075 2750 2130 orationi
2778 2075 3080 2143 seniorum,
3116 2075 3165 2130 si
3197 2074 3513 2147 dignantur,
3542 2072 3805 2129 Cluniacen-

2288 2166 2367 2223 sis
2395 2166 2736 2223 monasterii.
2770 2164 2978 2224 Valete.

2288 2394 2374 2450 Ad
2398 2393 2641 2449 eumdem
2681 2392 3077 2464 Eroumundus.
3120 2393 3291 2464 Rogat
3338 2403 3400 2448 ut
3440 2394 3539 2448 sibi
3574 2388 3807 2460 exempla

2682 2461 2901 2519 Horatii
2936 2474 3103 2535 poeta:
3134 2461 3488 2518 transmittat.

2364 2576 2730 2634 Dilectissimo
2757 2574 3023 2633 eonfratri
3048 2573 3115 2629 Β.
3145 2583 3329 2631 vester
3355 2573 3530 2629 ﬁdelis
3553 2570 3609 2627 F.
3629 2613 3646 2639 ,
3669 2584 3810 2642 quan-

2294 2671 2380 2726 vis
2400 2670 2549 2737 vilis,
2570 2668 2813 2725 sedulam
2844 2667 3152 2724 orationem
3171 2682 3239 2721 ex
3266 2666 3455 2721 corde.

2367 2760 2426 2817 Si
2451 2761 2631 2817 adhuc
2670 2760 2738 2815 ad
2768 2774 2966 2815 manus
2994 2758 3211 2814 habetis
3248 2757 3453 2812 librum
3490 2753 3694 2821 Horatii,
3715 2766 3813 2823 iugo

2295 2867 2395 2907 vos
2422 2860 2483 2906 ut
2505 2851 2642 2907 mihi
2670 2865 2799 2906 eum
2836 2845 3070 2905 mittatis
3091 2848 3162 2903 ad
3201 2845 3607 2903 describendam
3630 2843 3814 2915 particu-

2296 2942 2408 2998 lam
2430 2956 2554 3012 quae
2576 2940 2757 2996 adhuc
2793 2940 2954 2997 nobis
2993 2940 3148 2995 deest
3175 2937 3426 3008 ejusdem
3474 2935 3625 3002 libri;
3649 2943 3694 2989 et
3715 2934 3751 2989 si
3769 2932 3816 2985 il-

602 3005 1035 3101 ξ¹¹¹¹¹⁰⁸θ¹¹¹ΡΨίῗ
1081 3004 1302 3101 “gum
1337 3003 2069 3101 satiSfacercj_Qum_"_
2100 3003 2187 3058 li"
2217 3040 2264 3101 ε
2294 3032 2408 3088 lum
2445 3003 2555 3089 non
2590 3030 2827 3096 habetis,
2861 3031 3031 3085 alium
3070 3003 3258 3101 quem,
3298 3043 3463 3099 quem
3498 3025 3642 3082 nobis
3676 3024 3814 3080 utilem

600 3098 767 3179 hrum
807 3094 1085 3165 voluistis,
1136 3096 1191 3151 in
1247 3104 1436 3152 nostra
1477 3093 1796 3151 reconditur
1841 3094 2189 3164 bibliotheca,

509 3196 512 3200 ‘
598 3190 701 3251 sed
733 3199 917 3247 utrum
946 3196 1227 3246 correctus
1249 3189 1342 3256 sit,
1376 3204 1570 3256 necne,
1601 3186 1811 3244 dubito.
1868 3186 1926 3242 Si
1972 3202 2196 3258 persen-

600 3298 734 3341 sero
760 3283 914 3339 illum
940 3283 1097 3339 vobis
1122 3282 1333 3350 utilem,
1368 3296 1473 3337 una
1506 3296 1723 3337 mecum
1754 3288 2044 3352 asportare
2067 3297 2195 3352 pro-

600 3376 837 3451 perabo.
899 3374 1086 3431 Valete
1125 3375 1432 3445 vestrisque
1480 3373 1824 3429 orationibus
1880 3388 1968 3430 me
2028 3371 2197 3429 mise-

606 3484 754 3549 μω,
781 3468 1007 3540 inquam
1039 3467 1326 3529 miserum.
1356 3466 1651 3537 impertite.

1352 3581 1464 3638 γη.

613 3677 947 3732 Froumuudi
977 3677 1047 3731 ad
1074 3676 1347 3730 Pabonem
1380 3673 1695 3744 monachum
1738 3689 1833 3744 pro
1875 3673 2196 3727 vestimentis

964 3748 1154 3819 quibus
1191 3763 1246 3801 se
1278 3764 1310 3800 a
1339 3746 1538 3817 [rigore
1574 3742 1845 3815 defendat.

684 3837 895 3899 Domno
933 3836 1133 3891 PAMNI
1167 3835 1335 3891 frater
1378 3832 1763 3903 Fnouununus,
1810 3831 2083 3905 quidquid
2112 3841 2199 3889 est

611 3928 894 3984 ‘charitatis
923 3929 978 3983 in
1000 3926 1254 3982 Domino.

684 4020 948 4078 Instantis
990 4018 1190 4075 hiemis
1226 4035 1487 4091 pressura
1538 4016 1683 4091 cogit
1722 4033 1813 4075 me
1859 4016 2044 4074 dicere
2078 4032 2202 4090 qua

612 4124 744 4172 sunt
780 4116 939 4171 nobis
966 4117 1302 4172 necessaria.
1330 4112 1571 4170 Nimium
1597 4115 1837 4171 conlisus
1866 4113 2026 4169 solita
2065 4112 2201 4168 cha-

611 4206 778 4262 ritate
805 4215 987 4263 vestra
1035 4207 1183 4263 circa
1217 4222 1333 4273 me,
1381 4221 1514 4277 rogo
1550 4222 1650 4263 vos
1687 4214 1747 4262 ut
1776 4205 2007 4262 mittatis
2040 4203 2176 4261 mihi

610 4298 757 4379 duos
791 4307 1026 4379 vuantos
1075 4299 1323 4370 hispidos
1384 4298 1613 4354 sulinos.
1661 4306 1759 4354 aut
1806 4298 2084 4366 fiberinos,
2116 4297 2203 4354 vel

2296 3124 2475 3191 scitis,
2516 3122 2660 3179 mitti
2689 3138 3005 3193 precamur.
3048 3120 3213 3176 Liber
3265 3122 3436 3177 etiam
3479 3130 3664 3185 noster,
3698 3131 3815 3189 quem

2295 3230 2394 3271 vos
2417 3214 2657 3283 habetis,
2695 3213 2853 3270 valde
2894 3212 3246 3270 necessarius
3277 3220 3367 3268 est
3412 3212 3583 3268 nobis.
3608 3208 3817 3278 Quocirca

2294 3305 2530 3377 petimus
2589 3313 2652 3361 ut
2712 3320 2810 3376 per
2883 3312 3207 3375 praesentem
3275 3304 3532 3359 nuntium
3606 3299 3813 3370 dirigatis.

2295 3394 2527 3463 Quando
2566 3395 2713 3451 enim
2758 3392 2944 3461 vultis,
2993 3394 3177 3451 statim
3219 3393 3382 3450 vobis
3429 3393 3654 3460 remitto,
3694 3390 3733 3446 si
3766 3388 3816 3443 ita

2296 3502 2522 3544 necesse
2550 3495 2655 3543 est.
2681 3484 2912 3553 Quando
2933 3487 3137 3541 librum
3167 3483 3385 3540 Horatii
3409 3495 3586 3542 vestro
3602 3482 3817 3554 juvamine

2294 3577 2611 3645 conscribo,
2640 3576 2930 3633 confestim
2958 3576 3027 3632 ad
3046 3588 3154 3631 'vos
3178 3576 3369 3631 venire
3401 3591 3511 3631 non
3531 3574 3740 3630 tardabo.

3056 3709 3125 3766 Χ.

2299 3823 2384 3879 Ad
2419 3825 2679 3880 eumdem.
2711 3823 2924 3880 Caecum
2959 3830 3196 3891 nepotem
3226 3822 3297 3894 ad
3336 3822 3671 3894 recipiamus
3693 3819 3815 3894 vita)!

2371 3904 2525 3968 rogat
2546 3905 2673 3968 ante
2692 3889 3066 3968 altare‘sancti
3091 3893 3375 3968 antistitis
3388 3889 3697 3963 praesentari.
3717 3889 3801 3946 Cos

2373 3962 2616 4038 queritur
2638 3965 2704 4021 de
2734 3980 2831 4020 suo
2855 3964 3225 4019 libro-sordide
3251 3962 3461 4032 habito,
3486 3973 3584 4020 etc.

2374 4092 2442 4149 Β.
2472 4092 2702 4149 dimidio
2734 4092 2859 4148 vita
2885 4105 3023 4149 mete
3045 4091 3266 4161 solatio,
3308 4090 3370 4148 F.
3411 4091 3657 4165 quidquid
3683 4069 3817 4164 gaudii

2300 4185 2359 4242 in
2387 4183 2630 4242 Christo.

2374 4274 2545 4333 Istum
2572 4291 2807 4348 puerum
2846 4276 3026 4348 neptis
3047 4291 3207 4345 meae,
3237 4276 3402 4334 bona:
3426 4276 3659 4334 mulieris
3675 4274 3815 4333 ﬁlium.

610 4366 893 4465 vulpinos,
919 4390 1122 4462 quibus
1163 4366 1389 4446 indutus
1432 4390 1603 4446 vitare
1643 4390 1855 4445 valeam
1897 4389 2191 4461 perieulum

2304 4366 2517 4425 lumine
2542 4368 2829 4425 oculorum
2860 4380 3000 4440 pene
3040 4367 3337 4439 privatum,
3371 4384 3508 4443 rogo
3543 4382 3633 4424 vos
3664 4374 3711 4421 ut
3732 4370 3817 4465 ante

617 4457 841 4552 frigoris
881 4457 953 4535 1.;
1007 4472 1284 4535 manibus.
1326 4478 1515 4537 Dileeti
1561 4478 1760 4537 fratres
1811 4457 2099 4536 Liutoldus
2153 4491 2191 4536 ei

2308 4459 2481 4516 altare
2504 4459 2677 4516 sancti
2713 4459 2983 4516 antistitis
3011 4458 3076 4532 [Γ.
3117 4457 3175 4516 S.
3214 4457 3620 4532 Emmerammi]
3644 4457 3815 4552 duratis.

618 4568 859 4628 Vuirunt
878 4573 1019 4628 bene
1041 4572 1278 4640 Valeant,
1309 4572 1510 4644 quibus
1539 4572 1705 4627 etiam
1730 4570 1984 4629 salutatis
2007 4587 2075 4627 ex
2110 4586 2210 4627 no-

614 4665 785 4721 mine‘
808 4680 962 4733 meo,
988 4672 1177 4737 rogate
1204 4679 1301 4720 eos
1332 4672 1393 4719 ut
1436 4664 1780 4736 aliquantum
1821 4678 1947 4719 cera
1975 4663 2210 4735 largian-

617 4765 729 4814 tur.
771 4756 979 4813 Valete.

1340 4867 1457 4926 Vill

618 4962 704 5019 Ad
730 4961 797 5018 R.
815 4960 882 5036 [Ῑ.
908 4960 1319 5036 Resupnum]
1332 4962 1667 5036 monachum.
1709 4960 1979 5036 Hortatur
2000 4962 2071 5036 ad
2090 4978 2210 5032 per-

690 5030 1040 5089 sevefantiam
1071 5033 1130 5086 in
1148 5030 1319 5103 statu'
1334 5032 1649 5103 monastico,
1694 5048 1848 5103 seque
1890 5030 2209 5089 Cluniacen-

616 5106 621 5111 ’
690 5105 831 5159 sium
854 5103 1094 5173 precibus
1126 5102 1311 5172 juvari
1340 5101 1599 5174 postut'at.

614 5198 627 5207 '
694 5190 761 5247 Β.
795 5190 971 5247 Fratri
998 5191 1358 5248 dilectissimo
1402 5191 1464 5248 F.
1496 5201 1610 5249 tota
1664 5202 1845 5249 mente
1871 5192 1969 5249 tibi
1999 5192 2207 5249 fidissi-

616 5302 770 5345 mus.

624 5376 629 5381 ’
696 5378 841 5435 Bene
870 5378 1047 5437 fecisti
1068 5379 1217 5453 quod
1242 5381 1404 5437 nobis
1429 5390 1733 5453 pernotum
1761 5380 2016 5436 nuntium
2041 5380 2205 5435 inno-

620 5470 802 5538 tuisti,
850 5471 943 5527 ubi
997 5488 1160 5529 curas
1198 5473 1496 5529 aerumnosi
1528 5472 1714 5529 saeculi
1776 5471 1926 5527 calce
1978 5471 2203 5526 trivisti.

623 5558 733 5617 Per
762 5571 989 5619 cunctas
1017 5578 1253 5635 namque
1282 5565 1533 5636 regiones
1554 5564 1750 5635 vagula
1783 5570 1964 5617 mente
1984 5570 2210 5633 te-quae-

626 5653 860 5711 sivimus
895 5665 1207 5713 mmrentes.
1242 5652 1350 5711 Sed
1378 5654 1611 5711 nimium
1658 5653 1958 5727 gaudemus
1980 5651 2128 5725 quod
2159 5661 2210 5708 te

2309 4558 2365 4607 et
2390 4566 2492 4623 pro
2526 4551 2764 4608 sanitate
2792 4552 2913 4624 ejus
2938 4552 2994 4607 in
3028 4560 3327 4623 conspectu
3366 4550 3468 4609 Dei
3507 4544 3814 4623 deprecemini.

2312 4641 2381 4699 Et
2412 4643 2460 4699 si
2495 4642 2719 4714 aliquod
2757 4643 3216 4700 medicamentum
3246 4656 3350 4715 pro
3387 4641 3680 4715 huiusmodi
3708 4638 3815 4695 inﬁr-

2313 4734 2502 4791 mitate
2526 4735 2704 4803 scitis,
2722 4743 2819 4791 aut
2838 4734 3108 4792 sciscitari
3129 4733 3379 4807 potestis,
3408 4751 3508 4806 pro
3527 4747 3691 4790 amore
3710 4726 3818 4785 Clui-

2315 4826 2386 4881 sti
2412 4826 2516 4882 sibi
2562 4841 2823 4899 rogamus
2877 4826 3165 4898 impertiri.
3219 4823 3281 4882 Si
3334 4825 3540 4898 aliquid
3576 4822 3816 4881 habuisses

2311 4918 2449 4974 mihi
2486 4918 2646 4974 vobis
2685 4918 2932 4985 charius,
2964 4926 3289 4989 presentem
3317 4917 3576 4989 pagellam
3604 4907 3817 4969 invaditis

2310 5009 2491 5066 verbis
2514 5007 2766 5067 fortassis
2794 5024 3103 5077 onerarem,
3131 5009 3262 5080 quia
3288 5008 3490 5063 librum
3518 5015 3730 5062 nostrum
3755 5006 3815 5053 ω-

2313 5108 2429 5157 tum
2477 5116 2764 5173 rugosum,
2801 5114 3087 5171 emnosum
3134 5107 3398 5170 parteque
3454 5097 3726 5166 disruptum
3753 5102 3814 5141 re-

2313 5192 2451 5263 εθΡίο
2478 5192 2584 5249 Sed
2608 5194 2713 5249 hoc
2736 5194 2880 5249 absit
2899 5199 2961 5248 ut
2983 5208 3084 5248 vos
3110 5193 3196 5248 vel
3227 5208 3337 5248 uno
3363 5192 3528 5249 verbo
3550 5186 3812 5246 contristent.

2311 5283 2371 5339 in
2416 5285 2597 5356 capite
2638 5286 2886 5357 ejusdem
2906 5285 3033 5341 libri
3079 5285 3286 5341 inserta
3326 5292 3485 5340 erant
3512 5282 3615 5338 duo
3638 5267 3813 5333 foliaJI

2309 5392 2423 5432 uno
2466 5387 2584 5434 erat
2635 5379 2896 5446 circulus,
2950 5377 3241 5434 continens
3288 5378 3604 5448 scripturam
3643 5374 3814 5440 qnam

2311 5468 2593 5540 plagarum
2642 5471 2868 5539 mundi;
2907 5471 2964 5526 in
2994 5471 3103 5526 alio
3129 5470 3360 5540 epistola
3397 5483 3558 5539 quam
3598 5464 3812 5534 (ornats!

2311 5573 2651 5633 nuncupant,
2674 5579 2799 5634 qua:
2830 5578 2987 5636 rogo,
3016 5575 3206 5636 .genua
3241 5571 3417 5620 vestra
3449 5546 3812 5631 amplectens."

2312 5654 2450 5709 mihi
2478 5656 2788 5712 remittatis.
