4038 6386
115 410 295 477 1289⁸

878 525 969 584 XI.

215 645 298 701 Ad
316 644 572 700 eumdem.
610 641 750 698 Petit
774 641 875 696 sibi
906 650 1147 713 poemata
1178 640 1341 696 Statii
1381 637 1691 693 transmitti.

222 755 432 811 Domno
455 753 521 809 Β.
554 753 826 809 imbriilua
849 754 1114 824 sapientia
1142 753 1328 818 ﬂuido,
1364 750 1424 806 F.
1459 766 1615 816 suus,
1646 758 1728 805 tot

123 845 536 915 gratulationes
566 852 701 915 quot
728 844 958 915 vagulus
1001 843 1162 915 lupus
1209 844 1359 898 novit
1400 842 1723 897 semitarum

120 936 509 992 diversitates.

216 1023 378 1079 Nullo
413 1022 576 1080 modo
614 1022 866 1079 dubitare
904 1024 1029 1079 volo
1071 1039 1157 1079 me
1198 1024 1355 1079 vobis
1397 1023 1726 1080 cordetenus

124 1128 419 1168 annexum
447 1112 664 1167 vinculo
694 1112 863 1166 totius
903 1111 1205 1167 charitatis.
1245 1110 1451 1166 Idcirco
1489 1127 1622 1183 rogo
1664 1120 1727 1167 ut

125 1219 234 1259 me
258 1201 458 1259 librum
496 1202 657 1257 Statii
684 1204 864 1258 videre
893 1201 1126 1259 faciatis.
1163 1200 1320 1257 Nunc
1361 1204 1509 1257 enim
1547 1212 1727 1273 potest

127 1295 282 1350 mihi
310 1294 455 1360 vehi,
485 1294 751 1364 vobisque
780 1294 966 1350 statim
995 1294 1180 1349 reduci
1221 1293 1338 1349 sine
1366 1294 1472 1347 ulla
1508 1310 1643 1364 ruga
1672 1297 1729 1350 et

127 1385 370 1440 laesione
394 1400 489 1455 per
518 1385 742 1439 nuntios
771 1384 866 1455 qui
896 1384 1025 1439 hinc
1049 1392 1103 1439 et
1124 1382 1248 1438 inde
1285 1392 1516 1454 pergunt
1539 1384 1726 1440 vacuis

128 1476 402 1533 sarcinis.
425 1473 581 1542 Quod
603 1476 650 1531 si
673 1476 911 1531 Charitas
934 1475 1075 1529 inter
1096 1490 1197 1530 nos
1218 1474 1435 1545 penitus
1456 1473 1724 1544 perfrixit,

127 1567 294 1638 quod
329 1574 513 1623 tamen
554 1566 723 1623 absit!
770 1576 1019 1623 nostrum
1054 1567 1252 1643 librum
1297 1566 1494 1622 mittite
1543 1566 1724 1623 nobis.

130 1657 359 1715 Valete.
386 1662 400 1681 ’

871 1776 991 1851 xu.

132 1903 232 1960 Ad
289 1884 603 1976 Gozpertum
650 1904 770 1961 abb.
807 1906 1141 1976 Tegernsens.
1176 1904 1292 1971 Quo
1329 1906 1385 1961 in
1411 1910 1556 1960 statu
1595 1921 1727 1976 pra»

395 1978 486 2032 dia
513 1978 820 2031 monasterii
851 1977 1174 2047 pertustrata
1204 1978 1498 2031 invenerit?

216 2088 286 2146 G.
329 2090 529 2146 seniori
561 2106 682 2157 suo,
712 2089 772 2144 F.
811 2091 1039 2146 ultimus
1065 2090 1231 2146 vestri
1272 2104 1578 2157 servorum,
1616 2106 1725 2145 non

139 2181 321 2249 alius,
355 2190 451 2237 aut
476 2182 645 2249 aliud,
671 2199 836 2253 quam
862 2183 916 2238 id
941 2183 1088 2253 quod
1112 2182 1337 2237 dudum.

219 2275 371 2331 Loca
407 2277 727 2332 obedientise
756 2277 916 2331 nobis
970 2275 1297 2342 commissae,
1363 2289 1487 2346 qua:
1547 2274 1727 2331 adhuc

134 2366 327 2436 potui,
354 2366 775 2437 contemplando
817 2366 1040 2433 circavi,
1088 2373 1144 2421 et
1196 2365 1413 2420 invenio
1443 2364 1726 2419 minimam

137 2464 363 2524 partem
390 2455 551 2511 nobis
580 2471 703 2512 esse
728 2456 1061 2511 derelictam.
1092 2455 1309 2526 Aliquid
1335 2463 1442 2509 tam
1467 2471 1725 2527 magnum

137 2546 578 2617 perliciendum,
618 2555 677 2602 ut
697 2547 765 2602 de
792 2547 1106 2617 hujusmodi
1138 2547 1540 2618 dispensatione
1566 2548 1729 2603 debe-

139 2654 280 2693 mus
312 2638 663 2709 pauperibus,
696 2638 1010 2695 domesticis
1038 2647 1203 2709 atque
1243 2638 1543 2709 peregrinis
1596 2639 1729 2695 hos-

138 2732 380 2802 pitibus.
411 2730 470 2786 In
494 2730 727 2787 Danubii
779 2731 997 2802 regione
1048 2729 1242 2801 repetii
1284 2746 1535 2801 granum,
1583 2732 1730 2801 quod

141 2822 325 2893 priori
364 2838 508 2879 anno
530 2823 892 2890 abstulerunt,
916 2831 968 2877 et
997 2822 1074 2877 illi
1099 2822 1315 2893 majori,
1356 2823 1450 2893 qui
1475 2822 1585 2878 illic
1613 2830 1732 2877 erat

143 2919 416 2975 anteriori
439 2920 861 2987 anno,ablatum
890 2930 975 2977 est
1004 2919 1263 2986 oﬁicium,
1289 2928 1340 2976 et
1365 2921 1549 2976 nullus
1572 2921 1729 2991 peni-

147 3021 244 3067 tus
257 3010 326 3066 de
348 3011 455 3067 hoc
479 3012 625 3067 dedit
646 3012 780 3067 mihi
805 3027 1151 3082 responsum.
1167 3010 1302 3067 Tota
1326 3028 1565 3083 namque
1585 3010 1732 3067 deci-

147 3100 326 3156 matio
347 3100 475 3157 hinc
509 3101 636 3156 inde
663 3108 749 3157 est
776 3101 1061 3171 dispertita
1088 3101 1230 3157 inter
1255 3110 1472 3157 nostros
1502 3109 1558 3157 et
1595 3100 1731 3157 alie-

148 3207 279 3249 nos.
328 3191 387 3249 Si
434 3194 539 3249 hoc
594 3209 705 3249 non
757 3193 1101 3262 interdicitis,
1131 3194 1278 3266 quod
1315 3194 1478 3249 alieni
1508 3193 1731 3261 habent,
1760 3212 1805 3275 ε

148 3285 378 3356 penitus
406 3286 756 3342 abstrahetur
778 3302 811 3341 a
831 3286 996 3343 domo
1027 3285 1143 3342 Dei.
1172 3285 1324 3357 Rogo
1349 3286 1729 3357 paternitatem

138 3386 394 3461 ‘vestram
423 3386 485 3435 ut
509 3379 798 3436 decimatlo
828 3380 988 3436 nobis
1008 3381 1263 3451 praesenti
1288 3396 1433 3436 anno
1468 3389 1580 3438 tota
1606 3398 1734 3438 con-

148 3472 386 3527 cedatur
410 3472 477 3528 ad
499 3473 701 3529 calcem
724 3474 1096 3530 cremandum.
1126 3472 1225 3530 Est
1242 3489 1479 3545 namque
1503 3477 1733 3532 ecclesia

152 3561 214 3618 in
241 3574 428 3619 nostra
464 3564 793 3633 obedientia,
823 3554 946 3636 quia:
972 3566 1174 3622 dicitur
1202 3564 1602 3635 Holzcbiricha,
1630 3585 1735 3624 un-

150 3656 323 3726 dique
344 3655 514 3712 i’urcis
544 3655 752 3725 fulcita,
776 3659 951 3715 muris
985 3659 1284 3728 destructa,
1311 3659 1401 3716 cui
1431 3661 1538 3715 nisi
1568 3661 1732 3717 citius

152 3747 503 3814 subvenitur,
541 3749 763 3818 penitus
787 3752 963 3807 cadet.

875 3884 1012 3942 XIII.

152 3995 242 4050 Ad
278 3992 685 4072 Meginhelmttm
729 4001 1062 4072 magistrum.
1105 3999 1240 4055 Eum
1263 4000 1333 4055 ad
1352 4003 1732 4072 expromendas

616 4068 970 4140 ingenii'vires
1009 4072 1271 4126 hartatur.

229 4200 462 4258 Domino
486 4218 611 4259 meo
643 4204 1012 4278 magistroque
1036 4205 1107 4262 Μ.
1139 4207 1294 4263 miris
1318 4221 1585 4278 moribus,
1611 4224 1732 4265 ma:-

154 4294 454 4366 culosoque
480 4310 620 4353 nasu
651 4297 880 4355 miriﬁce
906 4308 1213 4367 munerato,
1254 4298 1313 4355 F.
1341 4300 1519 4357 ﬁdelis
1550 4300 1732 4357 famuo'

153 4382 246 4443 lus
269 4385 624 4457 famulamina
656 4388 971 4461 frequenter
992 4388 1239 4448 facturus
1264 4390 1463 4448 ﬁdelia.

229 4477 351 4533 Miri
380 4479 758 4536 medicaminis
779 4496 932 4537 more
953 4483 1255 4554 magistrali
1281 4498 1369 4539 me
1401 4482 1732 4541 mementote

1572 399 1952 466 EPISTOLm.
2291 444 2329 452 .-
2356 442 2362 450 .
2400 440 2470 460 .,
2502 442 2524 464 ._
2582 434 2588 441 .

1737 526 1785 583 Α
1881 519 2033 592 Rogo
2073 522 2453 593 paternitatem
2479 527 2715 576 vestram
2746 526 2803 574 ut
2826 516 3053 573 auribus
3084 515 3259 573 solita:
3279 517 3398 590 pie-

3259 399 3401 458 1290

1830 614 1954 669 tatis
1983 630 2166 680 meum
2209 616 2463 669 nuntium
2515 611 2861 681 suscipiatis,
2912 619 3172 681 tanquam
3220 610 3403 667 verbis

1826 704 2108 759 vobiscum
2173 702 2631 761 sermocinantem
2686 716 2785 773 pro
2836 701 3000 758 rebus
3052 702 3399 758 necessariis.

1826 795 2012 868 Neque
2041 797 2188 851 enim
2212 797 2326 866 ipse
2347 797 2613 866 loquitur,
2638 795 2732 849 sed
2754 793 2823 851 ab
2844 793 3065 848 animali
3091 794 3196 849 hoc
3225 792 3404 848 inani-

1827 889 1967 943 male
1995 902 2094 957 pro
2123 889 2346 942 animali
2376 888 2612 942 mittitur
2634 886 2700 941 ad
2738 885 2993 941 animale.
3032 883 3241 940 Idcirco
3288 899 3401 938 non
3428 958 3437 967 ι

1822 978 2174 1050 joeulariter,
2231 980 2326 1035 sed
2362 980 2639 1049 loquimur
2668 977 2825 1032 vobis
2855 976 3015 1046 quasi
3044 974 3404 1046 prmsentialio

1827 1079 1930 1125 ter.
1959 1069 2127 1124 Novit
2145 1071 2379 1141 denique
2402 1070 2635 1141 benigna
2660 1068 3046 1139 compatientia
3067 1076 3245 1123 vestra
3269 1082 3407 1137 qua-

1827 1160 1951 1217 liter
1971 1177 2070 1233 ego
2090 1162 2368 1232 quondam
2393 1161 2701 1216 inﬁrmatus
2722 1160 2864 1230 apud
2891 1160 3192 1230 Augustam
3209 1159 3404 1215 civita‘

1828 1260 1935 1307 tem
1970 1252 2025 1306 in
2050 1252 2429 1322 desperatione
2451 1252 2576 1306 vita1
2604 1252 2954 1323 aagrotabam,
3003 1265 3130 1305 cum
3173 1250 3406 1305 consilio

1827 1358 2020 1398 eorum
2051 1343 2144 1413 qui
2171 1344 2277 1397 mei
2326 1358 2517 1398 curam
2558 1343 2836 1414 gerebant,
2873 1338 3105 1413 obligavi
3142 1356 3230 1397 me
3254 1350 3404 1409 voto,

1828 1435 1875 1489 si
1896 1434 2293 1489 convaluissem
2315 1434 2382 1489 de
2412 1434 2515 1489 hac
2539 1432 2874 1499 inﬁrmitate,
2898 1441 2960 1488 ut
2982 1433 3213 1503 singulis
3247 1433 3409 1487 anuis

1826 1526 2069 1581 venirem
2110 1526 2176 1580 ad
2214 1526 2352 1581 lecta
2377 1534 2431 1580 et
2473 1526 2779 1595 patrocinia
2835 1524 3053 1579 illorum
3086 1532 3407 1579 sanctorum

1826 1617 1921 1687 qui
1944 1617 2020 1671 ibi
2046 1617 2415 1687 requiescunt.
2446 1616 2602 1683 Quod
2624 1616 2843 1686 penitus
2883 1631 2984 1687 ego
3024 1625 3274 1686 peccator
3317 1615 3404 1670 di-

1827 1709 1990 1774 misi,
2021 1709 2115 1764 sed
2145 1709 2376 1779 singulis
2399 1709 2560 1764 annis
2582 1708 2695 1763 dixi
2724 1726 2737 1761 :
2765 1707 2921 1773 Cras,
2947 1722 3069 1762 cras
3100 1715 3225 1777 peto
3245 1706 3413 1764 liceno

1829 1802 1984 1868 tiam,
2020 1808 2083 1855 ut
2108 1801 2293 1857 statim
2318 1816 2560 1871 pergam.
2587 1798 2953 1870 Quapropter,
2980 1798 3054 1853 mi
3076 1796 3408 1864 Pater,nibil

1828 1908 2107 1964 magnum,
2133 1891 2269 1947 nihil
2297 1892 2588 1947 molestum
2628 1906 2783 1961 rogo,
2836 1890 2934 1946 sed
2961 1904 3134 1946 unum
3189 1898 3408 1945 tantum

1826 1984 2094 2039 eavallum
2124 1984 2259 2038 mihi
2295 1984 2363 2038 ad
2394 1983 2772 2054 equitandum,
2801 1990 2856 2037 et
2882 1998 3053 2037 unum
3080 1982 3257 2036 virum
3293 1997 3410 2037 me-

1828 2091 1952 2130 cum
2000 2076 2337 2145 equitantem
2371 2094 2384 2129 :
2418 2076 2486 2131 ad
2516 2075 2779 2130 viaticum
2827 2082 3010 2130 autem
3070 2074 3206 2129 nihil
3260 2071 3411 2130 aliud

1826 2173 1951 2235 peto
1996 2164 2106 2220 nisi
2155 2165 2463 2235 portionem
2497 2165 2769 2220 alimoniae
2814 2180 2939 2235 quae
3000 2164 3136 2219 mihi
3185 2164 3410 2219 daretur

1827 2274 1951 2313 cum
2001 2258 2092 2313 hic
2145 2258 2293 2313 domi
2340 2273 2541 2322 essem,
2573 2266 2628 2312 et
2666 2258 2891 2327 insuper
2927 2256 3192 2327 quidquid
3223 2263 3409 2312 vestra

1828 2351 2085 2423 dignatur
2114 2350 2305 2421 gratia,
2348 2364 2457 2405 non
2487 2350 2691 2415 abnuo,
2734 2365 2844 2404 non
2893 2364 3086 2404 renuo.
3128 2347 3264 2415 Quis
3294 2362 3409 2403 non

1829 2443 2019 2498 timeat
2066 2456 2126 2497 se
2176 2442 2464 2497 mentitum
2507 2457 2630 2497 esse
2671 2441 2762 2496 tali
2805 2449 3068 2511 patrona,
3091 2453 3214 2511 quae
3234 2438 3410 2496 nobis

1830 2540 1991 2595 hodie
2020 2538 2157 2594 lecta
2186 2539 2306 2593 est?
2328 2536 2596 2604 Quocirca
2619 2537 2667 2591 si
2692 2536 2818 2592 vita:
2839 2550 2973 2591 mea:
3000 2535 3168 2590 ullam
3208 2548 3402 2590 curam

1831 2632 1997 2687 vultis
2020 2632 2240 2697 habere,
2266 2637 2448 2684 vestro
2470 2629 2751 2698 juvatnine
2791 2628 2953 2683 liceat
2998 2627 3132 2683 mihi
3182 2639 3408 2683 manere

1831 2724 1888 2779 in
1928 2724 2149 2779 civitate
2198 2722 2444 2793 Augusta
2496 2721 2552 2776 in
2602 2718 2895 2776 Nativitate
2949 2728 3153 2776 sancta:
3203 2717 3409 2775 Maria.

1834 2813 2038 2871 Valete.

2562 2956 2679 3024 XV.

1834 3125 1918 3181 Ad
1952 3124 2210 3179 eumdem.
2242 3122 2319 3178 De
2362 3122 2828 3207 administratione
2855 3107 3089 3176 ecclesia:
3129 3119 3233 3175 sibi
3268 3128 3414 3175 com‘

2523 3206 2718 3249 1111888.

1903 3346 2054 3405 Patri
2087 3347 2148 3403 P.
2187 3349 2501 3421 perenniter
2530 3349 2587 3405 in
2611 3348 2836 3406 Christo
2871 3349 3108 3405 amando
3132 3349 3196 3403 F.

1905 3432 2191 3498 Versiculo
2214 3440 2383 3497 verbo
2407 3456 2603 3512 precor
2624 3443 2810 3499 omnia
2832 3456 3095 3514 prospera
3118 3456 3268 3497 caro.

1904 3532 2045 3601 Quia
2070 3533 2207 3588 mihi
2234 3534 2663 3590 commendastis
2681 3549 2771 3591 res
2799 3534 2965 3605 hujus
2988 3542 3191 3595 sancta:
3225 3532 3416 3589 Eccle-

1833 3626 1930 3682 size
1965 3626 2375 3693 custodiendas,
2404 3635 2691 3697 propterea
2736 3628 2791 3682 in
2816 3627 2901 3684 bis
2928 3627 3183 3684 omnibus
3238 3642 3416 3700 usque

1833 3733 1980 3774 nunc
2007 3718 2305 3773 laborando
2339 3704 2645 3775 ministravi
2674 3729 2735 3774 ut
2756 3734 2855 3790 pro
2881 3719 3020 3775 meis
3064 3714 3276 3774 viribus
3315 3732 3415 3789 po-

1834 3807 1933 3862 tui.
1968 3804 2076 3863 Sed
2103 3823 2253 3863 nunc
2281 3807 2495 3864 videtur
2527 3808 2663 3863 mihi
2685 3815 2907 3879 propter
2929 3808 3193 3863 vilitatem
3222 3808 3416 3863 nauci-

1834 3900 1960 3955 tatis
2002 3914 2137 3955 mea:
2163 3899 2430 3970 quasdam
2464 3916 2578 3967 res,
2628 3916 2768 3970 quas
2798 3907 3175 3957 antecessores
3203 3898 3311 3956 mei
3337 3897 3414 3954 ibi

1831 3991 1898 4045 ad
1935 4006 2155 4048 manus.
2202 4031 2217 4045 .
2261 4028 2275 4045 .
2315 3990 2524 4047 Caetera
2550 4009 2583 4046 a
2614 3992 2791 4047 codice
2816 3991 3029 4046 absunt.

2547 4123 2691 4181 XVI.

1831 4256 1914 4313 Ad
1934 4260 2173 4315 eumdem
2193 4258 2349 4332 forte,
2380 4261 2444 4315 de
2469 4258 2785 4332 quibusdam
2820 4244 2974 4314 libris
2999 4259 3064 4314 ab
3094 4276 3148 4314 se
3169 4259 3412 4315 redditis.
3456 4302 3461 4307 η

1899 4392 1963 4449 Ρ.
1995 4394 2314 4465 multiplicis
2353 4394 2616 4450 bonitatis
2650 4394 2915 4463 antatori,
2960 4384 3023 4451 Ρ.
3072 4394 3415 4453 humillimus

1831 4485 2096 4555 adelpbus
2121 4485 2375 4540 salutem.

157 4584 380 4626 servare
405 4572 757 4641 sequentibus
778 4573 1063 4644 sanguinis
1086 4581 1369 4630 strenuum
1403 4575 1732 4646 salutarem-

1905 4594 2096 4651 Grates
2118 4596 2356 4666 rependo
2381 4595 2663 4653 solotenus
2684 4597 2885 4669 poplite
2906 4596 3066 4663 ﬂexo,
3084 4608 3194 4668 quo
3216 4596 3417 4668 saepius

156 4674 268 4731 que
290 4660 617 4716 strictorem.
657 4660 827 4719 Sacro
851 4664 1182 4721 subscribite
1206 4666 1366 4737 stylo,
1402 4666 1544 4723 sicut
1573 4668 1731 4723 stolié

155 4749 264 4806 dus
283 4750 526 4807 stimulat
545 4767 736 4809 servus
755 4755 1100 4811 sermonibus
1121 4756 1331 4823 stultis;
1358 4758 1453 4813 sed
1474 4772 1573 4814 vos
1597 4759 1736 4815 scri-

156 4839 272 4895 bite
298 4841 571 4911 sapienter
618 4860 805 4900 sacras
849 4862 1084 4917 sequens
1132 4845 1464 4918 Scripturas.
1498 4848 1733 4907 Sudario

158 4929 400 5005 spernite
422 4946 658 4999 servare,
683 4933 730 4988 si
759 4933 891 5003 quid
913 4936 1069 4991 scitis
1088 4935 1450 4992 salutiferam.
1481 4936 1733 5010 Spargite

160 5018 392 5088 semina,
409 5021 556 5077 sicco
576 5022 897 5093 sapientiam
921 5041 1098 5082 servo.

880 5146 1021 5210 XIV.

161 5242 245 5297 Ad
272 5241 614 5315 Peringerum
642 5240 881 5299 abbatem
912 5263 1083 5302 suum.
1137 5246 1356 5304 Veniam
1391 5259 1442 5305 et
1472 5262 1733 5308 commea-

234 5322 347 5388 tum
373 5316 524 5388 petit,
546 5331 649 5385 quo
675 5316 778 5369 sibi
804 5318 888 5386 fas
911 5319 981 5371 sit
1006 5319 1293 5388 persolvere
1314 5330 1430 5375 vota
1452 5339 1550 5377 sua
1580 5325 1634 5377 in
1662 5326 1734 5378 ci-

233 5384 395 5437 uitate
417 5384 750 5455 Augustam.

234 5490 458 5564 Semper
491 5495 593 5550 sibi
625 5496 936 5552 venerando
990 5496 1203 5553 Seniori
1242 5496 1303 5553 P.
1351 5498 1438 5567 F.,
1476 5501 1728 5570 quamvis

164 5581 311 5638 nulla
342 5586 687 5642 veneratione
715 5587 934 5658 dignus,
965 5597 1075 5644 tota
1117 5599 1298 5646 tamen
1331 5601 1510 5646 mente
1560 5595 1726 5648 vestri

163 5672 407 5733 devotus.

552 5928 827 5998 Paraot.
868 5936 1078 5999 CXLI.

1832 4702 1932 4743 vos
1955 4685 2132 4742 ofﬁcio
2178 4686 2324 4742 circa
2356 4696 2445 4742 me
2475 4688 2565 4757 pio
2599 4701 2790 4742 amore
2824 4687 3076 4742 laborare
3107 4687 3409 4757 conspicio.

1835 4772 2060 4831 Librum
2083 4775 2257 4830 Boétii
2273 4768 2458 4832 vestro
2479 4777 2682 4833 brevia
2708 4792 2795 4833 me
2807 4777 2966 4833 vobis
2987 4777 3255 4848 petivistis
3277 4793 3414 4847 prae-

1835 4868 1990 4936 stari,
2023 4867 2182 4938 cujus
2209 4868 2383 4924 libros
2410 4869 2633 4939 propria
2678 4884 2842 4924 manu
2893 4869 3032 4924 duos
3087 4868 3413 4939 conscripsi,

1834 4959 2192 5030 pleniterque,
2217 4967 2279 5015 ut
2302 4966 2456 5030 puto,
2486 4959 2721 5031 glossi'ca
2740 4960 3147 5031 conscriptione
3162 4960 3411 5030 depinxi;

1835 5064 2071 5122 quorum
2097 5052 2330 5108 alterum
2358 5064 2575 5109 mecﬂm
2611 5053 2839 5121 retinui,
2886 5053 3118 5110 alterum
3162 5055 3412 5129 Augusta

1834 5140 2130 5200 Vindelicte
2184 5145 2406 5217 reliqui,
2457 5146 2731 5217 simulque
2778 5146 2979 5203 librum
3028 5145 3307 5205 Iuvenalis
3361 5160 3417 5207 et

1832 5231 2006 5288 Persii
2030 5249 2131 5304 pro
2152 5237 2580 5291 commutatione
2606 5234 2977 5292 Arithmeticae
3004 5236 3201 5304 Boétii,
3226 5238 3282 5294 in
3304 5253 3411 5309 qua

1834 5326 1948 5394 ipse
1970 5326 2040 5380 ob
2068 5327 2299 5398 gratiam
2326 5327 2494 5383 vestri
2523 5342 2634 5382 non
2670 5328 2945 5384 modicum
2981 5329 3410 5400 conscripsistis,

1839 5429 1937 5488 pro
1961 5415 2211 5487 libroque
2241 5416 2636 5475 Invectivarum
2668 5418 2831 5474 Tullii
2854 5418 3132 5476 Ciceronis
3159 5420 3213 5476 in
3252 5419 3411 5478 Salu-

1838 5508 2025 5562 stium.
2053 5506 2204 5575 Quos
2226 5510 2397 5566 libros
2419 5509 2552 5564 mihi
2584 5511 2855 5581 prmstitos
2879 5528 3007 5567 cum
3036 5512 3277 5579 remitto,
3306 5529 3410 5569 no-

1836 5606 2089 5670 strosque
2115 5601 2339 5669 recinio,
2366 5602 2524 5673 jussu
2554 5612 2734 5657 vestro
2769 5603 3075 5660 voluntarie
3104 5604 3409 5666 satisfacio.

1837 5689 2041 5745 Valete.
3219 5703 3223 5706 '

3014 5953 3092 6019 ιιι
