4038 6386
1583 439 1994 499 rnounuam
2026 405 2428 501 comesum
2452 424 2973 486 reesnusensm

1381 690 2233 863 FROUMUNDI
2312 676 3177 801 POEMATICA.

1866 913 1956 970 IR.
1998 912 2058 969 P.
2095 913 2313 979 Penus,
2354 909 2446 964 ubi
2483 905 2690 978 supra.)

1098 1335 1167 1391 In
1195 1335 1479 1405 imaginem
1506 1326 1792 1397 Cruci/ixi.

651 1436 926 1497 Germinis
947 1432 1138 1490 aeterni
1163 1443 1351 1485 ramos
1381 1427 1482 1480 hos
1516 1423 1647 1477 vitis
1680 1419 1932 1480 adornat,

652 1534 729 1589 De
755 1547 865 1601 qua
891 1528 1045 1583 fonte
1073 1537 1217 1578 novo
1245 1520 1550 1575 redduntur
1572 1512 1768 1586 pocula
1799 1507 2026 1571 mundo,

654 1596 886 1680 Dextera
927 1633 1052 1690 qua:
1081 1612 1272 1672 victrix
1303 1611 1619 1678 invictaque
1645 1601 1871 1659 brachia
1896 1596 2103 1653 Christi

654 1715 925 1787 Amplexu
950 1723 1179 1780 rapuere
1204 1705 1296 1776 pio
1322 1703 1387 1758 de
1414 1700 1666 1756 faucibus
1689 1694 1885 1749 hostis.

656 1784 942 1863 Lividulus
967 1814 1193 1872 serpens
1218 1796 1464 1868 peritura
1490 1800 1545 1847 et
1571 1797 1777 1845 tartara
1802 1784 1998 1849 cernit,

657 1901 726 1957 Et
747 1907 912 1971 caput
934 1898 1195 1969 ignavum
1222 1889 1491 1944 lutulenta
1525 1892 1580 1939 et
1610 1892 1787 1938 terrea
1819 1877 2031 1932 lambit.

664 2085 783 2141 Lux
810 2081 946 2138 mihi
971 2093 1189 2149 semper
1210 2075 1384 2139 adest,
1413 2086 1514 2126 nec
1548 2081 1776 2139 possum
1810 2077 2036 2119 cernere
2062 2059 2250 2114 lumen

665 2177 836 2243 Libri,
875 2172 1097 2229 lectoris
1127 2184 1227 2225 nec
1256 2154 1455 2222 sensus
1485 2161 1689 2218 sullieit
1716 2159 1882 2213 ullus.

1428 2257 1492 2311 ll.

1262 2352 1345 2406 Ad
1386 2350 1673 2403 Pabonem.

675 2453 859 2518 Salve,
890 2447 1186 2514 confrater,
1220 2444 1356 2500 mihi
1384 2441 1562 2498 dulcis
1588 2452 1802 2507 semper
1832 2447 2039 2489 amore.

671 2543 896 2600 Dulcior
922 2558 982 2597 es
1004 2540 1139 2595 mihi
1169 2548 1248 2604 tu,
1283 2549 1452 2607 quam
1478 2531 1657 2588 mellis
1691 2536 1883 2601 gustus
1914 2526 1969 2580 in
1996 2538 2110 2579 ore.

670 2636 861 2693 Nescit
899 2648 1084 2691 amare
1123 2632 1320 2701 liquor,
1354 2628 1447 2682 sed
1481 2640 1637 2681 amor
1667 2619 1953 2686 dulcescit,
1989 2626 2041 2672 et
2068 2615 2135 2670 ad
2166 2629 2259 2669 eor

673 2729 864 2794 Intrat,
888 2734 943 2781 et
965 2723 1199 2780 alterius
1225 2718 1512 2789 conjungit
1536 2715 1739 2771 foedere
1766 2718 1976 2782 pectus.

673 2819 946 2875 Omnibus
974 2814 1219 2884 exceptis
1245 2812 1381 2866 mihi
1413 2820 1473 2864 tu
1512 2810 1590 2864 sis
1626 2805 1847 2862 cbarior
1871 2802 2012 2860 istis.

680 2911 914 2967 Eeontra
950 2907 1179 2977 abjectis
1202 2905 1281 2959 sic
1309 2913 1367 2958 tu
1406 2902 1483 2957 sis
1518 2898 1825 2971 promptior
1853 2895 1980 2949 illis.

682 3001 759 3058 Te
788 3015 1011 3071 sequor,
1060 3007 1121 3052 ut
1160 2996 1401 3051 mundus
1435 2989 1754 3067 circumfert
1781 2987 2024 3043 carmine
2048 2998 2264 3038 cursus.

681 3092 967 3164 Nusquam
998 3090 1250 3154 divellor,
1280 3100 1564 3156 nunquam
1590 3100 1621 3138 a
1649 3091 1701 3137 te
1722 3089 1939 3152 pectore
1968 3078 2156 3148 pellor.

685 3188 815 3245 Haec
840 3185 1100 3259 prmelara
1125 3184 1243 3239 dies
1266 3181 1462 3237 merito
1484 3177 1775 3243 vocitatur,
1801 3183 1855 3229 et
1879 3188 2072 3227 omnes

686 3279 882 3335 Festos
909 3274 1190 3348 prmeellit,
1223 3288 1345 3344 quae
1376 3278 1426 3325 te
1456 3284 1543 3324 me
1566 3281 1792 3324 eernere
1820 3265 1967 3320 fecit.

686 3372 842 3425 Alter
863 3387 917 3424 Ill
943 3369 1208 3424 alterutro
1231 3363 1536 3437 gratuletur
1560 3359 1767 3430 sospite
1790 3357 1930 3411 viso.

692 3461 776 3518 Tu
808 3461 1027 3526 metior,
1053 3472 1316 3523 generose
1338 3471 1493 3527 puer,
1530 3453 1657 3524 quia
1686 3450 1954 3521 sanguine
1979 3446 2155 3517 major
2187 3463 2200 3498 :

694 3555 1040 3626 Quapropter
1061 3552 1159 3607 tibi
1184 3566 1307 3607 sum
1349 3563 1542 3604 servus
1570 3560 1735 3616 super
1754 3542 1938 3598 omnia
1968 3545 2273 3610 promptus.

1446 3660 1534 3716 lll.

768 3760 879 3815 Pro
933 3759 1121 3829 caligis
1174 3756 1456 3878 liirsutisgb
1478 3752 1812 3824 quantumvis
1857 3749 2087 3814 vilibus,
2140 3748 2209 3800 ad

1359 3843 1389 3878 a
1461 3833 1620 3877 atem.

1359 3833 1620 3878 abbatem.

705 3923 918 3980 Excelsi
962 3929 1177 3977 montes
1219 3920 1331 3990 jam
1360 3917 1604 3972 condunt
1652 3912 1911 3984 ninguine
1941 3920 2127 3966 cautes
2161 3928 2173 3964 :

706 4016 952 4071 Flamine
974 4014 1209 4085 perduro
1230 4011 1442 4081 spirant
1475 4016 1528 4064 et
1553 4007 1757 4078 frigora
1788 4021 2001 4075 eampo.

708 4109 963 4184 Undique
1007 4106 1321 4162 disturbant
1350 4102 1616 4157 famulum
1654 4114 1741 4154 me
1781 4098 1998 4152 turbine
2023 4105 2284 4152 vestrum.

708 4201 949 4256 l’ellieiis
987 4199 1081 4253 sed
1106 4206 1159 4253 et
1180 4198 1437 4251 incursus
1456 4192 1743 4262 depellitur
1768 4190 1969 4244 omnis.

707 4294 870 4348 Parte
896 4301 1069 4362 tegor,
1109 4289 1175 4344 de
1204 4297 1358 4358 parte
1388 4287 1494 4341 alia
1526 4300 1613 4339 me
1634 4282 1882 4338 concutit
1906 4282 2077 4352 algor,

712 4384 946 4457 Maxime
967 4398 1064 4453 per
1092 4396 1252 4437 suras
1275 4380 1561 4449 inserpunt
1590 4376 1792 4447 frigora
1820 4390 2006 4429 venas.

709 4476 980 4532 Cruseula
1015 4481 1397 4539 concrescunt,
1428 4471 1671 4541 lapidosa
1698 4476 1757 4523 ut
1784 4466 1941 4523 stiria
1964 4467 2186 4522 durant.

711 4570 828 4626 lloc
848 4569 1053 4641 poteris
1078 4566 1302 4631 sarcire,
1326 4564 1503 4620 Pater.
1534 4562 1692 4630 Quod
1716 4560 1763 4616 si
1793 4560 2011 4629 hispida
2036 4558 2192 4628 pellis

713 4656 980 4718 Redditur
1011 4670 1106 4717 aut
1135 4659 1398 4726 vetulum,
1428 4657 1638 4712 noviter
1668 4654 1752 4709 vel
1792 4653 1954 4708 sutile
1994 4660 2225 4716 tectum;

717 4752 1000 4826 Quidquid
1038 4754 1092 4809 id
1128 4761 1211 4809 est
1246 4752 1391 4823 quod
1434 4748 1651 4820 largiris
1677 4788 1692 4816 ,
1741 4744 2050 4801 venerabile
2097 4744 2301 4798 donum

2105 4833 2231 4906 [est.

2267 4626 2301 4647 ω

1466 4930 1554 4987 IV.

1186 5022 1297 5079 Pro
1330 5023 1577 5099 Pachoue
1606 5023 1840 5093 inﬁrmo.

723 5116 986 5173 Versibus
1013 5132 1083 5171 an
1106 5115 1287 5171 verbis
1320 5130 1572 5170 moneam
1599 5129 1699 5185 pro
1721 5123 1873 5184 parte
1902 5110 2201 5177 Pachonis,

725 5202 1013 5264 Fratribus
1040 5207 1274 5263 inﬁrmis
1305 5223 1472 5277 quam
1503 5206 1671 5261 vultis
1702 5205 1927 5261 reddere
1966 5204 2207 5259 nostris?

2263 1228 2313 1289 Α
2344 1242 2499 1300 Unus
2532 1246 2679 1316 quod
2703 1247 2928 1317 patitur,
2960 1249 3056 1303 fiat
3083 1249 3150 1305 de
3188 1250 3461 1306 ambobus
3490 1267 3721 1323 impsum.

2344 1338 2531 1393 Altera
2554 1354 2682 1409 pars
2708 1339 2817 1394 alio
2845 1341 3106 1396 reddatur
3127 1358 3295 1413 perna
3330 1353 3570 1414 peracta.

2348 1426 2503 1483 Unus
2527 1432 2659 1483 dum
2687 1431 2904 1501 gaudet,
2936 1442 3131 1488 neuter
3156 1448 3255 1490 nec
3282 1451 3569 1491 murmura
3600 1436 3773 1494 fundat.

2345 1518 2456 1590 lpsi
2484 1536 2796 1591 peccamus,
2827 1524 2875 1579 si
2902 1540 3011 1579 non
3045 1542 3239 1582 sumus
3270 1528 3529 1584 omnibus
3559 1546 3701 1585 unus.

2346 1611 2691 1685 Maximaque
2712 1624 2796 1670 est
2828 1633 3040 1672 merces
3075 1618 3311 1674 infirmis
3342 1620 3547 1675 addere
3577 1637 3754 1676 curam.

3092 1726 3177 1784 ιν.

2350 1812 2416 1869 1η
2439 1831 2524 1868 eos
2550 1815 2641 1868 aui
2666 1813 3071 1893 Froumundum
3104 1818 3173 1872 ad
3203 1819 3595 1893 suscipiendum
3624 1822 3858 1893 presbyterii

2797 1888 3040 1941 ordinem
3069 1890 3323 1960 urgebant
3350 1888 3462 1961 '(l).

2354 1975 2495 2031 Sunt
2520 1976 2655 2033 mihi
2683 1978 3003 2049 quidieunt:
3022 1979 3207 2036 ουτω
3226 1998 3376 2038 nunc
3402 1983 3587 2038 ultime
3608 1983 3857 2050 Froumunt,

2352 2068 2594 2126 Ultimus
2621 2071 2881 2127 exclusus
2905 2088 3029 2127 cum
3056 2088 3165 2127 non
3190 2074 3266 2129 sis
3295 2084 3453 2144 patre
3482 2076 3711 2145 rejectus,

2354 2159 2642 2233 Presbyter
2665 2170 2727 2217 ut
2753 2163 2875 2230 tias,
2909 2165 3257 2235 tempusjam
3293 2167 3477 2235 poscit
3501 2176 3553 2221 et
3570 2177 3687 2223 mtas

2354 2250 2587 2322 Pergere
2622 2268 2748 2308 cum
2778 2254 3009 2324 reliquis
3032 2271 3134 2309 cur
3159 2258 3387 2311 cessas?
3420 2256 3634 2329 Percipe
3653 2259 3795 2315 claras

2356 2340 2693 2398 Candidulus
2715 2353 2913 2410 vestes,
2938 2345 3216 2399 celebrant
3236 2362 3361 2416 quae
3393 2349 3613 2419 mystica
3646 2358 3797 2403 sancta

2356 2433 2640 2490 Pontificis
2665 2436 2941 2491 manibus.
2977 2435 3035 2491 Si
3076 2438 3284 2509 spargit
3314 2439 3607 2501 chrismata
3638 2438 3843 2503 Christus,

2363 2525 2632 2582 Funditur
2651 2538 2705 2582 et
2724 2544 2891 2599 super
2925 2529 3049 2596 hos,
3068 2544 3218 2600 quos
3242 2531 3421 2602 tangit
3444 2532 3650 2602 pollice,
3682 2534 3867 2587 Christus.

2365 2617 2549 2673 Gratia
2573 2633 2670 2688 per
2695 2619 2926 2689 populos
2946 2619 3027 2675 sic
3063 2620 3218 2674 ﬂuxit
3250 2636 3399 2691 saepe
3430 2622 3629 2689 beatos,

2365 2709 2505 2766 Cum
2534 2711 2907 2767 benedixisset
2930 2711 3232 2767 benedictis
3256 2713 3486 2768 dextera
3515 2713 3724 2779 Summi,

2365 2802 2721 2875 Presbyteros
2751 2802 3063 2874 faceretque
3076 2820 3209 2860 suos
3239 2820 3405 2861 sacro
3443 2807 3627 2860 ordine
3644 2820 3805 2860 servos.

2364 2894 2573 2966 Cogere
2597 2911 2683 2950 me
2713 2904 2944 2962 certant,
2974 2894 3167 2963 fatear,
3201 2898 3350 2967 quod
3378 2898 3485 2953 sim
3519 2897 3713 2967 sapiens
3728 2896 3802 2948 vir.

2371 2987 2487 3044 Hoc
2510 2986 2719 3044 faciunt
2744 2990 2895 3044 stulti
2926 2998 3156 3045 ventoso
3193 2990 3419 3046 ﬂamine
3450 2990 3607 3061 pasti,

2371 3079 2491 3135 Non
2519 3080 2647 3152 quia
2675 3081 2908 3136 virtutes
2929 3083 3174 3152 cupiant,
3199 3083 3293 3137 sed
3322 3081 3516 3137 fallere
3543 3082 3778 3153 plaudant.

2374 3170 2485 3227 Nos
2508 3173 2764 3242 humiles,
2790 3189 2890 3228 nos
2919 3174 3126 3229 indocti
3162 3189 3490 3229 maneamus
3512 3175 3576 3229 ad
3603 3188 3778 3227 omnes.

2376 3262 2600 3320 Talibus
2620 3265 2856 3336 eloquiis
2888 3282 3175 3337 nunquam
3192 3281 3288 3321 cor
3316 3268 3565 3337 pascitur
3593 3267 3702 3331 illis,

2379 3357 2485 3413 Sed
2513 3359 2708 3429 magis,
2730 3366 2895 3429 atque
2926 3359 3121 3429 magis,
3152 3357 3405 3426 Domine,
3431 3375 3541 3429 quo
3583 3360 3747 3414 sistere
3764 3353 3874 3425 jnstis

2381 3450 2543 3523 Spem
2581 3452 2991 3506 traetandarum
3020 3451 3125 3506 sibi
3155 3451 3322 3523 jussit
3351 3452 3577 3507 reddere
3614 3466 3782 3515 rerum,

2379 3542 2513 3599 llluc
2534 3544 2852 3613 protendam
2884 3544 3126 3599 studium
3145 3544 3368 3622 mentis,
3405 3559 3657 3599 manuum
3690 3556 3785 3596 cum

2278 3645 2288 3657 '
2383 3631 2651 3688 Omnibus
2677 3643 2731 3688 et
2753 3632 2932 3701 factis,
2958 3649 3055 3688 seu
3084 3634 3319 3700 nisibus,
3358 3642 3478 3689 arte
3507 3631 3763 3702 resumptis

2385 3724 2662 3795 Quidquid
2689 3734 2827 3791 erat,
2846 3726 2995 3795 quod
3016 3725 3287 3796 sequitur,
3309 3734 3487 3780 totum
3518 3724 3617 3779 sibi
3647 3724 3725 3776 fiat

2388 3816 2691 3872 Verborum
2725 3818 2810 3872 vel
2846 3816 3134 3883 factorum,
3163 3817 3308 3887 quod
3332 3819 3568 3888 pertinet
3586 3816 3734 3870 illum.

2312 3925 2358 3987 ρ
2389 3908 2668 3964 Laudibus
2698 3909 2874 3975 ipsius,
2908 3909 3198 3964 reddemus
3226 3910 3480 3979 corporis
3504 3923 3677 3962 ausus.

2392 4000 2489 4055 Ast
2522 4002 2628 4056 illis
2656 4001 3075 4070 respondemus,
3106 4000 3202 4070 qui
3224 4000 3355 4054 talia
3383 4007 3645 4055 tractant:

2395 4091 2701 4148 Stultorum
2733 4093 2916 4163 lingua
2938 4102 3021 4147 est
3053 4091 3232 4147 facilis
3259 4101 3312 4148 et
3337 4101 3588 4163 prompta
3615 4087 3812 4159 loquelis.

2395 4185 2659 4256 Quisquis
2684 4185 2834 4240 enim
2865 4186 3076 4255 primus
3096 4186 3360 4255 loquitur,
3394 4184 3716 4240 manifestius
3738 4179 3843 4233 illum

2394 4277 2739 4349 Cognoscuul
2773 4278 2893 4332 alii:
2918 4278 3045 4347 quia
3076 4286 3257 4332 mente
3283 4279 3537 4347 superbia
3560 4283 3740 4347 regnat,

2400 4368 2468 4423 Et
2506 4384 2711 4424 vacuus
2739 4376 2923 4422 manet
2946 4368 3176 4423 interius
3200 4369 3497 4438 przeeordia
3521 4381 3712 4423 sensus.

2401 4460 2494 4517 lla:
2515 4476 2662 4517 curae
2693 4476 2800 4514 non
2825 4474 2927 4515 nos
2961 4462 3231 4515 mordent.
3290 4459 3437 4516 Deus
3486 4462 3595 4515 haec
3624 4466 3795 4528 quoque
3808 4460 3877 4503 ιη’

3732 4543 3835 4616 [etet

2404 4645 2605 4700 Ordine
2630 4652 2738 4699 tam
2770 4644 2919 4698 celso
2948 4658 3181 4714 persons
3214 4658 3315 4713 ego
3346 4641 3567 4713 fungere
3592 4650 3770 4695 summo

2405 4738 2522 4793 Non
2555 4753 2777 4807 possum
2803 4752 3028 4808 pressus
3058 4736 3264 4806 peccati
3302 4737 3540 4806 pondere
3573 4742 3714 4787 totus.

2406 4832 2504 4886 Est
2523 4830 2655 4885 mihi
2681 4830 2825 4900 quod
2864 4829 3067 4894 dicam,
3102 4837 3388 4898 totumque
3409 4843 3475 4883 ex
3507 4826 3678 4881 ordine
3706 4816 3875 4891 pandam.

2410 4924 2662 4995 Inprimis
2691 4924 2873 4979 studio
2906 4923 3083 4992 placet
3113 4937 3235 4978 esse
3259 4922 3362 4978 sub
3399 4921 3601 4975 artibus
3633 4930 3741 4970 uno.

2410 5016 2604 5073 Omnia
2625 5017 2768 5083 dico,
2795 5023 2855 5070 ut
2884 5022 3034 5082 sunt,
3062 5030 3163 5071 nec
3187 5014 3395 5069 ludicra
3426 5025 3701 5084 prosequar
3722 5004 3813 5059 ulla.

2413 5112 2633 5167 Discere
2662 5110 2875 5166 decrevi
2908 5110 3100 5175 libros,
3134 5109 3383 5178 aliosque
3402 5109 3608 5163 docere.

2415 5204 2569 5271 Quod
2600 5211 2817 5273 prmstet
2838 5201 2983 5257 Deus
3002 5198 3487 5271 omnipotens,hoc
3507 5204 3720 5263 tempore
3736 5180 3876 5240 Οῢώω

729 5296 995 5369 Tempora
1030 5312 1174 5353 nunc
1220 5304 1453 5368 poscunt
1493 5306 1552 5351 ut
1579 5296 1815 5368 agrestia
1852 5295 2101 5366 gramina
2150 5294 2312 5349 inun—
2342 5272 2387 5332 υ
2414 5272 2674 5352 Crescere
2698 5295 2801 5349 sub
2822 5302 3027 5359 vestro,
3050 5294 3198 5363 quod
3227 5292 3383 5347 ﬂuxit
3409 5300 3639 5360 tempore
3666 5281 3812 5353 prisce.

2128 5394 2238 5441 ant.

2128 5394 2211 5440 anl

734 5480 911 5538 Mente
932 5456 1166 5548 revolve,
1192 5479 1353 5536 Pater
1387 5500 1399 5536 :
1438 5480 1643 5552 pariter
1666 5488 1798 5535 sunt
1826 5493 1953 5534 ecce
1975 5385 2211 5533 duris-gum

737 5574 990 5629 Invalida:
1015 5572 1195 5639 vires',
1230 5572 1542 5628 communia
1574 5573 1790 5643 pocula,
1820 5586 2030 5626 mensa.

737 5664 910 5718 Omne
947 5665 1090 5735 quod
1115 5672 1200 5718 est
1230 5662 1357 5731 illis,
1390 5664 1670 5719 communi
1696 5672 1842 5719 sorte
1869 5662 2147 5716 fruuntur.

812 5840 888 5912 (ί)
917 5838 1050 5895 Vide
1072 5840 1280 5908 Mobil,
1310 5852 1442 5897 tom.
1463 5840 1530 5896 IV
1552 5839 1963 5908 Analectorum,
2001 5856 2122 5911 pag.
2156 5840 2279 5894 557.

2420 5388 2663 5443 Subdere
2689 5402 2775 5442 me
2800 5387 2941 5441 duro
2960 5385 3190 5440 divellar
3223 5400 3292 5439 ne
3324 5385 3437 5454 ipse
3462 5381 3659 5436 latore:

2421 5480 2491 5536 Ut
2519 5480 2725 5551 possim
2751 5477 3003 5549 quamvis
3031 5478 3398 5549 pauperculus
3423 5490 3541 5531 esse
3563 5477 3776 5543 synergus

2421 5573 2689 5629 Omnibus
2710 5580 2794 5625 est
2817 5586 3060 5638 merces;
3091 5584 3223 5641 quia
3253 5583 3448 5640 pensas
3474 5567 3583 5636 ipse
3602 5561 3771 5616 labores

2427 5668 2742 5734 Serrorum,
2769 5665 2863 5736 qui
2887 5681 2984 5721 vos
3015 5663 3369 5721 famulamine
3388 5661 3608 5718 dulciter
3630 5652 3789 5709 ardent-
