4066 5330
189 96 326 155 1295

972 196 1076 265 vi.‘

207 296 286 355 ’1η
324 298 673 368 Ger/tardum,
705 317 835 356 saxo
885 308 1139 356 atrociter
1184 300 1404 373 puerum
1442 303 1732 373 ferientem.

185 393 522 449 Gerdrudam
547 402 737 448 testem
770 393 1023 459 facimus,
1060 396 1205 465 quod
1242 411 1437 465 nempe
1458 395 1772 452 Cerhardus

187 486 468 542 Fratribus
505 497 589 542 est
611 487 808 541 merito
839 498 1061 555 exesus,
1089 490 1217 558 quia
1251 487 1450 542 fecerat
1498 504 1668 544 ausus

183 574 449 634 Omnibus
488 579 715 645 invisos,
753 579 909 635 vobis
934 595 1041 634 non
1064 581 1226 651 digne
1251 580 1519 635 ferendos.

182 664 317 723 Nam
355 685 525 739 puero
554 681 743 726 nostro
769 671 1059 726 maledicto
1088 670 1229 726 forte
1259 682 1486 727 cruento

183 759 337 816 Tune
360 762 593 831 lapidem
626 776 884 834 magnum
907 764 1331 832 comprendens,
1356 780 1419 819 ac
1434 764 1568 834 petit
1589 756 1742 818 illum

182 849 402 907 Nutanti
440 866 629 919 cursu,
667 854 759 923 qui
783 854 870 907 vix
900 870 957 907 se
987 854 1283 909 substrahit
1315 856 1445 909 ictu.

181 943 388 999 Missile
418 944 512 999 sed
540 960 735 1000 saxum
763 945 1018 1001 manibus
1041 963 1149 1001 non
1181 956 1339 1001 caute
1375 947 1621 1001 relictum

180 1026 456 1092 Stridendi
485 1037 666 1093 sonitu
692 1038 834 1092 male
862 1054 1089 1093 raucum
1106 1037 1278 1093 fertur
1299 1039 1353 1093 in
1376 1040 1623 1093 mthrem.

186 1127 420 1183 Vulnera
448 1144 557 1184 non
570 1130 834 1196 retinens,
860 1131 1137 1185 mittentes
1161 1132 1387 1186 verbera
1432 1146 1694 1200 Spernens

184 1218 404 1288 Ether,
431 1230 486 1275 et
508 1220 753 1276 immittit
787 1221 1109 1276 retinentem
1139 1221 1364 1277 vulnera
1392 1234 1621 1291 petram.

181 1308 366 1365 Collisi
405 1311 612 1381 lapides
634 1312 949 1383 multusque
974 1312 1254 1367 excutitur
1282 1312 1447 1383 ignis.

180 1402 502 1459 Concutitur
526 1418 720 1461 murus
748 1404 995 1476 lapidoso
1022 1420 1085 1460 ex
1109 1421 1302 1475 aggere
1329 1414 1588 1462 structus.

180 1486 443 1552 Miramur
468 1498 638 1553 solem
662 1496 878 1553 fuscum
908 1499 975 1553 de
1004 1498 1225 1568 pulvere
1250 1496 1476 1553 factum.

191 1575 458 1644 Turbatur
486 1590 706 1657 coelum,
749 1590 1073 1660 quatiuntur
1112 1597 1320 1644 tartara
1346 1589 1623 1645 deorsum.

185 1678 272 1736 Sic
292 1682 457 1752 lupus
487 1680 786 1737 infaustam
808 1682 1128 1738 discindens
1163 1682 1406 1738 calcibus
1435 1682 1660 1736 herbam

186 1771 432 1828 Coneitat
467 1773 519 1828 in
549 1782 771 1829 ventum
805 1775 1007 1829 nubem
1038 1791 1163 1830 cum
1191 1776 1477 1847 aspergine
1502 1777 1733 1831 densum

184 1861 497 1923 Dhscurans
522 1868 743 1924 oculum
774 1868 1012 1938 pastoris
1040 1870 1266 1938 pulvera
1298 1868 1521 1935 fartum,

185 1954 257 2011 Ne
285 1965 474 2012 custos
498 1958 725 2027 pecudis
747 1957 890 2011 mala
926 1958 1128 2014 sentiat
1155 1967 1275 2013 acta
1298 1958 1554 2016 furentis.

186 2046 335 2103 Haud
358 2063 524 2104 secus
552 2048 825 2104 insontem
858 2063 1092 2119 puerum
1119 2063 1417 2105 causamur
1445 2050 1710 2106 inermem

184 2140 356 2208 Quam
379 2141 427 2196 si
452 2142 715 2211 dispersis
741 2142 935 2197 ovibus
962 2142 1208 2213 rapiatur
1235 2151 1289 2198 et
1326 2158 1521 2214 agnus,

188 2231 414 2304 lgnavus
457 2248 581 2288 cum
609 2234 850 2304 pastoris
879 2234 1201 2289 discesserit
1223 2250 1412 2289 ausus.

187 2324 275 2383 Sic
298 2343 398 2383 nos
422 2335 675 2398 pastores
704 2326 830 2403 falsi
858 2329 1157 2383 retinemus
1177 2328 1452 2384 alumnos.

194 2416 460 2492 l‘uncego
481 2421 585 2477 sub
612 2419 736 2476 falsi
764 2421 1003 2492 pastoris
1026 2421 1250 2477 nomine
1289 2420 1455 2476 nauci

187 2506 464 2584 Linquens
488 2515 764 2585 agnellum
788 2522 1060 2581 tenerum,
1094 2529 1221 2569 mox
1262 2514 1418 2569 hoste
1457 2510 1770 2569 tenendum.

193 2603 309 2662 Tale
340 2606 555 2677 aliquid
579 2607 832 2677 quisnam
860 2614 1046 2678 posset
1075 2606 1331 2678 cogitate,
1385 2606 1531 2676 quod
1561 2616 1703 2662 esset

183 2695 240 2754 In
262 2700 530 2767 claustro,
555 2700 733 2771 lapide
753 2701 1011 2756 obstruso
1041 2700 1185 2755 mala
1210 2699 1386 2755 bestia
1436 2699 1629 2764 lustro,

183 2782 318 2848 Dum
346 2792 664 2848 monachile
690 2808 859 2863 pecus
880 2792 1116 2862 patiatur
1147 2800 1390 2862 tempore
1443 2790 1633 2846 tellus?

186 2880 282 2938 llic
311 2883 481 2953 lupus
497 2898 700 2938 exosus
732 2882 881 2937 venit
904 2882 970 2937 de
992 2882 1214 2937 cardine
1243 2881 1453 2951 lapsus,

188 2974 303 3044 Quo
328 2976 481 3033 fures
511 2984 819 3048 penetrant,
845 2983 1102 3041 mactent,
1135 2982 1189 3030 et
1230 2984 1290 3029 ut
1312 2975 1494 3028 omnia
1523 2972 1770 3044 perdant.

189 3067 278 3125 Sic
312 3086 413 3125 nos
439 3069 499 3124 in
525 3078 639 3125 tuta
674 3070 840 3140 positi
869 3068 1116 3124 convalle
1139 3067 1315 3123 salicti

190 3159 438 3219 Feturam
463 3163 691 3234 pecudis
721 3164 899 3219 securi
932 3163 1183 3233 pellimus
1205 3176 1387 3217 arcus.

190 3254 280 3313 Sic
305 3257 470 3328 lupus
494 3265 756 3313 extensus
789 3256 1084 3311 meditatur
1113 3255 1302 3311 tollere
1335 3253 1527 3318 vellus,

188 3343 291 3401 Ora
313 3356 541 3402 cruenta
573 3334 789 3417 premit,
814 3346 1043 3416 stipulas
1062 3362 1127 3401 ne
1152 3345 1334 3399 turbet
1360 3344 1589 3398 anhelus

190 3430 529 3493 Horrescunt
554 3436 712 3504 lauat,
746 3438 795 3492 si
821 3436 960 3492 fetor
984 3436 1177 3507 perflat
1206 3436 1275 3491 ad
1311 3435 1456 3489 illas.

188 3524 390 3596 Omnes
414 3528 753 3599 prendamus
773 3529 1003 3599 lapides,
1029 3520 1300 3599 lapidetur
1323 3537 1376 3582 et
1406 3528 1599 3591 hostis,

188 3615 418 3675 Finibus
448 3621 714 3689 expulsus
740 3620 972 3675 canibus
994 3618 1372 3700 mordentibus
1391 3616 1533 3671 acris

190 3710 432 3783 Longius
466 3713 731 3783 expulsus
764 3713 1005 3783 patiatur
1034 3711 1259 3766 vulnera
1276 3709 1475 3766 fessus.

191 3799 327 3859 Huic
356 3804 439 3860 sic
462 3804 725 3860 damnato
749 3814 1059 3883 repetamus
1082 3802 1364 3873 gressibus
1386 3801 1599 3856 urbem.

181 3876 528 3966 :Claudamus
560 3905 768 3966 portas,
795 3876 1079 3951 firmemus
1104 3894 1353 3950 vectibus
1370 3894 1545 3960 aulas,

203 3945 526 3951 τ-π-ν-ῄη
560 3945 768 3966 rm".
795 3945 1076 3951 «ηπ-π-
1121 3945 1348 3950 -η-ν---
1373 3945 1545 3960 π--πη

166 3945 266 4119 ’Ne
299 3987 560 4058 deinceps
585 3988 729 4043 ullus
752 3987 1062 4059 confringat
1083 3986 1151 4043 de
1175 3987 1394 4044 ossibus
1417 4001 1579 4042 ursus

194 4078 440 4119 “innodat
466 4082 653 4119 nrnnnl
676 4097 838 4119 nmnn
877 4097 1048 4119 non“:
1103 4096 1271 4119 ποι-ἰιι
1307 4088 1469 4119 ΩῘΠΙΙΩ
1499 4079 1579 4119 1111

194 4078 446 4136 Discedat
466 4082 655 4151 procul
676 4097 838 4136 omne
877 4097 1069 4152 genus,
1103 4096 1271 4151 pecus
1306 4088 1469 4150 atque
1499 4079 1773 4149 lupinum.

192 4170 249 4226 In
273 4174 434 4231 nobis
458 4183 650 4245 regnet
675 4172 929 4230 Christus
960 4174 1104 4229 Deus
1125 4174 1242 4243 ipse
1271 4173 1561 4243 benignus,

193 4260 363 4322 Filius
393 4275 447 4322 et
476 4265 677 4334 Patris,
700 4266 906 4337 pepulit
933 4265 1029 4335 qui
1056 4265 1279 4319 vulnera
1312 4262 1526 4318 mortis.

195 4357 436 4428 Spiritus
465 4360 753 4415 amborum
776 4365 1063 4415 conservet
1085 4364 1226 4413 tecta
1257 4356 1566 4411 domorum.

921 4468 1029 4528 VII.

404 4586 489 4641 Ad
512 4584 821 4642 Liutoldum
848 4586 1145 4656 episcopum
1175 4582 1562 4652 Augustanum.

193 4671 389 4732 Frater
418 4675 811 4733 Froumundus
833 4675 1086 4731 Liutoldo
1120 4673 1267 4729 mille
1296 4672 1498 4727 salutes

146 4776 152 4781 ‘
196 4765 261 4825 Et
288 4781 423 4841 quot
451 4786 603 4826 nunc
624 4771 783 4828 terris
804 4779 1092 4842 emergunt
1113 4767 1337 4824 floscula
1366 4767 1598 4823 cunctis.

922 4880 1058 4938 VIII.

427 4990 775 5065 Epitaphium
810 4992 964 5049 Ilisa:
1012 5010 1103 5048 seu
1142 4987 1309 5046 Elisa:
1335 4990 1545 5046 matris.

201 5080 315 5137 Hoc
336 5084 550 5138 silicum
574 5090 780 5144 tumulo
823 5090 969 5157 jacet
989 5084 1137 5150 Ilisa,
1166 5095 1393 5150 corpore
1426 5079 1634 5141 functa.

269 5175 455 5230 Invida
482 5191 628 5231 mors
656 5180 860 5252 rapuit,
888 5176 1032 5248 quod
1054 5177 1161 5236 sibi
1201 5173 1310 5226 vita
1335 5171 1451 5226 fuit.

199 5263 399 5321 Littera
429 5267 478 5323 si
497 5265 746 5330 abfuerit.
776 5284 944 5330 quam
993 5267 1248 5324 simmam
1293 5262 1515 5330 [sigma]
1574 5264 1781 5324 Crzecia

1597 98 2015 157 I‘OEMATICA.

1796 216 1847 275 Α
1947 207 2120 262 Filius
2147 221 2274 262 ecce
2304 222 2438 262 suus
2462 205 2851 262 Froumundus
2883 208 3202 263 monachus.
3297 223 3301 226 '

1798 1567 1846 1627 Β

3319 100 3457 158 1294

1875 300 2189 355 Dulichium
2217 302 2403 371 genuit
2429 310 2633 371 patres,
2657 310 2711 355 et
2735 300 2901 370 Troja
2931 302 3161 370 priores,

1943 392 2049 459 Qui
2076 393 2232 447 locus
2258 393 2360 448 hoc
2391 407 2594 461 corpus
2630 392 2718 447 hic
2752 393 2883 464 tegit
2917 394 3167 464 exiguus.

1870 477 1991 539 Non
2026 486 2148 540 unis
2184 486 2326 539 hanc
2352 483 2587 539 formam
2624 484 2754 540 fecit
2770 502 2902 556 gens
2927 501 3048 542 esse
3069 489 3388 559 secundam,

1946 575 2034 631 Sic
2062 578 2246 646 posuit
2281 576 2463 642 terris,
2501 590 2639 646 quas
2671 574 2908 647 superet,
2936 578 3182 649 reliquis.

1872 664 2096 735 Littera,
2125 685 2291 739 quam
2330 670 2533 736 cernis,
2561 670 2695 738 petit
2730 679 2787 725 ut
2811 671 3062 739 precibus
3105 686 3314 728 memor
3347 688 3459 730 eris

1939 757 2203 829 Corporis
2235 768 2401 829 atque
2423 760 2640 823 animae,
2669 774 2780 829 quo
2810 768 3050 827 maneat,
3076 762 3342 831 requiem.

1868 846 2046 905 Mente
2074 852 2288 905 revolve
2318 850 2484 905 simul
2512 851 2657 920 quod
2682 858 2739 904 tu
2767 850 3089 920 peregrinus
3112 860 3166 906 et
3192 853 3349 907 exsul

1941 940 2038 996 llis
2060 942 2246 1012 jaceas
2272 944 2432 1000 terris
2461 943 2721 1013 expulsus
2743 942 2998 1012 propriis.

1870 1034 2211 1106 Quapmpter
2251 1038 2455 1106 pariter
2484 1053 2637 1107 rego,
2659 1052 2855 1106 poscas
2884 1051 3009 1091 cum
3047 1052 3226 1107 prece,
3262 1036 3429 1091 frater

1942 1128 2012 1184 Ut
2041 1129 2143 1185 sibi
2171 1141 2487 1200 perpetuam
2513 1147 2659 1185 nunc
2692 1131 2897 1185 tribuat
2926 1130 3178 1199 patriam.

1870 1220 1936 1278 Et
1966 1237 2065 1279 nos
2086 1239 2212 1278 cum
2233 1225 2392 1277 venia
2417 1223 2582 1278 simili
2610 1223 2873 1293 perducat
2899 1222 2966 1277 ad
2993 1233 3143 1277 astra

1941 1312 2045 1380 Qui
2071 1323 2302 1368 mortem
2334 1323 2574 1384 superat,
2601 1322 2655 1369 et
2700 1314 2842 1369 bona
2877 1322 3076 1368 cuncta
3105 1323 3281 1382 parat,

1871 1405 2052 1463 Tertia
2086 1420 2323 1477 namque
2351 1408 2470 1463 dies
2496 1405 2750 1491 Octobris
2778 1408 3029 1477 adusque
3051 1405 3322 1463 Kalendas

1942 1498 2183 1552 Abstulit
2218 1512 2249 1552 e
2275 1497 2472 1565 smtlis,
2514 1498 2748 1553 reddidit
2779 1505 2834 1552 et
2861 1496 3105 1568 Superis.

2612 1586 2705 1642 IX.

2085 1679 2152 1735 In
2182 1680 2466 1735 adventum
2519 1679 2760 1735 Heinrici
2789 1681 2939 1734 ducis
2986 1680 3244 1753 Bojariw.

1871 1764 2037 1828 Dulce
2064 1791 2254 1844 genus,
2280 1774 2463 1844 proles
2484 1774 2789 1843 priscorum
2821 1774 3301 1845 sceptrigerorum,

1879 1864 2067 1931 Salve,
2095 1876 2357 1936 perpetuo
2390 1866 2578 1937 patriae
2603 1882 2707 1936 pax
2731 1867 2929 1939 inclyte
2950 1868 3219 1938 princeps.

1951 1958 2135 2013 Dulce.

1872 2050 1949 2105 De
1983 2051 2216 2107 summis
2239 2051 2405 2119 Deus,
2437 2052 2551 2123 ipse
2588 2051 2699 2106 tuis
2718 2050 2832 2122 jam
2865 2046 3075 2122 respice
3097 2044 3273 2119 cmlis,

1948 2140 2134 2199 Dulce.

1873 2233 1941 2290 Et
1967 2236 2077 2292 dux
2102 2252 2226 2293 esse
2259 2237 2416 2293 ducis
2445 2234 2710 2308 digneris,
2738 2237 2895 2309 cinge
2924 2237 3235 2308 triumphis.

1876 2328 2159 2399 Spermate
2189 2330 2487 2401 percelebri
2509 2330 2690 2384 veniet
2714 2330 2809 2384 tibi
2836 2340 3025 2385 sancte
3053 2329 3300 2398 Quirine,

1872 2418 2148 2476 Nobilium
2171 2423 2389 2494 genitus
2410 2422 2478 2478 de
2498 2431 2787 2478 stemmate
2804 2423 3150 2493 patritiorum

1946 2512 2131 2570 Dulce.

1876 2604 2147 2663 Henricus
2179 2608 2289 2663 dux
2309 2622 2437 2663 ecce
2473 2608 2618 2678 pius,
2660 2606 3025 2678 princepsque
3055 2621 3308 2676 serenus,
3340 2636 3345 2639 -

1875 2694 2192 2769 Praecipuus
2215 2701 2401 2772 populi
2422 2699 2679 2755 defensor
2706 2698 2884 2771 gentis
2910 2709 2964 2755 et
2987 2709 3198 2756 auctor.

1947 2792 2133 2849 Dulce.

1880 2885 2107 2956 Suscipe
2131 2888 2449 2953 clementer,
2479 2887 2574 2957 qui
2603 2896 2675 2951 te,
2706 2885 3017 2942 venerande
3037 2894 3317 2953 verentur,

1802 2942 1846 3002 (ἶ
1877 2942 2148 3044 Exquirit,
2184 2942 2513 3045 veniamque
2532 2975 2636 3030 sibi
2657 2984 2711 3029 te
2739 2974 2966 3030 reddere
2995 2974 3187 3030 credit.

1950 3068 2117 3129 Dulce
2140 3084 2333 3139 genus.

1877 3160 1923 3217 Ο
1947 3162 2175 3231 juvenes
2202 3176 2300 3216 vos
2329 3159 2565 3216 infantes
2593 3158 2887 3230 cunctique
2910 3156 3146 3225 veloces,

1878 3253 2095 3309 Currite
2120 3253 2389 3321 certatim,
2413 3269 2513 3308 vos
2544 3253 2639 3316 hic.
2656 3268 2993 3323 praecurrere
3018 3252 3244 3308 cursim.

1952 3345 2139 3400 Dulce.
2801 3365 2804 3368 ’

1881 3433 2071 3493 Dulcia
2094 3437 2380 3493 laudantes
2404 3450 2729 3494 resonemus
2754 3430 3022 3504 carmina,
3052 3432 3250 3492 fratres
3278 3445 3289 3490 i

1885 3527 1999 3585 Dux
2036 3531 2352 3586 benedictus
2380 3531 2491 3585 eris
2513 3545 2606 3601 per
2628 3530 2848 3598 saecula,
2873 3538 3050 3587 macte
3071 3529 3382 3601 triumphis.

1957 3624 2140 3677 Dulce.

1883 3710 2000 3769 lluc
2025 3710 2221 3783 trepidi
2252 3723 2477 3770 currant
2505 3713 2751 3770 inclinati
2774 3711 3032 3781 silicerni,

1885 3806 1941 3859 Si
1969 3820 2079 3860 non
2114 3805 2423 3875 confestim,
2461 3814 2644 3862 tamen
2667 3805 2736 3861 ad
2759 3806 3067 3877 spectacula
3097 3798 3326 3863 sensim.

1953 3897 2142 3955 Dulce.

1880 3990 2124 4048 Cursitet
2148 4004 2314 4048 omne
2339 4007 2532 4065 genus,
2563 3992 2654 4048 cui
2675 3993 2876 4064 linguae
2903 3986 3103 4049 sufﬁcit
3126 4007 3284 4058 usus,

1882 4081 2129 4139 Mirando
2152 4083 2356 4148 laudet,
2382 4099 2545 4154 quem
2570 4098 2851 4155 nunquam
2879 4083 3086 4138 viderat
3118 4083 3261 4138 istic.

1953 4173 2138 4231 Dulce.

1805 4309 1857 4370 Β
1885 4268 2118 4340 Sepibus
2141 4267 2378 4325 infantes
2405 4267 2719 4370 appendant
2739 4277 2964 4338 corpora
2990 4284 3156 4370 parva

1886 4359 2141 4414 Culmina
2175 4374 2272 4414 seu
2300 4358 2566 4413 scandant
2595 4365 2885 4421 tectorum,
2916 4366 2977 4410 ut
3005 4357 3133 4411 talia
3156 4358 3399 4415 cernanti

1957 4447 2144 4504 Dulce.
2832 4484 2839 4489 -
2886 4516 2889 4519 η
3142 4472 3147 4475 ·
3184 4522 3187 4525 Α

1887 4536 2111 4597 Furcosi
2149 4540 2371 4607 veniant
2403 4538 2492 4596 his
2515 4538 2798 4596 montibus
2826 4532 3068 4609 undique
3091 4536 3235 4593 cervi

1888 4631 2135 4704 Rupibus
2158 4636 2213 4687 et
2234 4632 2450 4688 silicum
2468 4639 2674 4703 spectet
2696 4645 2868 4703 genus
2893 4644 3055 4686 omne
3074 4628 3339 4685 ferarum.

1958 4725 2146 4784 Dulce.

1887 4812 2217 4891 Truneigeni
2249 4809 2418 4884 cives,
2451 4827 2736 4873 muscosas
2759 4810 2956 4869 solvite
2980 4820 3192 4871 vestes.

1884 4907 2137 4984 Purpura
2168 4909 2433 4981 portanda
2472 4919 2553 4966 est
2584 4908 2672 4962 his
2696 4906 2852 4962 silvis
2871 4908 3030 4975 prole
3057 4910 3260 4974 togata.

1956 5002 2147 5063 Dulce.

1889 5095 2184 5160 Silvicolae,
2210 5108 2308 5149 vos
2334 5088 2554 5163 ignotos
2576 5086 2706 5146 huic
2736 5088 2980 5160 spargite
3002 5100 3206 5162 tyrsos,

1887 5185 2037 5253 Quas
2070 5188 2128 5242 in
2159 5183 2367 5238 honore
2393 5200 2498 5240 suo
2526 5180 2744 5253 peterit,
2768 5176 2895 5249 quis
2916 5180 3165 5249 proferat
3184 5173 3359 5237 odas.

1957 5274 2151 5330 Dulce.
