4066 5330
566 346 711 409 1295

566 466 710 522 Dans
731 473 785 522 et
812 479 1001 522 amore
1032 481 1181 521 meos
1211 467 1537 537 perparvula
1569 482 1758 522 musca
1794 482 2073 523 susurros.

1314 558 1381 613 Χ.

638 647 722 703 Ad
748 649 1005 704 eumdem.
1038 648 1299 703 Precatur
1328 649 1568 719 faustum
1594 650 1696 704 iter
1730 658 1780 703 et
1803 650 2050 705 reditum.

562 739 706 796 Gens
735 740 991 796 habitans
1014 740 1178 810 Alpes
1216 740 1312 798 tibi
1335 739 1577 806 mandat,
1612 742 1834 808 domne,
1868 743 2096 808 salutes,

628 833 867 888 Maxime
892 833 1299 899 Froumundus,
1333 833 1426 904 qui
1465 834 1614 904 cupit
1644 849 1767 889 esse
1789 844 1936 891 tuus.

561 924 738 993 Quam
768 927 1073 1000 lacrymosa
1101 926 1209 980 tuis
1237 926 1497 980 insistunt
1522 935 1769 996 tempora
1796 927 1969 982 servis
1993 927 2005 980 !

631 1018 861 1075 Decedis
890 1019 1086 1089 patria,
1121 1018 1251 1089 quid
1275 1026 1405 1074 sunt
1431 1033 1599 1089 regna
1622 1026 1715 1072 tua
1739 1018 1763 1072 ?

558 1110 696 1167 Cum
726 1124 881 1182 pater
915 1111 1043 1166 hinc
1070 1111 1294 1178 transis,
1319 1111 1599 1181 orphellus
1623 1111 1683 1165 fit
1704 1125 1839 1180 puer
1861 1109 2040 1164 omnis

642 1204 752 1271 Sis,
776 1218 990 1273 precor,
1016 1202 1071 1256 in
1098 1218 1294 1274 regno,
1330 1202 1441 1256 dux
1471 1218 1753 1273 generose,
1782 1211 1897 1256 tuo.

557 1295 641 1350 Nil
664 1312 781 1351 mea
808 1297 920 1351 vita
952 1297 1114 1361 valet,
1142 1295 1188 1350 si
1218 1310 1328 1349 non
1353 1304 1407 1349 te
1431 1310 1644 1365 semper
1667 1294 1886 1364 adoptet
1919 1314 1930 1348 :

629 1389 769 1443 Cum
796 1398 961 1459 caput
984 1388 1249 1454 abfueris,
1281 1396 1413 1443 tunc
1434 1401 1536 1458 ego
1561 1396 1793 1442 truncus
1815 1402 1929 1442 ero.

558 1480 615 1536 Si
646 1482 873 1552 poteris,
898 1497 1127 1552 possum
1155 1499 1166 1535 :
1191 1482 1238 1537 si
1262 1496 1393 1547 non,
1414 1480 1636 1552 penitus
1654 1495 1874 1550 quoque
1901 1478 1978 1533 nil
1998 1494 2141 1534 sum.

630 1573 708 1629 Ne
744 1574 889 1628 mala
911 1574 1250 1644 contingant,
1283 1581 1336 1628 te
1366 1587 1486 1627 mea
1509 1571 1620 1627 vita
1639 1572 1790 1642 petit.

557 1666 664 1722 Sed
682 1667 866 1739 potius
890 1681 1104 1737 precor,
1141 1674 1203 1720 ut
1229 1680 1443 1735 pergas,
1463 1664 1577 1734 jam
1597 1663 1813 1734 despice
1839 1677 2020 1717 curas.

624 1759 895 1830 Prospera
917 1768 1113 1814 cuncta
1141 1758 1249 1812 tuis
1273 1756 1563 1812 advenient
1586 1757 1821 1828 populis.

555 1853 822 1925 Egredere
850 1853 919 1908 ad
948 1861 1135 1924 gentes
1170 1850 1254 1906 vir
1279 1851 1537 1906 virtutum
1562 1852 1834 1921 sapienter
1859 1870 1874 1904 :

628 1945 810 2000 Laetus
831 1944 977 2000 enim
1000 1945 1203 2000 transis
1223 1944 1396 1999 laetior
1435 1944 1560 1999 inde
1582 1944 1756 1999 venis.

555 2038 621 2094 Et
645 2052 845 2093 nomen
875 2037 971 2092 tibi
1002 2037 1320 2107 praeclarum
1361 2034 1525 2102 Deus,
1553 2044 1743 2090 auctor
1765 2035 2059 2097 honorum,

621 2130 748 2186 lude
773 2130 1164 2201 reportandum
1194 2128 1284 2184 det
1322 2145 1484 2199 super
1506 2128 1818 2200 imperium.

555 2221 618 2279 Et
643 2232 865 2279 narrent
891 2221 1089 2278 famam
1122 2231 1293 2276 totam
1325 2238 1420 2292 per
1440 2221 1832 2292 posteritatem,

625 2315 730 2384 Qui
764 2332 872 2372 non
897 2325 1025 2371 sunt
1048 2315 1181 2383 nati,
1207 2316 1271 2370 Sil
1299 2322 1320 2369 ε
1346 2329 1617 2369 memores
1638 2313 1837 2368 meriti.

555 2408 725 2463 Dicite
752 2407 1008 2464 concordi
1037 2407 1362 2462 comitantes
1383 2421 1514 2461 voce
1536 2406 1734 2476 popelli
1761 2424 1772 2459 :

625 2500 809 2558 Deduc
832 2501 1186 2566 incolumem,
1212 2507 1267 2554 tu
1302 2498 1447 2554 Deus
1482 2500 1645 2565 alme,
1680 2499 1894 2554 ducem.

554 2594 800 2664 Angelici
831 2594 977 2650 cives
1005 2592 1320 2649 lleinrieum
1358 2592 1541 2647 ducite
1569 2591 1745 2647 sancti

618 2685 725 2741 Per
748 2695 1001 2742 cunctam
1035 2685 1309 2758 gradiens,
1333 2700 1498 2754 quam
1531 2684 1679 2739 subit
1706 2684 1821 2753 ipse
1845 2684 2009 2739 viam.

553 2776 812 2846 Salveris,
833 2778 1161 2849 iuvenisque
1193 2777 1293 2843 tui,
1320 2785 1639 2846 cunctaeque
1664 2776 1981 2847 phalanges,

619 2870 752 2937 Quae
779 2880 958 2925 tecum
985 2869 1188 2939 pariter
1208 2867 1367 2922 dulce
1401 2868 1588 2938 legunt
1615 2877 1669 2921 et
1690 2867 1809 2922 iter.

554 2961 740 3033 Perge,
772 2962 921 3018 salus
942 2969 1144 3016 nostra:
1170 2960 1475 3031 gentisque,
1500 2966 1771 3014 revertere
1791 2959 1975 3013 salvus

555 3053 865 3125 Regnorum
894 3063 1073 3110 rector
1102 3053 1178 3109 sis
1202 3052 1622 3121 destructorquc
1651 3051 1941 3107 malorum.

621 3149 711 3203 Sis
730 3148 895 3204 timor
913 3147 1152 3214 insidiis,
1187 3163 1290 3217 pax
1314 3160 1572 3201 mansura
1602 3144 1730 3201 tuis.

554 3239 729 3295 Aurea
755 3254 990 3310 namque
1012 3248 1162 3295 tuam
1185 3238 1419 3294 deducat
1449 3236 1640 3293 semita
1664 3237 1852 3304 vitam,

618 3330 730 3386 Pax
756 3331 915 3386 saliat
942 3331 1223 3396 membris,
1253 3330 1451 3402 gaudia
1480 3330 1591 3384 sint
1612 3329 1829 3385 animis.

553 3423 838 3494 Sitprocul
863 3439 1150 3488 occursus,
1185 3430 1597 3493 conventusque
1617 3423 1816 3477 malus.

1302 3513 1395 3569 XI.

778 3611 862 3666 Ad
884 3611 1143 3678 eumdem,
1179 3609 1413 3681 ejusdem
1450 3609 1557 3680 fere
1582 3608 1896 3680 argumenti.

554 3704 778 3775 Semper
802 3712 855 3760 te
881 3716 1155 3766 canerem,
1193 3702 1239 3757 si
1270 3702 1502 3772 perbene
1525 3702 1754 3772 psallere
1778 3716 2014 3772 possem,

621 3793 732 3851 Nec
746 3805 857 3851 tam
888 3804 1041 3868 grata
1076 3794 1214 3849 meis
1246 3794 1404 3847 mella
1431 3792 1607 3849 forent
1628 3794 1806 3849 labiis.

554 3888 761 3944 Gaudia
781 3888 944 3959 longa
966 3887 1202 3953 traham,
1232 3885 1359 3956 quia
1397 3885 1579 3940 dulcia
1602 3887 1846 3940 carmina
1887 3885 2136 3956 psalam,

619 3980 860 4052 Corpore
884 3980 1013 4035 dum
1046 3994 1263 4043 maneo,
1288 3979 1504 4047 semper
1531 3992 1716 4031 amore
1743 3993 1902 4032 cano.

553 4069 782 4126 Osculor
805 4070 1129 4126 incumbens
1163 4068 1414 4139 vestigia,
1444 4083 1555 4138 quo
1589 4067 1875 4139 gradieris,

624 4161 679 4215 Si
703 4161 868 4232 pedes
888 4161 1068 4217 exires
1108 4179 1120 4214 :
1146 4175 1271 4214 nam
1296 4158 1438 4214 foret
1454 4160 1560 4214 hoc
1581 4160 1818 4230 requies.

556 4251 767 4307 Montes
796 4251 1185 4316 conscendam,
1215 4250 1379 4305 simul
1409 4249 1529 4303 avia
1567 4259 1763 4306 cuncta
1796 4264 2103 4323 peragram,

634 4348 887 4420 Undique
913 4355 1292 4420 prospectans,
1322 4362 1445 4400 cum
1468 4345 1699 4415 patriam
1733 4346 1942 4402 redeas.

556 4440 710 4498 Nunc
736 4442 932 4496 iterum
956 4448 1119 4510 atque
1144 4438 1339 4492 iterum
1366 4438 1569 4505 valeas,
1595 4449 1822 4508 patrone
1850 4439 2099 4510 benigne,

1480 349 1886 407 FROUMUNDI
1926 349 2327 407 ΕΟΕΝΟΒΙΤᾹΞ
2366 351 2886 411 TEGERNSENSIS

3722 356 3852 415 1296

2191 471 2237 528 Α
2265 465 2445 537 Salve,
2471 469 2579 525 dux
2604 468 2875 535 Heinrice,
2900 468 3010 523 tuis
3031 467 3224 525 dilecte
3245 470 3491 541 pepellis,

2332 559 2414 617 Tu
2450 578 2638 632 regum
2669 562 2873 631 proles,
2902 569 2960 616 tu
2992 577 3212 633 quoque
3233 572 3444 633 sceptra
3475 572 3653 619 tenes.

2254 651 2449 709 Nullus
2472 662 2525 709 te
2554 670 2742 725 regum
2770 656 3118 710 transcendet
3144 665 3356 711 terrens
3378 672 3648 727 unquam.

2328 744 2552 800 Viribus
2587 755 2641 800 et
2668 746 2876 813 socius,
2916 747 3112 802 nobilis
3145 755 3308 818 atque
3336 748 3478 818 pius.

2255 837 2497 893 Moribus
2527 848 2581 893 et
2604 838 2749 893 mitis
2779 847 2894 893 toto
2920 840 3093 909 polles
3120 856 3339 912 quoque
3361 839 3528 909 facto,

2319 930 2432 986 Hoc
2452 930 2611 987 faciet
2644 933 2926 997 Dominus,
2962 933 3142 1002 possis
3169 943 3231 990 ut
3255 950 3379 990 esse
3404 950 3562 991 suus.

2253 1020 2522 1092 Regnanti
2546 1022 2779 1077 Domino
2807 1024 2878 1077 sit
2903 1024 3022 1080 laus
3060 1040 3160 1095 pro
3176 1027 3421 1099 principe
3440 1038 3638 1088 nostro
3661 1042 3695 1091 ξ

2324 1113 2403 1167 Ad
2428 1114 2706 1183 propriam
2732 1114 2913 1169 sedem
2937 1115 3166 1171 duxerat
3181 1117 3535 1176 incolumem.

2251 1203 2507 1259 Carmine
2533 1207 2767 1277 quisque
2797 1221 2899 1262 suo
2920 1218 3091 1263 certet
3119 1225 3447 1268 concurrere
3468 1213 3594 1282 pulc

2322 1296 2594 1353 Cordibus
2621 1299 2800 1354 omnis
2829 1315 3004 1367 amor,
3029 1318 3162 1357 voce
3187 1302 3390 1359 feretur
3407 1304 3606 1359 honor.

2252 1387 2490 1461 Longior
2528 1390 2645 1461 ipse
2668 1390 2785 1447 dies
2811 1393 3163 1449 transcendat
3181 1395 3385 1449 lumine
3409 1404 3615 1463 noctes,

2323 1480 2561 1553 Tempus
2586 1492 2648 1539 ut
2671 1498 2834 1540 omne
2861 1486 3037 1541 modis
3065 1487 3210 1542 hunc
3232 1495 3392 1542 canat
3418 1485 3794 1558 hymnisonis.

2250 1570 2431 1630 Ducas
2460 1572 2560 1648 [et]
2592 1575 2803 1643 laudes,
2824 1586 3119 1648 noctesque
3146 1578 3371 1648 diesque
3390 1585 3654 1633 canentes
3682 1595 3698 1630 :

2323 1665 2502 1722 Verba
2524 1674 2720 1722 sonent
2744 1668 3020 1737 homines,
3057 1685 3258 1741 organa
3281 1669 3440 1741 pulsa
3462 1684 3657 1724 sonos.

2251 1755 2558 1815 Contremit
2589 1774 2620 1814 a
2653 1760 2834 1815 sonitu
2864 1761 3074 1818 telluris
3103 1761 3338 1817 maxima
3358 1761 3554 1827 moles,

2324 1850 2499 1919 Quem
2529 1851 2738 1907 faciunt
2763 1853 2968 1923 populi,
2995 1850 3327 1924 lcpidulique
3353 1853 3525 1908 chori.

2248 1942 2383 1998 Cum
2409 1944 2643 2000 ducibus
2673 1945 2732 1999 tit
2759 1960 3061 2001 concursus
3096 1946 3281 2016 populi
3307 1945 3548 2017 undique
3580 1960 3844 2017 magnus,

2319 2036 2422 2103 Qui
2450 2036 2688 2107 gaudent
2710 2037 2939 2107 patriam
2964 2047 3016 2092 te
3043 2053 3288 2094 remeare
3311 2046 3479 2093 tuam.

2247 2125 2568 2198 Francigeni
2594 2128 2741 2184 cives
2772 2138 3019 2199 spectant
3046 2139 3096 2184 te
3128 2138 3347 2201 pectore
3369 2130 3549 2197 mites,

2319 2218 2542 2277 Viribus
2565 2221 2799 2277 audaces
2838 2240 2850 2275 :
2878 2237 3004 2276 nam
3027 2232 3119 2277 tua
3140 2223 3447 2294 progenies,

2246 2312 2493 2368 Perfidus
2517 2330 2586 2370 en
2615 2314 2823 2369 nostris
2844 2314 3091 2370 abscedit
3118 2316 3319 2371 finibus
3342 2315 3517 2371 hostis
3545 2333 3559 2368 :

2316 2405 2360 2460 lt
2385 2406 2546 2477 lupus
2568 2406 2623 2460 in
2647 2406 2845 2477 sylvas,
2873 2406 3077 2462 deserit
3108 2406 3355 2462 insidias.

2244 2498 2565 2554 Barbaricas
2587 2508 2774 2570 gentes
2807 2498 2903 2553 tibi
2933 2500 3142 2565 subslis,
3168 2501 3313 2555 haud
3348 2501 3502 2555 timet
3523 2500 3698 2564 ullus,

2312 2590 2577 2661 Agricolae
2605 2589 2865 2660 psallunt,
2895 2591 3042 2660 quod
3064 2591 3259 2660 placet,
3293 2592 3395 2646 hoc
3417 2590 3648 2645 faciunt.

2240 2683 2406 2737 Arma
2426 2683 2627 2752 jaceut,
2650 2689 2704 2736 et
2735 2689 2889 2736 scuta
2915 2681 3098 2747 silent,
3126 2691 3175 2736 te
3197 2682 3442 2752 principe
3470 2697 3578 2751 pax
3604 2690 3716 2747 est,

2310 2773 2506 2830 Nullus
2527 2775 2595 2829 ab
2625 2773 2869 2829 adversis
2899 2788 3001 2829 nos
3023 2774 3156 2844 petit
3182 2774 3417 2830 insidiis.

2241 2864 2592 2936 Dulcigenam
2620 2865 2686 2919 de
2707 2873 2758 2919 te
2780 2865 3033 2935 cupimus
3059 2880 3279 2935 quoque
3313 2880 3540 2921 cernere
3563 2864 3805 2934 prolem,

2315 2956 2480 3029 Spem
2515 2958 2739 3023 nostris,
2765 2958 3002 3012 validam
3024 2957 3255 3013 barbara
3277 2967 3433 3028 gente
3461 2956 3674 3028 fugam.

2241 3049 2323 3106 Sit
2346 3060 2439 3106 tua
2462 3052 2747 3122 progenies
2772 3060 2959 3105 noster
2987 3058 3038 3105 te
3058 3050 3301 3120 principe
3328 3050 3607 3120 princeps,

2310 3143 2606 3201 Possessor
2630 3143 2774 3210 solii,
2802 3152 2981 3198 rector
3003 3150 3057 3197 et
3086 3141 3317 3213 imperii.

2243 3235 2428 3307 Usque
2457 3236 2566 3292 huc
2596 3235 2881 3307 gaudendo
2899 3250 2999 3289 vos
3024 3235 3155 3303 dux,
3180 3233 3498 3299 mi'domne,
3525 3230 3838 3287 canebam:

2313 3329 2571 3386 Lusimus
2594 3329 2899 3400 omnigenis
2928 3328 3180 3385 cantibus
3206 3336 3261 3382 et
3294 3328 3510 3383 studiis.

2241 3421 2378 3478 Ecce
2411 3431 2633 3492 repente
2656 3423 2765 3477 ruit
2804 3422 3040 3477 tonitrus
3063 3422 3209 3476 velut
3228 3422 3429 3476 aethere
3460 3419 3694 3487 missus,

2311 3514 2549 3571 Nuntius
2572 3515 2882 3585 impatiens,
2907 3514 3097 3569 nuntia
3118 3512 3238 3569 dira
3262 3511 3463 3567 ferens.

2240 3608 2299 3662 In
2324 3623 2425 3664 nos
2448 3609 2647 3665 iratum
2674 3622 2772 3663 vos
2799 3606 2937 3662 dixit
2962 3604 3174 3662 fortiter
3200 3621 3341 3670 esse,

2317 3700 2386 3756 Ut
2409 3701 2601 3771 probat
2633 3707 2882 3755 eventus.
2915 3697 3015 3754 Hei
3044 3699 3178 3754 mihi
3204 3698 3335 3769 quid
3372 3694 3572 3751 faciam
3591 3694 3617 3748 ἲ

2240 3792 2376 3848 Nam
2400 3792 2756 3847 tremebunda
2779 3807 2975 3847 manus
3002 3786 3262 3862 percussa
3300 3799 3383 3845 est
3426 3787 3685 3843 fulminis
3714 3788 3797 3842 ira
3815 3805 3834 3843 :

2314 3886 2533 3940 Terruit
2558 3883 2817 3951 infantes,
2851 3883 3081 3954 perculit
3105 3883 3223 3952 ipse
3253 3896 3432 3937 senes.

2242 3978 2369 4052 Igne
2393 3979 2471 4034 tui
2504 3978 2736 4032 nimium
2775 3983 3047 4031 terremur
3074 3989 3268 4045 nempe
3292 3972 3517 4039 furoris,

2311 4071 2448 4139 Quis
2483 4069 2683 4141 poterit
2706 4067 2888 4124 verbis
2922 4067 3039 4123 haec
3067 4074 3360 4122 numerare
3387 4064 3540 4120 suis?

2241 4161 2467 4216 Decoxit
2488 4159 2721 4215 miseros
2741 4155 2964 4228 proprio
2992 4171 3093 4225 pro
3126 4156 3356 4211 crimine
3383 4163 3584 4219 tactos,

2312 4252 2671 4308 Perscrutans
2693 4250 2885 4305 vitium
2917 4249 3185 4320 corporis,
3217 4256 3380 4319 atque
3410 4247 3683 4301 animum.

2243 4345 2545 4418 Tangimur
2570 4343 2793 4399 invalidi
2828 4342 3111 4415 permagni
3137 4341 3384 4397 criminis
3410 4355 3544 4395 aura
3561 4382 3577 4406 ,

2311 4437 2430 4493 Non
2459 4437 2552 4492 ﬂat
2582 4444 2891 4501 ventorum,
2925 4435 3019 4491 sed
3053 4436 3197 4489 mala
3231 4433 3317 4488 vis
3351 4432 3661 4488 hominum.

2164 3177 2209 3240 C

627 4532 737 4590 Nos
792 4533 1031 4605 petimus
1069 4546 1169 4603 pro
1220 4538 1273 4586 te
1330 4528 1622 4585 Dominum
1667 4540 1855 4587 sancta
1911 4530 2139 4587 ecclesia
2169 4519 2217 4579 υ
2247 4528 2361 4584 Sed
2382 4544 2505 4600 qua:
2526 4537 2677 4583 tanta
2705 4527 2807 4583 fuit
2836 4542 3118 4583 servorum
3141 4527 3302 4597 culpa
3330 4536 3574 4590 tuorum,

1830 4622 2060 4695 {omnis

558 4721 788 4777 Pulcher
805 4719 954 4776 enim
974 4717 1149 4783 vultu,
1186 4715 1266 4772 sic
1289 4715 1555 4783 moribus,
1588 4717 1811 4786 insuper
1839 4725 1982 4782 actu,

627 4810 698 4865 Es
715 4823 934 4881 quoque
964 4808 1075 4862 vita
1093 4806 1192 4874 tui,
1217 4807 1327 4863 dux
1351 4807 1509 4872 bone,
1534 4807 1811 4876 mancipii.

1294 4917 1411 4973 XII.

2311 4620 2384 4677 Ut
2417 4622 2566 4677 nullo
2589 4621 2744 4677 licuit
2770 4635 3015 4685 cernere,
3052 4635 3216 4690 quem
3253 4616 3463 4673 voluit?

2242 4713 2519 4771 Excusare
2542 4712 2717 4778 nefas,
2749 4711 3021 4782 potuisset
3045 4710 3184 4765 forte
3209 4711 3295 4766 vel
3326 4724 3492 4765 unus.

2312 4805 2425 4861 Cur
2450 4804 2592 4861 cadit
2621 4804 2677 4858 in
2700 4802 2914 4858 facinus
2943 4817 3074 4873 grex
3103 4802 3267 4857 simul
3290 4802 3653 4857 innumerus?

2246 4899 2352 4955 Sed
2378 4898 2596 4954 tandem
2627 4897 2890 4953 miserere
2912 4895 3040 4962 tuis,
3073 4895 3191 4965 jam
3210 4910 3374 4966 parce
3394 4895 3649 4963 misellis,

2946 5001 2994 5008 ..Α
