4038 6452
158 383 294 443 129⁸1

226 500 307 555 Ad
328 507 400 565 te,
429 506 616 554 sancte
646 494 827 563 Petre,
856 497 1055 568 gaudia
1078 513 1277 572 magna
1306 496 1507 556 ferens.

156 590 255 647 Hic
281 591 338 646 in
365 598 599 661 utroque
620 590 743 644 loco
772 596 824 643 te
854 590 969 646 vult
999 590 1202 661 pollere
1231 600 1544 667 patronum,

228 681 310 739 Tu
333 682 412 739 sis
446 680 650 738 auxilio
678 679 808 735 huic
836 681 891 735 in
922 690 1159 756 utroque
1182 684 1323 741 loco.

157 776 422 844 Gaudeat,
450 776 693 833 haeredes
715 778 926 834 studuit
949 779 1096 850 quod
1123 758 1325 835 habere
1352 793 1641 850 perennes,

227 867 438 924 Praedia
472 869 729 939 quodque
756 884 929 926 sacrae
964 870 1194 927 contulit
1214 870 1489 927 Ecclesiae.

156 960 332 1030 Cujus
365 960 433 1016 ad
457 961 782 1032 obsequium
804 962 924 1019 laus
955 979 1067 1019 non
1093 964 1252 1020 sileat
1276 965 1366 1036 pia
1391 963 1643 1030 fratrum,

229 1049 471 1107 Ornetur
497 1054 760 1124 templum
787 1053 948 1124 cujus
977 1056 1046 1111 ad
1060 1056 1408 1126 obsequium.

159 1144 326 1201 Orate
363 1159 547 1202 comes
563 1144 772 1202 Christi
795 1162 864 1202 ne
888 1146 1059 1215 desis,
1092 1157 1277 1204 sancte
1297 1147 1480 1214 Geori,

237 1233 299 1291 Si
333 1236 488 1292 caelis
510 1245 756 1292 nostram
793 1238 931 1294 adde
962 1239 1238 1309 precando
1270 1254 1507 1310 precem.

162 1326 290 1396 Fer,
313 1326 546 1394 Kiliane,
576 1342 814 1398 precem,
845 1328 892 1384 si
914 1329 1075 1402 digne
1092 1330 1393 1401 poscimus,
1425 1346 1614 1386 aurem

232 1419 316 1508 Ad
350 1418 558 1475 Christi
590 1428 837 1476 nostram
869 1419 970 1489 fer,
1008 1420 1239 1489 Kiiiane,
1269 1438 1509 1494 precem.

164 1510 260 1569 Sis
287 1511 470 1569 Caesar
491 1512 689 1584 dignus
711 1514 918 1570 sanctis
949 1522 1002 1570 et
1028 1515 1262 1570 amabile
1286 1516 1486 1588 pignus

232 1606 517 1663 Coalorum
546 1606 681 1679 regi,
703 1606 887 1664 Caesar
909 1609 1159 1677 amande,
1188 1609 1333 1666 veni.

164 1698 354 1756 Caesar
382 1699 652 1755 amandus
674 1699 850 1767 adest,
873 1700 1090 1756 hostilis
1112 1699 1264 1757 fraus
1287 1700 1449 1757 cadat
1479 1701 1678 1759 omnis.

238 1788 397 1845 Nunc
417 1790 584 1846 timor
605 1791 786 1847 omnis
808 1791 982 1859 abest,
1005 1789 1190 1848 Caesar
1215 1792 1483 1850 amandus
1510 1794 1681 1849 adeSt.

165 1881 396 1938 Portent
426 1883 726 1953 gaudentes
754 1891 965 1939 cuncta:
988 1899 1087 1940 sua
1111 1899 1339 1940 munera
1356 1893 1543 1956 gentes

240 1972 497 2046 Congrua
517 1972 659 2029 dona
688 1972 815 2040 sibi,
842 1973 1028 2029 Caesar
1059 1975 1311 2043 amande,
1336 1975 1450 2029 tibi.

168 2062 285 2121 Nos
307 2065 402 2120 tibi
432 2079 533 2136 pro
563 2064 786 2120 modulo
820 2072 1111 2136 portamus
1139 2082 1367 2122 munera
1394 2065 1617 2123 Christo

242 2155 471 2214 Pectore
504 2156 574 2212 ab
602 2156 804 2230 exiguo
836 2173 937 2214 nos
966 2158 1067 2213 tibi
1096 2174 1195 2229 pro
1229 2158 1473 2213 modulo.

170 2248 433 2306 Solamen
453 2248 655 2318 ilentis,
689 2251 874 2306 lumen
901 2250 978 2307 sis
999 2250 1139 2306 lucis
1172 2251 1402 2322 egentis,

247 2341 313 2398 Et
340 2343 509 2414 stipes
540 2342 773 2409 claudis,
804 2359 915 2399 una
938 2343 1087 2399 salus
1109 2342 1274 2413 inopi.

152 2433 258 2492 ‘Te
289 2444 448 2492 vocat
473 2435 679 2491 auxilio
703 2436 902 2491 mulier
936 2436 1149 2506 privata
1175 2435 1404 2500 marito,

251 2526 542 2599 Orphanus
566 2536 731 2600 atque
763 2544 865 2585 suo
887 2538 939 2584 te
964 2536 1118 2584 vocat
1141 2526 1364 2585 auxilio.

173 2617 225 2675 O
258 2620 485 2675 nimium
515 2617 695 2688 fortis,
729 2636 891 2691 quem
914 2619 1097 2675 nullus
1126 2618 1341 2673 territat
1365 2617 1560 2685 hostis,

252 2711 423 2783 Cujus
443 2720 497 2768 et
526 2712 819 2782 imperium
844 2726 955 2768 non
987 2710 1185 2767 retinet
1209 2709 1466 2781 spatium.

178 2804 441 2862 Ecclesiae
467 2805 716 2862 stabilem
745 2803 828 2861 fer
854 2821 952 2876 per
981 2816 1073 2861 tua
1107 2812 1352 2874 tempora
1375 2818 1585 2874 pacem,

254 2899 431 2969 Atque
458 2898 554 2954 Dei
582 2898 800 2954 laudem
825 2897 1084 2954 Ecclesiae
1113 2896 1385 2952 stabilem.

180 2988 355 3060 Copia
378 3004 448 3044 ne
479 2989 643 3046 rebus
671 2990 813 3046 desit
837 3005 943 3061 pax
976 2998 1138 3059 atque
1164 2988 1357 3043 diebus

176 3079 451 3152 Tempora
479 3081 638 3152 longa
659 3088 754 3137 tuo
781 3081 873 3136 det
896 3080 1100 3137 Christi
1125 3081 1346 3137 dextera
1377 3094 1546 3151 regno
1564 3121 1576 3145 ,

256 3171 481 3229 Differat
499 3181 555 3229 et
580 3181 710 3228 voto
734 3181 980 3243 tempora
1002 3172 1165 3244 longa
1191 3178 1304 3226 tuo.

179 3262 525 3334 Prosperitas
558 3265 718 3320 detur
745 3263 984 3336 populis,
1008 3264 1106 3319 tibi
1131 3262 1541 3332 multiplicetur,

258 3356 339 3412 Ad
370 3356 626 3412 mandata
656 3355 752 3412 Dei
780 3366 1000 3427 pectore
1036 3355 1113 3411 sis
1136 3354 1316 3410 celeri.

183 3447 414 3504 Munere
446 3449 733 3520 multiplici
760 3458 942 3505 tecum
974 3448 1044 3504 sit
1077 3447 1251 3519 gratia
1286 3444 1523 3512 Christi,

260 3540 337 3597 Te
371 3541 683 3613 repleatque
711 3542 799 3598 sui
822 3556 1049 3597 munere
1074 3539 1381 3610 multiplici.

186 3632 422 3693 Brachia
448 3633 768 3706 Sampsonis
790 3635 888 3690 tibi
914 3634 1079 3690 donet
1102 3641 1156 3690 et
1179 3649 1242 3689 os
1277 3631 1604 3699 Salomonis,

263 3726 509 3782 Absalon
540 3725 758 3794 faciem,
790 3725 911 3794 Job,
939 3725 1241 3797 Danielque
1272 3724 1454 3781 ﬁdem.

189 3817 374 3876 Gloria
397 3820 626 3891 lausque
661 3819 772 3876 Deo
794 3820 907 3875 nati
933 3819 1228 3876 comitante
1257 3828 1488 3888 tropaeo.

268 3949 284 3963 ο
364 3949 379 3965 ρ
457 3949 473 3962 ο
552 3949 566 3963 Ι
644 3949 659 3964 ο
741 3950 754 3963 ο
796 3957 807 3965 ς
836 3950 851 3963 ο
933 3950 947 3963 ο
1031 3951 1047 3964 ο
1131 3949 1145 3962 ο
1227 3948 1240 3961 ι
1320 3946 1336 3962 ο
1417 3948 1430 3963 ο
1504 3946 1520 3961 ο
1594 3947 1608 3960 ο
1688 3946 1701 3962 ο

517 4076 587 4148 in
618 4094 896 4148 duodecim
929 4093 1192 4164 apostolos
1223 4092 1460 4146 Domini.

195 4183 453 4243 Ecclesia:
476 4184 674 4242 Petrus
696 4184 800 4241 fert
826 4185 1182 4243 fundamenta
1212 4186 1423 4241 beatus.

196 4276 402 4334 Paulus
425 4279 495 4334 ad
518 4279 734 4350 ignotas
756 4279 972 4335 devexit
992 4279 1200 4336 semina
1228 4289 1423 4334 terras.

198 4368 448 4426 Andreas
479 4372 659 4427 crucis
692 4372 897 4426 invexit
921 4372 1174 4428 vexillula
1201 4370 1413 4426 Patras.

198 4461 478 4533 Palpando
498 4464 685 4535 plagas
705 4463 931 4521 detersit
953 4464 1177 4520 vulnera
1200 4462 1460 4518 Thomas.

199 4553 365 4610 Hiero
392 4546 491 4625 per
522 4553 786 4610 Jacobum
815 4556 1059 4610 salvatur
1079 4569 1211 4626 gens
1238 4537 1607 4623 Sol'ymorum.

198 4645 389 4701 Gratia
410 4657 562 4718 grata
591 4646 686 4703 Dei
717 4661 882 4717 super
910 4630 1252 4701 omnes‘ecce
1279 4643 1527 4700 Joannis.

198 4735 274 4792 Ut
300 4739 537 4795 tenebris
560 4739 780 4794 lichnus
810 4737 1061 4809 fulgescit
1079 4745 1134 4792 et
1155 4751 1250 4792 ore
1277 4735 1577 4805 Philippus.

196 4829 586 4886 Bartholomaei
609 4830 819 4886 meritis
855 4829 1242 4885 tenebrescens
1262 4826 1415 4881 India
1450 4824 1650 4880 cernis.

201 4920 431 4977 Summa
456 4921 684 4979 Mathtee
711 4923 872 4994 petis,
905 4936 1033 4977 cum
1066 4930 1244 4976 terrea
1282 4918 1434 4975 lucra
1462 4913 1743 4986 relinquis.

200 5013 462 5083 Arfaxan,
493 5014 810 5086 Zaroénque
840 5013 1032 5070 Simon
1053 5022 1112 5068 tu
1137 5010 1359 5068 Perside
1384 5008 1602 5065 sternis.

201 5104 383 5160 Corda
405 5106 641 5178 maligna
672 5106 835 5174 dolis,
859 5105 1160 5176 eademque
1200 5103 1432 5160 Tadhaee
1472 5098 1777 5171 restringis.

202 5193 461 5252 Ecclesia:
491 5206 681 5253 sancta
708 5196 1018 5253 numeraris
1039 5204 1187 5253 sorte
1206 5195 1428 5251 Mathia.

203 5284 542 5343 Prudentum
583 5289 786 5345 chorus
812 5288 1136 5361 ingreditur,
1160 5298 1343 5343 manet
1372 5285 1744 5357 insipientium.

204 5376 519 5434 Dulciculas
541 5378 746 5436 Christi
773 5396 907 5452 cape
933 5381 1058 5436 vitae
1080 5379 1248 5451 janua
1279 5392 1533 5449 sponsas.

210 5470 559 5542 Supplicibus
582 5473 841 5529 miserere
866 5473 998 5538 tuis,
1027 5487 1120 5529 rex
1158 5471 1396 5538 Christe,
1426 5470 1671 5542 popellis,

935 5563 1054 5619 XV.

497 5654 565 5709 In
612 5654 802 5711 Natali
839 5655 1087 5723 Domini,
1127 5666 1177 5711 et
1215 5657 1500 5727 baptisma.

210 5749 257 5800 U
288 5746 444 5813 socii,
477 5746 552 5814 io,
578 5748 656 5803 io!
683 5748 850 5816 cives,
877 5749 1187 5807 concurrite
1213 5748 1396 5805 cuncti

282 5839 551 5897 Parvulas
580 5849 634 5897 et
653 5842 909 5914 populus,
933 5857 1164 5910 magnus
1189 5841 1373 5897 adeste
1398 5840 1619 5897 chorus.

1554 383 1967 441 POEMATICA.

1764 503 1812 561 A
1841 497 1953 555 Nec
1976 513 2130 555 mora
2152 496 2223 553 sit
2251 494 2476 553 senibus
2500 492 2704 549 celeres
2724 492 2832 546 huc
2856 488 3074 546 tendere
3105 500 3347 559 gressus,

3280 366 3421 427 1298

1912 590 2213 647 Unanimes
2234 589 2438 659 pariter
2462 603 2573 659 quo
2602 598 2957 659 properemus
2979 582 3098 638 iter.

1839 683 1921 738 Ad
1948 683 2194 749 fratrem,
2219 682 2314 752 qui
2336 680 2481 737 forte
2509 681 2698 751 jacens
2719 693 2815 748 per
2834 675 3047 733 somnia
3069 682 3277 740 stertet,

1911 775 2173 831 Carmine
2204 773 2496 830 dulcisono
2534 787 2681 827 nunc
2708 776 2996 841 properate
3021 767 3203 824 domo.

1841 870 2075 947 Evigilat
2116 886 2265 927 nunc
2308 883 2469 924 omne
2516 866 2820 938 quodest,
2871 864 3001 935 quia
3056 869 3217 917 natus
3266 859 3425 915 adest

3118 953 3314 1027 [Deus.

1845 1037 1864 1058 ’
1925 1056 2031 1123 Tn,
2067 1055 2255 1122 frater,
2289 1054 2440 1110 solus
2497 1069 2596 1109 cur
2666 1051 2899 1107 recubas
2953 1047 3253 1104 domibus?

1850 1149 2113 1205 Turmula
2158 1147 2398 1204 ctelcstis
2428 1147 2543 1218 jam
2580 1145 2728 1200 venit
2768 1153 2823 1199 et
2852 1142 3010 1199 obvia
3048 1140 3224 1206 testis,

1920 1240 2077 1296 Hunc
2105 1256 2279 1311 genus
2302 1255 2465 1295 omne
2492 1237 2735 1294 hominis
2762 1251 2907 1291 nunc
2936 1234 3083 1291 canit
3107 1233 3163 1287 in
3191 1232 3425 1303 p0pulis.

1852 1331 2029 1405 Surge
2060 1333 2202 1389 citus
2233 1330 2424 1399 frater,
2448 1330 2616 1385 frater
2642 1345 2793 1385 mors
2813 1336 2896 1384 est
2918 1341 3136 1399 quoque
3156 1325 3356 1380 somni.

1919 1424 2089 1498 Perge
2121 1441 2306 1481 comes
2337 1423 2522 1491 sociis,
2553 1430 2608 1478 et
2629 1437 2985 1494 properemus
3022 1418 3199 1489 aquis.

1849 1518 2039 1585 Curre,
2054 1534 2207 1589 puer,
2234 1513 3135 1586 nunc,curre,puer,nunctingere
3157 1508 3393 1584 lymphis
3416 1524 3429 1563 :

1925 1610 2001 1666 Te
2022 1609 2224 1682 Tegrin
2254 1625 2448 1666 somno
2470 1608 2703 1664 suscitat
2723 1608 2839 1678 ipse
2862 1605 2987 1661 Seo.

1854 1703 2034 1775 Merge
2065 1702 2222 1757 dolos
2245 1702 2425 1757 somni
2452 1700 2613 1772 gelidi
2639 1701 2743 1757 sub
2763 1699 2975 1770 gurgite
3003 1697 3183 1769 ponti,

1926 1794 2293 1863 Abluiturque
2314 1792 2488 1859 nefas,
2513 1792 2659 1862 quod
2682 1792 2850 1846 trahit
2882 1791 2948 1845 ad
2975 1790 3247 1845 tenebras.

1787 1857 1831 1912 Β
1857 1885 2095 1941 Letheus
2126 1857 2399 1941 infernum
2428 1857 2653 1956 cupiunt
2679 1884 3005 1954 baptismata
3035 1881 3338 1944 Christum,

1929 1977 2033 2046 Qui
2085 1978 2230 2032 hunc
2277 1978 2482 2047 patitur
2541 1977 2821 2043 morbum,
2867 1991 2976 2030 non
3035 1972 3285 2043 sequitur
3332 1969 3432 2025 Do-

3070 2065 3327 2139 [minum.

2578 2162 2719 2217 XVI.

1860 2255 1944 2310 Ad
1976 2253 2034 2312 S.
2069 2254 2439 2311 Godehardum
2465 2255 2707 2309 abbatem
2749 2252 3168 2325 Tegernsensem,
3207 2249 3294 2304 cui
3323 2263 3443 2302 cum

2180 2328 2383 2382 caeteris
2413 2326 2671 2397 fratribus
2699 2325 2822 2379 bene
2854 2332 3118 2395 precatur.

1863 2439 2053 2497 Nobile
2076 2441 2389 2513 gauderem,
2417 2442 2463 2497 si
2488 2441 2705 2507 scirem,
2731 2440 2913 2495 dicere
2938 2453 3158 2495 carmen
3183 2479 3197 2504 ,

1864 2533 2148 2589 Fratribus
2175 2534 2509 2590 omnimodis
2530 2533 2859 2589 salutamina
2896 2532 3109 2586 mittere
3141 2529 3331 2585 vellem

1867 2627 2059 2694 Qualia
2088 2626 2384 2697 psallentes
2408 2624 2850 2694 mirarenturque
2873 2623 3133 2694 legentes.

1864 2717 2050 2772 Abbas
2073 2732 2199 2772 ecce
2220 2731 2400 2785 meus,
2431 2731 2533 2771 nec
2563 2730 2673 2770 non
2702 2722 2883 2769 vester
2917 2709 3287 2776 Gotahardus,

1866 2808 2041 2865 Omne
2062 2810 2291 2876 bonum,
2315 2808 2462 2880 quod
2485 2808 2696 2864 dilectis
2719 2807 2844 2874 sibi,
2868 2806 3092 2860 mandat
3112 2806 3337 2860 amoris.

1868 2902 2090 2957 Milibus
2111 2910 2171 2956 ut
2191 2910 2347 2972 pater
2372 2910 2476 2967 est,
2502 2907 2555 2955 et
2577 2899 2963 2968 blandiloquus
2989 2896 3065 2951 uti
3096 2895 3285 2962 frater,

1867 2993 2284 3063 Consociosque
2307 3008 2480 3060 meos,
2511 2992 2604 3063 qui
2643 2997 2881 3062 turgent,
2909 2988 3108 3044 acriter
3138 2994 3315 3058 urget.

1869 3085 2061 3141 Frater
2079 3083 2419 3150 Froumund,
2441 3082 2694 3153 quamvis
2725 3096 2835 3135 non
2858 3079 3019 3151 digne
3049 3091 3277 3133 vocatus

1794 3202 1840 3263 ο
1870 3178 2145 3233 Centenas
2166 3178 2369 3243 decies,
2392 3176 2572 3237 milis
2593 3190 2814 3245 quoque
2848 3173 2999 3227 mille
3025 3173 3231 3226 salutes

1871 3270 2096 3324 Dilectis
2128 3268 2382 3335 Domino,
2408 3268 2612 3338 pariter
2638 3274 2939 3334 sanctoque
2966 3262 3214 3330 Quirino.

1871 3361 2081 3418 Gaudia
2111 3359 2402 3432 praesentis
2423 3359 2550 3415 vitae
2575 3368 2725 3415 sator
2749 3365 2912 3427 atque
2941 3354 3140 3411 futurae

1872 3455 2082 3527 Augeat
2104 3453 2160 3508 in
2202 3452 2361 3509 vobis
2388 3467 2600 3523 pacem,
2639 3450 2951 3519 tribuatque
2980 3446 3239 3518 quietem.

1872 3546 2108 3602 Numine
2129 3553 2329 3602 cuncta
2352 3560 2455 3601 suo
2490 3543 2725 3614 depellat
2751 3540 2929 3597 tristia
2961 3548 3171 3605 saneto,

1875 3639 2142 3708 Quamvis
2162 3639 2463 3694 multorum
2492 3637 2809 3707 quatiamur
2836 3633 2980 3688 mole
3009 3631 3311 3693 malorum.

1876 3732 1952 3790 De
1998 3733 2086 3789 his
2135 3746 2398 3803 superum
2448 3729 2739 3786 Dominum
2783 3726 3082 3798 rogitemus
3129 3738 3253 3778 cum
3297 3733 3459 3792 prece

3025 3815 3352 3889 [Christum,

1878 3917 1949 3973 Ut
1975 3916 2120 3973 Deus
2157 3915 2508 3987 omnipotens
2527 3914 2671 3969 mala
2701 3912 2884 3983 pellat,
2905 3924 3168 3981 prospera
3192 3905 3402 3961 reddat.

1879 4007 1955 4062 Te
1976 4006 2286 4062 veneranda
2315 4021 2533 4071 manus,
2565 3990 2830 4073 senioque
2859 4001 3056 4056 detrita
3081 4003 3353 4061 senectus,

1879 4097 2082 4155 Omnes
2111 4099 2458 4170 presbyteros
2485 4110 2756 4165 versuque
2784 4093 2963 4149 saluto
2984 4092 3088 4147 sub
3118 4105 3248 4144 uno.

1880 4191 2061 4262 Wigo,
2094 4190 2422 4261 Perngerus,
2453 4187 2745 4255 Gundroh,
2785 4201 2882 4243 seu
2908 4186 3110 4240 charus
3134 4180 3389 4237 Otherus.

1880 4284 2116 4340 Fortitcs
2144 4293 2199 4339 ct
2224 4284 2469 4350 valeant,
2498 4290 2553 4338 et
2578 4282 2743 4336 vitam
2771 4286 3017 4349 tempore
3048 4277 3286 4347 longam.

1882 4376 1949 4432 Et
1972 4374 2216 4432 Gotafrid
2246 4375 2303 4429 in
2330 4375 2418 4430 his
2440 4374 2606 4430 simul
2634 4381 2719 4428 est
2745 4371 2882 4426 mihi
2911 4369 3152 4427 scribere
3178 4366 3394 4431 calvus,

1882 4467 2177 4523 Candidior
2198 4467 2392 4537 cignis,
2430 4466 2638 4521 nutriat
2665 4479 2763 4518 vos
2795 4460 3056 4532 temporis
3083 4468 3216 4514 aetas

1810 4548 1855 4602 D
1883 4559 2092 4615 Saecula
2116 4559 2442 4628 perducens,
2474 4556 2694 4610 tandem
2727 4553 3053 4622 superisque
3082 4558 3393 4611 recensens;

1880 4650 1948 4707 Et
1969 4651 2233 4721 juvenum
2260 4649 2393 4703 mihi
2420 4646 2725 4703 consimilis
2760 4653 2817 4698 tu
2842 4642 3084 4698 turmula
3113 4639 3293 4711 possis

1885 4741 2082 4813 (Eque,
2109 4755 2319 4811 vosque
2344 4754 2520 4804 meos,
2547 4753 2687 4808 quos
2714 4751 2871 4791 raros
2895 4748 3019 4789 esse
3046 4732 3314 4788 dolemus.

1882 4833 1997 4888 Ah!
2031 4834 2132 4888 ah!
2163 4847 2316 4887 mors
2347 4830 2530 4901 rapuit
2559 4829 2850 4900 quosdam,
2882 4841 3103 4897 quoque
3132 4825 3249 4878 vita
3269 4821 3466 4878 beavit.

1886 4924 1999 4982 Hos
2022 4933 2169 4997 peto,
2199 4932 2262 4980 ut
2285 4924 2375 4979 hic
2401 4923 2617 4978 valeant
2649 4940 2660 4975 :
2690 4928 2779 4976 ast
2811 4919 2889 4974 illi
2919 4920 2975 4973 in
3000 4932 3136 4988 pace
3162 4915 3463 4986 quiescant.

1893 5019 2126 5087 Salvete,
2166 5018 2343 5090 pueri,
2374 5016 2549 5074 sancti
2580 5014 2881 5084 famulique
2906 5010 3152 5077 Quirini';

1892 5113 2050 5169 Nunc
2075 5126 2242 5183 super
2266 5118 2322 5166 et
2344 5109 2539 5166 subtus
2562 5123 2663 5163 vos
2679 5105 2920 5170 osculor,
2950 5102 3149 5174 inclyte
3169 5107 3364 5155 cmtus.

1890 5204 2157 5261 Omnibus
2182 5210 2245 5259 ut
2268 5201 2425 5258 vobis
2455 5200 2560 5256 sim
2588 5198 2755 5263 ﬁlius,
2786 5202 2881 5250 aut
2904 5208 3060 5264 mage
3084 5206 3293 5247 servus.

1891 5297 2008 5354 Hoc
2036 5311 2234 5369 precor
2258 5295 2529 5350 inclinans
2558 5292 2787 5358 vultum,
2819 5304 2929 5344 non
2960 5293 3140 5342 mente
3166 5280 3402 5353 superba

1894 5391 1978 5447 Mc
2006 5390 2259 5462 precibus
2284 5388 2482 5444 vestris
2505 5384 2850 5449 commendo,
2881 5379 3074 5438 concio
3101 5389 3310 5434 sancta.

2598 5476 2770 5532 XVII.

1968 5577 2033 5630 In
2064 5575 2239 5645 ﬁlium
2266 5575 2437 5629 vidua:
2470 5571 2797 5654 Naimiticw,
2838 5586 2871 5623 a
2898 5566 3110 5623 Christo
3140 5564 3208 5617 ad
3243 5562 3403 5616 vitam

2497 5650 2888 5697 resuscitatum.

1895 5741 2137 5796 Plurima
2169 5753 2294 5795 cum
2321 5736 2587 5791 Dominus
2612 5733 2829 5791 fecisset
2855 5732 3007 5803 signa
3039 5746 3134 5801 per
3158 5727 3366 5793 orbem,

1860 5882 1863 5885 .
1908 5834 2063 5890 lianc
2092 5833 2283 5909 urbem
2316 5844 2611 5902 properare
2638 5828 2845 5892 volens,
2876 5841 3040 5894 quam
3071 5822 3289 5878 nomine
3317 5815 3472 5871 Naim

3503 4737 3536 4783 ί

3506 5052 3519 5078 1
