4066 5330
586 183 735 248 1299
830 242 849 255 _

587 297 690 361 llic
718 295 920 354 vocitat
948 295 1183 368 populus
1203 336 1219 362 ,
1250 294 1345 365 qui
1371 294 1443 350 sit
1466 292 1779 362 regionibus
1810 290 1938 349 illis.

589 391 850 462 Contigit,
880 399 941 446 ut
964 389 1188 444 veniens
1217 388 1365 443 hunc
1389 386 1550 442 obvia
1576 384 1737 446 vidua
1763 384 2005 445 haberet.

590 484 899 553 Hoc-sacra
948 484 1153 561 scripta
1190 482 1419 539 ferunt:
1458 482 1576 537 haec
1620 481 1783 537 vidua
1840 481 2108 548 turbaque

1914 578 2110 663 [multa

588 672 894 744 Portabant
916 672 1135 741 feretro,
1166 672 1345 729 fuerat
1375 672 1472 743 qui
1499 671 1644 728 filius
1666 672 1757 742 illi,

593 765 824 833 Unicus,
855 766 1185 821 exstinctum
1216 785 1229 820 :
1263 774 1439 820 mater
1462 765 1797 821 merebunda
1827 772 2013 820 secuta
2038 770 2141 820 est.

591 856 835 917 Nescivit
865 846 1153 912 Dominum
1178 865 1451 912 astantem
1479 855 1581 912 sibi
1612 871 1765 911 more
1785 855 2042 926 benigno.
2092 888 2099 893 -

598 949 708 1018 Qui
741 951 1012 1028 miserans
1037 950 1176 1006 dixit
1205 968 1218 1004 :
1254 969 1271 1001 ι
1300 948 1515 1017 Mulier,
1544 965 1777 1020 puerum
1807 948 1925 1003 sine
1947 948 2094 1003 flere.
2123 965 2143 1001 ι

593 1045 986 1116 Accedensque
1012 1045 1136 1116 pius
1164 1045 1341 1117 tetigit
1361 1046 1617 1101 manibus
1641 1046 1883 1117 pietatis,

599 1136 816 1192 Clarius
839 1137 1156 1192 exclamans
1192 1156 1205 1193 :
1241 1157 1258 1188 ι
1297 1137 1416 1193 Tibi
1439 1138 1582 1203 dico,
1620 1152 1652 1191 ο
1677 1146 1923 1203 mortue,
1957 1152 2137 1208 surge.
2160 1156 2180 1190 ι

592 1228 699 1296 Qui
731 1245 962 1300 surgens
988 1229 1161 1294 sedet,
1190 1237 1243 1284 et
1274 1228 1673 1300 loquitur.Tihi
1702 1230 1894 1300 gloria,
1924 1230 2140 1285 Christe
2166 1230 2179 1283 ε

584 1315 751 1377 Tunc
774 1321 969 1392 recipit
999 1321 1232 1392 genitrix
1259 1322 1523 1392 genitum,
1552 1331 1853 1392 natumque
1882 1322 2142 1377 secundo.

588 1414 803 1485 Accipit
826 1424 1071 1470 astantes
1097 1432 1329 1485 magnus
1360 1416 1542 1483 timor,
1574 1416 1814 1486 undique
1844 1416 2028 1486 plebes

589 1503 1047 1577 Magnificantque
1075 1507 1244 1561 Deum
1275 1507 1519 1562 dicentes
1546 1525 1560 1571 ς
1600 1526 1618 1560 ι
1638 1506 1744 1563 lste
1778 1507 2039 1578 prOpheta

587 1594 864 1653 Maximus
890 1596 944 1655 in
969 1597 1126 1652 nobis
1150 1596 1409 1667 surrexit,
1440 1598 1690 1668 miraque
1718 1597 1867 1665 fecit,

588 1686 699 1745 Per
719 1705 883 1761 quem
912 1705 1013 1745 nos
1034 1691 1376 1761 populosque
1403 1707 1533 1747 suos
1556 1690 1702 1746 Deus
1732 1691 1847 1763 ipse
1869 1691 2075 1747 revisit.
2116 1709 2134 1745 ι

596 1780 824 1839 Summe
852 1781 1020 1854 Deus,
1049 1799 1135 1838 me
1162 1783 1576 1841 Froumundum
1601 1785 1704 1841 sub
1734 1794 1909 1845 morte
1944 1784 2128 1854 sepul-

1983 1875 2123 1950 [tum

595 1964 811 2021 Suscita
834 1966 1089 2037 praeclara
1116 1968 1335 2038 pietate,
1368 1968 1634 2024 resuscita
1651 2011 1664 2035 ,
1688 1967 1922 2023 Christe.

594 2056 715 2126 Non
744 2069 931 2131 pereat
959 2062 1105 2131 quod
1142 2061 1408 2131 plantavit
1436 2069 1531 2116 tua
1553 2062 1806 2129 dextera,
1836 2061 2073 2118 Christe.

1306 2149 1495 2209 XVIII.

695 2242 763 2298 In
786 2243 1133 2316 hydropicum
1157 2264 1190 2301 a
1220 2246 1433 2303 Christo
1460 2247 1546 2301 die
1569 2244 1794 2301 Sabbuti
1819 2255 2088 2300 sanatum.

606 2332 747 2399 Cum
784 2333 1190 2411 Pharisgeorum
1222 2338 1515 2405 Dominum
1539 2354 1662 2394 cum
1686 2337 1931 2418 principe
1956 2337 2117 2392 Chri-

1874 2418 1876 2421 ’
1966 2439 2113 2486 stum

593 2518 829 2595 Agnovit
854 2520 1127 2599 Pharisaea
1159 2541 1357 2580 manus
1385 2524 1731 2580 discumbere
1760 2539 1938 2590 creua,

592 2612 786 2683 Adfuit
811 2614 1103 2682 insidians,
1135 2617 1180 2671 si
1209 2618 1385 2671 solvat
1410 2616 1672 2683 Sabbata,
1704 2616 1939 2674 curans?

595 2703 724 2760 Vult
751 2721 918 2777 super
952 2707 1099 2769 hunc
1152 2717 1406 2777 reputare
1454 2709 1661 2775 malum
1687 2750 1701 2775 ,
1740 2708 1835 2779 qui
1881 2707 2115 2763 crimina

890 2862 894 2867 ,
1894 2798 2113 2872 [nescit,

595 2885 725 2944 Vult
750 2904 945 2961 capere
977 2889 1215 2954 insidiis,
1248 2891 1340 2960 qui
1374 2890 1794 2946 solvit'crimina
1829 2892 2040 2945 mortis.

595 2979 938 3054 HydrOpicus
968 2982 1069 3038 fuit
1097 2992 1222 3049 ante
1249 2982 1426 3053 illum,
1455 3000 1729 3067 qgemque
1763 2984 1853 3039 ille
1880 2984 2115 3055 prehen-

715 3119 727 3133 .
1482 3068 1483 3071 “
1964 3075 2115 3151 [sum

598 3163 839 3230 Salvavit
866 3170 1085 3239 penitus
1114 3178 1228 3226 toto
1258 3178 1471 3243 tergore
1500 3169 1742 3241 repulso,

596 3258 864 3325 Mussavit
888 3260 1166 3321 Phariszea
1197 3279 1395 3319 manus
1422 3262 1738 3332 furibunda,
1765 3277 1862 3332 per
1888 3260 2047 3331 ulcus

595 3350 822 3415 Invidiae
849 3356 1211 3421 stomachata,
1245 3356 1363 3411 suis
1396 3369 1767 3426 percussaque
1796 3356 1940 3423 telis,

601 3443 843 3502 Sabbata
868 3448 1016 3517 quod
1042 3449 1215 3507 solvat
1245 3447 1490 3509 curando
1518 3463 1752 3518 corpora
1780 3448 1968 3519 digna,

597 3538 739 3606 Cum
769 3539 847 3594 illi
873 3539 1087 3595 asinum
1118 3549 1281 3618 atque
1317 3540 1511 3606 bovem
1535 3540 1747 3595 solvant
1774 3548 1994 3610 propter
2018 3556 2119 3603 sua

1916 3631 1992 3705 [lu
2002 3649 2113 3687 cra.

608 3743 627 3778 ί
656 3723 791 3791 Quis
823 3732 1065 3780 vestrum
1092 3739 1257 3794 pecus
1287 3724 1607 3795 insipidum,
1629 3740 1780 3797 rogo,
1809 3725 2187 3795 ducitaquan-

1939 3816 2121 3895 [dum,

605 3908 663 3963 Si
687 3907 832 3963 cadit
853 3908 907 3962 in
933 3907 1410 3976 fontem,eitiusne
1433 3908 1690 3963 revellere
1718 3908 1922 3965 currit?
1950 3929 1975 3973 ι

601 4000 846 4068 Dixerat,
869 4010 923 4058 et
944 4001 1067 4056 victi
1093 4009 1382 4056 tacuerunt
1406 4001 1629 4056 verbere
1650 4001 1821 4067 verbi,

1325 4089 1466 4147 XIX.

841 4181 908 4236 In
935 4182 1226 4249 Christum,
1256 4183 1617 4253 paralyticum
1642 4192 1938 4239 sonantem.

605 4273 781 4343 II‘rans
808 4272 946 4345 freta
968 4276 1081 4348 jam
1112 4277 1262 4337 venit
1296 4275 1582 4346 Dominus,
1614 4280 1889 4349 propriam
1917 4293 2137 4350 quoque
2186 4280 2190 4285 ’

1463 172 1869 233 FROUMUNDI
1907 173 2308 238 CUENOBITAZ
2350 164 2870 233 TEGERNSENSIS

2211 294 2258 353 Α
2289 286 2535 343 Officium
2565 286 2662 341 tibi
2690 283 2835 356 quod
2866 279 2993 335 fecit
3023 292 3166 332 nunc
3191 275 3298 342 ille,
3323 272 3577 345 repende,

3728 150 3861 221 1309

2281 379 2444 435 Porta
2469 386 2794 449 portantem,
2824 375 2960 429 bene
2990 372 3100 437 lac;
3144 369 3238 440 qui
3276 383 3377 423 nec
3407 367 3550 422 male
3580 364 3751 420 sentit

2281 471 2417 528 Cum
2458 471 2746 543 graditur:
2789 478 2916 523 tunc
2960 466 3110 539 plebs
3152 460 3334 518 omnis
3378 458 3600 515 Christo
3649 457 3797 512 dedit

3013 630 3028 638 ν
3040 628 3080 638 ”
3609 549 3793 636 [odas.

2988 628 3107 684 XX.

2455 754 2538 808 Ad
2575 753 2915 824 Peringerum
2949 747 3203 802 Abbatem
3237 745 3643 816 Tegernseusem

2291 865 2580 927 Versiculis
2604 883 2726 927 sum
2754 866 3001 923 dicturus
3029 863 3149 918 vale
3171 860 3429 917 omnibus
3449 876 3617 915 unus.

2354 963 2616 1032 Alloquor
2640 958 2930 1029 imprimis,
2961 954 3056 1026 qui
3092 961 3246 1025 pater
3272 961 3357 1008 est
3382 951 3633 1022 reliquis.

2282 1055 2498 1111 Patrem
2527 1054 2880 1124 Perngerum,
2909 1048 3147 1120 pastoris
3176 1046 3394 1103 nomine
3429 1045 3661 1117 dignum

2356 1150 2535 1215 Salve,
2567 1148 2728 1219 digne
2756 1160 2976 1215 parens,
3008 1156 3205 1197 nomen
3235 1139 3460 1194 honoris
3490 1138 3705 1194 habens

2283 1248 2387 1317 Qui
2434 1246 2619 1318 arguis
2649 1243 2905 1307 infantes,
2928 1240 3180 1311 juvenes,
3208 1246 3261 1292 et
3281 1252 3384 1291 nos
3410 1235 3684 1300 seniores,

2352 1340 2584 1395 Maxime
2607 1353 2693 1393 me
2721 1337 2898 1391 solum
2948 1349 3073 1390 cum
3098 1331 3323 1411 reliquis
3353 1329 3559 1400 pueris.

2292 1434 2437 1511 Quod
2470 1445 2748 1511 nunquam
2778 1429 2876 1487 tibi
2900 1426 3232 1486 versiculum
3260 1423 3511 1489 dedimus
3538 1422 3681 1477 bene
3711 1418 3805 1476 fa-

2352 1594 2473 1664 Quo
2500 1594 2645 1650 circa
2672 1592 2869 1649 faciam
2900 1589 3146 1647 carmina
3176 1585 3483 1643 versiculis.
3598 1512 3807 1597 [cuum

2284 1689 2442 1745 Nunc
2467 1688 2632 1744 facito
2666 1701 2878 1752 versus,
2907 1683 3089 1740 omnis
3117 1680 3211 1753 qui
3234 1679 3474 1736 scribere
3500 1676 3675 1743 nosti,

2356 1783 2428 1839 Ut
2460 1782 2623 1838 modo
2659 1781 2891 1851 pellatur
2918 1777 3197 1834 mentibus
3225 1775 3306 1829 ira
3338 1772 3474 1828 suis.

2283 1876 2551 1932 Accedam
2587 1874 2738 1945 prior
2768 1882 2822 1928 et
2854 1870 3032 1927 dicam
3063 1868 3167 1925 sibi
3206 1866 3353 1921 mille
3382 1864 3620 1929 salutes,

2358 1968 2416 2023 Si
2445 1969 2549 2023 hoc
2577 1959 2836 2037 placit'um
2866 1964 3049 2030 fuerit,
3077 1962 3202 2033 plus
3228 1973 3486 2017 resonare
3513 1956 3670 2023 volo,

2284 2061 2469 2117 Ludos
2495 2068 2548 2115 et
2568 2059 2758 2115 laudes
2779 2058 3027 2113 dicemus
3056 2053 3319 2120 carmine,
3351 2050 3573 2120 fratres,

2356 2154 2427 2213 Ut
2453 2153 2607 2224 pueri
2643 2152 2807 2222 digno
2842 2149 3217 2219 complaccant
3245 2144 3489 2199 modulo.

2284 2247 2502 2303 Centies
2529 2255 2582 2299 et
2610 2260 2771 2314 super
2800 2244 2916 2298 haec
2940 2241 3191 2296 millenas
3217 2237 3341 2294 dico
3369 2236 3577 2292 salutes

2354 2340 2609 2394 Patribus
2632 2346 2687 2394 et
2713 2336 2929 2392 cunctis
2958 2333 3224 2389 fratribus
3252 2330 3308 2385 in
3339 2329 3593 2384 Domino.

2284 2440 2587 2495 Ammoneo
2619 2435 2844 2507 ignavos
2873 2445 3072 2503 pueros
3103 2427 3454 2505 sermonibus
3480 2426 3619 2481 istos

2356 2532 2424 2586 Et
2452 2529 2683 2585 tremula
2710 2540 2906 2582 revoco
2937 2537 3071 2579 voce
3098 2536 3221 2577 meo
3246 2519 3475 2591 gremio.

2287 2622 2436 2691 Quos
2464 2620 2741 2692 quondam
2769 2617 2952 2683 docui,
2985 2630 3153 2686 super
3177 2613 3278 2667 hos
3306 2610 3490 2666 decuit
3515 2606 3791 2681 gratulari

2357 2713 2424 2768 Et
2451 2711 2598 2768 volui
2626 2709 2777 2765 reﬁci
2801 2707 3043 2780 germine
3071 2706 3138 2761 de
3161 2703 3348 2759 studii.

2284 2807 2343 2862 In
2376 2813 2639 2877 quantum
2677 2802 2845 2873 potui,
2878 2799 2982 2855 feci
3006 2812 3225 2869 quoque
3251 2796 3405 2867 signa
3427 2792 3682 2865 gerendi,

2356 2897 2513 2952 Nunc
2544 2911 2748 2955 vacuos
2774 2893 3001 2949 lacrimo
3026 2891 3225 2963 saepius
3251 2897 3414 2958 atque
3442 2901 3624 2957 gemo.

2212 3014 2257 3077 ρ
2289 2990 2438 3059 Quos
2464 2989 2646 3062 genui,
2679 3002 2825 3042 nunc
2852 2998 3098 3051 aversor,
3129 2981 3258 3053 quia
3286 2991 3340 3036 et
3367 2979 3585 3039 actibus
3609 2993 3812 3054 angor,

2258 3090 2277 3107 “
2363 3082 2624 3139 Sensibus
2646 3079 2845 3143 eversi,
2873 3076 3121 3135 moribus
3150 3073 3434 3145 inprOprii.

2287 3175 2398 3233 Nec
2427 3191 2515 3230 me
2540 3178 2899 3245 cognoscunt,
2928 3185 3031 3225 nec
3060 3167 3273 3237 seipsos
3301 3172 3484 3220 mente
3510 3164 3795 3232 revisunt,

2363 3266 2433 3323 Ut
2461 3266 2646 3322 dicant
2674 3264 2879 3335 pariter
2911 3282 2923 3325 ς
2956 3260 3053 3319 Est
3074 3275 3228 3315 meus
3253 3258 3355 3313 iste
3374 3256 3556 3312 Pater.

2290 3360 2531 3430 Eloquor
2557 3366 2612 3413 et
2637 3355 2940 3428 proprium,
2968 3367 3079 3409 non
3113 3349 3328 3407 sentitis
3354 3348 3701 3420 genitorem?

2363 3452 2533 3519 State,
2559 3448 2835 3506 renoscite
2863 3461 2971 3513 me;
2999 3460 3121 3500 sum
3143 3443 3302 3508 Pater
3324 3442 3378 3496 in
3408 3440 3571 3498 facie.

2294 3543 2503 3613 Saepius
2531 3541 2747 3607 edocui,
2777 3537 2996 3608 scriptis
3029 3536 3319 3605 verbisque
3344 3533 3575 3598 nutrivi,

2365 3640 2497 3700 Sum
2522 3637 2747 3692 mordax
2771 3635 2959 3700 verbo,
2991 3641 3213 3703 pectore
3232 3644 3330 3686 vos
3355 3628 3447 3683 sed
3478 3642 3629 3682 amo.

2291 3734 2386 3788 Est
2416 3748 2573 3788 meus
2603 3731 2707 3786 iste
2743 3730 2897 3785 labor
2922 3735 3194 3792 cassatus,
3221 3724 3470 3795 perditus
3496 3721 3704 3787 omnis,

2362 3826 2429 3881 Et
2454 3826 2626 3881 torvis
2653 3823 2829 3880 oculis
2856 3838 2944 3877 me
2970 3820 3136 3877 simul
3161 3819 3455 3890 inspicitis.

2296 3918 2353 3974 Si
2385 3917 2619 3973 facerem
2647 3915 2784 3971 mihi
2809 3914 3108 3986 pendentes
3144 3927 3240 3982 per
3265 3910 3484 3981 cingula
3514 3907 3727 3963 caudas

2291 4014 2294 4024 '
2363 4007 2708 4064 Cesticulans
2736 4005 3012 4070 manibus,
3042 4001 3253 4057 lubrice
3278 4009 3432 4057 stans
3460 4000 3695 4070 pedibus
3722 4016 3736 4053 :

2296 4102 2354 4165 Si
2380 4103 2540 4172 lupus
2565 4108 2661 4155 aut
2685 4115 2851 4155 ursus
2882 4098 3001 4170 (sed
3031 4098 3222 4153 vellem
3246 4095 3447 4166 lingere
3482 4093 3748 4164 vulpem).

2369 4196 2427 4250 Si
2457 4196 2637 4249 larvas
2663 4192 2898 4249 facerem
2924 4189 3195 4247 furciferis
3221 4189 3479 4244 manibus
3510 4208 3524 4242 :

2293 4288 2533 4345 Dulcifer
2563 4294 2659 4342 aut
2691 4285 2903 4341 fabulas
2934 4299 3154 4355 possem
3174 4297 3504 4351 componere
3525 4278 3775 4346 mendas,

1811 4371 1890 4443 [ίη
1908 4372 2096 4426 urbem
2124 4390 2137 4426 ε
2221 4404 2266 4460 ι)
2362 4380 2609 4453 Orpheus
2630 4387 2692 4435 ut
2717 4386 2946 4434 cantans
2975 4375 3516 4434 Euridicen'revocat
3551 4391 3565 4425 :

602 4457 743 4519 Ecce
771 4459 956 4519 ferunt
989 4461 1238 4519 homines
1282 4461 1558 4519 hominem
1594 4462 1652 4517 in
1679 4463 1820 4519 lecto
1852 4464 2124 4519 recuban-

1960 4553 2111 4627 [tem.

603 4642 675 4699 Ut
695 4643 832 4700 vidit
853 4643 1120 4701 Dominus
1144 4655 1533 4716 properantum
1563 4647 1785 4704 credula
1812 4648 1997 4714 corda,

600 4733 749 4791 Dixit
775 4737 842 4792 ad
869 4736 1147 4791 inﬁrmum
1180 4757 1197 4792 :
1234 4759 1251 4790 ‹
1291 4738 1461 4808 Spera
1486 4749 1708 4809 peccata
1732 4740 1982 4795 remissa.
2024 4760 2041 4792 ι

604 4827 871 4887 Dixerunt
908 4830 1113 4886 Scriba:
1136 4830 1321 4886 miseri
1346 4831 1564 4887 invidia:
1592 4830 1710 4887 face
1741 4832 1867 4887 tosti
1900 4850 1913 4888 :

609 4941 627 4974 ι
677 4919 776 4985 Hic
810 4922 892 4976 vir
918 4923 1279 4992 blasphemat,
1308 4923 1439 4993 quia
1475 4938 1575 4978 nec
1602 4932 1825 4993 peccata
1860 4923 2088 4979 relaxat.
2128 4942 2147 4981 ι

603 5010 960 5082 Respondens
988 5013 1254 5072 Dominus
1286 5014 1447 5073 Jesus
1477 5016 1557 5071 sic
1582 5016 1720 5070 dixit
1745 5017 1813 5071 ad
1844 5017 1966 5077 illos
2001 5035 2012 5071 :

609 5124 627 5155 ‹
654 5104 796 5171 Quid
828 5105 987 5160 facile
1012 5115 1096 5161 est
1124 5106 1251 5161 huic
1278 5107 1451 5175 laxari
1481 5108 1567 5161 vel
1589 5108 1840 5172 crimina,
1867 5112 2134 5177 gressus?
2160 5128 2179 5164 ι

603 5192 729 5250 Haec
751 5196 989 5251 hominis
1012 5194 1152 5251 Nato
1172 5198 1321 5268 quod
1351 5198 1423 5252 sit
1455 5198 1582 5253 data
1611 5199 1811 5268 quippe
1840 5208 2080 5267 potestas

605 5284 845 5330 Crimina
872 5287 1088 5330 lavandi
1139 5290 1300 5330 cimnl
1330 5298 1380 5330 nt
1410 5305 1632 5330 manu":
1652 5290 1924 5330 trihnnndi

2299 4474 2356 4529 Si
2378 4486 2632 4529 canerem
2662 4471 2866 4526 multos
2896 4469 3042 4533 dulci
3079 4466 3449 4523 modulamine
3475 4464 3671 4519 leudos

2369 4565 2620 4636 Undique
2643 4571 2929 4618 currentes
2957 4576 3082 4617 cum
3119 4559 3344 4629 trepidis
3373 4556 3604 4628 pedibus
3631 4575 3645 4609 :

2298 4658 2572 4715 Gauderet
2596 4655 2754 4721 mihi,
2783 4653 2879 4724 qui
2900 4652 3154 4723 proprior
3178 4651 3404 4705 visurus
3430 4648 3667 4713 adesset,

2369 4750 2651 4805 Ridiculus
2679 4755 2905 4802 cunctos
2932 4751 3249 4800 concuteret
3272 4756 3491 4812 pueros.

2252 4828 2264 4840 ’
2287 4841 2497 4898 Fistula
2526 4842 2572 4895 si
2598 4838 2777 4894 dulcis
2800 4835 2938 4891 mihi
2960 4835 3207 4890 trivisset
3238 4849 3359 4889 mea
3383 4833 3557 4896 labra,

2361 4930 2585 4986 Risibus
2612 4937 2669 4984 et
2687 4928 2833 4984 ludis
2856 4928 3046 4984 oscula
3068 4927 3434 4996 conciperem.

2297 5019 2585 5077 Veridieax
2608 5018 2792 5073 minor
2814 5025 2900 5074 est
2918 5018 3097 5084 vobis,
3126 5031 3292 5087 quam
3316 5012 3525 5084 lingula
3550 5011 3806 5077 mendax,

2302 5182 2331 5190 η
2368 5112 2602 5183 Diligitis
2623 5111 2778 5181 iocos
2799 5126 2867 5166 en
2896 5125 3054 5181 mage
3085 5124 3248 5179 quam
3280 5106 3556 5161 metricos.

2300 5204 2508 5266 Ludere
2538 5203 2873 5259 carminibus
2902 5202 3100 5256 melius
3130 5215 3365 5269 namque
3384 5212 3506 5252 esse
3527 5196 3775 5261 decrevi,

2369 5295 2500 5330 num
2531 5295 2733 5330 («mian
2764 5294 3007 5330 animum
3039 5307 3285 5330 ρι-οοιιριιρ
3313 5299 3363 5330 ιιι
3396 5289 3674 5330 ἱησριιίιιπι
