4038 6382
170 244 199 300 I
211 243 317 302 3M
1561 257 1765 314 POEM.

1861 254 1979 312 [ΕΑ.
2472 298 2477 307 .
3317 253 3406 311 13(
3425 254 3456 311 2

167 357 470 416 Dulciferis
495 374 593 416 vos
616 362 953 423 carminibus
980 385 1125 427 nunc
1147 385 1419 446 congrego
1440 384 1689 441 cunctos,
1793 375 1842 435 Α
1871 369 2138 427 Omnibus
2172 378 2227 427 el
2256 371 2517 426 miserere
2557 370 2685 439 ιιιίε,
2715 386 2863 442 quos
2889 372 3155 443 saﬂglliﬂe
3179 370 3268 426 ῖυδ
3408 367 3458 423 θ

256 447 486 504 Fortiter
515 458 570 506 et
619 453 817 522 clamo,
853 472 978 512 cum
1008 461 1358 519 modulamen
1392 480 1514 536 ago.
1868 462 2071 533 Nempe
2096 460 2373 519 redemisti
2407 463 2701 533 splendens
2724 463 2779 517 in
2801 478 3018 518 carcere
3040 462 3188 517 lume

173 541 340 597 Caris
374 540 555 602 filiolis
580 545 966 607 Froumundus
989 555 1251 626 quicquid
1274 558 1508 624 amoris,
1870 552 2108 609 Traxisti
2148 554 2216 609 dc
2248 562 2422 609 morte
2449 565 2596 621 tuos,
2637 571 2787 609 mors
2814 564 3031 610 mortua
3067 553 3246 610 dormi
3413 551 3456 605 Τ

258 633 357 701 Qui
396 637 615 694 instatis
636 650 826 697 nostro
859 652 1100 715 tempore
1135 649 1239 702 sub
1277 650 1479 706 studio.
1870 644 1948 703 Ex
1976 662 2086 717 quo
2119 655 2295 700 marte
2346 657 2437 701 tua
2473 646 2731 701 reserasti
2769 645 2966 717 gaudia
3007 646 3082 700 vit
3415 641 3460 696 Ε

174 722 263 779 'I‘e
296 727 533 796 primum
565 746 730 800 pono,
759 734 832 789 mi
864 734 1033 790 frater
1066 740 1297 797 amande
1327 739 1557 812 Georgi,
1873 735 2168 807 Sanguinis
2195 738 2421 805 eﬂ‘usor,
2454 754 2741 809 sawusque
2767 738 3027 794 inimicus
3050 737 3263 793 Herode
3420 734 3461 790 S

260 816 467 875 Venisti
495 833 716 893 propter
737 826 830 896 qui
859 828 1098 883 studium
1131 831 1325 899 patria.
1873 827 2181 884 Destruitur
2212 846 2307 901 per
2340 838 2390 884 te
2422 831 2621 896 victus,
2658 829 2958 886 fortissime
2991 830 3125 885 Davi
3414 827 3460 881 D

177 905 386 966 Dulces
416 912 603 983 ﬁlioli,
635 917 876 974 studium
908 920 1021 990 jam
1051 922 1243 978 discite
1273 925 1397 979 lecti.
1871 921 2039 995 Otyor
2074 926 2247 981 hostis
2271 936 2390 983 erat
2414 926 2651 981 volitans
2674 926 2824 980 omni
2861 940 3082 996 quoque
3120 932 3248 979 vent
3413 920 3462 978 Ο

259 1000 436 1074 Diligo
475 1021 572 1063 vos
597 1008 803 1079 animo,
833 1012 997 1067 corde
1031 1014 1196 1068 simul
1223 1014 1417 1074 doceo.
1872 1008 2115 1082 Moxd‘ax,
2134 1024 2192 1071 ut
2214 1015 2470 1073 frendens
2485 1018 2709 1087 cupiens
2730 1017 2815 1073 leo
2834 1018 3059 1088 perdere
3076 1016 3302 1072 Christu
3407 1012 3457 1067 Μ

181 1091 246 1148 Si
270 1093 430 1152 dictis
466 1099 796 1159 delectantes
827 1119 926 1160 vos
950 1120 1213 1177 gnoscerc
1239 1122 1478 1176 possem,
1872 1103 2144 1161 Innocuos
2167 1122 2367 1176 pueros
2399 1108 2677 1162 sternebat
2700 1122 2929 1178 corpore
2961 1124 3063 1162 nec
3438 1105 3461 1158 Ι

258 1186 384 1246 Ηςεο
407 1190 526 1248 loca
547 1194 841 1264 gauderem
876 1197 1142 1268 proficere
1164 1199 1232 1253 ad
1256 1198 1519 1270 requiem.
1872 1192 1992 1249 Non
2015 1205 2197 1251 tamen
2218 1196 2490 1253 extinctos
2516 1198 2739 1254 inclusit
2760 1207 2965 1254 tartara
2989 1199 3165 1255 daemo
3418 1196 3462 1249 N

179 1277 309 1349 Eia,
334 1281 661 1354 confratres,
696 1298 967 1345 certemus
996 1291 1237 1346 carmine
1262 1291 1418 1345 metri
1446 1309 1459 1348 :
1874 1285 1933 1340 lu
1957 1288 2222 1358 gremium
2260 1290 2382 1345 caeli
2421 1290 2569 1345 vexit
2602 1291 2697 1346 sed
2722 1291 2905 1362 grauia
2934 1307 3115 1347 summ
3442 1289 3463 1343 1

256 1372 373 1429 Iloc
401 1376 628 1435 vincens
660 1380 859 1451 aliquis
891 1383 962 1438 sit
997 1384 1195 1437 melior
1220 1384 1466 1455 reliquis.
1873 1376 2389 1435 Nominahabentin
2403 1380 2583 1436 fronte
2603 1380 3327 1453 sua,Patrisquoquenome
3419 1379 3463 1433 Ν

180 1469 387 1539 Corde,
422 1473 609 1531 dolore
633 1490 812 1547 gemo,
840 1487 1061 1549 propter
1081 1494 1180 1534 vos
1204 1479 1441 1548 denique
1465 1478 1632 1539 dicto.
1875 1469 2101 1537 Omnes,
2138 1483 2192 1527 et
2227 1473 2469 1530 clamant
2491 1475 2824 1531 modulanda
2860 1476 3105 1532 carmine
3128 1475 3325 1544 pulchr
3420 1473 3467 1526 0

260 1562 481 1620 Psallite
513 1582 660 1623 nunc
680 1571 863 1625 cuncti
895 1586 1015 1637 vos,
1040 1587 1193 1642 rogo,
1220 1570 1391 1626 tilioli.

1877 1560 2105 1629 Bombo,
2139 1562 2236 1633 qui
2256 1564 2439 1620 luctus
2464 1565 2824 1621 lacrimantur
2857 1566 3088 1637 conjuge
3114 1564 3247 1624 lacu
3425 1563 3468 1617 Β

178 1654 470 1726 Apparcns
499 1657 766 1719 Dominus
798 1674 998 1719 cuncto
1025 1665 1367 1720 venerandus
1391 1664 1447 1720 in
1478 1664 1631 1733 orbe,
1806 1718 1849 1733 _
1878 1653 1936 1709 Ῑη
1966 1656 2181 1725 superis
2208 1657 2387 1727 Ριονέη
2416 1659 2572 1728 Pueri
2603 1674 2700 1714 ce“
2736 1667 2910 1715 male?
2935 1659 3083 1717 ablat
3448 1656 3468 1710 ί

258 1743 381 1799 Jam
406 1747 646 1806 clemens
674 1766 845 1823 regno
872 1768 969 1809 vos
995 1753 1165 1809 societ
1200 1770 1418 1824 supero,
1805 1718 1850 1780 Β
1882 1745 1986 1802 Sed
2013 1748 2186 1803 nimio
2215 1765 2323 1805 non
2356 1752 2471 1805 vult
2508 1751 2656 1807 luctu
2681 1768 2898 1809 cessare
2921 1752 3227 1823 deplangen
3430 1748 3470 1803 S

180 1834 382 1895 Patres
423 1850 476 1895 et
503 1840 699 1899 fratres
724 1853 954 1901 cunctos
983 1846 1147 1902 simul
1184 1856 1238 1901 et
1269 1848 1515 1903 seniores
1882 1838 2022 1896 Sunt
2046 1842 2196 1913 quia,
2241 1844 2336 1899 sed
2374 1861 2480 1899 non
2515 1854 2601 1900 est
2622 1846 2730 1905 illis
2751 1846 3023 1916 regressio
3050 1845 3193 1901 tristi
3429 1841 3470 1893 ὃ

258 1931 559 1990 Conscrvct
583 1935 857 2005 Christus,
888 1939 960 1994 sit
984 1939 1109 2009 pius
1132 1949 1187 1994 et
1215 1939 1454 1995 famulis.
1882 1932 1953 1990 Ut
1981 1935 2202 1990 veniant
2240 1936 2438 1992 iterum
2466 1938 2752 2005 mundum,
2787 1939 2882 2010 qui
2909 1940 3158 2010 planctus
3201 1938 3256 1992 in
3285 1952 3351 1993 us
3426 1932 3466 1989 υ

183 2020 471 2095 Perngero
501 2024 651 2084 Patri
679 2028 928 2086 dicamus
952 2030 1117 2085 corde
1142 2029 1378 2100 benigno
1410 2049 1423 2084 :
1880 2026 2132 2083 Cosmica
2154 2037 2350 2085 cuncta
2378 2038 2621 2097 manent,
2661 2031 2877 2086 detersa
2906 2030 3105 2097 tristia,
3130 2031 3273 2087 done
3428 2028 3469 2081 (Σ

265 2113 449 2170 Abbas
482 2116 557 2172 sis
596 2132 805 2189 sospes,
845 2129 1091 2190 tempora
1119 2120 1281 2190 longa
1308 2135 1556 2175 manens.
1882 2118 2276 2189 Cunctipotcns
2305 2122 2529 2176 veniens
2570 2138 2671 2177 nos
2706 2138 2896 2178 omnes
2924 2122 3131 2194 colligit
3156 2123 3250 2176 illu
3430 2119 3472 2174 C

185 2200 262 2257 Et
283 2206 464 2261 cuncti
497 2222 683 2263 secum
714 2211 1052 2280 gratulemur
1082 2227 1298 2282 semper
1329 2211 1384 2266 in
1410 2227 1607 2277 aevum,
1885 2208 2057 2265 Uvida
2091 2227 2189 2268 vos
2210 2213 2386 2267 sancti
2410 2214 2611 2269 clamat
2646 2229 2766 2269 mea
2792 2214 3050 2285 palpebra
3082 2214 3174 2270 ﬂet
3427 2209 3471 2267 υ

267 2296 425 2365 Quod
453 2309 673 2370 prmstet
704 2301 989 2371 Dominus,
1023 2304 1118 2376 qui
1148 2304 1287 2374 regit
1314 2318 1477 2358 omne
1504 2302 1649 2373 quod
1676 2310 1779 2357 est.
1886 2299 2175 2357 Rectorem
2208 2305 2420 2370 mundi,
2454 2306 2711 2374 precibus
2742 2320 2907 2376 rogo,
2925 2304 3126 2367 ﬂectite
3148 2320 3335 2377 sempe
3429 2302 3474 2359 Β

187 2389 334 2446 Cum
366 2391 583 2465 relegis,
611 2392 793 2461 Pater,
816 2397 932 2452 haec
954 2397 1153 2452 iterum
1177 2411 1274 2452 vos
1297 2396 1547 2468 alloquor
1569 2395 1780 2466 ipsum,
1890 2393 2000 2449 Rex
2027 2395 2184 2451 fortis
2209 2395 2338 2452 Jesu
2378 2396 2690 2463 dominans,
2715 2398 2994 2464 miserere,
3023 2414 3281 2470 precamu
3429 2395 3475 2451 lt

266 2481 488 2540 Doctior
521 2486 576 2541 in
598 2488 798 2557 verbis,
823 2489 986 2545 altior
1007 2489 1060 2544 in
1086 2489 1313 2545 meritis.
1886 2484 2056 2556 lmpie
2084 2488 2232 2558 quod
2260 2488 2430 2558 gessit
2468 2487 2815 2544 Fromundus
2846 2504 3075 2563 corpore
3104 2487 3215 2549 fact
3456 2485 3475 2539 Ι

922 2601 1065 2657 xx].
1889 2575 2087 2632 Tollite
2112 2589 2418 2647 peccatum,
2446 2595 2585 2649 quos
2615 2579 2869 2636 Christus
2893 2581 3159 2650 sanguine
3183 2579 3325 2637 tinxi
3433 2575 3477 2635 T

188 2690 369 2747 Probe
404 2692 564 2764 factis
607 2696 861 2765 praemia,
914 2695 1052 2749 male
1097 2696 1328 2765 patratis
1358 2711 1563 2766 paruam
1598 2710 1784 2765 ωερε·
1888 2666 2201 2766 ξλλδθθδίίξδ
2230 2670 2460 2741 ⁰⁵⁰ΡῙ⁰¹¹
2500 2670 2861 2766 ⁵Ψ⁹¹¹³¹¹⁰⁵³³
2906 2670 3067 2766 Κῗῗίθ
3101 2671 3288 2766 Ψηξῗι

785 2757 1035 2820 claudam
1059 2757 1189 2821 esse.
1358 2757 1368 2766 '
1690 2757 1701 2765 ’
1892 2757 2123 2815 Sanctos
2148 2759 2440 2827 innocuos,
2468 2760 2565 2832 qui
2588 2769 2812 2816 cantant
2835 2761 3078 2816 carmina
3109 2761 3256 2816 laudi
3440 2761 3479 2814 S

194 2853 260 2912 Si
288 2871 389 2911 nos
420 2857 723 2925 mdamus,
749 2873 859 2913 non
890 2858 1109 2914 tardam
1141 2868 1386 2930 tempora
1412 2867 1621 2915 nostra,
1888 2850 2298 2907 Antethronum
2314 2851 3146 2909 Dominicantantsibicarmiua
3166 2852 3359 2923 pulchr
3432 2853 3477 2906 Δ

188 2947 390 3003 Deﬁcit
419 2964 581 3005 omne
618 2951 765 3023 quod
789 2960 873 3007 est
898 2951 1002 3007 sub
1025 2951 1180 3006 curvi
1204 2951 1444 3006 culmine
1473 2951 1618 3007 cmli.
1889 2946 2507 3003 Nostrumvindicaema
2526 2948 3365 3020 (2)splendensdeluminelume
3435 2948 3477 3004 Ν

192 3039 298 3095 Ast
327 3041 567 3098 hominis
594 3042 755 3099 ﬂatus
781 3045 1042 3115 perdurat
1071 3060 1287 3115 semper
1318 3045 1372 3101 in
1392 3060 1589 3101 savum.
1813 3066 1859 3130 C
1890 3040 3370 3112 Confratrumnumerusdiclumest,requiescitc,donc
3440 3040 3482 3093 (ἶ

199 3131 309 3187 Seu
346 3134 486 3189 male
518 3152 615 3191 seu
643 3136 781 3191 bene
810 3154 957 3193 nunc
986 3146 1281 3208 operantur
1308 3153 1540 3207 corpora
1566 3145 1784 3205 nostra,
1832 3128 1843 3130 ἡ
1892 3131 2321 3202 Tcmpusadhuc
2334 3128 2769 3199 modicum,cum
2788 3132 2899 3193 Rex
2916 3133 3381 3190 fortissimusasta
3440 3132 3483 3185 Τ

198 3224 313 3280 Hoc
334 3226 478 3297 (iqu
514 3227 749 3301 quisque
776 3228 925 3296 facit,
956 3230 1149 3300 recipit
1180 3230 1299 3285 sine
1330 3231 1593 3300 temporis
1616 3244 1753 3286 gero.
1889 3221 2138 3278 lnsontcs
2166 3222 2403 3290 Domini,
2441 3224 2598 3278 nobis
2628 3225 2953 3292 succurrite,
2994 3223 3161 3281 Sauct
3457 3225 3473 3277 1

200 3314 273 3371 Ut
303 3318 444 3372 bona
469 3326 770 3390 captemus,
806 3319 1093 3387 faciamus,
1124 3320 1370 3392 praemia,
1388 3320 1574 3392 justa,
2588 3334 2780 3390 XXIV.

915 3411 1078 3470 XXII.
2379 3426 2725 3497 Epitaphium
2758 3427 2991 3482 Rihlreri.

435 3504 519 3559 Ad
560 3504 970 3577 Meginhelmum
1006 3507 1254 3562 adversus
1276 3507 1542 3577 superbos.
1895 3519 2011 3575 Hoc

1895 3519 2011 3575 lloc
2032 3518 2247 3589 requies
2274 3518 2488 3574 tumulo
2519 3519 2892 3574 membrorum
2926 3518 3072 3574 facto
3106 3519 3360 3585 Rihkcrn,

203 3593 486 3652 Turritum
515 3606 679 3668 caput
704 3599 921 3655 extollis
969 3615 1134 3669 super
1173 3599 1378 3655 aethera
1414 3607 1643 3667 cuncta,
1964 3611 2230 3666 Conditur
2258 3610 2313 3665 in
2350 3610 2591 3676 tumulo,
2615 3610 2709 3680 qui
2735 3610 2937 3680 placuit
2967 3611 3188 3680 populo.

279 3687 457 3744 ΑῙῑίυε
481 3690 775 3759 abietibus.
808 3692 1053 3747 CﬁlCibus
1074 3700 1221 3748 astra
1250 3692 1401 3747 ῑεῐίεο
1894 3702 2152 3757 Carmina
2189 3700 2562 3767 concinimus,
2588 3701 2683 3756 sed
2708 3700 2923 3756 [Ictibus
2944 3716 3041 3755 ora
3076 3701 3341 3772 rigamus,

205 3779 486 3838 Montibus
513 3784 745 3840 excelsis
764 3785 1035 3841 excelsior
1061 3786 1175 3855 ipse
1202 3784 1427 3851 viderls,
1971 3792 2248 3848 Solvimus
2276 3791 2513 3848 omcium
2543 3792 2754 3847 funeris
2777 3800 2941 3862 atque
2970 3807 3218 3862 precum.

278 3870 502 3928 Pectore
534 3883 592 3929 tu
624 3890 768 3930 caeco
812 3876 1029 3931 stultior
1058 3892 1118 3931 es
1141 3875 1355 3931 cuculo.
1897 3885 2216 3957 Plangimus
2244 3886 2549 3951 incassum,
2576 3893 2829 3955 repetunt
2862 3884 2995 3940 dum
3027 3884 3271 3957 membra
3302 3881 3488 3951 sepul-

206 3960 333 4031 Ipse
370 3963 520 4018 volat
549 3964 766 4034 pennis,
799 3966 896 4021 sed
924 3974 983 4021 tu
1007 3981 1227 4037 quoque
1251 3980 1471 4035 serpere
1494 3964 1694 4021 nescis.
2040 3953 2061 3957 ⁷
2639 3953 2649 3955 ’
3217 3953 3429 4028 [ςιευιη.

284 4052 524 4125 Tempus
563 4064 621 4111 et
645 4056 764 4127 ipse
785 4065 952 4125 tenet,
984 4065 1233 4128 tempora
1260 4058 1410 4112 nulla
1434 4066 1603 4113 tenes.

1973 4045 2044 4101 Ut
2071 4046 2203 4116 quid
2240 4046 2290 4102 id
2325 4062 2449 4103 esse
2484 4046 2680 4117 gemis,
2709 4061 2909 4117 corpus
2944 4055 2996 4100 et
3027 4045 3171 4101 unde
3202 4045 3346 4115 geris

209 4145 350 4214 Quid
381 4148 478 4203 tibi
509 4149 796 4207 consimile
826 4158 912 4206 est
934 4166 1118 4205 rerum
1143 4150 1360 4217 subtus,
1386 4163 1543 4222 rogo,
1565 4148 1801 4205 caelum?
1900 4141 2046 4197 Mors
2071 4153 2254 4196 manci
2275 4142 2327 4196 ῖιι
2358 4142 2489 4209 "ita.
2516 4142 2723 4213 88m"?
2750 4140 2880 4211 ειυὶίι
2913 4155 3139 4210 corpore
3162 4139 3361 4193 οίηθιθο

282 4236 513 4292 Stultior
532 4254 593 4293 es
618 4240 833 4295 cunctis
863 4238 1120 4296 folliculis
1149 4239 1361 4295 vacuis.
1971 4234 2198 4291 Pulvera
2227 4243 2531 4305 portamus,
2570 4234 2773 4289 vermis
2797 4242 2850 4289 et
2877 4248 3001 4288 esca
3035 4247 3249 4297 sumus,

210 4324 312 4382 Ilie
343 4328 574 4384 retrahit
600 4331 814 4397 ﬂatum,
850 4332 1107 4401 quotiens
1135 4332 1398 4388 eﬂhverit
1426 4332 1580 4389 illum
1614 4350 1628 4389 :
1902 4327 2176 4382 Carnibus
2203 4327 2258 4381 in
2283 4343 2498 4382 vermes
2522 4327 2782 4382 resolutis
2810 4327 3030 4396 pulvcra
3060 4325 3254 4381 ventis.

286 4418 367 4474 Τιι
390 4430 585 4478 ventus
611 4422 832 4492 penitus
854 4422 1169 4479 ﬂaminibus
1193 4440 1421 4480 vacuus,
1822 4415 1876 4475 D
1973 4413 2262 4483 Nunquam
2300 4414 2411 4468 vita
2445 4423 2657 4478 manet,
2692 4429 2842 4468 mors
2873 4413 2980 4467 nisi
3009 4430 3133 4467 cum
3170 4411 3369 4465 veniet.

213 4509 298 4564 Tu
328 4511 423 4566 tibi
453 4528 685 4583 magnus
718 4514 852 4581 eris,
890 4530 1093 4584 parvus
1125 4515 1261 4570 mihi
1288 4530 1526 4585 namque
1555 4513 1801 4584 putaris,
1907 4504 2006 4559 llic
2038 4505 2218 4574 cogita
2248 4505 2371 4574 plus
2409 4503 2759 4574 gaudendum
2790 4504 2856 4558 de
2879 4513 3055 4558 morte
3094 4504 3248 4556 beata
3277 4520 3288 4553 :

286 4600 353 4656 Ei
374 4602 506 4658 mihi
532 4604 626 4674 qui
652 4604 952 4675 quondam,
977 4620 1194 4675 semper
1224 4606 1334 4660 eris
1358 4604 1706 4675 Meginhaim,
1979 4595 2188 4665 Hospes
2223 4595 2403 4649 adisse
2430 4595 2541 4650 tuis
2564 4612 2666 4650 cur
2700 4596 2873 4665 gemis
2904 4594 3193 4665 hospitiis?

214 4691 395 4765 Incipe
422 4711 567 4750 nunc
602 4695 865 4750 humilem
904 4695 1069 4752 ten-is
1089 4696 1205 4767 iam
1230 4695 1423 4752 sisic“;
1444 4696 1658 4763 canem,
1906 4683 2150 4753 Corpora
2174 4682 2306 4736 dum
2339 4689 2589 4751 pereunt,
2620 4681 2834 4736 animas
2877 4690 3006 4735 tunc
3042 4690 3213 4734 morte
3237 4678 3496 4743 beabunt,

284 4783 403 4840 Non
433 4786 640 4855 poteris
661 4786 944 4842 modulum
968 4788 1189 4843 vincere
1213 4803 1558 4858 corporeum.

1978 4774 2132 4829 Tunc
2163 4774 2361 4829 animae
2400 4783 2674 4839 crescunt,
2707 4774 2894 4830 ossula
2927 4772 3057 4826 dum
3092 4780 3337 4843 pereunt.

218 4875 277 4932 Si
319 4878 546 4951 poteris,
597 4879 805 4936 celsum
848 4880 1096 4951 nunquid
1143 4880 1230 4937 vis
1277 4880 1541 4936 scandere
1566 4878 1809 4936 calum?

1566 4878 1809 4936 malum?
1909 4865 2112 4935 Quinta
2148 4865 2275 4921 ldus
2299 4864 2445 4920 Junii
2471 4864 2700 4935 perfecit
2722 4874 2967 4934 tempora
2995 4864 3158 4919 saecli.

286 4940 606 5044 ήοηά-οέο,
633 4980 717 5029 sia
752 4973 937 5039 ten-is,
961 4940 1031 5029 “ue
1060 4974 1280 5046 capiare
1302 4974 1475 5032 malis.
1982 4958 2237 5014 Fratrum
2265 4966 2445 5017 turma
2490 4964 2658 5029 petat,
2693 4957 2920 5028 spiritus
2954 4964 3016 5010 ut
3040 4955 3235 5010 valeat.
3501 4940 3520 5076 Κ

912 5066 1102 5121 XXIII.
2619 5068 2787 5127 XXV.

215 5156 299 5210 Αά
322 5157 594 5213 Christum
633 5158 965 5216 servatorem
996 5159 1181 5214 mundi
1223 5158 1287 5213 de
1313 5158 1456 5214 αεάε
1497 5158 1596 5215 SS.
1642 5156 1808 5213 Ῑηηο-
1960 5166 2151 5222 Versus
2182 5168 2238 5220 in
2261 5166 2455 5220 librum
2480 5165 2560 5236 (5)
2588 5163 2957 5218 Dictaminum
2984 5163 3053 5216 ad
3080 5178 3133 5216 se
3164 5161 3460 5216 collectum.

893 5261 1120 5307 centum.
1911 5258 2046 5327 Qua;
2076 5259 2209 5313 mihi
2242 5258 2469 5314 dictanti
2498 5256 2769 5313 concessit
2784 5255 2963 5327 gratia
2985 5253 3189 5310 Christi

217 5340 471 5398 Ῐηεοηῑεδ
508 5342 749 5410 Domini,
780 5344 940 5399 "Obis
966 5342 1293 5409 succurrite,
1323 5351 1479 5398 sanet
1784 5343 1805 5396 ι
1914 5350 2178 5407 Versibus
2213 5360 2307 5405 aut
2328 5350 2556 5418 chartis,
2584 5351 2638 5406 in
2666 5365 2867 5420 corpus
2886 5357 3099 5404 vertere
3124 5348 3387 5419 scriptum

217 5430 329 5487 Nos
359 5433 616 5503 gravibus
639 5434 786 5489 vitiis
816 5450 911 5505 per
931 5432 1136 5489 Christi
1160 5434 1353 5490 solvite
1377 5449 1541 5489 nome
1762 5434 1807 5488 N

1762 5434 1807 5488 Ν
1894 5445 2161 5511 'Decrevi,
2189 5445 2406 5516 quoties
2429 5445 2533 5500 hoc
2562 5459 2787 5515 possum
2820 5441 2962 5498 ferre
2985 5453 3289 5514 peraptum,

221 5522 449 5595 Suscipe
478 5536 534 5581 tu
556 5526 846 5581 dominans
868 5535 1205 5592 sanctorum,
1240 5526 1455 5597 suscipe
1483 5541 1617 5582 voce
1772 5526 1812 5579 S
1918 5536 2165 5592 Mortuus
2197 5544 2255 5590 ut
2287 5536 2504 5590 tandem
2542 5534 2755 5591 Domini
2788 5534 2871 5588 vel
2899 5534 3152 5589 laudibus
3180 5532 3397 5600 addam,

293 5635 371 5709 (2)
411 5636 589 5709 Ἅιμᾳ,
622 5641 950 5709 δαηςιιὶηεηι.

294 5708 371 5779 (3)
405 5707 735 5765 Continetur‘
755 5726 819 5765 eo
842 5710 1048 5778 codice,
1081 5725 1244 5780 quem
1265 5709 1367 5766 sub
1396 5710 1618 5766 nomine
1640 5707 1983 5765 Froumundi
2018 5709 2283 5763 hactenus
2318 5708 2498 5762 citavi.
