4038 6380
570 258 574 263 ·
618 228 752 297 [503
1537 231 1963 306 :FRGUMUNDI
1999 240 2399 304 C(ENOBITJE
2438 248 2956 310 TEGERNSENSIS
3712 260 3813 320 13M

620 350 757 451 llum
783 363 887 451 non
911 354 1109 451 lingua
1130 366 1307 427 sonat,
1336 374 1459 431 qua
1481 370 1653 418 restat
1676 356 1858 422 [ηειδελ
1886 375 2107 441 pangat,
2241 369 2288 425 Α
2314 364 2385 424 Ut
2412 371 2562 425 verni
2574 370 2749 436 ﬂores
2780 372 2869 435 cui
2896 386 3152 436 crescunt
3175 393 3389 451 semper
3407 334 3666 439 honores?

607 436 879 543 ξ’ξθττηθεί
903 446 1126 518 fuerim,
1155 466 1265 506 ηοη
1296 463 1425 508 sum
1444 456 1754 523 spernant“
1778 436 2022 530 iege—Mi»-
2091 436 2100 441 ⁷
2312 468 2546 528 lndoctis
2579 472 2763 528 lumen
2796 488 2923 528 cum
2957 471 3080 540 fert,
3114 488 3211 530 seu
3247 436 3445 529 m-entis
3479 436 3729 543 acumen,

602 531 971 636 [flumnullus
1006 562 1189 603 sermo
1209 548 1431 606 Christo
1461 566 1522 607 se
1544 553 1835 611 subtrahat
1856 558 2022 628 almo,
2309 561 2706 621 Grammaticas
2739 574 2944 636 partes,
2973 582 3039 621 ac
3067 531 3297 622 cunctas
3330 565 3546 622 instruit
3566 531 3710 624 artes:

613 627 906 727 Pinnibus,
931 646 992 692 ut
1011 638 1126 694 vult
1154 639 1289 710 ipse,
1319 641 1489 710 dabit,
1514 659 1614 700 nec
1643 661 1877 718 corpora
1904 627 2097 718 cernit,
2308 651 2578 724 Tempore
2604 627 2893 723 nocturno,
2924 627 3101 727 neque
3124 655 3241 710 vult
3261 671 3475 711 cessare
3500 656 3699 726 diurno,

613 723 790 820 Parva
813 731 1029 801 replens
1054 734 1288 805 magnis,
1313 744 1366 789 et
1393 733 1551 793 fortia
1579 740 1793 807 spernit
1816 740 1871 795 in
1894 743 2041 799 altis.
2308 723 2461 799 Dicta
2482 746 2783 816 peritorum
2813 723 3138 818 depromens
3166 748 3667 820 orthographorum.

619 816 731 912 lloc
765 821 972 892 placuit
996 835 1217 895 propter
1249 826 1414 883 nullis
1438 842 1527 882 me
1556 845 1781 899 parcere
1805 834 2006 901 verbis,
2307 834 2483 891 Tanto
2516 838 2721 907 pastori
2742 816 3025 909 nunquam
3048 848 3176 895 sunt
3197 816 3398 912 scripta
3419 816 3611 908 labori,

615 910 759 976 Quin
797 914 1074 970 scribatur
1100 916 1267 983 enim,
1294 918 1555 990 quicquid
1589 936 1700 976 non
1728 924 1962 981 mittitur
1986 927 2098 999 igni
2305 926 2418 985 Ceu
2448 928 2583 985 solis
2602 931 2789 986 lumen
2817 932 2922 986 sibi
2950 932 3045 988 sed
3078 940 3226 1004 patet
3249 910 3412 988 omne
3437 935 3693 1003 volumen,

578 1018 595 1040 ‘-
615 1006 721 1061 Aut
755 1022 923 1065 cursu
962 1010 1124 1067 celeri
1157 1020 1491 1084 transportet
1520 1017 1750 1075 nuntius
1778 1021 1918 1085 orbi.
2305 1018 2528 1095 Ingenio
2555 1022 2820 1078 mundum
2847 1022 3053 1081 faciens
3074 1040 3305 1081 vernare
3326 1026 3635 1081 rotundum.

585 1110 611 1136 ε·
742 1188 773 1189 ἡ
1310 1102 1501 1162 XXVI.
2306 1110 2575 1170 Strenuus
2601 1124 2656 1170 et
2675 1115 2879 1186 justus,
2908 1133 3068 1189 gemn
3088 1118 3138 1173 is
3165 1118 3388 1174 virtutis
3408 1127 3648 1186 onustus,

738 1188 926 1247 Versus
953 1192 1231 1266 Udalperli
1262 1197 1319 1251 in
1350 1199 1582 1254 codicem
1612 1201 1951 1258 Psalmorum
1985 1205 2083 1278 (4).
2305 1202 2408 1262 Dat
2428 1221 2631 1276 pernox
2653 1210 2832 1280 Argus
2857 1188 3171 1267 documenti
3196 1209 3401 1267 fercula
3436 1211 3632 1284 largus.

617 1280 774 1375 liunc
798 1300 899 1356 ego
924 1284 1271 1345 Psalmorum
1295 1291 1481 1348 studui
1503 1296 1850 1353 conscribere
1878 1297 2079 1354 librum
2302 1297 2446 1353 Cura
2472 1301 2658 1356 subtili
2685 1302 2903 1373 proprio
2924 1302 3166 1375 vigilabit
3190 1304 3341 1359 ovili.

623 1373 1056 1466 lidalpertus,-ut
1081 1381 1171 1437 hic
1200 1398 1395 1452 pascas
1417 1385 1657 1442 animam
1689 1404 1911 1461 quoque
1943 1388 2196 1448 Heilwih.
2302 1388 2506 1446 Praeter
2539 1394 2848 1449 mercedem
2878 1373 3005 1451 licet
3037 1395 3156 1466 ejus
3187 1396 3363 1452 visere
3385 1395 3587 1452 sedem.

620 1464 870 1561 ρνηαυὶε,
902 1479 961 1524 ut
990 1474 1141 1541 potui
1163 1488 1182 1527 :
1209 1474 1383 1529 decuit
1413 1477 1491 1530 sic
1518 1477 1794 1534 nobilitari
2305 1480 2537 1554 Propter
2565 1486 2813 1545 sollertes
2839 1503 2949 1543 non
2975 1464 3217 1560 unquam
3252 1491 3465 1561 spernit
3496 1491 3698 1549 inertes.

616 1559 877 1654 Psalterii
903 1563 1199 1634 dominam,
1228 1566 1367 1622 colui
1390 1569 1551 1623 simul
1574 1579 1625 1623 et
1653 1587 1975 1641 generosam.
2304 1574 2520 1632 Firmat
2548 1579 2863 1650 prudentes,
2892 1582 3022 1637 dum
3046 1559 3271 1653 corripit
3284 1559 3628 1654 insipientes.

619 1650 715 1749 Eis
740 1654 941 1749 leviora
975 1654 1110 1714 facis
1139 1674 1394 1714 curarum
1418 1661 1657 1731 pondera
1686 1664 1902 1734 scriptis
1958 1693 1964 1696 έ
2231 1725 2271 1749 η
2300 1669 2502 1728 Omnes
2525 1674 2802 1729 communi
2823 1683 2949 1730 voto
2972 1675 3075 1732 sibi
3098 1650 3384 1749 jun—gimur
3402 1650 3519 1733 uni.

709 1746 969 1841 meditare
993 1749 1119 1820 piis,
1150 1766 1273 1841 qua:
1295 1725 1504 1808 restant
1523 1756 1718 1825 gaudia
1748 1725 1920 1812 oculis.
2231 1725 2275 1785 Β
2310 1725 2516 1835 liquat
2534 1725 3628 1837 Salomonis.

620 1834 719 1932 liis
750 1840 925 1911 magis
950 1838 1183 1899 insistas
1203 1844 1412 1914 cupias,
1444 1863 1611 1917 quam
1641 1847 1843 1904 femina
1863 1849 2025 1919 jocis.
2308 1834 2517 1926 Expers
2547 1834 2767 1913 fallendi
2795 1859 3041 1929 procedit
3068 1860 3187 1932 lege
3220 1860 3478 1917 docendi.

620 1930 750 1998 Haec
777 1934 975 2007 iterum
1001 1945 1164 2008 atque
1184 1938 1380 1995 iterum
1403 1955 1618 2012 semper
1641 1943 1987 1999 mediterisin
2008 1960 2205 2013 aevum,
2310 1945 2417 2003 Sed
2447 1956 2637 2015 noster
2658 1956 2835 2005 enatus
2869 1950 2961 2005 tali
2988 1950 3057 2006 de
3089 1930 3337 2022 principe
3366 1952 3546 2019 laetus,

621 2025 833 2097 Gaudia
869 2037 1017 2089 certa
1050 2039 1294 2100 manent,
1320 2048 1659 2123 quaecunque
1690 2035 1807 2091 hare
1830 2043 2051 2121 pectora
2093 2035 2210 2091 vol-
2310 2036 2537 2107 Sollers,
2562 2039 2854 2106 insomnis,
2887 2048 3044 2097 catus
3066 2040 3214 2097 hunc
3243 2041 3595 2097 venerabitur
3626 2042 3790 2097 omnis.

1964 2129 2136 2204 (vent,
2309 2129 2598 2203 Nunquam
2630 2132 2908 2203 torpescit,
2945 2132 3104 2205 cujus
3125 2134 3220 2206 qui
3240 2134 3365 2205 jure
3389 2135 3641 2205 quiescit.

622 2213 724 2284 Bis
750 2216 970 2275 inimica
1001 2230 1153 2290 potes
1179 2236 1438 2293 superare
1468 2221 1751 2295 sequentia
1777 2221 1943 2278 vires.
2310 2223 2459 2281 Talis
2484 2225 2770 2281 mandrita:
2802 2225 3030 2281 verbum
3055 2224 3161 2283 fert
3191 2226 3389 2299 gaudia
3427 2227 3575 2294 vitae,

1305 2340 1518 2397 xxvn_
2309 2314 2538 2389 Propter
2566 2333 2726 2390 quem
2750 2326 2939 2388 gentes
2965 2318 3073 2374 huc
3096 2318 3324 2375 diversa:
3356 2319 3651 2386 venientes,

620 2424 884 2512 Apologia
915 2432 994 2504 (5)
1033 2450 1128 2512 pro
1163 2433 1343 2487 schola
1374 2433 1808 2512 ll’irtzburgensi
1842 2436 2056 2508 ejusque
2098 2452 2212 2490 ma—
2310 2405 2429 2512 ἔθη
2456 2408 2581 2512 Plus
2615 2407 2799 2512 Vidi“)
3026 2417 3278 2512 qua?“
3309 2410 3465 2512 MF?
3496 2408 3758 2482 Ρθτθετίηί·

802 2494 1246 2573 ῂίειιίοάἒίυεηυε
1272 2505 1551 2575 quemdam
1578 2494 2032 2561 calumniatoreiu.
2310 2497 2563 2554 Currilur
2586 2516 2615 2555 a
2638 2500 2814 2556 turbis
2838 2500 2999 2556 iStius
3021 2502 3297 2557 mtrnibus
3322 2502 3503 2557 urbis.

624 2590 834 2649 Nomen
863 2602 923 2655 ut
956 2594 1248 2650 herbarum
1281 2604 1426 2650 tenet
1457 2595 1571 2650 haec
1592 2597 1724 2652 urbs
1745 2597 2137 2667 prolicuarum,
2311 2589 2469 2646 Hunc
2496 2592 2601 2647 sibi
2634 2592 2937 2660 ductorem,
2967 2593 3054 2649 vel
3079 2593 3316 2665 gliscunt
3339 2593 3755 2656 ammonitorem.

624 2682 894 2749 Qualibus
920 2684 1111 2739 imbuti
1133 2694 1388 2755 reparant
1409 2701 1508 2741 sua
1531 2687 1771 2741 membra
1803 2686 1986 2753 saluti,
2310 2682 2586 2739 Nobilium
2616 2685 2797 2755 proles
2823 2686 2985 2756 cujus
3009 2703 3134 2743 cum
3155 2697 3336 2758 captet
3356 2703 3597 2755 amores,

624 2772 723 2829 Sic
747 2773 1112 2845 perfectorum
1140 2776 1372 2846 genitrix
1400 2785 1487 2832 est
1511 2776 1924 2848 discipulorum.
2312 2774 2500 2832 Lectio
2519 2777 2709 2848 pupilli
2739 2792 2848 2833 non
2880 2779 2978 2834 fiet
2995 2780 3246 2855 dedecus
3268 2780 3367 2835 illi.

628 2872 846 2941 Profert
873 2872 1177 2930 doctrinam
1201 2874 1329 2944 quia
1352 2875 1642 2930 stultorum
1668 2876 2012 2930 medicinam.
2312 2870 2550 2936 Quilibet
2578 2871 2822 2940 assistat,
2850 2872 2955 2928 sibi
2977 2872 3311 2943 proficientia
3334 2873 3618 2943 patrissat.

628 2964 733 3022 Per
761 2966 1043 3037 proprium
1074 2982 1272 3022 nomen
1301 2974 1571 3022 monstrat
1596 2965 1859 3021 divinitus
1886 2981 2068 3021 omen.
2311 2958 2505 3017 Nullus
2539 2963 2786 3020 mortalis
2819 2964 2985 3034 pollet
3015 2964 3096 3020 sic
3117 2965 3445 3021 artiﬁcialis.

630 3050 800 3113 Posse
829 3074 990 3113 suum
1025 3057 1263 3114 fructum
1288 3058 1406 3113 vitii
1441 3059 1706 3129 depellere
1742 3059 1971 3127 luctum,
2240 3091 2281 3148 ο
2315 3051 2464 3148 ρᾳείι
2489 3055 2749 3125 perdocte
2787 3056 2874 3111 cui
2902 3057 2981 3111 nil
3010 3057 3307 3114 virtutibus
3326 3067 3475 3114 octo.

631 3148 889 3209 Germinc
913 3151 1157 3214 radicum
1184 3151 1329 3224 quod
1356 3150 1461 3209 fert
1479 3151 1634 3209 vicus
1660 3151 1964 3217 inimicum,
2252 3145 2269 3148 ’
2314 3145 2412 3202 His
2438 3147 2773 3204 ornamentis
2798 3148 3022 3204 humilis
3044 3157 3151 3204 stat
3174 3150 3345 3221 gloria
3372 3149 3592 3206 mentis.

630 3240 758 3300 Vim
792 3246 998 3316 pellens
1021 3245 1218 3313 morbi,
1243 3245 1372 3300 dum
1394 3255 1594 3301 cuncto
1620 3245 1836 3317 prolicit
1859 3243 1999 3300 orbi.
2315 3237 2473 3294 Vivat
2498 3238 2587 3295 hic
2616 3240 2908 3307 indemnis,
2935 3257 3061 3297 cum
3088 3242 3483 3298 commoditate
3506 3242 3740 3313 perennis

636 3335 905 3395 Sordibus
927 3338 1097 3393 inflati
1119 3354 1244 3393 cum
1269 3338 1498 3394 stultitia
1526 3338 1780 3408 cruciati,
2316 3330 2594 3387 Virtutum
2623 3332 2819 3404 plenus
2842 3333 2933 3402 sit,
2964 3334 3327 3405 prosperitate
3356 3351 3609 3390 serenus.

528 3444 535 3450 ‘
631 3425 815 3487 Instar
839 3430 1057 3502 leprosi,
1084 3446 1178 3485 seu
1201 3430 1295 3501 qui
1317 3430 1521 3502 degunt
1546 3431 1750 3499 vitiosi,
2314 3424 2402 3481 Nil
2431 3435 2755 3482 eventorum
2784 3428 2873 3483 cui
2897 3428 3046 3500 quod
3078 3436 3298 3484 maneat
3325 3430 3660 3484 nociturum.

634 3519 756 3579 Huc
786 3524 1147 3589 adducantur,
1183 3524 1445 3594 quoniam
1469 3525 1666 3580 melius
1694 3533 2027 3579 renovantur
2316 3514 2589 3572 Tristibus
2611 3526 2831 3584 exutus,
2854 3517 3066 3573 laetetur
3091 3527 3146 3573 et
3175 3518 3421 3589 undique
3448 3528 3618 3574 tutus.

633 3614 971 3688 Doctiloquis
991 3618 1191 3684 verbis,
1213 3633 1377 3687 quam
1396 3618 1639 3673 membra
1670 3617 1982 3673 salubribus
2009 3614 2211 3677 herbis,
2316 3604 2524 3661 Grandia
2555 3606 2768 3661 veracis
2797 3606 2903 3662 sibi
2936 3607 3048 3663 sint
3075 3607 3434 3663 celeberrima
3468 3607 3639 3679 pacis.

638 3707 883 3766 Summis
914 3710 1154 3765 archivis
1180 3710 1369 3780 epulas
1404 3710 1688 3780 acquirere
1711 3710 1886 3775 silvis,

2318 3694 2419 3755 Per
2440 3711 2686 3752 summas
2709 3705 2883 3751 metas
2907 3696 3034 3752 vitae
3054 3713 3155 3752 sua
3177 3697 3405 3768 prodeat
3429 3705 3584 3763 tetas,

635 3796 747 3855 Nec
772 3813 880 3854 non
901 3797 1155 3868 perfectae
1179 3797 1415 3854 scrutari
1440 3799 1665 3853 dindina
1702 3797 2005 3869 [dindyma]
2034 3806 2211 3853 sectae.
2321 3787 2494 3859 Atque
2522 3789 2819 3845 senectutis
2847 3789 2959 3845 sint
2984 3798 3231 3861 tempore
3254 3789 3401 3845 dona
3430 3790 3641 3845 salutis.

636 3888 870 3961 Wangia
904 3905 1004 3945 cur
1027 3891 1252 3962 langues
1278 3891 1504 3947 stolidas
1526 3890 1794 3945 servando
1816 3890 2148 3960 phalanges?

1816 3890 2148 3960 phalanges?
2319 3879 2548 3936 Virtutis
2575 3881 2730 3937 mine
2763 3882 3007 3938 coelestia
3037 3882 3236 3953 dignus
3261 3883 3401 3937 inire

636 3978 866 4038 Nostros
890 3991 1189 4039 conventus
1212 3983 1371 4038 odeat
1393 3992 1485 4038 tua
1509 3983 1671 4038 stulta
1690 3982 1967 4053 juventus.

2320 3971 2514 4028 Visitet
2534 3980 2794 4028 aeternam
2819 3973 2997 4029 lucem
3022 3973 3380 4044 requiemque
3408 3986 3712 4044 supernam.

635 4074 812 4141 Quam
840 4075 951 4131 sint
972 4076 1225 4133 limantes
1253 4093 1448 4131 aurum
1483 4077 1630 4133 velut
1654 4078 1776 4147 igne
1799 4059 2093 4146 probantes

1995 4084 2093 4132 nes
2318 4062 2502 4118 Mundi
2534 4063 2786 4119 Salvator
2814 4065 2901 4119 sui
2944 4066 3087 4120 cmli‘
3117 4080 3242 4121 cum
3273 4064 3590 4119 dominator

637 4165 822 4222 Nostri
852 4168 1080 4224 rectoris
1111 4184 1317 4223 normae
1346 4185 1454 4223 non
1481 4170 1608 4225 vilis
1640 4169 1886 4235 honoris,
2318 4153 2585 4212 omnibus
2608 4156 2663 4210 ίη
2695 4156 2867 4227 Portis
2888 4165 3107 4227 "1le
3140 4156 3443 4211 retinacula
3469 4155 3673 4221 ωοΐιίεο

638 4258 895 4315 Ecclesiae
925 4275 1195 4315 summam
1220 4277 1382 4330 quem
1421 4262 1697 4316 cernimus
1725 4277 1846 4315 esse
1881 4261 2213 4329 columnam.

2018 4274 2213 4329 mnam,
2318 4246 2398 4303 Ac
2429 4263 2528 4318 per
2550 4248 2789 4303 divinam
2816 4263 3006 4304 vocem
3039 4249 3251 4318 spoliat‘
3271 4246 3573 4302 Libitinam
3601 4266 3613 4301 :

640 4352 721 4408 Ad
751 4366 914 4424 quem
934 4352 1199 4423 procedit,
1235 4353 1549 4431 quicunque
1573 4353 1817 4411 docendo
1839 4353 2087 4431 placebit.
2319 4339 2459 4431 filio
2484 4355 2638 4394 suam
2675 4341 2857 4431 sedem
2895 4341 3163 4431 malitiam?
3198 4339 3495 4431 ριὀςεθάετε
3514 4339 3728 4409 Picum,

640 4444 900 4516 princeps
929 4426 1263 4515 primatum,‘
1288 4446 1383 4515 qui
1421 4445 1607 4516 pandi;
1628 4446 1809 4501 abdita
1834 4426 2040 4517 omum,
2246 4435 2294 4493 ι)
2321 4427 2426 4483 Pro
2459 4430 2669 4485 meritis
2693 4429 2818 4485 vita:
2840 4438 2971 4485 tunc
2989 4429 3257 4485 doctrinis
3280 4429 3555 4484 decorata:
3644 4466 3649 4469 -

641 4536 827 4592 Mundi
859 4544 1182 4593 cunctorum
1211 4537 1546 4593 transcendit
1571 4539 1786 4593 culmen
1816 4538 2108 4593 honorum.
2324 4523 2423 4580 Hic
2451 4539 2548 4578 ce“
2571 4523 2736 4590 Ῐυεθῑν
2762 4539 2857 4578 se“
2881 4538 3067 4578 Secum
3093 4522 3290 4593 εειιάίτί
3314 4522 3479 4578 ducet

641 4626 776 4697 Nam
809 4628 1018 4688 meritis
1056 4629 1266 4684 nullum
1313 4629 1548 4699 similem
1596 4629 1703 4686 fert
1730 4630 1968 4685 mundus
2005 4630 2220 4700 homul—

2118 4631 2220 4700 mj-
2325 4615 2634 4686 Discipulos
2662 4624 2913 4681 cunctos,
2946 4616 3066 4684 ejus
3092 4614 3470 4669 moderamine
3494 4612 3713 4675 functos,

1987 4721 2144 4795 μων,
2325 4708 2605 4763 Pontificis
2627 4708 2847 4787 summi,
2871 4723 3035 4779 quem
3061 4719 3193 4764 tunc
3220 4716 3506 4763 sectantur
3528 4705 3735 4762 alumni.

642 4812 760 4883 Ipse
784 4822 1068 4883 poetarum
1100 4814 1267 4887 fulget
1297 4816 1463 4871 decus
1498 4815 1934 4886 omnigenarum.

2322 4801 2428 4856 Pro
2457 4801 2581 4870 quis
2613 4801 2838 4856 lucescit
2859 4800 3031 4856 stellis
3056 4817 3243 4871 parac
3263 4801 3586 4870 requiescit.

643 4905 879 4976 Imperio
903 4906 1108 4973 Christi
1129 4907 1462 4963 moderando
1496 4914 1705 4976 sceptra
1734 4905 2001 4977 magistri.

2327 4892 2552 4949 Talibus
2577 4893 2884 4964 augmentis
2920 4894 3164 4965 gaudens
3186 4893 3253 4949 de
3277 4893 3523 4964 quinque
3544 4889 3740 4947 talentis

644 4996 847 5053 Praeter
874 4996 1167 5067 Scriptura:
1192 4998 1433 5053 studium
1457 4997 1591 5053 nihil
1614 5006 1696 5053 est
1717 4997 1820 5051 sibi
1843 5014 2006 5062 curm,
2324 4985 2480 5041 Νυηο
2507 4985 2900 5041 commendatis
2923 4985 3026 5041 sibi
3054 4993 3186 5057 tunc
3216 4984 3560 5056 Dominoqne
3589 4980 3767 5043 Malis.

645 5091 830 5146 llultor
847 5091 1067 5148 virtutis
1098 5100 1302 5156 manet,
1331 5100 1655 5163 aeternaeque
1680 5090 1892 5144 salutis.
2323 5078 2369 5133 0
2400 5093 2552 5149 puer,
2580 5078 2815 5149 insignis
2836 5093 2938 5134 nos
2962 5078 3267 5134 accendens
3291 5078 3435 5134 velut
3461 5078 3622 5148 igniS.

648 5181 767 5238 Vim
803 5183 965 5240 talem
987 5183 1189 5251 mentis
1218 5183 1364 5239 dono
1386 5190 1531 5237 tenet
1552 5181 1972 5251 Omnipotentis,

2323 5170 2429 5238 Qui
2464 5170 2701 5241 primum
2724 5168 2867 5224 lictis
2892 5169 3040 5224 hunc
3072 5169 3259 5225 rosisti
3288 5168 3589 5223 maledictis

648 5274 915 5331 Doctrina
936 5275 1090 5332 rivus
1114 5274 1233 5331 ﬂuit
1257 5277 1377 5346 ejus
1412 5285 1627 5345 pectore
1647 5273 1823 5327 vivus.

2327 5262 2403 5318 Te
2429 5277 2488 5318 se
2521 5262 2802 5317 doctorem
2825 5260 3142 5315 blaterando
3170 5269 3355 5316 tenere
3380 5260 3614 5331 priorem

651 5362 936 5423 (Eternum
969 5381 1172 5422 numen
1197 5381 1513 5422 sermonum
1534 5365 1627 5419 dat
1649 5365 1752 5419 sibi
1785 5364 1987 5418 ﬂumen
2328 5359 2441 5414 Hoc
2463 5374 2587 5414 cum
2611 5355 2819 5422 dixisti,
2848 5356 3176 5428 permultum
3198 5355 3508 5427 desipuisti,

652 5459 745 5525 Est
773 5468 1155 5523 ornamentum
1186 5459 1345 5516 nobis
1372 5458 1535 5528 hujus
1567 5457 1975 5521 documentum,
2330 5451 2558 5507 Doctum
2581 5448 2865 5504 Platonem
2891 5447 3142 5518 ponendo
3166 5457 3289 5517 post
3309 5447 3630 5503 Labeonem.

718 5618 735 5679 <
751 5617 794 5669 ί)
834 5614 1061 5671 Exstant
1088 5616 1143 5671 in
1165 5615 1284 5673 eod.
1319 5614 1440 5670 cod.
2326 5625 2450 5663 men
2470 5606 2791 5679 perantiqua
2812 5604 3428 5679 est,di_versitatem,non
3444 5602 3662 5661 omnino
3675 5606 3836 5655 certum

721 5676 795 5771 Vi)
839 5683 915 5742 Ex
942 5687 1060 5743 Cod.
1096 5686 1455 5755 Froumundi,
1499 5686 1600 5749 etsi
1629 5685 1698 5742 ob
1733 5699 1948 5751 manus,
1973 5696 2093 5762 qua:
2133 5689 2215 5736 ta-

1683 5700 1698 5740 )
1733 5699 1948 5751 manus,
1973 5696 2093 5762 qua:
2133 5689 2215 5736 ta-
2327 5680 2417 5746 sit,
2449 5676 2537 5735 cui
2571 5679 2672 5742 hoc
2694 5676 2884 5761 poema
2915 5676 3278 5749 trjbucg-lum.
