4038 6386
284 338 423 399 1505
1686 350 2095 409 POEMATICA.
3391 347 3535 405 i306

283 456 438 514 Tunc
470 455 679 511 utinam
706 462 893 513 mutus
918 455 1123 527 fueras,
1150 460 1292 517 hanc
1312 463 1532 534 quando
1558 465 1795 524 locutus.
1880 475 1930 531 Α
1959 467 2166 523 Ponere
2188 467 2508 539 legitimum.
2536 465 2745 534 Nescis,
2776 466 2903 537 quia
2930 465 3171 522 carmine
3197 463 3535 538 rhythmum,

283 548 511 604 Cunctis
533 548 797 617 ostendis,
825 550 919 605 sed
941 551 1105 608 talem
1132 568 1257 609 cum
1285 556 1657 628 reprehendis,

279 638 470 696 Temet
499 640 818 697 mendosum
841 643 1047 700 laesisse
1080 661 1269 701 canem
1296 647 1584 719 furiosum,

277 732 455 809 Mente
478 735 625 804 quod
643 734 835 791 insana
860 735 998 793 ferat
1018 739 1278 796 iracunda
1312 740 1503 811 Diana,

279 823 545 882 Sordibus
563 826 783 883 imbuta:
806 844 902 885 seu
928 838 980 885 te
1000 833 1198 887 mentis
1229 834 1369 888 male
1390 843 1522 890 tutae

274 916 487 973 Collum
512 926 837 988 maternum,
873 921 957 976 vel
980 920 1310 996 confregisse
1337 934 1639 995 paternum.

276 1005 360 1063 Tu
382 1009 558 1064 cultor
580 1008 727 1065 furni
749 1019 935 1069 teneas
958 1022 1159 1071 sortem
1194 1016 1471 1084 taciturni,

273 1097 517 1155 Moribus
542 1100 875 1170 immundus,
901 1104 1131 1162 sordens
1157 1107 1323 1175 vitiis,
1349 1107 1694 1176 furibundus,

273 1188 493 1261 Turpis,
516 1191 887 1263 blasphemus,
912 1184 1170 1253 vitiorum
1200 1205 1439 1254 stercore
1462 1200 1675 1271 plenus,

273 1278 539 1338 Sensibus
564 1292 617 1339 et
637 1300 832 1355 vanus,
860 1287 1006 1357 quod
1028 1288 1265 1346 tnrberis
1294 1291 1434 1346 male
1456 1308 1644 1351 sanus.

268 1366 327 1422 in
352 1385 580 1426 numero
607 1373 737 1429 cieri
772 1375 847 1431 sis
870 1377 1235 1450 indignusqne
1262 1380 1462 1446 teneri,

264 1458 377 1515 Aut
402 1459 519 1517 fore
543 1471 599 1518 te
630 1463 827 1535 furem,
860 1469 1005 1539 quod
1037 1485 1147 1525 non
1183 1486 1284 1544 ego
1316 1472 1496 1529 dicere
1513 1487 1700 1530 curem

265 1546 384 1606 Hoc
417 1554 513 1609 sed
537 1554 789 1612 dicebant
807 1557 884 1625 bi,
913 1558 1040 1630 quia
1071 1568 1164 1616 tua
1190 1561 1391 1633 scripta
1422 1563 1707 1633 videbant,

265 1640 420 1697 Talia
452 1654 503 1701 te
531 1644 701 1702 fatum
738 1657 959 1720 propter
978 1652 1365 1724 propriumque
1384 1662 1617 1724 reatum,

265 1733 537 1801 Quatinus
561 1738 615 1793 in
641 1755 803 1810 poena
833 1741 909 1799 sis
933 1753 1156 1816 propter
1180 1746 1288 1802 tale
1314 1763 1529 1819 poema.

1957 561 2381 618 Grammaticam
2412 572 2611 617 metam
2644 571 2696 617 te
2723 561 2970 631 linquere
2997 575 3162 616 cerno
3189 556 3444 631 poetam?

1954 651 2247 723 Pauperies
2268 670 2414 710 ranae
2440 654 2714 725 quondam
2731 653 2824 724 jus
2851 650 3015 723 coepit
3037 651 3196 705 inane

1956 740 2172 810 Dicens,
2196 744 2436 799 divinam
2461 760 2519 800 se
2541 744 2680 799 ferre
2703 744 2834 799 feris
2858 742 3206 798 medicinam.

1953 833 2201 906 increpat
2228 835 2314 889 his
2337 835 2512 907 culpis
2534 836 2677 890 hanc
2707 834 2802 889 sed
2828 830 3069 888 versutia
3096 829 3301 899 vulpis:

1953 922 2037 978 Me
2068 940 2176 979 non
2199 925 2500 991 frustraris,
2529 926 2657 996 quia
2680 932 2732 980 te
2752 924 3024 979 medicum
3046 920 3346 976 meditaris.

1954 1014 2030 1071 Te
2057 1015 2173 1072 fore
2196 1017 2514 1073 mendosam
2537 1016 2652 1071 scio
2678 1031 2776 1085 per
2801 1015 2995 1085 pellem
3025 1012 3359 1068 maculosam
3378 1052 3393 1077 ,

1952 1105 2188 1162 Maxima
2212 1118 2264 1164 te
2291 1108 2460 1179 pestis
2489 1107 2637 1180 quod
2662 1113 2838 1173 vexet,
2862 1120 2984 1161 sum
3021 1104 3119 1158 tibi
3151 1102 3323 1158 testis.

1951 1197 2200 1256 Primum
2222 1201 2466 1259 solamen
2489 1200 2585 1254 tibi
2610 1197 2793 1270 profer
2820 1199 2905 1253 vel
2938 1196 3296 1261 medicamen,

1949 1291 2099 1348 Artis
2123 1308 2281 1364 opem
2314 1293 2472 1348 nobis
2494 1293 2723 1363 posthac
2744 1290 2998 1346 adhibeto
3025 1286 3243 1344 Peonis.

1955 1380 2045 1438 Sic
2069 1384 2405 1451 emendator,
2434 1384 2513 1439 sic
2540 1400 2599 1440 es
2624 1383 2745 1441 vitii
2771 1381 3078 1438 comitator.

1952 1471 2190 1530 Vocibus
2215 1474 2470 1542 inmanis,
2495 1474 2754 1533 doctrinm
2778 1490 3006 1546 prorsus
3031 1469 3241 1537 inanis,‘

1949 1563 2171 1622 Crimen
2194 1567 2460 1638 culpabis,
2498 1567 2593 1622 sed
2625 1584 2754 1623 mox
2780 1563 3226 1636 exempliﬁcabis,

1949 1656 2107 1726 Quod
2136 1675 2229 1715 cor
2250 1675 2358 1715 non
2382 1660 2539 1727 celat,
2567 1660 2828 1731 quoniam
2860 1657 3141 1728 Scriptura
3177 1655 3398 1711 revelat.

1948 1747 2212 1805 Versibus
2240 1748 2436 1803 oblatis
2458 1748 2829 1815 mendacibus,
2861 1745 3234 1802 inmodulatis.

265 1824 424 1883 Hunc
451 1829 679 1901 cuipans
709 1803 953 1902 naevum,
971 1803 1066 1907 qui
1088 1803 1334 1894 conterit‘
1347 1853 1509 1895 omne
1526 1854 1622 1912 per
1648 1855 1844 1899 aevum.
1877 1803 1922 1863 Β
1947 1838 2067 1895 Non
2088 1839 2423 1899 ostendisses
2448 1847 2498 1896 te
2526 1839 2771 1906 stultum,
2805 1839 2853 1894 si
2879 1838 3163 1901 tacuisses,

266 1917 408 1975 Sunt
427 1930 729 1979 assertores
753 1925 881 1981 huic
912 1942 1104 1984 omnes
1131 1928 1435 1986 inferiores.

264 2008 422 2065 ilunc
447 2020 596 2068 sator
622 2013 852 2084 irarum,
876 2015 1182 2074 destructor
1204 2019 1567 2077 amicitiarum

262 2098 667 2172 Demonstrato,
701 2112 854 2177 togas
880 2122 980 2163 cur
1008 2125 1111 2166 nos
1132 2110 1402 2180 deponere
1427 2127 1614 2186 cogas,

259 2189 431 2250 Nobis
462 2196 688 2263 inmitis,
716 2198 1091 2259 transmittens
1124 2203 1316 2259 nuntia
1349 2204 1462 2262 litis

260 2284 345 2340 An
377 2301 477 2343 nos
515 2289 776 2345 mellitam
807 2293 986 2349 nescis
1015 2293 1106 2351 hic
1129 2295 1328 2352 ducere
1349 2296 1539 2367 vitam,

258 2373 512 2449 Undique
546 2390 788 2450 pacatos,
822 2392 876 2439 et
901 2385 967 2440 de
989 2387 1155 2443 nullis
1180 2388 1510 2458 superatos?

258 2465 335 2523 Te
364 2469 574 2525 nullum
600 2471 827 2527 verbum
853 2475 1029 2530 nostri
1060 2477 1308 2533 turbaret
1330 2479 1611 2549 acerbum,

259 2557 397 2619 Situ
421 2577 716 2631 cessasses,
747 2566 890 2637 quod
919 2567 1052 2624 talia
1076 2584 1185 2625 non
1218 2571 1532 2643 rogitasses.

256 2650 527 2713 Funditus
547 2655 752 2712 invitos
777 2657 893 2713 scio
917 2674 1018 2715 nos
1042 2675 1286 2735 pugnare
1309 2664 1527 2734 petitos.

256 2743 334 2798 Ex
370 2746 475 2802 hoc
495 2762 606 2803 non
633 2748 801 2804 latres
822 2750 978 2818 rixis,
1001 2753 1095 2808 sed
1117 2754 1327 2809 reddito
1349 2763 1553 2828 grates,

255 2836 414 2902 Quod
436 2854 546 2894 non
581 2840 811 2897 rixando
836 2842 1033 2913 loquor
1055 2845 1191 2915 haec,
1220 2847 1314 2903 sed
1339 2847 1700 2906 consiliando.

254 2928 354 2985 Est
383 2931 482 2986 tibi
511 2933 805 2990 discrimen
830 2946 1081 2993 nostrum
1106 2940 1422 3012 contingere
1457 2942 1643 3011 limen,

255 3023 643 3096 Gymnasiique
670 3027 853 3085 locum
880 3046 1088 3103 nugace
1112 3034 1387 3090 notamine
1408 3051 1626 3092 vocum.

1950 1931 2341 2004 Sermonisque
2367 1940 2493 1988 nota
2522 1932 2847 1988 monstraris
2870 1946 3016 1986 nunc
3038 1930 3227 1985 idiota.

1945 2021 2058 2081 Nos
2079 2039 2189 2080 non
2213 2024 2526 2091 contristas,
2558 2036 2754 2096 pugna:
2776 2022 2906 2076 dum
2933 2021 3038 2075 tela
3069 2018 3372 2084 ministras,

1944 2113 2138 2172 Praelia
2171 2131 2270 2171 ceu
2301 2130 2533 2187 magnus
2554 2114 2714 2169 nobis
2743 2112 3046 2167 minitando
3076 2119 3364 2183 tyrannus,

1944 2203 2013 2261 Et
2036 2206 2183 2277 quod
2207 2220 2314 2260 non
2343 2205 2512 2260 audes
2534 2204 2760 2271 dictatu,
2787 2202 3005 2258 volvere
3034 2201 3259 2272 gaudes.

1945 2295 2116 2353 Nobis
2152 2297 2391 2353 divinam
2422 2310 2717 2368 poscamus
2742 2309 2897 2364 opem
2925 2292 3042 2348 fore
3064 2291 3318 2362 primam.

1941 2388 2181 2457 Christe,
2214 2389 2292 2445 tui
2324 2388 2455 2445 cieri
2476 2395 2715 2444 turmam
2742 2387 2966 2457 dignare
2992 2383 3155 2441 tueri.

1943 2480 2304 2540 Sanctificans
2328 2481 2544 2553 signum
2579 2479 2762 2537 crucis
2789 2479 2918 2535 hinc
2955 2476 3105 2549 fuget
3134 2490 3295 2531 omne
3338 2473 3530 2547 malig-

3279 2565 3458 2642 [num,

1940 2667 2057 2724 Rex
2089 2667 2481 2725 Constantinus
2517 2682 2683 2738 quam
2725 2665 2899 2722 sensit
2940 2663 2996 2719 in
3045 2662 3260 2735 agmine
3289 2661 3522 2732 primus.

1937 2758 2050 2816 Nec
2082 2775 2191 2815 non
2214 2761 2281 2815 de
2299 2759 2454 2816 cmlis
2476 2758 2733 2831 suffragia
2759 2758 2869 2815 sint
2889 2756 3187 2811 Michaelis.

1937 2847 2152 2904 Nostris
2182 2849 2364 2903 tutelis
2391 2847 2461 2904 sit
2481 2848 2794 2918 precsidium
2818 2847 3105 2902 Gabrielis.

1936 2936 2050 2995 Nos
2076 2939 2399 3009 corruptelis
2426 2953 2623 2993 manus
2660 2937 2856 3008 eripiat
2880 2935 3192 3006 Raphaelis.

1936 3031 2181 3105 Angelici
2206 3032 2352 3087 cives
2374 3046 2567 3087 omnes
2591 3030 2750 3085 nobis
2771 3031 2893 3085 date
2920 3029 3085 3083 vires.
3187 3041 3195 3049 '

254 3115 315 3172 id
343 3133 515 3188 quare
536 3119 755 3191 gliscas,
783 3124 930 3194 quod
966 3125 1146 3182 adhuc
1174 3128 1514 3185 lacrimando
1545 3131 1834 3202 gemiscas,
1863 3160 1906 3219 ο
1937 3124 2172 3219 ίὶιηίιίἱε
2192 3123 2386 3219 dandis
2403 3138 2727 3219 veneremur
2751 3138 2914 3219 sacra
2935 3120 3183 3219 Joannis.

256 3208 483 3281 Semper
501 3211 741 3282 deﬂebis,
790 3215 836 3270 si
858 3230 959 3271 nos
995 3219 1286 3289 pugnando
1311 3222 1573 3277 movebis.

254 3299 353 3357 Vis
391 3319 489 3374 per
509 3305 819 3362 conﬂictum
839 3307 966 3363 belli
991 3319 1204 3385 tergum
1228 3312 1359 3368 dare
1378 3314 1603 3382 victum,

252 3397 364 3451 Aut
384 3405 507 3467 post
531 3399 873 3469 procinctum
897 3403 1129 3460 manicis
1149 3412 1202 3460 te
1215 3406 1439 3463 reddere
1455 3408 1699 3465 vinctum

251 3485 623 3558 Congressum
646 3489 773 3545 belli
792 3491 1033 3563 deponas
1054 3494 1237 3565 pullus
1264 3496 1438 3565 aselli,
1588 3560 1599 3567 ,

253 3577 359 3645 Qui
387 3579 504 3636 vice
528 3582 799 3651 praedonis
822 3586 1018 3643 catulis
1045 3586 1123 3644 sis
1149 3589 1330 3659 praeda
1354 3589 1549 3648 leonis.

255 3670 313 3725 Si
338 3686 499 3742 prece
523 3675 810 3753 persistas,
840 3686 1023 3749 partes
1044 3679 1314 3738 ducamur
1337 3685 1393 3739 in
1427 3684 1585 3754 istas,

254 3761 326 3818 Ut
360 3765 544 3823 videas
575 3766 777 3824 bellum
796 3778 850 3826 te
867 3771 1171 3842 despoliare
1189 3774 1481 3845 misellum,

251 3854 310 3910 in
333 3872 539 3913 morem
564 3860 766 3917 vermis
788 3862 1017 3932 pedibus
1054 3866 1317 3924 sternaris
1342 3868 1608 3939 inermis.

249 3945 389 4003 Pace
408 3951 711 4018 coroneris,
736 3968 902 4024 quam
928 3962 985 4010 tu
1009 3970 1261 4013 sermone
1282 3960 1552 4030 sequaris,

246 4036 459 4096 Mecum
483 4039 704 4096 sensisti
726 4043 826 4113 qui
852 4043 1033 4101 nobile
1056 4045 1254 4118 dogma
1284 4051 1551 4121 magistri,

246 4130 352 4198 Qui
378 4147 477 4188 nos
504 4132 781 4203 informat,
807 4137 1018 4194 ratione
1053 4136 1260 4197 facetus
1284 4142 1533 4199 adornat.

245 4218 404 4275 Hunc
435 4222 562 4292 quia
593 4222 846 4291 laudasti,
877 4242 964 4282 me
991 4243 1250 4299 perquam
1291 4233 1595 4290 laetitieasti.

243 4308 392 4365 Inter
420 4327 522 4368 nos
548 4312 645 4368 ira;
677 4311 849 4385 fugiat
868 4316 1141 4375 discordia
1164 4321 1314 4377 dine.

243 4398 509 4470 Expertes
547 4402 671 4457 belli
700 4420 802 4462 nos
825 4406 1021 4476 simus,
1050 4425 1237 4468 amore
1259 4413 1470 4482 gemelli
1499 4434 1511 4468 :

243 4489 446 4547 Faadus
469 4491 687 4550 Davidis
713 4511 949 4565 mecum,
981 4497 1337 4572 Jonathazque
1363 4504 1593 4561 subibis.

240 4578 329 4635 Nil
351 4592 566 4639 nosmet
595 4601 798 4641 saevum
824 4590 1112 4644 conturbet
1146 4607 1293 4647 nunc
1325 4601 1380 4648 et
1404 4593 1459 4648 in
1485 4610 1680 4656 aevum.

240 4668 471 4727 Multum
496 4683 786 4743 mirantur,
818 4692 944 4731 nam
974 4678 1102 4735 talia
1124 4680 1218 4751 qui
1240 4683 1610 4751 speculantur.

242 4760 404 4830 Sunt,
436 4765 531 4834 qui
556 4782 682 4821 cum
710 4767 845 4823 rixis
874 4769 1032 4826 nobis
1064 4770 1118 4825 in
1144 4772 1369 4845 pignore
1396 4774 1518 4832 fixis

239 4849 444 4908 Omnes
469 4855 724 4912 devinces
754 4858 849 4913 tibi
869 4869 1224 4931 conspectum
1252 4860 1368 4919 fore
1395 4864 1575 4935 lineis,

237 4942 411 4999 Judcx
432 4946 646 5003 subtilis
668 4949 794 5006 licet
815 4952 957 5011 assis
981 4952 1080 5010 flos
1109 4954 1367 5025 juvenilis

241 5031 558 5103 Spernendo
592 5036 779 5107 falsos,
804 5055 1036 5111 suprave
1059 5045 1281 5101 modum
1306 5049 1448 5104 male
1466 5047 1657 5117 falsos,

238 5122 296 5179 id
319 5126 557 5184 retinens
586 5138 817 5198 certum,
843 5142 1071 5189 cunctos
1091 5149 1347 5205 superare
1371 5139 1657 5209 disertum,

237 5212 406 5272 Nobis
428 5219 608 5275 tutela:
625 5220 722 5290 qui
739 5220 831 5277 dat
853 5222 1019 5280 decus
1044 5232 1206 5295 atque
1236 5225 1481 5296 loquelae.

238 5307 357 5376 Dic,
384 5325 483 5364 cur
510 5312 797 5370 baccharis
825 5316 1005 5383 nobis,
1029 5317 1125 5387 qui
1152 5318 1292 5373 bella
1313 5319 1586 5377 minaris?

206 5395 435 5451 “Pacem
461 5401 785 5469 spernendo,
814 5418 941 5459 cum
983 5403 1171 5461 Martis
1204 5422 1390 5462 amore
1414 5407 1645 5467 furendo

234 5486 585 5558 Compositor
617 5493 775 5547 metri
798 5503 1017 5565 propter
1041 5496 1323 5554 mendacia
1353 5500 1522 5555 tetri?

215 5574 404 5634 Musa
430 5581 679 5652 sylvestri
713 5583 924 5641 discors
953 5586 1166 5643 ratione
1195 5589 1431 5659 pedestri

235 5660 507 5723 Turbabis
527 5666 740 5725 Musam
764 5669 1018 5742 fallendo,
1042 5672 1241 5747 fugans
1260 5677 1609 5748 Arethusam,

234 5754 449 5823 Syllaba
477 5761 623 5831 quod
648 5770 798 5821 muta
818 5774 1087 5825 monstrat
1114 5770 1323 5828 ratione
1358 5772 1537 5829 locuta

1938 3211 1998 3268 in
2023 3228 2205 3285 pugna
2227 3212 2386 3267 metri
2417 3212 2654 3282 petimus
2688 3211 2991 3266 munimina
3017 3208 3185 3264 Petri.

1936 3300 2038 3358 Cui
2066 3317 2295 3358 consors
2324 3301 2462 3357 aulae
2490 3300 2614 3356 εωιὶ
2644 3315 2745 3357 nos
2768 3307 3010 3371 protege,
3037 3297 3227 3353 Paule.

1937 3393 2123 3451 Gratia
2150 3393 2325 3450 levitas
2353 3385 2615 3462 Stephani
2640 3392 2730 3447 det
2753 3391 2950 3464 gaudia
2978 3391 3123 3457 vita),

1935 3484 2245 3556 Auxiliique
2265 3499 2465 3540 manus
2483 3483 2669 3538 tendat
2690 3481 2750 3553 S.
2776 3481 3042 3537 Kilianus.

1935 3577 2073 3633 Cum
2098 3577 2248 3648 pacis
2269 3577 2451 3648 palma
2474 3577 2755 3647 proprium
2785 3574 3039 3631 defendat
3065 3573 3298 3647 agaitm.

1935 3670 2115 3727 Testis
2139 3671 2357 3728 divinus
2388 3670 2483 3726 ﬂat
2504 3669 2672 3724 tutela
2705 3666 2988 3735 Quirinus.

1934 3764 2090 3821 Assis
2114 3764 2368 3821 Ambrosi
2402 3762 2589 3819 fautor
2607 3762 2733 3817 belli
2754 3761 3022 3833 generosi.

1937 3851 2136 3910 Sancte
2159 3870 2351 3926 regens
2380 3854 2568 3909 hastas
2593 3850 2917 3922 Hieronyme
2944 3849 3221 3921 poscimus
3248 3854 3412 3906 astes.

1934 3945 2045 4002 Nos
2070 3946 2409 4020 Augustinus
2438 3946 2694 4003 defendat
2726 3946 2913 4001 rhetor
2941 3944 3178 4014 opimus.

1934 4038 2135 4095 Doctor
2157 4039 2403 4111 Gregori,
2441 4040 2510 4095 da
2551 4055 2620 4094 ne
2650 4038 2761 4095 sint
2793 4037 2933 4092 bella
2964 4036 3159 4091 dolori.

1932 4130 2187 4203 Protegat
2208 4132 2442 4186 invictus
2464 4147 2566 4186 nos
2594 4132 2648 4186 in
2676 4146 2859 4201 pugna
2893 4128 3237 4184 Benedictus.

1933 4223 2201 4278 Tumbam
2226 4222 2523 4278 Burchardi
2553 4238 2865 4294 quaeramus
2897 4236 3005 4276 non
3040 4236 3200 4292 prece
3228 4218 3392 4274 tardi.

1930 4315 2301 4387 Doctoresque
2335 4317 2474 4371 sales
2495 4332 2596 4386 ope
2617 4316 2725 4370 sint
2753 4315 2841 4370 hic
2868 4313 3212 4385 prodigiales.

1932 4403 2118 4460 Sancti
2146 4421 2243 4460 seu
2272 4406 2454 4461 cuncti
2480 4406 2641 4461 nobis
2671 4406 2972 4461 succurrite
2996 4403 3171 4475 juncti

1857 4531 1906 4589 υ
1932 4495 2247 4550 Przestando
2269 4497 2465 4551 castris
2496 4497 2702 4550 nostris
2733 4504 2979 4549 tutamen
3018 4495 3086 4549 ab
3118 4490 3302 4548 astris.

1930 4585 2056 4642 iiaac
2080 4600 2182 4641 nos
2203 4594 2506 4652 cantemus,
2536 4585 2763 4640 Martem
2788 4585 3125 4654 nihilumque
3148 4584 3425 4637 timemus.

1931 4674 2021 4732 Sic
2044 4691 2146 4732 nos
2170 4676 2403 4747 parmati
2427 4686 2636 4732 stamus
2655 4691 2897 4747 pugnare
2921 4675 3114 4746 parati.

1926 4766 2097 4823 Nobis
2124 4768 2382 4824 admittas
2410 4768 2661 4839 quamvis
2690 4777 2748 4822 tu
2770 4767 2917 4821 mille
2944 4765 3170 4837 sagittas
3199 4782 3212 4818 :

1929 4857 2039 4914 Nos
2061 4860 2431 4931 impugnando
2464 4859 2654 4916 venias
2680 4859 2806 4914 licet
2839 4868 3024 4929 utpote
3050 4857 3275 4930 grando.

1930 4948 2036 5005 Sed
2072 4959 2256 5005 tamen
2281 4952 2497 5007 attritos
2522 4951 2775 5007 bellando
2805 4960 2929 5006 tuos
2958 4949 3231 5021 parasitos
3249 4988 3266 5016 ,

1929 5039 2147 5097 Viribus
2164 5042 2403 5097 extensis
2434 5051 2678 5113 penetrat
2713 5042 3017 5097 Saxonieus
3041 5040 3212 5107 ensis,

1922 5130 2155 5191 Noricus
2191 5141 2245 5192 et
2280 5132 2492 5190 Saevus
2519 5134 2745 5205 cupiunt
2776 5134 3104 5206 conjungere
3138 5132 3335 5189 fwdus.

1926 5224 2002 5281 Te
2031 5242 2139 5280 non
2166 5234 2465 5292 sectantur,
2489 5227 2585 5282 sed
2609 5227 2766 5282 nobis
2797 5227 3150 5292 auxiliantur,

1924 5314 2031 5383 Qui
2054 5331 2163 5370 non
2199 5315 2511 5385 formident,
2541 5318 2675 5388 quin
2706 5326 2757 5373 te
2785 5319 3050 5373 vincendo
3076 5316 3366 5372 trucident.

1925 5407 2081 5475 Quod
2104 5424 2384 5478 nunquam
2412 5400 2608 5477 credis,
2636 5411 2740 5465 nisi
2773 5426 2897 5465 cum
2931 5409 3188 5465 certando
3209 5407 3438 5465 videbis.

1924 5499 1984 5555 in
2018 5516 2184 5570 regno
2221 5500 2428 5570 primos
2455 5501 2636 5557 nescis
2666 5503 2753 5557 hic
2775 5516 2898 5557 esse
2926 5500 3170 5569 Latinos,

1924 5589 2101 5646 Nosve
2123 5592 2414 5663 coequales
2438 5593 2725 5649 miraberis
2750 5609 2875 5649 esse
2897 5593 3130 5649 sodales.

1925 5681 2052 5738 istic
2074 5683 2356 5751 discendo,
2387 5700 2483 5740 seu
2513 5693 2703 5740 contra
2737 5694 2788 5740 te
2821 5685 3107 5741 veniendo.

1927 5775 2003 5831 Ac
2025 5776 2183 5832 nobis
2205 5777 2376 5832 dones
2401 5777 2455 5832 in
2484 5777 2715 5835 circuitu
2743 5777 3012 5851 regiones,
