4066 5330
494 142 635 204 1307
1480 141 1876 202 EBERHARDl
1902 147 2100 204 ABBA'.‘

2147 147 2195 204 IS
2233 148 2769 209 TEGERNSENSIS.
3616 153 3753 209 1308

494 258 737 325 (gnarum
760 254 988 311 formosi
1015 264 1143 311 sunt
1182 256 1270 312 hic
1294 256 1523 328 juvenes
1562 261 1830 331 generosi.
2108 269 2156 327 Α
2188 262 2356 320 Velox
2394 274 2455 321 ut
2486 275 2682 323 ventus
2710 267 2857 340 fuget
2888 266 3067 322 omnis
3096 282 3287 337 nempe
3315 265 3591 337 juventus,

491 348 577 407 Tu
604 352 747 422 petis
769 358 995 406 econtra
1018 349 1113 406 sed
1138 350 1441 421 spiritualia
1470 363 1735 409 monstra.
2183 355 2415 424 Quando
2455 367 2761 425 truncatur,
2785 359 3037 433 quisquis
3059 359 3155 415 tibi
3178 358 3543 414 collateratur.

494 442 703 514 Expers
731 454 845 500 stas
873 445 1008 499 artis
1033 444 1262 499 credens
1289 444 1376 500 his
1399 444 1579 516 jurgia
1614 445 1821 504 Martis.
2183 449 2471 506 Perfossus
2506 453 2674 507 costis
2696 451 3053 511 moribundus
3071 452 3304 511 vinceris
3326 450 3501 507 hostis

494 536 592 592 His
618 538 747 608 quia
771 536 1022 605 confidis,
1047 536 1114 592 de
1142 553 1323 608 pugna
1360 537 1538 593 victus
1567 538 1760 595 abibis.
2184 539 2351 595 Terra
2390 542 2705 617 procumbis
2738 540 3025 598 referendo
3087 540 3152 615 lf.
3184 539 3501 613 reserando]
3549 540 3761 597 viscera

493 629 615 684 Jam
638 639 697 685 tu
735 630 1042 702 cognoscis,
1070 631 1216 702 quod
1244 646 1344 685 nos
1372 646 1479 686 non
1500 630 1717 687 vincere
1739 633 1937 703 possis.
2362 619 2376 625 ”
2467 619 2507 628 ”
3453 632 3694 706 [lumbis

494 724 820 781 Praesidium
844 736 1032 799 gentes
1056 742 1181 782 cum
1208 727 1338 782 dent
1362 728 1655 783 simulacra
1692 730 1951 798 colentes,
2183 724 2469 783 Postremo
2494 724 2693 793 fessus,
2718 726 2950 783 telorum
2987 725 3203 780 turbine
3226 741 3448 796 pressus
3483 796 3496 807 ἢ

496 817 677 874 lnstar
703 819 934 889 jumenti
960 818 1230 891 fugientes
1243 820 1336 891 jus
1358 821 1693 878 documenti.
2184 819 2379 876 Noster
2405 820 2672 890 captivus,
2704 835 2772 875 ne
2801 820 2877 874 sis
2900 828 3022 890 post
3058 819 3171 874 haec
3201 817 3481 890 fugitivus,

497 910 634 966 Cum
662 920 880 982 reputes
910 912 1062 968 vivos
1088 912 1156 968 de
1176 928 1473 986 congressu
1503 913 1779 986 fugitivos,
2186 912 2355 969 Nobis
2381 912 2633 980 infestus,
2660 904 2809 968 nulla
2836 911 3047 966 ratione
3072 911 3354 979 molestus,

497 997 703 1057 Inferni
730 1001 885 1057 divos
922 1018 1021 1057 cur
1041 1002 1257 1073 Optabis
1288 994 1594 1075 redivivosj
2187 1004 2416 1061 Ducaris
2452 1003 2622 1059 frenis
2647 1004 2981 1059 constrictus
3005 1002 3118 1058 sive
3143 1002 3373 1069 catenis,

500 1091 651 1160 Q‘IOS
673 1094 757 1148 lex
780 1092 1028 1151 Plutonis
1055 1093 1337 1150 damnavit
1365 1095 1522 1151 fauce
1552 1096 1832 1155 draconis.
2186 1097 2418 1154 Carcere
2443 1098 2734 1153 conclusus
2757 1097 3039 1168 plangens,
3075 1103 3169 1151 aut
3202 1096 3459 1167 compede
3485 1103 3696 1157 trusus.

499 1182 618 1239 Non
659 1174 950 1239 resonante
976 1186 1089 1257 lyra
1113 1186 1272 1257 cujus
1300 1188 1627 1248 mulcebitur
1650 1189 1770 1257 ira,‘
2188 1189 2306 1245 Jam
2338 1204 2440 1246 nos
2475 1189 2650 1257 irrita,
2674 1203 2784 1259 quo
2814 1189 2895 1244 sic
2924 1196 3109 1258 pereat
3134 1198 3225 1243 tua
3250 1187 3381 1244 vita.

500 1276 771 1348 Quicquid
802 1276 891 1333 hic
911 1287 1176 1350 acceptat,
1210 1280 1414 1335 nullius
1432 1280 1544 1350 jam
1570 1296 1728 1350 prece
1758 1281 1983 1336 reddat?
2188 1282 2385 1337 Desine
2411 1298 2557 1338 nunc
2585 1280 2679 1337 iraa
2706 1282 2791 1336 vel
2815 1290 3015 1336 nostrae
3041 1280 3239 1335 damna
3264 1278 3466 1336 subire.

502 1365 746 1439 Surgens
779 1369 846 1424 de
871 1369 1056 1425 tumba
1083 1379 1135 1425 te
1157 1387 1266 1427 non
1296 1372 1427 1443 tegit
1452 1370 1696 1427 Herculis
1720 1371 1932 1427 umbra.
2190 1374 2332 1432 Utile
2358 1374 2664 1446 cognoscis,
2701 1378 2748 1430 si
2772 1373 2923 1444 pacis
2961 1387 3189 1427 munera
3216 1370 3416 1443 poscis.

500 1457 659 1516 Hunc
685 1460 783 1519 tibi
804 1460 1107 1518 semideum
1132 1462 1247 1518 scio
1272 1478 1380 1517 non
1405 1473 1663 1532 przestare
1692 1471 1958 1543 tropaeum
2191 1467 2269 1524 Ne
2296 1466 2486 1527 venias
2519 1466 2738 1536 duplex,
2765 1465 2861 1520 sed
2883 1464 3036 1520 trade
3060 1479 3257 1519 manus
3286 1462 3394 1516 cito
3416 1459 3671 1530 supplex.

502 1550 717 1608 Rursus
746 1552 1062 1624 iniquorum
1085 1555 1283 1609 crescit
1303 1554 1515 1609 cultura
1544 1554 1791 1608 deorum.
2123 1614 2165 1630 ἢ
2197 1559 2514 1630 Suscipiens
2542 1558 2687 1630 regis
2712 1558 2888 1613 nostri
2916 1555 3289 1615 moderamina
3309 1554 3469 1625 legis,

500 1644 560 1700 ll
585 1647 631 1702 si
666 1656 725 1702 tu
750 1646 948 1714 credis,
972 1663 1201 1718 prorsus
1222 1650 1435 1702 ratione
1473 1647 1706 1714 carebis,
2122 1614 2166 1674 Β
2194 1652 2331 1707 Cum
2361 1651 2578 1722 penitus
2598 1652 2744 1706 vires
2769 1650 2947 1705 desint
2972 1648 3028 1703 in
3050 1647 3212 1704 corde
3236 1646 3424 1701 viriles

501 1737 737 1811 Jungere
767 1740 993 1812 gentiles
1020 1739 1224 1796 Christi
1249 1740 1379 1797 velit
1409 1748 1467 1793 ut
1492 1739 1595 1795 sibi
1620 1739 1793 1794 miles.
2198 1743 2384 1800 Temet
2405 1744 2617 1799 tutandi
2647 1742 2729 1798 vel
2754 1758 2857 1798 nos
2884 1756 3146 1814 umquam
3169 1738 3491 1810 superandi,

502 1829 796 1902 Nunquam
817 1833 1049 1888 certabit
1069 1833 1221 1889 socio
1246 1832 1535 1888 conamine
1564 1829 1751 1885 Βὲὶνὶίῖ-
2200 1837 2440 1893 Stultitia
2471 1846 2690 1907 captum
2723 1834 2823 1903 sic,
2847 1835 2914 1892 ad
2944 1834 3288 1903 nihilumque
3318 1831 3625 1895 redactum,

502 1922 801 1982 Herculeas
832 1941 1043 1998 pugnas
1071 1926 1236 1982 nullis
1258 1926 1511 1998 precibus
1538 1924 1640 1980 sibi
1660 1923 1880 1995 jungas.
2198 1930 2325 1988 Istic
2356 1939 2620 2002 aegrotum
2654 1930 2911 1985 volumus
2949 1936 3001 1983 te
3030 1924 3249 1983 sumer'e
3277 1932 3469 1995 potum

504 2019 863 2076 Christicolas
901 2020 1044 2076 servi
1072 2018 1284 2092 fugiant
1315 2020 1368 2074 in
1396 2034 1568 2091 agone
1600 2016 1861 2088 protervi,
2198 2023 2466 2079 Funditus
2489 2021 2721 2077 insontis
2748 2019 2924 2076 nostri
2950 2019 3016 2074 de
3038 2017 3261 2073 ﬂumine
3298 2014 3467 2074 fontis.

505 2108 700 2167 Cultus
721 2119 968 2166 atrorum
992 2111 1172 2166 sortiti
1200 2110 1620 2168 daemoniorum.
2200 2116 2405 2187 Expers
2425 2125 2507 2171 est
2542 2114 2682 2170 fellis
2717 2113 2886 2168 nimia
2911 2110 3196 2167 dulcedine
3215 2107 3413 2164 mellis.

508 2201 613 2268 QUi
636 2201 768 2257 dum
816 2202 1092 2269 Vivebat“.
1118 2218 1230 2258 ηοιι
1252 2216 1514 2272 umquam
1546 2201 1640 2255 Ῑίιθ
1672 2199 1953 2266 carebam.
2201 2208 2366 2264 Istinc
2386 2207 2434 2264 si
2467 2207 2635 2269 discis
2665 2205 2851 2261 statim
2878 2218 3044 2260 sensu
3070 2200 3373 2272 resipiscis.

507 2290 621 2350 Nec
648 2302 878 2365 possunt
900 2294 1058 2366 jungi
1085 2294 1256 2361 socio,
1286 2308 1395 2348 non
1424 2290 1639 2364 agmine
1677 2290 1847 2362 fungi.

1834 2331 1847 2345 ο
2202 2301 2368 2359 Recte
2394 2298 2611 2355 vivendi
2632 2298 2840 2370 potaris
2861 2305 2916 2353 et
2935 2296 3133 2367 dogma
3158 2292 3433 2365 loquendi.

509 2386 620 2445 Has
653 2388 779 2444 belli
809 2396 986 2444 sortes
1008 2388 1124 2444 scio
1150 2402 1261 2441 non
1293 2386 1503 2442 sociare
1538 2385 1811 2440 cohortes.
2203 2394 2326 2450 nam
2350 2392 2739 2458 siconiemnis,
2771 2405 2869 2446 seu
2894 2395 3173 2445 nostrates
3202 2382 3580 2455 reprehendis,

509 2482 661 2549 Quas
687 2481 734 2537 si
770 2481 1057 2549 conducis,
1088 2480 1326 2537 tenebris
1360 2480 1458 2535 das
1485 2477 1673 2533 munia
1698 2477 1856 2533 lucis.

1844 2517 1856 2533 ν
2203 2488 2469 2544 Herculea
2496 2486 2630 2541 fibra
2653 2498 2907 2540 crescens
2936 2479 3232 2541 siccabitur
3257 2477 3450 2551 hydra,

510 2572 739 2631 Talibus
771 2575 984 2643 offensi,
1008 2575 1091 2631 vel
1115 2574 1375 2630 caelicolae
1396 2571 1710 2643 reprehensi

2206 2581 2281 2637 De
2308 2579 2575 2650 nobisque
2603 2577 2742 2633 mori
2767 2575 2866 2633 tibi
2888 2582 3019 2632 tunc
3047 2571 3325 2642 continget
3349 2565 3569 2623 honori.

511 2665 590 2721 Te
619 2683 728 2722 non
766 2675 1064 2733 sectantur,
1101 2666 1194 2721 sed
1216 2665 1505 2720 nobiscum
1527 2662 1876 2717 comitantur.
2205 2674 2317 2729 Nos
2348 2688 2456 2728 ηοη
2489 2671 2765 2736 ἀενίιιεεε,
2793 2668 2922 2723 licet
2942 2666 3142 2722 inferni
3168 2664 3264 2719 tibi
3291 2661 3546 2732 princeps

513 2757 750 2814 Tutores
771 2759 969 2826 nostri,
992 2773 1132 2829 quos
1159 2766 1217 2812 tu
1248 2773 1358 2812 non
1387 2769 1630 2826 quaerere
1652 2754 1814 2811 nosti.

2208 2765 2483 2821 lnfernum
2506 2763 2738 2833 linquat,
2766 2761 2847 2817 sic
2871 2757 3184 2815 auxiliando
3212 2753 3563 2826 pr0pinquat.

515 2850 624 2907 Sed
650 2851 965 2907 seductores
1004 2850 1269 2922 sequeris,
1293 2849 1440 2920 quod
1468 2848 1756 2920 postmodo
1784 2847 1961 2916 plores
1980 2887 1993 2909 ,

1980 2887 1993 2909 ν
2208 2857 2438 2913 Perdere
2459 2854 2741 2926 compellis
2774 2868 2876 2908 nos
2904 2860 2976 2919 te,
3005 2847 3298 2922 pugnando
3328 2843 3567 2916 repellis.

515 2940 670 2999 Vivis
704 2941 948 2998 defuncti
975 2942 1022 2997 si
1044 2943 1156 2998 sint
1181 2941 1479 2997 certamine
1511 2938 1709 3011 juncti.

2129 2979 2174 3042 ο
2210 2949 2290 3004 Ex
2316 2949 2420 3004 hoc
2448 2947 2702 3014 desistas,
2722 2944 2831 3001 ulla
2853 2942 3063 2998 ratione
3093 2939 3337 2995 resistas.

513 3032 667 3090 Hanc
689 3042 1025 3090 armaturam
1056 3034 1171 3090 scio
1194 3049 1302 3089 non
1330 3033 1489 3089 nobis
1526 3032 1850 3088 nocituram.
2131 3026 2174 3042 ν
2206 3042 2336 3097 istic
2373 3039 2750 3111 ρηεεοτίριιιω
2770 3035 2999 3093 metrico
3020 3030 3390 3090 modulamine
3422 3026 3655 3082 dictum.

512 3125 635 3182 33m
666 3126 952 3195 demtum.
977 3127 1084 3184 ηίεί
1104 3126 1388 3183 discedam
1413 3141 1512 3182 sua
1540 3125 1686 3195 ,ῖυνεο
2210 3134 2347 3190 Cum
2371 3146 2563 3203 precor
2588 3131 2709 3201 ejus
2736 3144 2917 3199 opem,
2939 3141 3043 3182 nec
3071 3139 3182 3179 non
3226 3117 3536 3176 venerabile
3572 3127 3794 3170 nomen.

516 3220 624 3277 Sed
652 3237 750 3276 cur
784 3222 869 3278 vis
894 3222 1100 3289 hostes,
1129 3220 1381 3292 proprios
1400 3219 1673 3275 dimittere
1699 3225 1884 3287 postes
1907 3217 1928 3269 ?

1805 3225 1884 3272 ius
1907 3217 1928 3269 ’ἓ
2213 3224 2290 3279 De
2314 3223 2473 3293 cujus
2510 3221 2671 3277 donis
2691 3218 2912 3277 modulo
2938 3215 3135 3287 fungor
3156 3208 3406 3274 rationis,

516 3311 620 3371 llic
641 3323 698 3368 tu
724 3315 946 3386 pervilis
972 3314 1176 3370 nostris
1208 3313 1536 3384 superabere
1557 3311 1683 3384 pilis
2213 3313 2454 3370 Credens
2476 3312 2707 3371 dicentis
2741 3311 2821 3367 sic
2845 3309 3131 3380 scripturae
3158 3298 3522 3361 documentis.

515 3406 666 3463 Istuc
690 3408 864 3475 ceriti,
887 3408 1118 3479 nugacis
1145 3407 1330 3478 nilque
1355 3406 1516 3477 periti
2204 3404 2451 3475 Nomine?
2477 3404 2703 3477 signetis
2725 3401 2943 3460 Domini
2977 3415 3098 3465 vos,
3126 3392 3385 3468 quicquid
3409 3388 3604 3462 agetis.

521 3498 578 3555 Si
604 3509 695 3556 tua
726 3501 1045 3571 procedant,
1069 3509 1124 3556 et
1148 3516 1249 3556 nos
1271 3499 1515 3555 convicia
1547 3497 1767 3564 laedant,
2207 3495 2376 3553 Nobis
2397 3497 2652 3552 ductores
2679 3494 2831 3550 verbi
2856 3493 2985 3549 dum
3013 3504 3180 3564 posco
3202 3486 3403 3543 satoris

517 3592 710 3650 Fortes
739 3594 992 3661 athletas,
1024 3594 1341 3665 poterisque
1367 3592 1556 3647 videre
1577 3599 1786 3662 poetas.
2217 3590 2416 3663 Agrum
2442 3588 2688 3645 divinum
2723 3587 3034 3658 plantantes
3059 3581 3265 3639 semine
3291 3578 3550 3654 primum.

518 3684 832 3757 Numquam
859 3687 1134 3754 cedentes,
1164 3703 1290 3743 cum
1327 3694 1386 3741 tu
1411 3684 1671 3756 fugiendo
1692 3682 1923 3737 clientes

518 3779 656 3836 Alvo
681 3779 853 3834 divisa
883 3794 1074 3849 pereas
1104 3786 1350 3835 nostrata
1376 3755 1578 3835 sarissa
1609 3774 1750 3849 [cod.
1789 3773 1963 3830 sarisa
1972 3807 2011 3844 λ.
2650 3765 2875 3842 (Cretera
2900 3755 3377 3833 deessévidentur.)

527 3904 3785 3977 ἔτ’-ΜΨ

1815 4072 1955 4117 ANTE
1993 4068 2200 4111 κευιωί
2237 4066 2512 4111 ελεουιωί.

1367 4222 2983 4400 EBERHARDUS

1769 4481 1995 4542 ABBAS
2028 4474 2577 4536 TEGERNSENSIS.

1516 4600 1533 4627 ἱ

1232 4763 2154 4900 EBEBHARDI
2251 4746 3117 4887 EPISTOLIE.

1296 5011 1501 5086 (Edidit
1516 5008 1590 5075 Β.
1612 5005 1676 5063 Ρ.
1699 5004 1921 5073 Pnzms,
1955 5002 2254 5058 Theseum
2274 4995 2531 5053 Aneodot.
2565 5008 2709 5060 nam,
2732 4987 2802 5058 V,
2835 5004 2875 5057 ι,
2906 4982 3055 5057 155.)

1317 5254 1341 5312 Ι
1590 5240 1606 5252 ’
2158 5243 2209 5304 D
2306 5237 2461 5295 Sicut
2484 5232 2654 5290 Jacob
2676 5227 2873 5285 revixit
2901 5242 3027 5283 cum
3060 5220 3258 5292 Joseph
3282 5219 3466 5274 vivere
3488 5213 3713 5319 audivit,
3742 5214 3811 5267 ita

3440 5320 3624 5330 _-_‘-
3685 5320 3779 5330 una
