4066 5330
350 314 498 372 1399

1806 285 2189 347 εΡιετοιιΕ.

3479 270 3622 327 1510

347 445 505 486 nunc
528 425 797 498 degimus.
823 418 1092 490 Quocirca
1128 416 1398 489 petimus,
1454 413 1504 470 si
1553 414 1758 486 absque
1807 424 1942 465 con-
1966 410 2017 471 Α
2044 414 2242 475 ctaque
2288 396 2732 498 congregatione,
2776 386 3117 470 quaecunque
3162 403 3460 466 possumus
3499 405 3625 447 or..-

346 537 522 579 sensu
550 517 780 575 fratrum
817 523 1127 572 vestrorum
1154 510 1224 566 ad
1265 525 1367 564 nos
1404 507 1587 567 venire
1616 521 1723 563 non
1753 502 1937 570 vultis,

345 631 385 672 a
411 612 622 670 cunctis
656 608 916 665 fratribus
940 604 1216 661 licentiam
1245 600 1442 673 petatis
1485 599 1553 654 de
1605 606 1796 652 nostro
1841 609 1941 650 no—

342 706 525 771 mine,
555 711 617 759 ut
644 701 930 757 nobiscum
962 695 1363 768 aliquantulum
1406 691 1669 762 temporis
1717 702 1941 743 manere

339 796 600 868 possitis,
642 803 705 850 ut
753 794 822 848 de
862 800 1046 847 vestro
1094 789 1280 844 vivere
1322 794 1536 845 tantum
1579 783 1938 855 gaudeamus,

339 894 619 958 quantum
643 882 1239 950 mmstifuimus,cum
1289 894 1389 936 vos
1434 876 1493 937 in
1545 874 1699 933 italia
1744 872 1940 929 defun-

294 976 500 1033 “ctum
529 992 652 1033 esse
679 976 1006 1034 audivimus.

333 1160 433 1222 Ad
460 1160 773 1216 Udalricum
796 1160 1061 1216 comitem.
1094 1157 1266 1229 Rogat
1294 1173 1356 1211 ne
1376 1156 1607 1227 graviter
1638 1152 1937 1229 [erutguott

416 1250 478 1291 eo
505 1250 606 1286 non
630 1234 957 1303 interrogato
995 1224 1342 1301 Sigiha'rdum
1375 1224 1681 1287 monasterii
1714 1225 1797 1281 sui
1838 1224 1937 1279 ad-

415 1314 661 1362 uocatum
684 1304 953 1375 delegerit,
983 1310 1089 1357 etc.
1548 1352 1557 1363 ,

414 1395 794 1463 Εκειιιιλεωυε,
845 1394 1177 1450 famulorum
1225 1391 1321 1447 Dei
1361 1391 1666 1457 vilissimus
1719 1404 1931 1455 servus,

328 1488 553 1544 domno
570 1489 758 1545 comiti
779 1485 1185 1560 0.[Oo.u.nico,
1208 1500 1298 1539 seu
1334 1481 1640 1553 UDALRICO]
1677 1482 1934 1537 devotum

330 1579 650 1647 servitium,
704 1580 1001 1652 jugemque
1061 1575 1380 1635 instantiam
1441 1573 1816 1648 precaminum
1877 1571 1931 1627 in

323 1670 585 1729 Christo.

2043 499 2190 555 tione
2216 504 2272 553 et
2300 493 2673 551 famulamine.

2115 589 2368 644 Libenter
2407 585 2474 643 ad
2523 600 2623 641 vos
2672 584 3006 650 veniremus,
3053 581 3372 653 priusquam
3406 577 3473 633 de
3519 577 3624 633 hac

2040 679 2262 751 regione
2312 678 2381 733 ad
2427 677 2590 732 aliam
2626 676 2945 749 pergeretis,
3000 683 3054 728 et
3108 681 3168 727 ut
3201 670 3622 727 dilectissimum

2040 770 2323 829 dominum
2367 770 2563 827 merito
2587 768 2869 835 debemus,
2896 766 3229 830 videremus,
3270 773 3433 836 atque
3464 764 3626 819 collo-

2040 880 2354 937 queremur.
2385 862 2490 919 Sed
2527 863 2706 921 adhuc
2737 860 2875 916 nihil
2901 859 3170 915 habemus
3202 873 3312 928 pra:
3342 857 3619 933 manibus,

2040 957 2181 1028 quod
2216 957 2373 1012 vobis
2419 955 2490 1012 sit
2521 952 2907 1019 honoriﬁcum,
2942 950 3302 1017 oﬂ‘erendum,
3339 957 3435 1005 aut
3463 947 3622 1003 nobis

2039 1044 2402 1104 fructiferum.
2442 1042 2675 1115 Impedit
2721 1041 2888 1097 etiam
2937 1055 3026 1096 me
3072 1037 3331 1110 frequens
3376 1036 3621 1108 corporis

2037 1140 2342 1212 aagritudo,
2398 1146 2455 1193 et
2508 1135 2805 1208 improvisa
2861 1132 3185 1206 praeparatio
3240 1130 3486 1201 equitum
3539 1128 3621 1184 vel

2037 1248 2304 1303 equorum
2331 1230 2400 1286 ad
2430 1245 2552 1286 eam
2574 1226 2915 1299 repentinam
2945 1225 3361 1297 equitationem.

2107 1321 2181 1378 Ut
2231 1322 2391 1379 nobis
2441 1319 2694 1376 comitem
2740 1316 3055 1373 Udalricum
3090 1322 3271 1372 vestra
3296 1312 3620 1383 potestativa

2035 1430 2203 1471 manu
2234 1414 2557 1468 advocatum
2586 1407 2904 1467 monasterii
2948 1406 3109 1468 detis,
3153 1405 3209 1461 in
3240 1401 3495 1477 prtescnti
3525 1418 3621 1458 ro—

2036 1523 2249 1579 gamus.
2265 1505 2540 1574 Quantam
2564 1502 2848 1574 penuriam
2874 1500 3068 1558 fratres
3092 1498 3391 1569 patiuntur,
3408 1496 3474 1552 ad
3498 1495 3621 1549 illos

2036 1602 2213 1671 palam
2248 1600 2431 1655 dicere
2459 1597 2743 1652 erubesco.
2770 1592 2939 1648 Vobis
2965 1606 3201 1662 namque
3228 1598 3400 1645 totum
3435 1597 3494 1642 ut
3537 1594 3624 1644 est

2033 1694 2201 1749 timeo
2236 1689 2498 1762 profiteri.
2542 1686 2647 1743 Sed
2672 1688 2739 1742 de
2772 1686 2858 1741 bis
2881 1685 3040 1741 nobis
3062 1679 3494 1739 subveniendum
3523 1694 3620 1735 δοι-

403 1760 551 1855 Qui?
574 1760 793 1855 θιίιξηάθ
816 1775 925 1855 ηοη
951 1760 1346 1855 ¹¹³Ῑῖθ¹¹ἷυδί³¹¹¹
1384 1758 1601 1855 θηηίῗίη
1634 1756 1928 1855 “llusi'tm
1963 1763 2006 1825 Β
2038 1786 2142 1839 lius
2174 1756 2270 1839 Dei
2308 1781 2589 1855 singulare
2617 1776 2895 1853 vestrique
2919 1790 3206 1852 paternum
3236 1772 3623 1847 praestolamur

322 1854 482 1909 sicut
516 1854 568 1908 in
596 1854 776 1921 vobis,
810 1854 1014 1925 jugitcr
1048 1854 1357 1917 insistimus
1395 1852 1784 1907 succlamando
1832 1865 1929 1906 vos

321 1945 501 2008 modo
536 1956 840 2015 opportune
880 1946 1151 2006 interdum
1184 1946 1514 2017 importune.
1547 1943 1712 1999 Jussu
1739 1943 1928 1999 domui

320 2038 512 2095 nostri
533 2038 710 2104 ducis,
723 2039 954 2100 consilio
976 2039 1310 2097 monachicae
1325 2038 1781 2109 congregationis,
1797 2037 1932 2107 peti-

321 2128 594 2198 tioneque
615 2130 785 2185 totius
807 2128 1025 2185 familia:
1068 2129 1227 2187 nobis
1268 2128 1528 2198 subjecta:
1576 2127 1926 2201 Sigillardum

316 2219 723 2275 constituimus
749 2219 909 2277 nobis
930 2220 1276 2277 advocatum.
1309 2218 1376 2275 Et
1395 2218 1522 2289 quia
1549 2234 1647 2274 vos
1679 2235 1787 2274 non
1816 2218 1926 2274 fui-

315 2311 425 2371 stis
451 2327 581 2367 cum
604 2312 762 2378 duce,
797 2314 968 2368 autin
1005 2313 1100 2368 tali
1132 2312 1431 2378 vicinitate,
1459 2322 1517 2368 ut
1550 2313 1718 2368 vestri
1752 2313 1924 2367 licen-

313 2402 455 2461 tiam
481 2412 665 2473 petere
679 2419 1294 2475 possemus,precamur
1322 2421 1391 2459 ne
1418 2406 1576 2460 nobis
1605 2404 1923 2461 irascamini

313 2511 495 2565 super
522 2496 623 2550 hoc
641 2498 877 2568 negotio,
911 2498 1005 2553 sed
1033 2514 1159 2553 cum
1174 2506 1355 2553 vestra
1380 2499 1451 2552 sit
1468 2498 1660 2569 gratia.
1678 2498 1921 2556 Petimus

311 2587 491 2642 etiam
526 2604 622 2657 per
647 2588 992 2644 clementiam
1024 2599 1260 2645 vestram
1280 2632 1294 2655 ,
1314 2590 1500 2660 jubete
1537 2600 1722 2646 vestro
1760 2591 1919 2647 militi

309 2677 593 2749 Pennoni,
611 2690 669 2736 ut
687 2681 925 2739 famulos
938 2693 991 2738 et
1008 2670 1234 2738 ancillas
1258 2681 1441 2737 Sancti
1465 2683 1699 2751 Quirini,
1714 2700 1835 2754 quae
1850 2684 1919 2739 ad

308 2788 418 2833 nos
447 2775 749 2845 pertinent,
781 2775 940 2837 nobis
970 2775 1180 2831 reddat.
1221 2774 1277 2829 Si
1307 2775 1395 2831 ille
1416 2775 1549 2830 dicit
1583 2792 1685 2831 nos
1716 2776 1918 2832 habere

307 2866 536 2935 aliquos
563 2866 629 2921 de
660 2882 761 2922 suo
784 2868 1048 2923 beneﬁcio
1064 2911 1077 2936 ,
1101 2867 1381 2925 reddimus
1402 2869 1506 2923 sibi
1532 2869 1782 2925 libenter.
1811 2867 1916 2925 Ve—

308 2968 433 3019 stro
466 2958 629 3013 militi
662 2958 938 3015 Wolfoldo
970 2961 1307 3031 praecepistis
1350 2968 1410 3017 ut
1457 2961 1616 3016 nobis
1665 2961 1914 3016 redderet

306 3051 735 3114 decimationcm
768 3052 836 3107 ad
889 3052 1259 3125 lsmanninga,
1304 3053 1452 3124 quod
1502 3055 1682 3114 adhuc
1737 3054 1910 3110 noluit

305 3143 516 3201 facere.
544 3143 753 3201 Idcirco
777 3146 973 3201 iterum
1004 3148 1314 3218 iterumque
1336 3163 1625 3217 precamur
1660 3156 1718 3203 ut
1764 3164 1908 3203 nun-

304 3236 447 3297 tium
479 3246 726 3291 vestrum
766 3254 892 3292 cum
922 3239 1026 3293 isto
1064 3237 1317 3308 prmaenti
1340 3239 1535 3294 nuntio
1560 3248 1752 3294 nostro
1782 3239 1909 3295 mit-

301 3330 459 3397 tatis,
485 3330 582 3401 qui
608 3332 709 3387 hoc
735 3332 842 3386 eia
876 3332 1026 3386 vobis
1054 3330 1282 3387 firmiter
1318 3331 1598 3410 praacipiat
1641 3340 1701 3385 ut
1746 3330 1906 3392 nobis

303 3415 739 3483 decimationem
777 3425 985 3488 reddat,
1015 3425 1217 3489 Valete,

1061 3539 1147 3595 ΙΙΙ.

296 3630 385 3695 Ad
422 3631 821 3700 Cede/tardum,
861 3643 919 3687 ut
967 3635 1207 3702 videtur,
1252 3633 1493 3689 abbatem
1528 3634 1897 3704 Nideraltalt.,

592 3705 679 3758 cui
701 3705 924 3775 fratrem
950 3704 1239 3776 Eginonem
1261 3706 1611 3765 commendat.

370 3792 571 3849 Abbati
603 3793 693 3859 G.,
721 3796 1058 3852 monachica:
1077 3797 1200 3851 vita:
1240 3796 1508 3866 provisori
1553 3795 1894 3864 doctissimo,

297 3880 364 3942 Ε.
405 3885 576 3940 vestri
606 3888 838 3941 servitor
861 3888 1111 3952 devotus,
1137 3886 1440 3963 fratresque
1483 3887 1587 3943 sibi
1640 3888 1895 3960 subjecti,

296 3976 570 4047 quidquid
594 3977 690 4032 filii
712 3978 1070 4033 dilectissimo
1098 3977 1265 4037 Patri.
1638 4000 1641 4003 ·

368 4067 721 4124 Confratrem
770 4078 1024 4125 nostrum
1065 4069 1388 4142 Eginonem,
1423 4086 1586 4141 quem
1629 4071 1894 4141 gremiolo

294 4159 529 4217 vilitatis
560 4172 781 4230 nostra},
812 4175 971 4234 prout
995 4165 1297 4234 potuimus,
1329 4164 1604 4219 modicum
1629 4167 1892 4234 temporis

294 4250 415 4306 vice
441 4261 625 4307 vestra
651 4254 1047 4321 nutriebamus,
1068 4253 1232 4308 modo
1260 4255 1329 4310 ab
1345 4270 1410 4309 eo
1443 4255 1615 4326 rogati
1662 4255 1893 4310 remittiv

294 4357 424 4398 mus
482 4344 635 4399 illum
692 4355 888 4401 vestrae
933 4347 1268 4416 paternitati.
1323 4345 1527 4402 Omnes
1586 4363 1616 4401 a
1661 4347 1890 4403 minimo

294 4448 472 4505 usque
499 4437 565 4491 ad
596 4438 895 4493 maximum
931 4440 1161 4509 pedibus
1188 4440 1383 4504 vestris
1432 4442 1701 4511 provoluti
1752 4442 1891 4513 peti—

295 4535 442 4591 mus,
473 4527 866 4598 supplicamus,
892 4538 953 4583 ut
987 4546 1134 4598 eum,
1158 4531 1263 4586 hoc
1284 4540 1369 4587 est
1404 4532 1752 4588 medietatem
1775 4550 1891 4588 cor-

293 4611 378 4668 dis
439 4619 636 4686 nostri,
699 4621 1023 4681 charitative
1059 4622 1374 4694 suscipiatis
1426 4624 1480 4679 in
1534 4625 1717 4679 locum
1745 4641 1889 4680 verre

292 4702 595 4777 ﬁliationis,
628 4727 695 4766 ne
721 4713 880 4773 aliter
908 4714 1054 4769 circa
1089 4731 1213 4770 eum
1246 4718 1487 4771 exterius
1509 4718 1885 4791 agatis,quem

291 4799 534 4863 quotidie
569 4804 798 4862 interius
829 4806 1055 4862 Christo
1093 4806 1205 4864 Deo
1248 4824 1438 4878 parere
1481 4825 1590 4864 non
1635 4810 1882 4867 cessatis.

295 4884 350 4947 Si
372 4890 581 4961 aliquid
610 4895 792 4953 delicti
830 4898 884 4960 in
918 4913 1017 4954 vos
1047 4899 1322 4954 commisit
1351 4901 1519 4954 verbo
1569 4902 1652 4955 vel
1714 4900 1879 4971 facto,

284 4984 352 5033 ut
380 4995 484 5036 nos
508 4982 732 5055 fragiles
758 4988 1004 5066 quotidie
1033 4991 1295 5055 solemus,
1330 4999 1503 5046 totum
1534 4992 1646 5049 Deo
1688 4993 1880 5049 nobis-

285 5082 393 5139 gue
414 5072 615 5129 dimitti
645 5093 962 5150 precamur:
987 5090 1060 5148 et,
1085 5084 1131 5139 si
1156 5082 1383 5138 minime
1395 5084 1546 5156 digni
1569 5104 1763 5144 sumus
1779 5104 1879 5158 pro

289 5174 351 5192 an
381 5164 664 5192 ἵκηαι-Α..-
714 5190 721 5191 κ
748 5190 771 5191 η
794 5189 805 5191 ᾼ
830 5173 849 5192 ι
888 5188 913 5192 ..
935 5184 970 5192 -.

2033 1877 2310 1933 solatium.

2788 1960 2835 2017 ν

2028 2041 2112 2094 Ad
2148 2039 2491 2095 Tlteomonem
2512 2054 2604 2092 seu
2630 2048 2932 2090 memorrem
2964 2033 3231 2097 cantitant,
3265 2038 3324 2083 ut
3354 2036 3619 2082 monaste-

2102 2113 2169 2166 rii
2198 2111 2403 2181 prazdia
2433 2110 2502 2181 ad
2538 2106 2899 2181 Hugllamusita
2934 2113 3199 2174 protegere
3234 2118 3297 2156 ac
3327 2100 3390 2154 ab
3418 2099 3614 2171 iniquis

2099 2176 2430 2237 invasoribus
2451 2179 2727 2250 defendere
2750 2176 3016 2247 dignetur.

2100 2272 2144 2329 Τ
2149 2290 2382 2330 nsouom
2419 2269 2735 2328 venerando
2762 2267 2970 2335 comiti,
3002 2263 3089 2335 E.,
3133 2263 3305 2320 abbas
3331 2260 3611 2334 indignus,

2026 2364 2257 2422 salutem
2288 2364 2345 2418 in
2372 2361 2626 2417 Domino.

2096 2457 2395 2528 Rogamus,
2424 2455 2498 2509 mi
2530 2453 2771 2519 domine,
2801 2460 2863 2507 ut
2895 2449 3112 2523 pietatis
3135 2457 3331 2505 vestra:
3357 2445 3610 2503 solatium

2022 2548 2224 2605 habere
2254 2546 2529 2619 possimus
2559 2546 2614 2601 in
2644 2545 2900 2602 omnibus
2945 2542 3180 2615 negotiis
3219 2540 3441 2596 nostris.
3489 2537 3612 2605 Quo

2022 2643 2219 2698 solatio
2256 2642 2496 2698 maxime
2544 2640 2855 2712 indigemus
2894 2640 2949 2694 in
2982 2639 3071 2694 his
3106 2637 3247 2694 locis
3281 2635 3484 2707 quibus
3510 2647 3611 2687 vos

2018 2744 2341 2806 potestatem
2367 2735 2599 2791 habetis.
2633 2732 2911 2804 Quidquid
2940 2730 3087 2786 enim
3136 2730 3203 2786 ad
3249 2727 3401 2784 Halla
3442 2725 3610 2781 habe-

2018 2843 2143 2882 mus
2179 2826 2235 2881 in
2266 2825 2495 2892 familia,
2527 2834 2621 2881 aut
2645 2825 2699 2879 in
2746 2824 2868 2879 aliis
2893 2822 3080 2890 rebus,
3118 2822 3227 2877 cito
3259 2815 3609 2875 distermina-

2016 2919 2184 2987 bitur,
2212 2930 2266 2975 et
2308 2919 2662 2975 abstrahetur
2685 2917 2754 2973 ab
2795 2915 3054 2980 inimicis,
3096 2914 3204 2970 nisi
3248 2928 3348 2968 vos
3387 2918 3609 2982 propter

2015 3011 2187 3069 Deum
2223 3021 2278 3067 et
2314 3021 2565 3068 sanctum
2595 3009 2887 3078 Quirinum
2917 3010 3024 3064 hoc
3052 3006 3357 3063 defendatis
3395 3013 3449 3061 et
3470 3019 3605 3059 con-

1935 3126 1981 3187 c
2015 3105 2316 3171 tradicatis,
2345 3104 2491 3176 quod
2514 3104 2753 3175 petimus
2799 3112 2858 3158 ut
2896 3101 3111 3157 faciatis
3137 3100 3449 3170 ubicunque
3474 3112 3604 3168 pos-

2012 3199 2156 3255 sitis.
2189 3196 2393 3253 Valete.

2761 3285 2851 3342 Vl.

2004 3361 2091 3416 Ad
2119 3378 2389 3426 euntaem,
2422 3370 2479 3414 ut
2504 3358 2842 3430 praesentium
2868 3356 3096 3430 latorem
3128 3362 3221 3409 aut
3274 3354 3602 3430 aliquohho-

2077 3443 2223 3487 nesto
2259 3424 2425 3501 ofﬁcio
2472 3424 2765 3493 munerari,
2812 3438 2909 3482 aut
2954 3428 3124 3483 eidem
3171 3424 3377 3481 veniam
3431 3424 3600 3479 alium

2073 3504 2361 3558 Dominum
2385 3502 2683 3558 demerendi
2715 3501 2843 3555 dare
2879 3516 2942 3554 ne
2970 3507 3235 3570 gravetur.

2076 3592 2162 3659 E.,
2196 3592 2315 3647 solo
2350 3590 2573 3647 nomine
2612 3590 2920 3649 monachus
2964 3588 3256 3655 vocitatus,
3288 3586 3473 3665 comiti
3506 3585 3595 3652 1).,

2001 3684 2357 3747 dilectissimo
2385 3683 2818 3755 consanguineo,
2855 3682 3087 3739 salutem
3124 3682 3181 3737 in
3208 3680 3447 3736 Christo.

2072 3777 2178 3835 lste
2201 3786 2387 3836 noster
2412 3777 2624 3835 amicus
2637 3775 2918 3849 vestrique
2944 3776 3177 3831 servitur
3200 3774 3428 3829 devotus
3449 3773 3598 3839 venit

1998 3871 2065 3931 ad
2098 3885 2580 3941 nos,conquerens
2615 3869 2749 3928 nihil
2773 3884 2833 3925 se
2857 3884 3096 3940 unquam
3133 3866 3292 3937 digne
3314 3866 3596 3920 laborasse

1997 3962 2053 4019 in
2084 3972 2268 4019 vestro
2302 3962 2526 4018 servitio
2548 3971 2644 4017 aut
2669 3961 2835 4021 vestri
2862 3968 3476 4030 anteeessorum,atque
3506 3959 3591 4014 id-.

1996 4057 2145 4112 circo
2170 4056 2302 4112 dicit
2339 4072 2397 4112 se
2438 4056 2619 4112 adhuc
2647 4072 2838 4112 carere
2865 4056 3150 4113 beneﬁcio.
3188 4053 3412 4110 Fatetur
3434 4070 3593 4109 nam-1

1994 4163 2102 4218 que
2137 4148 2396 4205 libentius
2418 4163 2477 4203 se
2504 4148 2660 4203 vobis
2690 4148 2828 4207 velle
2857 4147 3174 4207 ministrare
3209 4161 3372 4217 quam
3403 4146 3594 4217 aliquo

1994 4239 2206 4294 homini
2235 4240 2362 4307 alio,
2406 4240 2451 4297 si
2476 4240 2526 4295 ei
2557 4241 2642 4296 vel
2667 4241 2908 4312 aliquam
2934 4239 3203 4296 modicam
3237 4237 3451 4294 faciatis
3480 4239 3587 4293 mi-

1993 4333 2370 4389 sericordiam.
2395 4332 2498 4388 Cui
2527 4335 2763 4404 petimus
2791 4342 2853 4390 ut
2876 4332 3080 4406 aliquid
3115 4332 3305 4395 auxilii
3338 4331 3577 4397 faciatis,

1990 4425 2076 4479 vel
2104 4425 2158 4479 in
2185 4425 2450 4482 beneﬁcio
2479 4435 2575 4482 aut
2596 4426 2652 4481 in
2687 4427 2872 4497 aliquo
2894 4426 3108 4497 negotio
3128 4425 3231 4481 sibi
3253 4424 3581 4482 necessario.

1992 4513 2152 4581 Quod
2180 4517 2227 4570 si
2257 4532 2364 4571 non
2391 4517 2579 4583 vultis,
2628 4532 2919 4571 monemus
2948 4525 3112 4586 atque
3139 4530 3398 4585 rogamus
3424 4523 3483 4569 ut
3514 4517 3582 4569 il~

1991 4604 2103 4659 lum
2150 4621 2275 4660 cum
2309 4607 2547 4678 gratiosa
2578 4607 2798 4661 licentia
2832 4613 3011 4661 vestra
3050 4606 3217 4661 alium
3268 4604 3372 4660 sibi
3399 4605 3579 4661 domi~
3658 4609 3665 4616 “

1991 4712 2123 4752 num
2152 4698 2477 4769 conquirere
2498 4699 2847 4770 permittatis.

2725 4788 2837 4843 ΥΠ.

1989 4878 2074 4935 Ad
2103 4879 2175 4934 Η.
2208 4880 2454 4959 Remittit
2489 4882 2538 4937 ei
2564 4878 2841 4959 quemdam
2872 4880 3115 4959 fratrem,
3144 4888 3193 4935 et
3223 4886 3280 4943 ut
3315 4876 3473 4959 hujus
3502 4879 3588 4946 di.

2251 4953 2502 5022 ligantem
2531 4953 2716 5009 curam
2741 4953 2954 5020 habeat,
2984 4954 3321 5009 adhortatur.

2058 5041 2149 5110 H.,
2176 5042 2321 5099 fama
2350 5042 2525 5102 totius
2548 5043 2810 5101 bonitatis
2836 5043 3040 5116 ubique
3069 5039 3464 5108 dill‘amataz,E.
3483 5039 3600 5105 frag

1984 5146 2208 5192 tresane
2230 5138 2333 5192 sibi
2360 5140 2619 5192 subiecti.
2649 5138 2878 5192 salutem
2905 5138 2963 5192 in
2985 5138 3228 5192 Christo.
