4066 5330
1296 319 1689 378 EBERIIARDI
1722 323 2014 381 ABBATIS
2044 323 2566 383 TEGERNSENSIS
2612 328 2994 386 EPISTOLE.

518 435 876 528 εορευιηθίυτ
928 429 1213 538 inutiliter:
1270 444 1366 490 ³1η
1412 452 1765 538 δυθδροιύῐξι
1820 439 1915 538 Ἶξιί
1950 440 2102 538 in“?
2133 444 2181 504 Α
2209 471 2317 518 tate
2341 464 2659 535 conspicuo,
2683 476 2849 538 atque
2870 466 3083 524 cunctis
3104 466 3476 531 dilectissimis
3495 466 3758 525 confratri

519 517 807 587 miserunt,
839 532 1108 581 cassetur.
1152 524 1210 581 Si
1251 537 1446 584 vestrze
1484 531 1780 587 voluntatis
1808 532 2012 603 aliquid
2045 533 2101 588 in

516 623 583 663 eo
613 625 908 680 possumus
936 614 1182 688 implere,
1227 619 1407 675 adhuc
1439 637 1541 691 pro
1583 640 1648 678 eo
1697 624 2104 696 infatigabilitcr

516 700 875 775 libenterque,
919 715 982 763 ut
1010 710 1296 781 coepimus,
1348 712 1684 771 laboramus.
1731 717 1851 772 Alia
1883 718 2103 775 servitia

514 805 629 862 prae
649 796 901 853 manibus
927 814 1037 854 non
1062 801 1353 869 habemus;
1379 806 1633 874 quamvis
1658 807 1889 880 indigni,
1920 818 2103 865 tamen

514 887 838 942 memoriam
871 893 1038 947 vestri
1088 892 1320 951 facimus
1344 896 1548 969 jugiter
1574 899 1628 954 in
1652 902 1856 958 nostris
1893 902 2101 958 oratio-

515 976 698 1033 nibus.
729 977 917 1038 Valete
944 983 998 1039 in
1029 983 1269 1043 Christo.

1237 1078 1372 1135 VIII.

513 1160 600 1215 Ad
622 1160 996 1251 Engelberturn
1015 1168 1609 1251 (l)ep.Frisin_gens_em,
1634 1177 1698 1251 de
1725 1180 1869 1233 obitu
1894 1177 2100 1251 Otperti

754 1238 1192 1311 monachi,quem
1216 1238 1457 1312 precibus
1477 1238 1660 1317 ,ἱαυὰνί
1688 1260 1856 1321 rogat.

583 1320 799 1381 Seniori
846 1337 1037 1385 nostro
1075 1332 1309 1389 antistiti
1335 1334 1421 1404 E.,
1455 1337 1723 1409 quidquid
1754 1320 1966 1397 dilecto
1995 1343 2096 1398 do-

512 1414 666 1472 mino
688 1420 961 1478 subditus.

581 1508 771 1566 Frater
794 1522 982 1569 noster
1004 1512 1093 1584 0.,
1134 1525 1419 1591 presbyter
1439 1529 1492 1577 et
1516 1524 1819 1581 monachus
1845 1525 1980 1581 obiit
1998 1543 2096 1583 VIII

508 1597 588 1655 Id.
649 1601 851 1674 Aprilis
889 1625 901 1661 :
944 1622 1046 1677 pro
1094 1610 1254 1681 cujus
1299 1614 1487 1685 requie
1546 1630 1736 1686 preces
1774 1634 1872 1688 per
1906 1630 2095 1676 sancta

509 1689 630 1748 loca
661 1695 926 1768 episcopii
953 1700 1120 1757 vestri
1150 1704 1430 1776 praecipite
1460 1705 1658 1778 facere,
1683 1720 1743 1766 ut
1767 1712 2095 1770 conﬁdimus

505 1795 706 1843 vestrae
730 1789 945 1860 pietati.

1254 1888 1345 1947 IX.

505 1967 1215 2063 Adn{irdilhain,‘il{nstrem
1242 1983 1518 2063 feminam,
1549 2004 1707 2058 quam
1744 1999 1897 2063 rogat
1926 1999 1983 2045 ut
2009 1993 2095 2063 af-

580 2043 757 2169 ﬂicth
804 2046 1096 2106 valetudini
1161 2043 1274 2108 suci:
1329 2043 1646 2113 medicinam
1709 2043 1979 2124 consulere
2032 2043 2094 2117 ne

580 2131 734 2169 m'ave
762 2134 845 2169 ur.

576 2131 845 2185 gravetur.

579 2202 804 2262 Domine
823 2207 998 2281 dignae
1017 2214 1294 2286 t0tiusque
1318 2220 1636 2276 reverentiae
1657 2238 1781 2278 cum
1807 2226 2094 2281 sanctitate

504 2296 894 2367 amplectenda:
915 2302 1188 2375 Ιυοιτιίτε,
1218 2308 1573 2369 Esenumnus
1608 2314 1927 2375 ﬁdelissima
1965 2334 2091 2375 cum

507 2389 773 2448 orationis
796 2394 1085 2454 devotione
1110 2401 1390 2459 servitutis
1417 2407 1717 2463 notamina.

579 2480 788 2543 Vestrae
814 2487 1033 2559 pietatis
1055 2494 1286 2565 gratiam
1318 2513 1455 2555 sano
1471 2508 1525 2556 et
1550 2500 1761 2574 integro
1783 2519 1869 2559 me
1891 2504 2093 2562 habere

502 2575 771 2647 proiectu,
816 2581 1034 2643 dulcius
1076 2587 1256 2656 melle,
1310 2590 1592 2665 satiusque
1635 2595 1773 2651 lacte
1809 2612 1872 2651 os
1907 2614 2091 2654 meum

497 2665 837 2738 jucundatur
894 2683 1077 2746 gustu.
1139 2677 1265 2749 Spei
1324 2683 1431 2737 mei
1481 2686 1777 2741 anchoram
1837 2690 2091 2760 specilico

504 2762 668 2829 quasi
689 2764 995 2823 munimine
1017 2769 1074 2823 in
1094 2786 1192 2827 vos
1223 2788 1348 2828 cum
1376 2776 1688 2846 extendam,
1724 2781 1882 2849 quasi
1912 2797 2090 2839 essem

505 2850 562 2904 in
587 2850 680 2907 il!o
707 2854 1025 2915 ﬁrmissimo
1048 2870 1103 2917 et
1132 2863 1562 2939 inexstinguibili
1586 2869 1897 2943 Babylonia:
1929 2877 2087 2943 turri,

503 2959 537 3001 a
568 2945 837 3020 cujusque
862 2950 1233 3024 impugnantis
1257 2957 1480 3016 incursu
1503 2978 1590 3017 me
1619 2964 1783 3020 credo
1804 2968 2085 3023 tuendum.

500 3031 913 3098 Inﬁrmitatihus
947 3046 1294 3117 periculosis,
1343 3052 1470 3122 quia
1525 3068 1744 3125 semper
1794 3060 2091 3115 conturbor

2121 1812 2168 1868 Β

2204 552 2309 608 bus
2340 552 2403 608 E.
2435 555 2572 624 proh
2603 555 2804 626 pudor!
2838 557 2892 612 in
2923 557 3136 614 cunctis
3160 558 3498 625 exorbitaus,
3523 557 3783 614 insolubi-

2205 643 2313 699 lem
2344 646 2549 701 nodum
2573 647 2907 705 intemeratae
2934 649 3262 707 dilectionis.

2275 776 2415 846 Quia
2438 784 2867 858 unumquodque
2904 784 3072 857 igitur
3092 786 3368 858 negotium
3394 785 3450 841 in
3476 784 3662 857 seipso
3683 786 3784 841 im-

2202 868 2412 937 becille,
2443 870 2647 943 indiget
2665 872 2894 930 alterius
2920 876 3335 943 sustentamine,
3365 875 3572 931 idcirco
3595 886 3786 932 vestra:

2202 961 2376 1017 solitae
2403 960 2622 1033 pietatis
2645 964 2791 1021 haud
2821 966 3046 1038 ignarus
3071 983 3264 1039 precor
3287 968 3523 1024 subnixe
3552 975 3616 1023 ut
3643 969 3786 1024 solae

2200 1052 2370 1109 minis
2390 1055 2775 1125 recordemini,
2813 1059 2970 1128 mihi,
3000 1060 3322 1132 priusquam
3354 1075 3386 1116 a
3413 1061 3574 1117 vobis
3602 1077 3784 1118 reces-

2201 1141 2418 1211 sissem,
2447 1147 2699 1216 promisi,
2731 1150 2880 1220 quod
2908 1151 3091 1218 modo,
3121 1160 3183 1207 ut
3207 1152 3433 1223 implere
3457 1153 3783 1224 dignemini,

2199 1234 2472 1290 submisse
2519 1239 2755 1307 postulo.
2810 1240 3118 1299 Admodum
3187 1259 3426 1314 namque
3480 1261 3786 1315 expavesco

2198 1323 2327 1379 dum
2361 1342 2575 1383 mecum
2605 1331 2824 1387 revolvo
2858 1332 2990 1403 quid
3011 1333 3234 1392 debeam
3260 1351 3361 1405 pro
3389 1345 3517 1391 voto
3547 1334 3699 1406 quod
3729 1335 3783 1391 in

2197 1417 2411 1474 cunctis
2438 1434 2525 1474 me
2550 1435 2769 1478 servare
2808 1422 2924 1493 jam
2960 1423 3167 1480 dudum
3209 1426 3498 1497 spopondi,
3529 1426 3785 1497 quamvis

2198 1520 2401 1578 coactc,
2432 1527 2501 1567 ne
2528 1515 2708 1571 mollis
2736 1523 2791 1571 et
2817 1515 3122 1573 dissolutus
3156 1517 3214 1573 in
3242 1525 3392 1573 tanto
3427 1532 3596 1589 opere
3625 1518 3784 1573 habi—

2195 1610 2307 1671 tus,
2350 1604 2589 1661 divinam
2625 1608 2977 1679 aliquomodo
3006 1610 3285 1667 incurram
3331 1610 3619 1667 oﬁ'ensam.
3651 1609 3788 1666 Pro-

2197 1704 2317 1765 pter
2344 1696 2449 1753 hoc
2493 1698 2639 1753 enim
2683 1716 2831 1757 nunc
2858 1701 3170 1759 sudandum
3197 1701 3339 1759 foret
3359 1703 3427 1759 ad
3455 1703 3787 1774 placandam

2197 1786 2438 1844 divinam
2480 1791 2823 1848 clementiam
2849 1812 2863 1848 :
2887 1794 3036 1866 quia,
3066 1811 3189 1867 quae
3234 1795 3509 1852 inhianter
3546 1805 3602 1852 et
3633 1797 3791 1853 inde-

2196 1877 2341 1935 fesse
2376 1896 2569 1953 rogare
2599 1883 2783 1953 debui,
2828 1896 2889 1942 ut
2916 1887 3115 1955 nostis,
3148 1903 3276 1943 cum
3317 1890 3580 1956 maxima,
3606 1889 3785 1945 eheu!

2196 1972 2649 2031 recrastinatione
2688 1991 2754 2031 ac
2780 1979 3217 2037 recalcitratione
3250 1979 3500 2037 refutavi.
3533 1980 3789 2051 Quapro-

2194 2070 2316 2133 pter
2339 2066 2504 2121 vestri
2531 2065 2832 2126 fulciminis
2860 2079 3026 2142 atque
3050 2073 3340 2141 oraminis,
3367 2088 3470 2129 nec
3505 2088 3619 2128 non
3647 2074 3787 2128 alio-

2193 2170 2342 2220 rum,
2385 2172 2540 2227 aeque
2565 2156 2739 2213 Deum
2769 2160 3077 2218 timentium
3105 2163 3241 2218 satis
3269 2164 3507 2236 indigeo,
3546 2180 3617 2219 ne
3649 2166 3788 2221 mihi

2194 2262 2305 2302 non
2334 2249 2548 2304 eveniat
2590 2250 2737 2320 quod
2783 2267 2938 2307 sacra
2972 2252 3252 2325 Scriptura
3292 2256 3537 2310 clamitat
3582 2275 3597 2310 :
3643 2255 3787 2323 Quia

2193 2353 2295 2393 nec
2315 2340 2524 2395 calidus
2549 2354 2649 2395 nec
2670 2339 2903 2411 frigidus
2940 2342 3178 2410 haberis,
3207 2343 3301 2399 sed
3334 2344 3552 2415 tepidus
3572 2345 3786 2400 solum-

2193 2428 2358 2485 modo
2395 2430 2748 2508 diiudicaris,
2792 2431 2998 2489 idcirco
3046 2433 3115 2490 de
3170 2449 3266 2489 ore
3308 2449 3432 2491 meo
3471 2435 3772 2491 evomeris.

2193 2518 2383 2577 Valete

2935 2659 3025 2717 XI.

2190 2792 2275 2846 Ad
2303 2792 2617 2848 Heinricum
2641 2811 2828 2863 regem.
2859 2796 3122 2865 mtplorat
3148 2797 3264 2866 ejus
3290 2797 3559 2852 auxilium
3594 2809 3784 2852 contra

2261 2866 2519 2939 quosdam
2546 2866 2637 2934 qui
2670 2876 2869 2939 certum
2895 2868 2964 2921 ad
2984 2867 3159 2922 lacum
3181 2866 3576 2939 Tcgernsensem
3607 2869 3784 2923 locum

2262 2934 2364 2989 sibi
2386 2935 2597 3006 auferre
2619 2935 2927 2991 moliuntur.

2264 3068 2328 3124 u.
2353 3072 2518 3143 regali
2549 3072 2686 3127 solio
2714 3052 3057 3144 dignissimo,
3226 3072 3626 3146 Tegernsensxs
3667 3092 3785 3131 mo-

497 3130 769 3198 corporis,
806 3133 1045 3205 aliquam
1081 3139 1153 3194 ad
1196 3143 1499 3199 remedium
1528 3147 1767 3216 potionis
1792 3149 2088 3207 confectio—
2116 3165 2158 3226 ε
2190 3130 2639 3231 ηῃδιονίίυειὶώεὶε,
2687 3130 2866 3221 νθεῖιια
2895 3130 3070 3236 gratia
3117 3130 3466 3237 subrogatus,
3507 3166 3782 3237 quidquid

497 3233 645 3288 nem,
696 3224 1064 3300 adjunctoque
1117 3232 1377 3291 coriofole
1422 3239 1759 3297 nutrimento
1808 3257 1932 3298 cum
1964 3245 2087 3300 aliis

495 3308 811 3382 pigmentis,
843 3332 1071 3376 necesse
1099 3322 1168 3377 ad
1194 3323 1299 3379 hoc
1325 3325 1611 3397 habendis,
1633 3346 1846 3401 precor,
1866 3334 2088 3390 mitten-

497 3400 647 3460 dam.
679 3405 923 3473 Qualiter
948 3422 1132 3469 autem
1158 3416 1278 3487 ipsa
1311 3420 1464 3490 potio
1488 3424 1706 3493 qualive
1738 3427 1993 3483 cautione
2016 3428 2087 3485 sit

496 3494 837 3566 accipienda,
867 3509 923 3557 et
943 3504 1029 3559 vel
1059 3520 1305 3577 sursum,
1336 3512 1423 3566 vel
1444 3510 1705 3570 deorsum
1730 3518 1801 3572 sit
1828 3530 2086 3577 eructan-

493 3587 586 3655 da,
611 3588 807 3648 litteris
839 3594 1144 3667 assignate;
1177 3609 1232 3654 et
1265 3601 1311 3656 si
1338 3603 1560 3662 sanitati
1607 3608 1887 3678 restituor,
1915 3613 2083 3669 veluti

496 3682 755 3751 proprius
792 3685 848 3741 in
884 3692 1235 3757 postmodum
1271 3704 1469 3765 vester,
1504 3699 1716 3769 scitote,
1762 3704 1893 3774 quia
1931 3707 2082 3763 exis-

494 3779 629 3827 tam.
667 3773 743 3831 De
774 3779 1000 3837 renibus
1029 3782 1194 3838 etiam
1231 3801 1404 3843 cervae
1428 3798 1524 3844 aut
1566 3792 1674 3847 tale
1707 3773 1861 3868 quid,
1890 3795 1944 3849 in
1972 3813 2083 3868 quo

495 3862 771 3936 pinguedo
811 3871 1143 3941 continetur,
1178 3876 1396 3934 mittere
1432 3861 1751 3952 dignemini,
1789 3861 1919 3956 quia
1959 3861 2080 3943 nia-

493 3969 634 4011 ccrze
682 3960 867 4017 carnis
913 3963 1113 4021 duritia
1170 3967 1227 4023 in
1275 3970 1522 4027 dentium
1571 3990 1818 4031 meorum
1869 3995 2077 4049 morsu,

492 4048 657 4104 etiam
690 4053 965 4125 tritorum,
997 4059 1133 4114 nihil
1176 4063 1325 4118 aliud
1373 4075 1459 4121 est
1500 4068 1604 4123 nisi
1636 4072 1905 4129 molestia.
1933 4048 2081 4142 Quo?

493 4143 679 4236 modo,
720 4146 767 4201 si
804 4148 921 4204 ﬁeri
950 4154 1142 4222 possit,
1173 4166 1234 4211 ut
1263 4169 1424 4229 potus
1459 4161 1730 4219 confectio
1762 4176 1888 4223 ante
1927 4167 2078 4236 Qua-

493 4231 861 4304 dragcsimam
886 4242 1085 4311 veniat,
1116 4245 1396 4317 deprecor.
1437 4249 1640 4308 Valete.

1245 4338 1313 4394 Χ.

489 4418 913 4517 Ad‘
956 4400 1835 4517 ⁸ᾅδειιηιιηι⁸’ξίΙιξιιιΙιζιυτιῃθειζιςςιξνη,
1868 4462 1917 4517 Aa
1972 4463 2075 4517 quo

2191 3271 2382 3313 servus
2411 3258 2467 3312 in
2504 3258 2713 3328 regales
2740 3258 3284 3315 amministrationes.

2212 3438 2221 3443 .
2259 3390 2396 3445 Cum
2425 3391 2664 3462 undique
2693 3391 3041 3446 inimicorum
3078 3390 3400 3463 stringimur
3428 3389 3778 3461 persecutio-

2187 3480 2373 3550 nibus,
2400 3483 2612 3538 nullum
2634 3483 2710 3555 _in
2746 3484 2832 3539 his
2878 3483 3155 3551 omnibus,
3186 3492 3311 3554 post
3336 3479 3531 3549 Deum,
3565 3481 3675 3537 nisi
3707 3480 3777 3536 ad

2185 3591 2284 3631 vos
2325 3574 2621 3647 suﬁ‘ugium
2667 3590 2975 3646 speramus.
3026 3573 3234 3630 Idcirco
3263 3574 3601 3639 laboramus,
3634 3582 3691 3628 et
3720 3574 3779 3629 in

2186 3668 2444 3724 omnibus
2493 3668 2800 3734 deﬁcimus,
2854 3668 2983 3739 quia
3036 3683 3143 3722 non
3192 3666 3458 3722 habemus
3501 3680 3536 3719 a
3567 3665 3777 3736 quibus

2185 3760 2415 3817 ﬁdeliter
2444 3776 2533 3816 res
2562 3759 2820 3816 Ecclesiae
2858 3758 3111 3815 defensas
3151 3758 3453 3813 videamus.
3507 3753 3555 3811 Ο
3602 3772 3777 3827 quam

2184 3869 2381 3926 magna
2409 3853 2608 3925 regalis
2634 3853 2905 3925 potentia!
2938 3851 3080 3907 Dicit
3114 3859 3326 3906 tantum
3358 3868 3372 3903 :
3396 3847 3541 3913 Fiat,
3564 3857 3620 3903 et
3642 3864 3739 3918 per
3758 3877 3775 3888 ο

2183 3955 2407 4018 petuum
2437 3956 2538 4009 est.
2585 3944 2711 4002 Haec
2740 3954 2922 4001 vestra
2969 3945 3053 4000 vis
3094 3940 3392 4013 imperialis
3418 3938 3775 3995 auctoritatis

2182 4040 2251 4095 ad
2275 4056 2395 4104 nos,
2426 4054 2736 4110 precamur,
2766 4051 2942 4108 usque
2969 4036 3259 4107 pertingat.
3293 4032 3390 4088 Est
3418 4031 3576 4087 locus
3603 4045 3777 4100 super

2181 4132 2335 4187 littus
2383 4130 2776 4203 Tegernsensis
2823 4128 3001 4200 stagni
3050 4127 3220 4191 situs,
3269 4139 3433 4195 quem
3485 4121 3678 4190 Poppo
3716 4128 3774 4173 et

2179 4222 2493 4295 Piligrimus
2556 4221 2724 4277 frater
2772 4221 2932 4292 ejus,
2993 4218 3266 4288 simulque
3316 4223 3491 4270 mater
3538 4213 3767 4268 illorum

2179 4316 2498 4371 abstrahere
2528 4314 2730 4385 injuste
2760 4330 2789 4368 a
2816 4310 2979 4368 domo
3005 4310 3097 4366 Dei
3127 4311 3182 4364 in
3214 4324 3347 4366 suos
3374 4322 3507 4361 usus
3529 4304 3772 4360 haeredi-

2180 4410 2345 4463 tarios
2388 4409 2657 4463 nituntur.
2706 4405 2809 4461 Sed
2856 4420 3144 4477 precamur
3180 4411 3240 4457 ut
3264 4408 3448 4456 vestro
3495 4396 3769 4467 imperiali

561 4489 821 4589 silc/fra'gio
839 4503 1173 4589 orationum,
1199 4489 2076 4589 aliisque
2108 4517 2152 4572 ι)
2173 4498 2333 4568 jussu
2367 4498 2471 4553 hoc
2499 4496 2854 4563 interdicatis,
2891 4511 2960 4589 ne
2989 4494 3142 4549 falsis
3170 4501 3265 4589 aut
3287 4497 3560 4589 corrupt-is
3591 4503 3767 4557 pecu-

563 4564 776 4623 uzmuuii
802 4570 907 4624 sibi
937 4564 1240 4645 addixerat,
1257 4564 1439 4648 juéan‘
1462 4564 1719 4654 positis}:

560 4656 775 4716 Domno
802 4674 855 4719 et
881 4670 1177 4725 venerabili
1220 4672 1432 4731 Wmoxi
1459 4677 1688 4747 decano,
1714 4680 1864 4735 omni
1906 4680 2069 4736 boni-

2180 4592 2270 4646 nia
2314 4590 2591 4661 judicibus
2640 4606 2670 4646 a
2709 4590 2871 4645 domo
2920 4588 3016 4644 Dei
3052 4586 3402 4643 abstrahatur
3435 4582 3767 4654 priusquam

2180 4681 2234 4737 in
2266 4681 2553 4753 praesentia
2575 4681 2744 4738 vestri
2765 4679 3111 4752 dijudicetur.

560 4843 639 4919 (I)
670 4845 749 4905 Ita
778 4849 995 4921 quidem
1016 4856 1270 4928 conjicio,
1305 4862 1519 4919 tametsi
1542 4861 1736 4919 Catall.
1766 4879 1889 4935 epp.
1926 4863 2069 4921 Fris.
2109 4870 2165 4921 et
2183 4860 2308 4921 abb.
2337 4862 2595 4937 Tegerns.
2636 4866 2780 4938 apud
2820 4863 2999 4920 Hund.
3042 4879 3148 4919 non
3185 4861 3320 4919 satis
3342 4870 3619 4917 abnuant.
