4038 6386
224 425 3502 512 M

1521 593 1661 634 ANTE.
1700 595 1906 637 κευιωι
1944 597 2221 640 εεουιωί.

1075 749 2626 929 PERINGERUS

1457 998 1682 1055 ABBAS
1720 970 2264 1066 TECERNSENSIS.

952 1317 1810 1445 PERINGERI
1895 1323 2753 1466 EPISTOLAE.

430 1532 632 1629 (Edidit
656 1554 721 1611 R.
752 1554 810 1612 P.
839 1555 1146 1615 Bernardus
1173 1556 1392 1623 Pezius,
1425 1556 1724 1614 Thesaurus
1745 1559 2001 1616 Anecdot.
2027 1578 2167 1633 nam,
2194 1563 2260 1635 V,
2293 1584 2333 1638 ι,
2364 1570 2470 1647 Mf
2491 1616 2506 1643 ,
2535 1591 2601 1633 ex
2635 1579 2824 1639 codice
2858 1583 3271 1671 Tegernsensi.)

1605 1720 2017 1737 ἡ

986 1867 1029 1925 1.

217 1983 300 2040 Ad
334 1981 635 2071 ΒὶίινηοηρξηξΙ
677 1981 920 2071 comitem
948 1997 968 2037 :
1003 2000 1057 2037 se
1103 1991 1351 2053 paratum
1386 1983 1619 2071 essentid
1666 1986 1799 2041 reci-

284 2054 532 2126 piendum
586 2051 937 2135 Wezilinum,
965 2051 1119 2108 modo
1159 2056 1438 2127 quazdam,
1476 2058 1579 2111 sibi
1620 2074 1797 2113 recens

285 2124 490 2189 abluta,
524 2125 791 2178 restituat.

285 2235 497 2291 Domno
536 2234 598 2289 D.
637 2236 823 2291 comiti
864 2238 1199 2304 venerando,
1236 2238 1298 2293 P.
1350 2237 1535 2295 Sancti
1582 2240 1796 2308 Quirini

214 2341 427 2394 servus,
465 2326 756 2396 czeterique
780 2326 977 2383 fratres
1009 2328 1264 2385 devotum
1302 2332 1602 2400 servitium,
1636 2335 1797 2390 sedu-

213 2417 432 2488 lamque
453 2417 757 2473 orationem
793 2417 847 2471 in
872 2418 1111 2475 Christo.

282 2505 355 2563 Ut
382 2510 541 2565 nobis
570 2511 900 2581 promisistis
946 2512 1014 2567 de
1040 2514 1218 2569 amico
1265 2523 1456 2570 nostro
1503 2515 1793 2586 Wezilino,

212 2601 387 2670 parati
411 2618 602 2658 sumus
633 2604 914 2673 suscipere
950 2605 1017 2660 ad
1050 2604 1297 2679 Egilinga
1344 2617 1549 2665 statuto
1597 2611 1713 2677 die,
1740 2610 1794 2666 id

211 2703 295 2750 est
315 2704 468 2750 sexta
492 2695 647 2763 feria,
666 2713 788 2768 qua:
811 2714 957 2753 nunc
977 2708 1061 2754 est
1084 2701 1353 2770 proxima.
1378 2701 1534 2769 Quod
1555 2704 1645 2760 ille
1665 2705 1796 2763 dicit

211 2786 352 2842 duos
377 2803 549 2858 equos
573 2787 677 2843 sibi
699 2789 938 2845 redditos
955 2804 1077 2846 esse
1108 2807 1209 2861 pro
1223 2808 1324 2847 suo
1343 2810 1473 2862 uno,
1494 2804 1548 2850 et
1572 2796 1677 2851 hoc
1691 2812 1794 2855 nos

209 2876 554 2945 confitemur,
581 2879 677 2934 sed
707 2882 946 2950 uterque
967 2890 1077 2936 tam
1105 2883 1380 2952 pretiosus
1409 2893 1527 2940 erat
1551 2894 1611 2942 ut
1635 2903 1789 2944 suus.

211 2963 317 3019 Sed
340 2965 405 3021 de
434 2966 540 3022 illis
561 2976 825 3037 tacemus,
855 2971 1085 3042 aliisque
1105 2974 1267 3029 rebus
1297 2990 1462 3045 supra
1492 2978 1717 3035 modum
1740 2988 1796 3036 et

208 3056 657 3115 irrationabiliter
691 3062 818 3117 hinc
846 3064 971 3120 inde
1011 3065 1290 3123 distractis
1328 3068 1383 3123 in
1421 3070 1694 3140 denariis,
1736 3073 1794 3129 in

208 3152 473 3219 vestibus,
520 3153 573 3208 in
604 3155 783 3211 bubus
809 3165 864 3212 et
904 3159 1128 3228 ovibus,
1157 3163 1440 3234 multoque
1462 3179 1636 3236 grano
1665 3182 1791 3223 cum

1827 1875 1873 1935 Α
1905 1889 2080 1946 usque
2110 1875 2239 1932 dum
2266 1878 2522 1938 audimus
2557 1887 2706 1955 quod
2747 1904 2873 1946 eum
2908 1908 3041 1964 pace
3065 1901 3401 1963 revertimini
3420 1907 3490 1967 ad

1901 1969 2141 2038 propria.

2629 2070 2699 2126 111

1899 2150 1984 2206 Ad
2028 2153 2093 2208 Α.
2121 2156 2657 2251 βταΙιίγξωῦῃιᾳυηι.
2699 2165 2884 2251 Rogat
2933 2184 2992 2251 at
3045 2173 3362 2251 Tagim’num
3416 2188 3488 2243 ad

2033 2227 2388 2285 restituendas
2414 2227 2649 2291 decimas
2680 2240 2750 2293 ad
2780 2227 3353 2326 Ezinlzusaiitaad'iga't:

1969 2314 2056 2382 P.,
2088 2317 2302 2376 abbatis
2336 2325 2558 2382 nomine
2607 2328 2883 2402 indignus,
2936 2337 3143 2397 domno
3194 2314 3266 2400 At
3300 2327 3487 2405 atriis“.

1898 2410 2238 2482 presbytero,
2267 2415 2533 2487 quidquid
2557 2429 2642 2476 est
2670 2424 2958 2485 eharitatis
2984 2430 3039 2486 in
3064 2433 3305 2494 Christo.

1968 2499 2126 2573 Saepe
2144 2505 2350 2562 dictum
2378 2519 2461 2565 est
2492 2512 2649 2570 vobis
2674 2515 2741 2571 de
2775 2519 3138 2582 decimatione
3160 2532 3332 2587 nostri
3362 2549 3487 2590 mo-

1898 2595 2123 2649 nasterii
2153 2598 2221 2652 ad
2250 2597 2611 2671 Ezinhusum,
2643 2623 2808 2678 quam
2846 2611 3146 2685 Tagininus
3177 2623 3301 2679 tulit
3326 2627 3487 2686 nobis

1897 2703 1997 2757 per
2022 2691 2160 2748 duos
2188 2710 2381 2753 annos.
2410 2697 2521 2755 Isto
2545 2717 2691 2759 anno
2718 2706 3007 2779 abnegavit
3026 2729 3086 2769 se
3110 2730 3297 2773 coram
3326 2722 3487 2780 nobis

1898 2792 2197 2856 nostroque
2217 2788 2500 2859 advocato,
2528 2802 2587 2849 ut
2615 2795 2871 2870 deinceps
2899 2818 3020 2858 eam
3043 2805 3146 2863 sibi
3178 2825 3289 2867 non
3323 2829 3489 2872 usur-

1897 2882 2070 2942 paret.
2106 2875 2210 2933 Sed
2246 2879 2437 2938 fefellit
2471 2900 2595 2953 nos,
2644 2897 2698 2944 et
2742 2889 2906 2947 liabet
2919 2893 3035 2965 jam
3070 2914 3220 2959 nunc
3264 2905 3486 2965 tertium

1896 2979 2103 3023 annum
2152 2970 2408 3030 ablatam.
2458 2976 2728 3044 Quocirca
2779 3000 3039 3057 rogamus
3089 2993 3345 3063 pietatem
3390 3012 3489 3056 ve-

1898 3063 2069 3113 stram
2096 3069 2155 3115 ut
2183 3062 2287 3118 hoc
2309 3067 2618 3140 corrigatis,
2648 3073 2791 3130 sicut
2816 3078 2969 3135 scitis
2998 3081 3073 3136 illi
3097 3062 3287 3142 contra
3310 3087 3486 3148 Deum

1897 3162 2020 3206 esse
2065 3156 2459 3226 necessarium,
2512 3164 2781 3237 nobisque
2822 3170 2953 3227 utile
2996 3174 3067 3230 ad
3115 3178 3484 3242 ministerium

207 3244 523 3315 multigenis
546 3246 1179 3308 victimis.Nihil~horum
1199 3235 1514 3325 repetimus,
1529 3259 1623 3313 sed
1646 3259 1795 3314 dam—
1827 3235 1869 3290 Β
1893 3255 2215 3312 Ρθυρθνυῐη·
2252 3244 2456 3305 valem-

207 3350 340 3390 num
368 3338 723 3406 sustinemus,
753 3349 808 3396 et
828 3358 1086 3415 rogamus
1123 3361 1222 3400 vos
1263 3362 1363 3416 pro
1394 3363 1581 3404 amore
1616 3347 1714 3405 Dei
1739 3358 1795 3406 et

208 3428 383 3482 sancti
427 3427 642 3496 Quirini
693 3442 753 3487 ut
801 3433 918 3490 haec
967 3436 1150 3491 omnia
1201 3440 1444 3495 traetetis
1488 3443 1792 3499 secundum

207 3526 444 3575 vestram
476 3523 810 3580 nobilitatem
830 3568 846 3594 ,
890 3538 1245 3602 nostramque
1288 3535 1665 3591 necessitatem
1687 3579 1702 3604 ,
1738 3545 1795 3593 et

204 3609 445 3680 jubeatis
489 3615 648 3670 nobis
699 3618 852 3673 reddi
882 3620 1019 3677 alios
1049 3637 1243 3693 equos,
1282 3640 1423 3695 quos
1456 3643 1622 3698 supra
1670 3628 1792 3686 illos

209 3701 350 3759 duos
373 3705 501 3760 hinc
535 3707 699 3763 habet
727 3709 956 3769 ablatos.
1008 3713 1238 3787 Insuper
1266 3719 1464 3787 etiam,
1496 3730 1791 3793 postquam

208 3792 300 3850 ille
331 3795 458 3852 hinc
496 3798 770 3869 discessit,
820 3814 951 3860 sunt.
994 3808 1198 3865 nostris
1247 3808 1469 3867 famulis
1515 3821 1624 3870 tres
1663 3817 1791 3885 equi

207 3884 356 3942 furto
383 3890 600 3959 sublati,
644 3910 808 3965 quam
838 3899 1205 3970 suspicionem
1242 3903 1445 3960 habent
1467 3905 1522 3959 in
1553 3884 1792 3965 illumiet

207 3976 512 4038 Pezilinum
542 4000 701 4042 suum
732 3991 1050 4048 consocium
1097 3996 1320 4065 quidam
1368 4013 1435 4052 ex
1477 4003 1705 4071 nostris,
1737 4012 1792 4059 et

208 4071 372 4127 etiam
406 4076 768 4144 provinciales
806 4083 1010 4139 clerici.
1046 4085 1197 4153 Quos
1228 4105 1403 4161 equos
1453 4093 1618 4149 etiam
1651 4098 1791 4166 peti-

208 4180 333 4219 mus
358 4174 414 4221 ut
440 4169 600 4226 nobis
625 4174 953 4245 principiatis
988 4180 1239 4249 reddere,
1265 4192 1361 4239 aut
1385 4185 1551 4259 digno
1577 4188 1789 4260 judicio

209 4270 405 4327 negare
433 4275 492 4315 se
525 4277 636 4317 non
667 4263 869 4323 habere
890 4269 974 4324 vel
1000 4273 1206 4329 tollere.

958 4381 1022 4439 ll.

205 4461 295 4560 Ad.
414 4466 757 4538 abbatissam,
803 4476 949 4560 apud
976 4492 1149 4560 quant
1169 4497 1224 4534 se
1249 4493 1499 4560 excusat,
1531 4488 1671 4558 quod
1698 4507 1789 4560 pe-

276 4536 400 4590 titos
421 4553 577 4609 equos
613 4556 717 4595 non
746 4536 1048 4614 miseriae:
1073 4548 1184 4603 alia
1204 4536 1447 4622 quedam
1471 4536 1787 4616 munuscula
1813 4583 1855 4641 ο

276 4607 439 4641 animo
854 4618 857 4623 '

275 4607 458 4662 mittit.

273 4741 687 4804 Venerabilibus
705 4749 759 4804 in
789 4750 1009 4810 Christo
1030 4755 1354 4817 dominabus
1381 4762 1440 4825 it.
1473 4765 1782 4837 abbatissae,

202 4849 266 4891 ac
318 4836 375 4892 Β.
413 4838 615 4895 Christi
648 4845 903 4914 agnellaa,
947 4846 1032 4917 P.,
1067 4851 1330 4923 quidquid
1379 4858 1622 4917 tantillus
1672 4836 1780 4917 tam

201 4926 377 4997 dignis
401 4931 666 4999 personis.

269 5015 388 5072 Non
427 5023 704 5079 modicum
754 5026 1001 5084 dolemus
1049 5035 1194 5103 quod
1238 5037 1375 5093 nihil
1419 5040 1683 5101 habemus
1718 5057 1780 5104 ut

200 5109 494 5181 petitionis,
547 5114 659 5171 imo
702 5120 869 5174 vestri
914 5127 1168 5196 praecepti
1218 5131 1552 5190 voluntatem
1597 5136 1778 5197 facere

199 5203 512 5274 possimus;
547 5208 676 5279 quia
702 5211 885 5268 nullus
908 5229 1083 5286 equus
1119 5219 1172 5273 in
1200 5231 1389 5278 nostra
1418 5226 1670 5287 inventus
1692 5243 1778 5289 est

206 5301 464 5352 potestate
485 5339 499 5365 ,
541 5292 948 5370 quando'nobis
976 5312 1307 5368 commissus
1346 5327 1430 5372 est
1463 5319 1566 5375 iste
1599 5321 1775 5393 locus,

202 5383 304 5439 nisi
331 5388 622 5447 admodum
652 5396 833 5464 pauci,
863 5406 917 5453 et
943 5399 1045 5470 ipsi
1092 5406 1392 5462 nutabundi
1441 5418 1494 5464 et
1525 5383 1777 5491 segnipe;

206 5482 314 5533 les.
346 5477 552 5538 Indicia
587 5493 764 5542 tamen
803 5488 1032 5548 facimus
1074 5494 1161 5551 his
1185 5499 1369 5566 parvis
1408 5510 1772 5578 munusculis,

184 5574 403 5641 ‘quanto
446 5574 706 5634 citissime
734 5596 1057 5653 possumus,
1084 5591 1231 5658 quod
1259 5601 1493 5650 vestram
1518 5600 1775 5658 volunta-

199 5674 303 5717 ie'm
338 5665 644 5738 implemus.
670 5670 941 5733 Sedulitas
970 5682 1234 5739 orationis
1258 5697 1457 5744 nostra:
1486 5695 1778 5753 comitatur

197 5754 299 5812 iter
326 5771 588 5832 vestrum,
613 5778 877 5836 quantum
907 5789 1005 5830 nos
1036 5774 1178 5835 Deus
1202 5783 1463 5841 exaudire
1496 5787 1769 5862 dignatur,

2625 3356 2713 3414 IV.

1894 3432 1979 3488 Ad
2010 3435 2075 3491 R.
2111 3439 2455 3500 abbatissam.
2494 3446 2857 3576 Cursgtzt‘itoum
2891 3457 3087 3513 vitrum
3117 3464 3351 3521 nondum
3378 3470 3482 3524 mi-

1964 3596 2049 3667 P.,
2075 3602 2160 3657 sui
2183 3607 2436 3664 vocabuli
2466 3611 2690 3671 minime
2715 3617 2935 3689 dignus,
2957 3622 3250 3684 abbatissae
3278 3629 3345 3687 R.
3379 3631 3481 3690 do-

1893 3688 2057 3748 minae
2089 3696 2390 3768 perdignaa,
2428 3688 3062 3771 sedulitatemorationis
3088 3716 3477 3781 devotissima.

1965 3781 2124 3849 Quod
2151 3786 2308 3843 vobis
2335 3789 2515 3847 adhuc
2557 3811 2665 3850 non
2694 3800 2948 3859 dedimus
2977 3805 3201 3878 vitrum,
3226 3821 3286 3867 ut
3319 3828 3482 3886 roga-

1893 3873 2014 3940 stis,
2040 3892 2151 3931 non
2184 3877 2285 3934 fuit
2321 3883 2478 3954 culpa
2511 3898 2715 3945 nostra:
2750 3896 3079 3966 tenacitatis,
3106 3873 3201 3957 sed
3227 3873 3475 3964 nondum

1892 3963 2111 4035 aliquod
2146 3982 2511 4040 praeparatum
2539 3977 2853 4040 habuimus.
2882 3984 3039 4044 Nunc
3058 3963 3206 4047 enim
3231 3997 3479 4066 quotidie

1891 4055 2200 4116 insistimus
2233 4064 2407 4120 eidem
2438 4071 2611 4139 operi,
2642 4081 2845 4131 etcum
2872 4078 2977 4136 hoc
2998 4084 3333 4157 perticimus,
3364 4101 3478 4147 sta-

1890 4150 1988 4204 tim
2014 4161 2137 4221 post
2164 4152 2363 4212 festum
2389 4157 2445 4214 S.
2472 4160 2701 4223 Δηὼ-θέε
2733 4150 3011 4229 mittimus
3028 4175 3181 4233 vobis
3216 4150 3477 4251 per'nun-

1893 4240 1998 4297 tios
2045 4253 2284 4302 nostros.
2345 4249 2402 4304 Si
2445 4252 2662 4326 aliquod
2703 4258 3037 4331 adjutorium
3084 4240 3245 4326 nobis
3293 4270 3476 4331 facere

1888 4333 2055 4388 vultis
2079 4336 2146 4390 ad
2165 4347 2414 4395 nostrum
2441 4344 2641 4402 vietum
2664 4347 2921 4408 frumenti
2942 4355 3027 4410 vel
3050 4357 3274 4417 alterius
3295 4362 3473 4434 grani,

1888 4426 2045 4482 valde
2072 4444 2266 4487 sumus
2300 4439 2616 4494 necessarii.
2649 4438 2856 4499 Valete.

2648 4551 2710 4607 V.

1886 4628 1972 4682 Ad
1998 4628 2288 4689 Henricum
2309 4653 2500 4724 Legem.
2532 4640 2601 4724 ι
2627 4660 2682 4698 se
2705 4646 3016 4724 abjnjizriis
3043 4661 3094 4706 et
3112 4659 3471 4724 persecutione

2297 4707 2571 4766 Diemouis
2599 4717 2809 4771 comitis
2833 4707 3064 4778 eliberet.

1959 4792 2173 4850 Seniori
2200 4813 2301 4854 suo
2334 4798 2423 4868 ιι,
2455 4806 2728 4864 exercitus
2748 4809 3045 4869 Christiani
3069 4817 3283 4875 ductori
3305 4823 3467 4878 nobi-

1880 4884 2118 4955 lissimo,
2153 4888 2241 4958 P.,
2276 4893 2490 4952 abbatis
2531 4901 2801 4958 vocabulo
2838 4906 3065 4963 minime
3086 4909 3311 4981 dignus,
3340 4931 3466 4972 cum

1883 4981 2306 5052 congregatione
2350 4987 2456 5042 sibi
2499 4994 2794 5050 commissa
2820 5037 2835 5064 ,
2876 4998 3190 5057 sedularum
3238 5021 3463 5076 precum

1880 5068 2235 5131 devotissima
2262 5079 2470 5137 munia.

1955 5161 2069 5219 Sub
2090 5182 2255 5223 manu
2287 5181 2483 5229 vestrae
2514 5174 2850 5237 defensionis
2873 5183 2943 5239 ob
2974 5183 3340 5260 elemosynam
3367 5207 3462 5249 ve-

1880 5255 1980 5309 stri
2012 5256 2277 5316 hactenus
2301 5264 2456 5321 valde
2496 5269 2721 5337 paciﬁce
2743 5273 3011 5345 viximus;
3060 5279 3155 5334 sed
3181 5255 3280 5352 qui
3316 5299 3464 5342 nunc

1880 5360 1982 5401 nos
2002 5357 2193 5405 contra
2222 5366 2321 5409 vos
2349 5354 2631 5431 Deumque
2660 5362 3019 5437 insectantur,
3046 5369 3253 5429 diutius
3285 5376 3466 5434 celare

1880 5450 1988 5490 non
2011 5452 2327 5507 possumus.
2358 5444 2603 5508 Domnus
2624 5450 2814 5509 Diemo
2844 5471 3029 5514 comes
3058 5459 3466 5525 inimicabiliter

1881 5532 2229 5599 persequitur
2257 5550 2379 5591 nos.
2424 5536 2600 5596 Habet
2625 5544 2785 5600 nobis
2823 5546 3059 5618 denique
3088 5560 3333 5608 nostram
3364 5572 3458 5610 na-

1882 5614 1991 5669 vim
2015 5618 2276 5690 ablatam,
2305 5640 2414 5694 qua
2438 5627 2727 5689 debuimus
2767 5614 3028 5695 fratribus
3056 5643 3262 5700 nostris
3296 5646 3436 5700 vecu

1882 5721 2009 5763 care
2040 5711 2251 5783 vinum,
2287 5727 2341 5773 et
2369 5720 2665 5793 legumina,
2694 5726 2910 5799 aliaque
2932 5735 3264 5791 necessaria.
3294 5736 3453 5792 Plura

1882 5800 2046 5858 etiam
2079 5806 2218 5862 retia
2263 5808 2425 5868 habet
2470 5816 2631 5874 nobis
2669 5820 2826 5889 tulta,
2856 5823 3216 5897 victimasque
3237 5836 3297 5887 et
3331 5843 3453 5899 gra-
