4066 5330
532 336 673 393 1315

1320 332 1692 392 remeam
1730 298 2024 389 mm
2061 328 2586 390 racensseusrs
2637 324 3020 392 EPISTOLAE.

3672 341 3807 396 1316

530 464 687 517 num,
722 446 871 520 quod
915 448 1091 504 nostri
1130 446 1437 503 debuerunt
1482 444 1753 503 seminare
1802 447 1858 503 iu
1904 464 2118 521 agrum.
2151 452 2195 513 Α
2222 446 2337 519 jam
2360 449 2515 517 obiit,
2539 454 2593 505 et
2615 451 2778 507 modo
2799 467 2979 522 regem
3005 466 3113 505 non
3140 458 3435 521 possumus
3465 453 3636 520 adire,
3664 454 3811 512 sum"

529 541 759 611 lnsuper
800 537 1105 611 infringens
1145 541 1509 595 domunculas
1541 554 1828 596 servorum
1854 542 1906 595 vi
1934 542 2122 612 diripit

528 634 599 689 ab
631 633 711 689 eis
730 632 916 687 omnia
950 648 1072 703 quae
1094 632 1314 688 habent.
1348 628 1492 686 Nihil
1522 633 1601 687 eis
1626 642 1709 687 cst
1740 629 1935 702 peculii
1974 635 2121 703 quod

528 728 619 783 ille
648 742 757 781 non
777 726 969 797 jubeat
993 725 1327 796 perscrutari
1357 734 1412 780 et
1442 725 1577 779 tolli.
1600 724 1742 792 Quid
1778 727 1984 781 multa?
2003 725 2121 783 Nisi

532 824 732 876 manus
758 827 943 875 vestra
974 819 1298 874 extendatur
1319 818 1613 888 protectrix
1636 833 1800 889 super
1822 835 1923 876 nos
1952 828 2004 875 et
2034 836 2120 876 res

532 923 774 978 nostras,
807 911 1032 981 ipseque
1059 925 1088 965 a
1120 910 1274 965 vobis
1305 909 1600 966 exterritus
1634 911 1989 980 prohibeatur
2025 912 2119 966 tali

530 1003 760 1076 ﬂagitio,
796 1002 884 1055 ille
920 1001 1070 1055 solus
1101 1007 1350 1053 Sanctum
1386 999 1568 1053 locum
1610 1000 1857 1069 corporis
1890 999 1946 1054 S.
1986 1001 2121 1067 Qui-

531 1096 638 1150 rini
668 1096 760 1151 dat
788 1092 1131 1149 exterminio.
1173 1090 1469 1146 Precamur
1497 1101 1557 1145 ut
1587 1092 1664 1145 illi
1693 1094 1948 1149 statuatis
1974 1095 2119 1148 diem

529 1203 640 1259 quo
667 1187 825 1243 nobis
854 1194 909 1241 et
942 1184 1125 1239 navim
1156 1192 1211 1237 et
1235 1184 1371 1239 retia
1393 1184 1604 1239 reddat.

1286 1291 1375 1351 Vl.

528 1390 613 1448 Ad
637 1386 875 1447 eumdem
897 1386 960 1445 de
990 1390 1349 1461 persecutione
1379 1406 1442 1443 ac
1474 1386 1820 1444 insectatione
1850 1380 1917 1444 P.
1956 1386 2121 1443 comi-

600 1465 668 1517 tis
700 1463 1032 1533 aliorumque
1062 1463 1491 1516 adversariorum
1526 1463 1757 1532 graviter
1786 1462 2046 1532 queritur.

601 1556 815 1612 Seniori
830 1571 932 1612 suo
954 1554 1043 1623 H.,
1059 1555 1172 1627 regi
1196 1555 1510 1622 victorioso,
1533 1554 1618 1622 P.,
1641 1554 1808 1611 vestri
1836 1568 2120 1610 servorum

530 1649 764 1705 ultimus
794 1649 1103 1719 fratresque
1130 1648 1234 1704 sibi
1259 1648 1510 1718 subjecti.

601 1738 984 1797 Devotissimis
1010 1741 1352 1797 oratiunibus
1374 1754 1473 1811 pro
1503 1740 1660 1796 vobis
1675 1737 1879 1812 jugiter
1908 1737 2121 1795 insisti-

528 1848 674 1891 mus.
711 1835 851 1891 Dum
875 1850 974 1891 vos
994 1835 1230 1905 denique
1256 1834 1522 1890 laboratis
1555 1834 1609 1889 in
1646 1835 1777 1900 lato,
1815 1834 1959 1889 sicut
1988 1848 2122 1888 eon-

528 1928 705 1996 decet,
739 1944 929 1999 regno,
978 1944 1079 1983 nos
1118 1927 1321 1983 servuli
1351 1928 1519 1984 vestri
1563 1926 1788 1982 minime
1820 1926 2120 1996 requiesci-

530 2030 656 2079 mus
677 2023 734 2078 in
769 2030 954 2077 vestro
981 2021 1208 2093 gremio,
1243 2022 1344 2077 sub
1373 2030 1608 2093 angusto
1631 2019 1948 2076 monasterii
1972 2020 2123 2074 claua»

531 2122 666 2171 stro.
692 2112 899 2169 Cuncta
932 2126 1170 2182 namque
1197 2111 1426 2167 :ediiicia
1462 2111 1711 2166 videmus
1738 2109 2122 2165 miserabiliter

531 2208 775 2276 collapsa
822 2213 1203 2275 vetustateque
1251 2214 1613 2273 consumpta,
1657 2204 1787 2275 quia
1830 2202 1892 2256 P.
1939 2217 2122 2258 comes

532 2290 674 2355 tollit
701 2313 866 2370 opera
896 2297 1129 2369 singulis
1157 2298 1319 2353 annis
1349 2297 1417 2353 de
1441 2296 1831 2367 Wormgouve,
1854 2308 1977 2366 quae
2005 2295 2123 2351 sola

533 2405 703 2461 opera
732 2391 925 2446 beatus
970 2401 1126 2461 pater
1152 2399 1333 2445 vester
1362 2389 1638 2445 concessit
1678 2389 1747 2443 ad
1788 2389 1969 2444 locum
2009 2387 2124 2442 sin-

531 2483 679 2554 gulis
727 2483 890 2538 annis
943 2482 1355 2549 renovandum;
1402 2481 1551 2553 quod
1603 2481 1771 2538 etiam
1821 2480 2125 2551 permansit

530 2591 708 2648 usque
736 2577 803 2633 ad
839 2578 1090 2633 abbatem
1122 2575 1184 2632 E.
1232 2574 1658 2650 [Eberhardum]
1696 2575 1898 2630 domno
1937 2584 2125 2631 nostro

530 2673 659 2728 duci
704 2673 991 2745 conquesti
1018 2687 1212 2727 sumus
1253 2671 1321 2726 de
1347 2671 1554 2726 eisdem
1595 2669 1885 2739 Operibus,
1938 2676 1994 2723 et
2037 2668 2126 2723 ille

535 2764 792 2833 praecepit
814 2762 874 2817 P.
907 2779 976 2818 ne
1001 2763 1105 2819 sibi
1128 2778 1192 2818 ea
1226 2762 1482 2832 deinceps
1512 2770 1824 2831 usurparet,
1848 2761 1994 2831 quod
2026 2775 2124 2814 ne.

539 2872 819 2928 quaquam
851 2856 1076 2927 profuit.

541 2993 545 2997 .
608 2950 690 3005 Ad
714 2951 830 3006 haec
856 2950 1023 3005 etiam
1050 2944 1276 3005 nimiam
1300 2946 1735 3021 perseeutiOnem
1761 2948 2001 3018 patimur
2023 2957 2126 3001 non

537 3053 776 3103 strorum
804 3043 1146 3110 concivium,
1176 3043 1423 3113 priorum
1466 3041 1675 3097 scilicet
1703 3041 2088 3095 advocatorum
2109 3080 2125 3106 ,

536 3135 655 3206 qui,
687 3135 928 3190 maxima
972 3135 1054 3190 ira
1099 3144 1155 3190 et
1180 3135 1307 3190 odio
1341 3142 1533 3190 contra
1565 3148 1667 3189 “05
1708 3132 1938 3203 ρεηηοιί
1981 3132 2127 3202 quod
2156 3154 2196 3212 C
2249 3195 2264 3212 ,
2301 3195 2313 3212 ,
2350 3193 2390 3212 η
2431 3194 2486 3212 .,,

535 3193 757 3299 penitus
799 3236 929 3284 sunt
967 3228 1164 3298 privati
1206 3228 1371 3284 rebus
1407 3226 1768 3293 monasterii,
1806 3224 1943 3279 nihil
1981 3225 2126 3281 aliud

2228 3195 2313 3250 Ad
2342 3193 2672 3319 Egilbertum
2707 3193 3008 3265 episcopum

2426 3282 2485 3319 us
2506 3264 2821 3336 quibusdam
2847 3264 3017 3319 sacris

537 3321 760 3376 student
789 3335 915 3376 cum
945 3320 1221 3387 omnibus,
1252 3320 1452 3391 quibus
1475 3327 1727 3390 possunt,
1756 3318 1861 3373 nisi
1885 3334 1987 3373 nos
2006 3333 2131 3389 pes-

537 3414 681 3469 simo
715 3413 847 3468 vitio
876 3412 1184 3481 criminari,
1214 3413 1393 3468 ethoc
1419 3413 1565 3483 apud
1585 3412 1873 3482 episc0pos
1896 3420 1951 3467 et
1974 3410 2129 3481 prin-

536 3507 711 3576 cipes,
740 3514 802 3561 ut
826 3506 941 3561 haec
957 3506 1147 3561 eadem
1169 3505 1393 3561 infamia
1417 3506 1485 3560 ad
1511 3522 1609 3560 vos
1632 3520 1806 3575 usque
1827 3504 2127 3575 perveniat.

537 3598 695 3666 Quod
726 3613 1020 3669 precamur
1045 3608 1268 3669 prOpter
1306 3598 1399 3654 Dei
1431 3598 1862 3654 miscricordiam
1882 3637 1896 3664 ,
1930 3597 2129 3653 vestri-

538 3706 645 3761 que
673 3691 1070 3762 elemosynam,
1108 3706 1178 3745 ne
1205 3691 1423 3745 illorum
1462 3691 1731 3746 voluntati
1755 3689 2129 3757 satisfaciatis,

538 3783 700 3838 nobis
740 3782 1024 3838 inferendo
1065 3783 1233 3838 ullam
1267 3783 1602 3854 repentinam
1648 3783 2002 3850 calumniam,
2038 3783 2133 3840 sed

539 3875 832 3931 reservetis
859 3884 1045 3931 vestro
1078 3876 1306 3946 judicio,
1335 3886 1430 3931 aut
1454 3875 1619 3932 vestri
1652 3877 1889 3931 fidelium
1916 3875 2131 3945 episco-

538 3977 762 4036 porum,
806 3967 891 4021 vel
932 3967 1192 4023 abbatum
1236 3969 1314 4023 rei
1336 3969 1619 4024 veritatem
1651 3969 1705 4023 in
1738 3967 1896 4023 nobis
1920 3967 2131 4022 exami-

541 4059 803 4114 nandam.
837 4057 1037 4114 Valete.

1290 4180 1402 4241 VII.

542 4258 634 4347 'AdA
667 4270 738 4329 Η.
776 4250 1264 4347 ἀηςεηιᾲΒρὶανίαε.
1300 4277 1470 4346 Rogat
1501 4286 1557 4330 ut
1592 4276 1836 4347 quautam
1878 4277 2014 4330 hoba
2063 4278 2135 4331 ad

614 4345 790 4470 gotum
842 4342 1160 4416 Sciphusam
1202 4342 1614 4418 oertinénslsuo'
1646 4349 1965 4402 monasterio
2020 4348 2138 4403 red-

657 4427 803 4470 atur.

2224 540 2335 596 ciat
2364 541 2546 608 nobis,
2570 550 2881 611 precamur,
2913 542 3060 612 quod
3086 542 3203 597 vice
3232 542 3375 612 regis
3420 543 3475 597 in
3503 543 3609 599 hac
3632 546 3806 615 patria

2223 643 2393 704 regno
2410 630 2720 705 fungimini,
2751 635 3105 705 ﬁrmeturque
3131 651 3159 688 a
3176 635 3332 690 vobis
3358 636 3539 708 regale
3564 652 3803 708 promis-

2225 740 2368 793 sum,
2398 735 2452 781 et
2480 726 2667 796 iubete
2694 727 2852 784 nobis
2886 728 3036 785 reddi
3072 728 3384 798 praedictam
3415 729 3640 797 hobam,
3670 730 3811 786 sicut

2223 834 2318 875 P8X
2342 827 2625 876 statuerat.

2944 903 3074 966 Vlll.

2221 1002 2305 1059 Ad
2348 1000 2719 1076 Gotscalchum
2752 1002 3499 1076 episcopumgFrisingensem.
3542 1003 3609 1061 Se
3649 1006 3811 1076 petita

2577 1075 2713 1129 vitra
2742 1084 2859 1145 post
2900 1074 3113 1128 Pascha
3140 1074 3444 1131 missurum.

2293 1180 2357 1242 G.
2387 1187 2632 1259 pontifici
2656 1188 3001 1261 dignissimo,
3027 1188 3113 1256 P.,
3138 1190 3307 1245 vest'ri
3333 1190 3584 1256 devotus,
3621 1199 3685 1245 ut
3706 1206 3812 1245 meé

2221 1279 2330 1335 rito
2360 1280 2634 1350 proprius.

2291 1371 2363 1425 Mi
2396 1371 2615 1427 domine
2640 1367 2968 1439 venerande,
3015 1372 3161 1443 quod
3186 1368 3252 1428 de
3291 1372 3434 1428 vitro
3467 1374 3701 1444 petistis,
3728 1372 3811 1427 vel

2221 1463 2417 1533 magis,
2437 1472 2497 1519 ut
2518 1463 2692 1531 decet,
2716 1464 2944 1535 jubetis,
2975 1481 3120 1520 nunc
3139 1465 3398 1535 temporis
3422 1478 3677 1535 paratum
3702 1480 3810 1519 non

2223 1555 2510 1611 habemus.
2555 1553 2661 1611 Sed
2704 1557 2956 1627 quamvis
2985 1557 3161 1613 victus
3200 1558 3360 1613 nobis
3405 1558 3692 1613 incumbat
3725 1574 3815 1612 ne-

2224 1648 2451 1704 cessitas
2473 1691 2487 1714 ,
2532 1650 2715 1703 statim
2751 1656 2876 1720 post
2905 1649 3113 1705 Pascha
3141 1655 3357 1706 nostros
3399 1649 3689 1705 vitrearios
3719 1650 3811 1720 ju‘

2221 1736 2417 1795 bemus
2461 1739 2638 1795 eidem
2684 1740 2939 1797 insistere
2993 1742 3163 1812 operi,
3215 1750 3271 1797 et
3314 1742 3582 1813 quidquid
3616 1741 3814 1797 exinde

2151 1802 2193 1862 Β
2224 1831 2334 1897 fiet,
2359 1841 2565 1903 quanto
2607 1833 2874 1889 citissime
2903 1850 3243 1904 possumus,
3261 1844 3356 1905 per
3387 1843 3640 1889 nostrum
3670 1850 3815 1889 num

2225 1924 2360 1980 tium
2383 1926 2539 1981 vobis
2564 1926 2889 1982 denuntiare
2909 1942 3019 1982 non
3052 1925 3354 1983 tardamus.
3380 1926 3589 1983 Valete.

2862 2070 2865 2075 -
2965 2037 3056 2094 IX.

2222 2146 2306 2206 Ad
2339 2146 2581 2207 comitem
2610 2142 2678 2208 F.
2735 2143 2804 2208 Ut
2838 2161 3145 2208 conventum
3180 2153 3250 2207 ad
3276 2144 3507 2224 Pipureli
3540 2160 3646 2206 non
3676 2142 3813 2205 nihil

2895 2225 3131 2294 differat.

2294 2317 2507 2379 Domno
2529 2314 2590 2377 Ρ.
2617 2318 2801 2377 comiti
2823 2320 3252 2388 venerabillimo,
3274 2319 3334 2373 P.
3358 2328 3665 2390 cunctaque
3679 2336 3815 2374 cor:-

2225 2416 2468 2487 gregatio
2500 2413 2558 2469 S.
2587 2412 2822 2481 Quirini,
2852 2414 3096 2470 sedulam
3120 2415 3425 2469 orationem
3448 2413 3814 2481 devotamque

2226 2510 2565 2566 servitutem.

2296 2600 2499 2657 Omnes
2541 2599 2747 2670 pariter
2780 2594 3013 2670 pedibus
3056 2596 3257 2653 vestris
3298 2594 3573 2667 provoluti
3616 2609 3814 2666 preca:

2226 2709 2352 2748 mur
2380 2693 2523 2763 piam
2551 2693 2938 2764 paternitatem
2975 2698 3215 2746 vestram
3240 2697 3302 2743 ut
3326 2688 3622 2744 concilium
3667 2680 3814 2756 quod

2225 2786 2391 2840 vultis
2422 2785 2490 2840 ad
2514 2783 2750 2855 Pipurch
2774 2785 2976 2840 habere
3005 2797 3108 2854 pro
3127 2780 3407 2837 communi
3433 2788 3601 2845 terra,
3628 2778 3685 2831 in
3716 2780 3815 2831 tria

2227 2879 2396 2934 duum
2431 2877 2728 2945 dilferatis,
2772 2885 2826 2932 et
2866 2875 3155 2933 dimittatis
3196 2886 3372 2943 usque
3406 2871 3538 2926 dum
3579 2884 3687 2925 nos
3712 2882 3811 2922 γοη-

2228 2968 2443 3027 hiscum
2464 2970 2776 3041 loquamur.
2799 2966 2985 3024 Valete
3010 2967 3066 3022 in
3090 2966 3329 3021 Christo.

2973 3075 3043 3135 Χ.

3049 3186 3460 3257 Frisingensem.
3510 3184 3588 3241 De
3629 3184 3817 3257 fratri-

3053 3259 3326 3317 ordinibus
3355 3259 3662 3313 initiandis.

2241 3356 2520 3434 'Scniori
2547 3395 2648 3435 suo
2668 3377 2731 3433 E.
2750 3378 2923 3436 infula
2944 3378 3251 3450 pontificale
3275 3375 3494 3431 cmlitus
3519 3368 3815 3438 indusiato,

2230 3464 2317 3538 P.,
2346 3470 2560 3526 abbatis
2580 3470 2800 3526 nomine
2820 3470 3046 3524 minime
3067 3469 3284 3540 dignus,
3308 3464 3574 3538 quidquid
3596 3463 3819 3520 domino

2235 3580 2449 3620 SBI'VUS.

2306 3654 2362 3710 Si
2395 3653 2717 3727 dignamini,
2741 3652 2818 3709 mi
2846 3653 3087 3721 domine,
3110 3665 3337 3709 necesse
3368 3650 3642 3706 habemus
3667 3646 3819 3701 ordi—

2232 3767 2366 3807 nare
2404 3750 2671 3822 quosdam
2714 3748 2947 3805 fratrum
2994 3758 3313 3805 nostrorum
3360 3745 3414 3800 in
3446 3742 3818 3799 ministerium

2233 3842 2450 3898 Domini
2481 3843 2547 3898 ad
2580 3843 2754 3899 altare
2790 3842 2847 3898 S.
2874 3841 3053 3898 Patris
3085 3840 3257 3896 nostri
3284 3836 3520 3906 Quirini,
3550 3851 3647 3891 eos
3676 3833 3824 3889 vide-

2232 3938 2361 3993 licet
2381 3937 2447 3992 de
2469 3952 2705 4008 quorum
2729 3936 2840 3991 vita
2864 3934 3046 3991 securi
3076 3948 3290 3998 sumus,
3319 3940 3380 3986 ut
3400 3931 3682 3984 humanus
3705 3941 3823 3997 pro-

2234 4032 2365 4086 bare
2394 4037 2575 4100 potest
2597 4028 2811 4084 oculus.
2842 4025 2980 4083 Nam
3012 4026 3227 4098 priores
3263 4023 3462 4078 fratres
3496 4020 3671 4075 nimio
3696 4034 3821 4074 con-

2235 4122 2359 4178 fecti
2391 4121 2546 4177 senio
2580 4120 2694 4191 jam
2717 4121 3029 4177 lassescnnt
3061 4117 3306 4174 invalidi.
3356 4113 3415 4169 Si
3455 4112 3692 4185 iubetis,
3733 4109 3822 4165 ubi

2235 4214 2321 4270 vel
2343 4213 2585 4283 quando,
2616 4212 2765 4283 loqui
2808 4212 3090 4268 vobiscum
3132 4209 3383 4264 desidero
3404 4221 3504 4278 pro
3527 4206 3699 4260 variis
3728 4218 3821 4257 uc-

2242 4304 2596 4371 cessitatibus
2614 4305 2764 4360 intus
2781 4313 2837 4359 et
2868 4303 3005 4360 foris
3025 4303 3183 4358 nobis
3204 4298 3641 4356 imminentibus.

2986 4416 3081 4476 XI.

616 4507 829 4563 Domno
853 4502 917 4562 Η.
944 4505 1246 4565 Christiani
1274 4505 1509 4581 agminis
1531 4507 1745 4566 ductori
1769 4508 2136 4579 nobilissimo,
2167 4502 2217 4565 D
2240 4514 2325 4571 Ad
2357 4510 2669 4572 Udalricum
2697 4509 2960 4570 comitem.
2994 4512 3104 4569 Pro
3132 4508 3467 4567 restitutione
3491 4529 3691 4577 rerum,
3713 4509 3825 4582 qui-

544 4592 633 4665 Ρη
666 4609 846 4655 vester
869 4598 1110 4656 famulus
1132 4617 1258 4656 cum
1283 4600 1566 4658 fratribus.

619 4689 715 4744 Die
747 4698 1021 4760 noctuque
1045 4689 1216 4746 Deum
1256 4709 1357 4763 pro
1396 4694 1573 4748 salute
1600 4700 1782 4749 vestra
1813 4688 2018 4764 iugiter
2042 4704 2138 4747 εχι-

545 4793 790 4834 oramus.
806 4778 1273 4849 Angustissimum
1296 4796 1477 4852 regem
1502 4783 1773 4838 seniorem
1795 4794 2045 4837 nostrum
2068 4780 2131 4836 ll.

546 4869 865 4940 rogavimus
888 4869 1047 4925 nobis
1069 4886 1101 4925 a
1130 4887 1189 4926 se
1212 4872 1438 4927 concedi
1459 4872 1755 4943 quemdam
1791 4873 1996 4938 locum,
2026 4870 2139 4926 Sci-

546 4960 726 5029 pbusa
774 4960 1140 5029 nominatum,
1171 4962 1237 5017 de
1284 4963 1500 5019 abbatia
1560 4948 1734 5019 nostri
1794 4964 2134 5019 monasterii.

548 5050 725 5118 Quam
756 5052 1073 5122 petitionem
1099 5054 1216 5124 ipse
1244 5054 1476 5127 benigne
1502 5056 1774 5126 suscepit,
1799 5065 1854 5111 et
1883 5057 2052 5127 jussit
2079 5065 2141 5112 ut

547 5141 837 5213 diligenter
880 5159 1009 5199 cum
1038 5145 1249 5201 nuntiis
1278 5146 1680 5221 inveniremus,
1720 5149 1853 5218 quid
1880 5158 1934 5204 et
1960 5165 2139 5220 quan-

550 5241 665 5264 Dum
693 5233 884 5266 ("hanc
932 5238 1077 5268 η-ιΑᾹ
1101 5240 1416 5270 ,Ληηανῖηιηδ
1463 5240 1616 5272 nunt‘
1643 5256 1767 5274 num
1795 5240 2114 5278 fornicatam-Ic

2527 4588 2621 4645 bus
2657 4585 2887 4657 [amulos
2918 4602 3041 4640 suos
3064 4581 3245 4639 Penno
3268 4583 3540 4655 spoliavit.

2315 4692 2528 4753 Domno
2551 4693 2618 4753 ν.
2649 4698 2839 4755 comiti
2867 4697 3231 4764 nobilissimo,
3260 4695 3352 4764 P.,
3386 4710 3691 4765 omnesque
3718 4692 3829 4748 fras

2243 4798 2376 4857 tres,
2405 4788 2628 4845 devotas
2658 4791 2954 4845 orationes.

2314 4880 2473 4948 Quod
2529 4881 2869 4951 praecepistis
2924 4894 3089 4952 super
3135 4892 3325 4935 servos
3385 4888 3647 4943 nostros,
3697 4892 3832 4948 quos

2244 4970 2434 5029 Penno
2466 4973 2705 5044 propriis
2747 4974 2910 5030 rebus
2951 4973 3224 5044 spoliavit,
3251 4970 3388 5025 nihil
3414 4969 3637 5041 penitus
3681 4970 3831 5025 nobis

2238 5064 2475 5138 profuit,
2507 5066 2601 5122 sed
2626 5065 2817 5137 objicit
2856 5066 3013 5121 nobis
3051 5080 3196 5119 nunc
3232 5063 3354 5131 hoc,
3398 5078 3548 5117 nunc
3572 5062 3706 5117 illud
3743 5078 3830 5132 per

2236 5158 2418 5214 varias
2450 5158 2983 5215 circumlocutiones.
3012 5156 3241 5213 Multum
3266 5171 3507 5227 namque
3544 5164 3832 5227 pudetnos

2240 5256 2289 5278 ΛΟ
2349 5249 2507 5278 θαλίη
2574 5249 2715 5278 ηιεηλ
2762 5265 2901 5278 amna
2929 5250 3127 5278 amn:onn
3154 5258 3375 5278 var-Araan
3394 5248 3500 5278 ιιι-ιιι
3533 5264 3631 5278 ‘vna
3666 5247 3820 5278 \M‘n-
