4038 6388
254 377 395 449 I517

984 495 1102 553 Xll.

252 620 336 693 Ad
361 622 424 679 ιι.
456 620 721 686 abbatem,
761 630 914 691 quem
944 623 1095 693 rogat
1120 623 1176 668 ut
1198 610 1420 693 ltongius
1450 604 1591 677 apud
1634 619 1687 658 se
1717 600 1830 671 ejus

712 684 917 745 servum
945 684 1166 742 retinere
1192 684 1368 736 liceat.

324 785 538 841 Damno
586 785 769 840 abbati
802 781 868 837 Β.
906 781 969 836 Ρ.
1012 780 1187 835 abbas
1242 775 1520 844 indignus,
1569 762 1835 839 quidquid

254 884 433 931 vester
456 876 683 930 devotus

324 964 557 1021 Nuntius
584 980 612 1019 a
646 963 804 1019 vobis
833 961 1038 1017 missus
1061 957 1211 1014 venit
1240 953 1306 1010 ad
1333 949 1624 1008 ouemdam
1662 942 1837 1000 servi-

1034 368 1402 433 ELLINGERI
1439 367 1732 427 ABBATIS
1770 360 2292 421 TEGERNSENSIS
2330 357 2716 416 EPISTOLAE.

1856 488 1907 549 Α
1932 491 2107 538 torem
2138 488 2413 545 nostrum,
2448 492 2544 548 per
2587 487 2750 545 quem
2786 470 2946 526 nobis
2982 470 3226 540 jusserat
3256 468 3530 540 hyperbo-

3386 356 3527 410 1⁸518

1938 576 2063 640 lice,
2099 580 2162 628 ut
2196 570 2263 626 R.
2302 584 2496 626 servus
2544 576 2725 622 vester
2752 563 3020 619 citissime
3064 561 3129 616 ad
3168 576 3269 616 vos
3298 559 3527 614 veniret.

1942 663 2046 720 Sed
2085 663 2445 733 deprecamur
2482 672 2551 711 ne
2586 656 2642 709 in
2677 654 2919 708 maxima
2960 650 3290 707 necessitate
3337 664 3460 703 eum
3492 662 3529 706 ει

1940 756 2102 811 nobis
2126 754 2350 818 tollatis,
2375 751 2505 820 quia
2532 747 2579 803 si
2610 762 2757 801 nunc
2784 743 2986 800 deserit
3012 759 3149 812 opus
3171 741 3317 813 quod
3341 738 3528 810 C(Bpit,

1943 845 2127 901 omnia
2153 858 2318 913 opera
2349 838 2635 911 praesentis
2679 835 2808 891 anni
2848 835 3067 907 penitus
3100 833 3366 888 habemus
3399 839 3529 902 per-

1941 938 2073 992 dita.
2113 934 2300 989 Valete
2524 980 2529 987 .
3106 926 3121 935 “

1616 1133 1813 1140 ._____—
1832 1127 2170 1137 -————-——.————

1538 1261 1670 1303 ANTE
1712 1257 1916 1299 IlEDlUl
1951 1251 2229 1297 SECULUI.

1144 1341 2697 1585 ELLINGEnUs

1490 1668 1714 1729 ABBAS
1754 1661 2029 1722 TEGERN
2037 1660 2166 1717 SEN
2173 1660 2299 1719 SIS.

1756 1821 1993 1846 Μ

990 1956 1850 2097 ELLINGERI
1908 1945 2777 2085 EPISTOLAL‘.

775 2213 979 2277 (Edidit
1008 2204 1075 2266 Β.
1103 2199 1166 2265 Ῑ).
1190 2204 1389 2263 Pszrns
1443 2194 1742 2259 Tltesaurus
1761 2198 1879 2255 Arte

1943 2207 2015 2253 at.
2055 2208 2171 2252 nov.
2201 2190 2267 2263 ν,
2294 2211 2332 2260 ι,
2362 2194 2484 2262 151,
2516 2209 2582 2250 ex
2606 2191 2726 2248 cod.
2753 2188 3038 2264 Tegerns.)

1334 2456 1349 2464 ι,
1370 2451 1487 2463 ,ιν-ν-.
1514 2454 1521 2459 ρ

1021 2487 1066 2545 1.

259 2593 344 2650 Ad
372 2583 768 2647 Froumundum
784 2579 1095 2638 monachum
1119 2574 1531 2650 Tegernsensem.
1546 2560 1622 2626 De
1641 2559 1846 2650 pptirna

331 2641 610 2718 suumerat:
659 2656 899 2712 eumdem
946 2653 1144 2713 animo,
1191 2641 1239 2702 Et
1279 2646 1463 2702 ordine
1514 2641 1846 2715 presbyterii,

332 2748 485 2806 quem
512 2721 857 2785 Froumundo
888 2721 1209 2795 gratulatur.

334 2802 603 2881 Comarco
647 2819 999 2881 Faouuusoo,
1048 2827 1202 2868 more
1243 2807 1508 2866 rosulenti
1539 2802 1846 2877 splenderis

262 2921 320 2975 in
350 2917 565 2975 cunctis
592 2913 840 2977 emerito,
871 2909 1230 2973 ELLINGEBUS,
1282 2902 1528 2958 omnium
1559 2899 1846 2955 hominum

260 3009 523 3076 extimus,
555 3002 819 3077 quidquid
846 3001 904 3055 in
949 2998 1172 3054 Christo
1214 2992 1461 3065 adoptari
1495 2998 1674 3062 potest
1693 2986 1848 3044 festi—

262 3099 409 3156 vius.

331 3191 474 3247 Cum
519 3188 707 3260 igitur,
755 3200 789 3241 o
840 3183 1034 3240 dilecte
1083 3178 1362 3251 magister,
1411 3175 1604 3231 intimo
1652 3171 1848 3229 aﬁ‘ect'u

260 3284 445 3341 cordis
499 3281 792 3336 meditarer
819 3284 882 3331 ut
929 3274 1115 3344 aliqua
1161 3265 1661 3340 irreprehensibilia
1703 3265 1849 3322 dicta

262 3384 459 3433 vestra:
481 3370 872 3430 benevolentiae
913 3364 1370 3437 composuissem,
1429 3370 1482 3416 et
1512 3358 1726 3416 inscitia
1762 3372 1849 3413 se-

264 3470 373 3524 mel
396 3476 450 3523 et
489 3481 631 3537 saepe
665 3462 951 3533 impediret
987 3457 1133 3529 quod
1166 3456 1502 3510 voluntatem
1537 3452 1847 3516 delectaret,

265 3571 399 3617 tunc
427 3560 648 3615 demum
680 3555 941 3620 conﬁsus,
966 3550 1271 3619 baculoque
1296 3544 1466 3601 vestri
1500 3543 1695 3600 secreti
1726 3558 1853 3596 con-

264 3653 499 3717 solatus,
528 3646 762 3719 speravi,
795 3657 1111 3715 quanquam
1164 3645 1295 3696 sunt
1345 3634 1723 3706 vituperanda,
1768 3641 1851 3687 ta-

265 3758 393 3798 men
428 3757 539 3795 non
577 3753 700 3795 esse
729 3753 760 3791 a
803 3735 960 3791 vobis
1005 3728 1357 3803 propalanda,
1394 3726 1522 3797 quia
1577 3740 1684 3779 non
1713 3738 1851 3793 prae-

268 3833 618 3905 sumptionis,
649 3831 745 3887 sed
779 3826 1086 3885 dilectionis
1123 3830 1252 3879 sunt
1299 3820 1517 3874 indicia.
1552 3817 1657 3872 Sed
1688 3825 1748 3871 ut
1781 3832 1846 3870 ex
1875 3835 1921 3897 ρ

266 3926 374 3980 hoc
396 3924 541 3979 nulla
565 3920 892 3992 ambiguitas
918 3917 1127 3980 subeat,
1181 3908 1314 3982 quin
1356 3911 1522 3966 vestri
1559 3922 1715 3963 amor
1740 3906 1848 3962 mei

268 4016 461 4072 intima
493 4012 727 4071 cubiculi
742 4025 972 4081 semper
1001 4014 1213 4071 exurat,
1244 4012 1299 4059 et
1333 4004 1400 4059 de
1424 4010 1602 4058 vestra
1627 4015 1851 4071 prospe—

268 4108 430 4162 ritate
473 4121 685 4161 summe
711 4104 964 4176 gaudeat,
1020 4096 1353 4154 omnimodis
1384 4094 1638 4164 deposco.
1669 4090 1852 4161 Nuper

266 4214 398 4254 vero
425 4196 688 4267 comperi,
730 4194 876 4264 quod
910 4208 995 4247 me
1039 4189 1234 4245 aﬂ‘ectu
1276 4187 1534 4242 animavit
1556 4185 1853 4241 inedicibili

266 4214 398 4254 vero
425 4213 688 4267 comperi,
730 4208 876 4264 quon
910 4208 995 4247 me
1039 4208 1234 4245 anecm
1276 4208 1849 4242 antmavnmeutcmtu

210 4208 522 4367 κἴνίᾶειὶοειῇ
544 4304 640 4343 vos
668 4286 784 4341 fore
812 4292 1120 4355 promotum
1145 4281 1211 4336 ad
1240 4280 1483 4335 ordinem
1506 4279 1849 4350 presbyterii.

267 4379 386 4448 Qua
411 4381 478 4435 de
504 4395 563 4435 re
600 4379 740 4434 ﬂexo
791 4377 992 4448 poplite
1025 4374 1208 4446 ﬂagito
1249 4381 1517 4442 quatenus
1546 4371 1654 4425 mei
1678 4370 1852 4424 inﬁmi

270 4472 535 4528 memoria
586 4471 729 4540 apud
776 4485 873 4525 vos
928 4476 1167 4531 maneat,
1219 4473 1280 4519 ut
1344 4463 1511 4518 vestri
1576 4462 1720 4532 apud
1765 4477 1852 4517 me

270 4564 482 4620 ﬁrmius
529 4564 808 4618 inhtereat.
861 4559 987 4615 Haec
1026 4559 1169 4613 enim
1210 4557 1363 4610 valde
1404 4555 1697 4618 laetiﬁcant,
1732 4569 1853 4622 qua!

269 4656 433 4710 verba
465 4655 779 4726 prophetica
810 4659 1069 4707 resonant
1097 4669 1109 4704 :
1135 4648 1242 4703 Cor
1275 4647 1566 4702 contritum
1593 4655 1647 4700 et
1674 4644 1854 4700 humi-

270 4749 461 4802 liatum
495 4746 638 4802 Deus
672 4761 781 4801 non
812 4744 1039 4814 spernit.
1072 4741 1256 4796 Valete
1549 4740 1552 4745 ⁴

1031 4834 1095 4889 ΙΙ.

271 4928 727 5001 AdiEgilbertum,
750 4937 815 5001 ut
848 4928 1071 4991 videtur,
1100 4925 1398 5001 episcopum
1434 4921 1848 5001 Frisingcnsem.

346 4995 511 5082 Rogat
546 5010 601 5081 ut
629 4999 915 5082 quemdam
941 5007 1203 5082 pastorem
1242 4995 1489 5049 adversus
1525 4995 1698 5047 avium
1727 5008 1853 5046 sua-

343 5069 461 5124 ruin
483 5069 712 5140 injurias
739 5079 787 5123 et
812 5069 1038 5122 insidias
1067 5077 1298 5120 tueatur.

344 5162 482 5231 Quia
525 5163 728 5217 notitiae
762 5160 1050 5215 innotescit
1102 5167 1301 5213 nostra:
1348 5156 1723 5213 excellentiam
1755 5169 1849 5208 ve~

240 4350 245 4359 λ

1876 2477 1927 2544 Β
1950 2476 2207 2550 abjicere,
2236 2486 2332 2550 per
2358 2472 2513 2535 deVia
2548 2476 2808 2533 vitiorum
2835 2476 3088 2544 errando,
3113 2476 3309 2535 divina:
3330 2486 3535 2550 pascua

1951 2572 2339 2644 custodiasque
2388 2573 2543 2644 legis.
2606 2570 2834 2642 Insuper
2876 2571 3096 2640 quidem
3140 2587 3266 2627 cum
3315 2574 3533 2629 easdem

1945 2664 2141 2736 gliscat
2169 2664 2503 2734 paenitentiae
2549 2662 2961 2718 medicamentis
3014 2677 3115 2719 ceu
3172 2663 3417 2720 humeris
3464 2661 3536 2721 ad

1948 2758 2090 2813 ovile
2116 2759 2307 2814 matris
2330 2757 2586 2813 Ecclesia:
2609 2766 2909 2827 reportare,
2958 2756 3132 2813 ferina
3164 2759 3239 2815 ita
3273 2761 3539 2816 exardent

1947 2850 2120 2918 rabie,
2165 2850 2420 2906 dentibus
2455 2848 2672 2904 invidias
2710 2848 2861 2906 hunc
2900 2848 3219 2918 dilacerare,
3260 2859 3322 2906 ut
3344 2867 3540 2906 rerum-

1949 2954 2050 2998 uas
2075 2942 2328 3011 desperet
2369 2940 2563 2995 mortis
2615 2955 2673 2994 se
2702 2950 2863 3009 posse
2897 2939 3099 2995 talibus
3133 2941 3375 2997 devitarc
3402 2941 3539 2998 insi‘

1947 3032 2075 3099 diis,
2122 3032 2230 3088 nisi
2292 3032 2343 3087 ei
2387 3030 2714 3102 quantocius
2766 3031 2946 3088 inesse
2999 3033 3197 3089 vestris
3237 3034 3539 3105 dignemini

1946 3122 2236 3193 praesidiis.
2286 3120 2399 3177 Nos
2440 3122 2675 3191 denique
2717 3119 3120 3190 intercapedine
3166 3129 3245 3177 tot
3286 3123 3537 3178 locorum

1947 3215 2283 3285 elongautes,
2329 3213 2592 3283 quoniam
2639 3213 2851 3267 nullum
2881 3214 2933 3268 ei
2972 3213 3365 3270 adminiculum
3392 3231 3536 3286 prte—

1945 3307 2076 3363 bere
2117 3306 2414 3372 valeamus,
2465 3305 2521 3359 in
2576 3320 2775 3361 manus
2816 3313 3013 3362 vestrae
3046 3308 3304 3376 potentiae
3334 3323 3457 3365 eum
3481 3318 3537 3364 et

1949 3396 2054 3451 hoc
2080 3395 2550 3463 commendamus,
2585 3402 2858 3466 quatenus
2907 3396 3332 3453 misericorditer
3360 3399 3535 3469 ipsius

1947 3487 2200 3558 querelas
2227 3486 2561 3557 suscipiatis,
2601 3498 2765 3558 atque
2806 3488 3104 3560 episcopali
3146 3491 3399 3546 eumdem
3433 3509 3535 3547 auo

1948 3578 2200 3633 ctoritate
2246 3593 2346 3648 pro
2388 3580 2609 3634 nomine
2657 3578 2861 3636 Christi
2897 3580 3222 3649 defendatis,
3266 3598 3369 3639 nec
3396 3599 3534 3639 con-

1948 3670 2252 3737 sentiendo,
2301 3671 2614 3742 iniquorum
2669 3674 2875 3744 peccati
2923 3674 3306 3731 oﬂ‘endiculum
3338 3684 3534 3732 vestra:

1949 3765 2169 3835 aliquod
2193 3765 2567 3821 sanctimoniae
2591 3766 2851 3836 ingeratis
2873 3768 3198 3837 periculum.

2697 3878 2786 3935 IlI.

1950 3974 2033 4027 Ad
2064 3973 2130 4028 Ι).
2154 3975 2472 4045 episcopum.
2504 3973 2757 4039 Queritur
2781 3972 2842 4027 ob
2873 3972 3132 4045 prafdium
3182 3971 3245 4025 ab
3268 3971 3382 4042 ejus
3410 3970 3536 4027 sub-

2170 4045 2299 4099 ditis
2325 4043 2587 4099 uastatum
2613 4055 2662 4098 et
2697 4045 2893 4109 iniuste
2922 4043 3305 4097 abalienatum.

2022 4134 2235 4191 Domno
2269 4134 2331 4190 D.
2365 4135 2731 4205 pontiﬁcalem
2757 4134 3037 4191 decoranti
3078 4134 3334 4189 thronum
3362 4133 3536 4187 virtu-

1952 4236 2088 4292 tum,
2117 4226 2178 4280 E.
2210 4242 2317 4282 una
2346 4242 2472 4282 cum
2517 4226 2798 4297 subjectis,
2838 4241 3131 4296 perennem
3162 4241 3288 4281 cum
3318 4223 3535 4282 Domini

1951 4319 2312 4389 principatum
2336 4318 2543 4374 electis.

2025 4411 2094 4466 Ut
2144 4411 2469 4467 rcscivimus
2542 4425 2661 4477 vos,
2723 4409 3017 4479 prtesulum
3073 4408 3531 4475 reverentissime,

1950 4503 2257 4558 ordinatum
2286 4501 2402 4557 fore
2442 4502 2603 4557 istius
2644 4500 2939 4571 provinciae
2960 4507 3246 4566 rectorem,
3278 4498 3536 4568 sperahav

1952 4611 2096 4658 mus,
2128 4595 2277 4649 velut
2316 4602 2370 4648 et
2416 4593 2595 4648 adhuc
2626 4606 2752 4661 spes
2796 4600 2985 4646 nostra
3005 4601 3089 4646 est
3113 4592 3241 4657 ﬁxa,
3274 4589 3535 4645 divinitus

1952 4690 2229 4759 provisum
2267 4703 2388 4744 esse
2411 4702 2510 4742 vos
2541 4684 2803 4755 orphanis
2826 4684 2969 4738 haud
3014 4684 3197 4738 minus
3241 4690 3453 4753 patrem
3480 4688 3537 4736 et

1953 4782 2278 4851 adjutorem,
2314 4794 2478 4849 quam
2507 4775 2792 4831 monachis
2830 4790 2931 4845 pro
2956 4775 3073 4845 ipsa
3101 4776 3418 4830 excellentia
3441 4790 3534 4829 ve-

1952 4883 2078 4929 strze
2099 4871 2314 4942 pietatis
2334 4869 2546 4940 asylum
2564 4883 2627 4924 ac
2640 4865 3003 4923 defensorem.
3029 4865 3229 4923 Verum
3249 4864 3533 4936 praedium,

1952 4966 2098 5037 quod
2124 4965 2351 5035 largitus
2383 4972 2466 5018 est
2486 4962 2671 5017 Caesar
2692 4958 2979 5014 Heinricus
3026 4958 3188 5030 regia:
3221 4956 3534 5016 donationis

1952 5059 2136 5113 charta
2166 5056 2490 5113 stabiliendo
2502 5062 2691 5109 nostro
2710 5052 3061 5115 monasterio,
3077 5057 3137 5106 ut
3157 5066 3188 5105 a
3204 5048 3531 5121 quibusdam

1952 5149 2243 5207 didicimus
2283 5148 2371 5203 vix
2401 5145 2692 5210 credendo,
2720 5159 2751 5199 a
2793 5153 2977 5198 vestro
3004 5143 3345 5198 devastatum
3374 5139 3535 5195 nobis

273 5208 398 5311 stt;
432 5252 739 5309 sanctitatis
766 5266 983 5307 omnem
1014 5249 1156 5303 viam
1206 5248 1333 5303 odio
1358 5248 1558 5301 habere
1597 5245 1855 5315 iniquita.
1882 5208 1928 5267 θ
1958 5242 2297 5297 abalienatur
2324 5239 2569 5309 imperio.
2602 5208 2806 5292 Arbitri
2832 5250 2962 5291 vero
3010 5242 3175 5289 testes
3208 5232 3532 5288 adhibentur

274 5348 368 5415 tis,
401 5347 473 5403 ob
501 5346 555 5402 id
578 5343 921 5401 conducibile
948 5341 1207 5397 duximus
1241 5355 1457 5395 errores
1487 5339 1644 5394 vobis
1677 5338 1854 5407 palili-

242 5454 419 5505 care,
462 5454 602 5509 quos
635 5444 854 5492 constat
904 5432 1075 5489 vestri
1126 5447 1416 5488 censuram
1463 5429 1852 5487 moderaminis

270 5540 597 5603 respectare.
653 5529 759 5586 Iste
810 5543 942 5583 vero
999 5534 1206 5598 pastor,
1276 5524 1623 5596 praesentium
1662 5529 1849 5577 vector

271 5620 596 5689 litterarum,
625 5620 679 5675 in
706 5618 997 5690 prasentia
1027 5615 1201 5673 nostri
1238 5614 1427 5671 eﬁ‘udit
1452 5629 1677 5670 suarum
1711 5627 1847 5683 que,-

272 5713 561 5769 rimoniam
586 5711 949 5777 miseriarum,
985 5708 1249 5780 quasdam
1292 5707 1481 5763 dolens
1516 5720 1647 5761 oves
1679 5703 1783 5759 sibi
1811 5718 1844 5758 a

304 5809 452 5858 estra
480 5800 850 5859 dominatione
887 5799 1166 5857 commissi
1194 5799 1389 5871 gregis,
1430 5796 1674 5854 funditus
1696 5796 1843 5852 calce

1957 5334 2012 5388 in
2035 5333 2140 5389 hoc
2161 5327 2331 5388 fundo
2353 5330 2488 5386 nihil
2515 5346 2546 5384 a
2568 5328 2727 5383 nobis
2754 5342 2873 5384 esse
2886 5332 3228 5396 usurpatum,
3252 5323 3356 5379 nisi
3386 5322 3532 5393 quod

1953 5425 2185 5481 Cmsaris
2215 5430 2482 5494 ιιι-ποθι)ιο
2508 5422 2578 5477 ab
2604 5421 2739 5493 ipsis
2765 5428 2953 5477 nostro
2985 5418 3235 5475 coenobio
3264 5433 3389 5475 cum
3419 5427 3529 5471 ter-

1951 5516 2102 5570 mino
2126 5523 2213 5571 est
2229 5521 2728 5587 praemonstratum,
2762 5522 2923 5583 atque
2967 5511 3021 5565 in
3048 5508 3336 5582 praesentia
3367 5506 3531 5562 vestri

1947 5608 2223 5677 vestrique
2264 5607 2510 5662 advocati
2548 5606 2785 5678 legitime
2824 5604 3119 5660 ﬁrmatum.
3180 5600 3299 5670 Qua
3347 5600 3415 5655 de
3471 5614 3531 5654 re

1949 5699 2169 5770 quidem
2196 5713 2541 5769 summopere
2568 5697 2924 5768 eﬁlagitamus
2944 5698 3043 5767 pro
3064 5694 3283 5751 nomine
3308 5691 3529 5747 Domini

1948 5800 2110 5875 atque
2131 5789 2424 5878 «ample
2456 5789 2690 5877 Quirini,
2740 5805 2993 5874 ne_c__non
3039 5789 3109 5845 ob
3134 5795 3328 5844 vestrae
3349 5800 3529 5840 reme-

2169 5869 2441 5876 μιαν-...ῆν
2466 5870 2485 5876 .ν
2506 5866 2725 5876 ..ι-ο...-
2742 5863 2923 5874 ..ιη-...ιο

2506 5866 2675 5877 ραι-ι.-
