4038 6386
134 350 163 405 1
180 349 283 407 Ξὶί·
308 351 313 357 ’

991 347 1317 404 UDAL"lCl
1353 344 1650 407 ABBATIS
1685 345 2163 405 TEGERSENSIS
2200 345 2583 403 EPISTOLE.

3284 350 3429 406 1322

129 465 328 520 dalum
362 462 604 535 patiatur
641 462 859 527 hostile,
888 463 1080 533 sicque
1120 463 1331 533 liquido
1352 470 1611 534 appareat
1639 477 1736 518 ve-
1765 470 1812 525 Α
1841 461 2097 517 collatam
2122 461 2226 517 sibi
2247 459 2801 530 divinituspontiﬁcii
2832 460 3207 515 excellentiam
3227 475 3325 532 par
3348 469 3431 518 est

129 558 244 612 ιιι-ἱ
266 557 716 628 consanguinitas
748 572 878 626 erga
920 571 979 611 se
1005 557 1198 626 quanti
1243 555 1442 610 valeat.
1484 551 1735 624 Namque
1842 555 2102 610 coronari
2126 570 2230 625 per
2252 554 2650 624 compassionis
2675 552 3037 607 clementiam.

718 879 913 971 ΕΡἸ
932 874 1481 971 TAPHIUM
1552 877 2205 968 ELLINGERI
2275 806 2771 968 'ABBATIS

1150 1064 1425 1137 (Manut...
1452 1064 1696 1119 Analecl.
1729 1079 1854 1120 nov.
1882 1066 2037 1131 edit.,
2066 1084 2188 1140 pag.
2224 1069 2374 1137 457.)

1638 1223 1911 1239 —

115 1373 240 1430 “llic
259 1372 519 1452 Ellingeri
548 1382 852 1428 noscuntur
878 1372 1124 1428 membra
1145 1372 1342 1438 teneri,

204 1466 462 1532 Quicum
482 1464 698 1533 iustitia
718 1473 1002 1533 respuerat
1027 1464 1176 1518 vitia.

124 1558 383 1617 Moribus
405 1557 665 1613 abbatum
696 1556 901 1613 sanctis
929 1556 1201 1613 decorans
1225 1554 1591 1623 dominatum,

199 1652 345 1706 Cum
378 1650 576 1720 pietate
599 1650 774 1720 patris
796 1648 1097 1720 praefuerat
1118 1649 1425 1705 monachis.

123 1742 393 1814 Pervigili
414 1756 547 1803 cura
575 1740 702 1796 tulit
724 1741 952 1796 asseclis
978 1742 1230 1797 nocitura
1262 1760 1275 1795 :

174 1896 177 1897 γ
204 1832 557 1889 Laetificando
586 1832 788 1903 probos
816 1833 1082 1901 corripuit
1111 1832 1392 1903 reprobos.

111 1925 146 1979 .1
158 1926 367 1981 astruit
392 1924 662 2003 exemplis~
693 1932 924 1981 cunctos
946 1926 1238 1995 plusquam
1267 1924 1612 1979 documentis
1652 1944 1663 1978 :

206 2014 399 2072 Pravis
418 2017 670 2083 ditlicilis,
710 2017 935 2071 mitibus
965 2027 1020 2072 et
1042 2015 1239 2071 facilis.

123 2107 402 2163 Slundum
427 2108 695 2178 despexit,
722 2106 854 2163 dum
876 2108 1059 2163 carnis
1086 2107 1328 2178 pondera
1356 2107 1523 2171 vexit,

200 2198 439 2256 Calcans
466 2216 632 2256 carne
669 2202 873 2267 solum,
902 2209 1084 2256 mente
1104 2202 1340 2272 petendo
1364 2201 1570 2271 polum.

120 2294 259 2364 Jugi
281 2294 583 2352 multarum
609 2309 671 2350 se
696 2293 847 2351 fonte
874 2294 1032 2350 luens
1060 2295 1452 2366 lacrymarum,

211 2385 334 2441 Mox
364 2385 503 2442 laetis
524 2386 699 2442 oculis
720 2386 948 2441 siluerat
969 2386 1206 2456 populis.

127 2478 359 2549 Sprevit
376 2479 600 2536 divitias
620 2506 644 2534 -.
677 2521 691 2535 .
725 2520 740 2534 .
774 2520 788 2535 .
815 2487 1005 2551 utpote
1028 2479 1253 2535 delutas

210 2571 388 2629 Laetos
412 2574 570 2643 cujus
592 2586 725 2643 opes
754 2572 1122 2642 praestiterant
1150 2571 1361 2641 inopes.

129 2661 316 2733 tiujus
340 2663 635 2720 contritam
664 2662 929 2719 dederant
950 2662 1161 2733 jejunia
1191 2663 1382 2727 vitam,

212 2746 449 2829 Largam
482 2758 805 2824 muneribus
828 2747 1034 2830 ‘oppido
1060 2758 1412 2831 pauperibus.

1758 1342 1805 1431 Β
1830 1369 2143 1442 Numquam
2166 1387 2271 1442 pro
2304 1370 2525 1427 Christo
2551 1372 2645 1428 tali
2673 1388 2900 1430 caruere
2929 1375 3216 1454 ministro,

1907 1461 2067 1531 Quod
2100 1463 2362 1534 populum
2389 1463 2565 1529 latuit,
2596 1464 2691 1520 sed
2722 1463 2959 1521 Domino
2990 1466 3184 1536 patuit.

1842 1546 1912 1611 Ut
1946 1557 2274 1612 dilexissem
2303 1556 2456 1611 illum
2482 1557 2772 1627 plusquam
2802 1556 3135 1625 timuissent,

1903 1648 2146 1704 Blandus
2178 1649 2465 1719 discipulis
2490 1650 2572 1705 sic
2592 1646 2780 1705 fuitac
2806 1647 3049 1705 famulis.

1837 1739 2056 1796 Nullum
2082 1740 2379 1807 damnavit,
2410 1756 2575 1811 quem
2590 1739 2798 1810 judicio
2828 1739 3148 1811 superavit:

1916 1832 2102 1889 Solers
2137 1834 2407 1898 consiliis,
2431 1834 2755 1890 commodus
2782 1833 3020 1888 auxiliis.

1836 1926 2062 1993 Mundo,
2090 1927 2221 1983 dum
2253 1927 2406 1993 vixit,
2440 1942 2498 1981 se
2525 1941 2626 1997 pro
2656 1924 2891 1981 Domino
2912 1924 3221 1993 cruciﬁxit,

1908 2019 2142 2075 Gestaris
2174 2035 2326 2074 arma
2366 2018 2549 2075 crucis
2571 2018 2699 2074 talis
2724 2034 2910 2073 amore
2934 2017 3110 2074 ducis.

1837 2110 2112 2167 Doctrina:
2142 2110 2319 2165 rivum
2347 2110 2586 2182 prudens
2609 2117 2829 2182 pectore
2856 2110 3043 2166 vivum
3062 2152 3077 2175 ,

1908 2202 2020 2259 Hoc
2046 2203 2151 2259 sibi
2186 2204 2479 2275 contiguos
2507 2202 2709 2259 fecerat
2738 2202 2995 2275 irriguos.

1838 2294 2167 2351 Fornicibus
2187 2296 2388 2365 pictam
2415 2295 2510 2366 qui
2533 2295 2777 2365 jusserat
2799 2294 2888 2350 hic
2909 2293 3026 2350 fore
3052 2305 3324 2368 cryptam,

1909 2387 1986 2443 Ac
2016 2387 2117 2443 sibi
2144 2387 2375 2443 vicinam
2400 2386 2673 2442 construit
2700 2386 3007 2442 ecclesiam.
3226 2392 3229 2395 ’

1840 2479 1937 2536 llic
1960 2496 2170 2535 memor
2197 2480 2253 2534 in
2284 2479 2476 2550 primis
2500 2486 2794 2549 percuncta
2826 2479 3042 2550 negotia
3072 2476 3218 2549 linis,

1909 2573 2150 2630 Crimina
2182 2574 2264 2630 sic
2283 2566 2742 2644 domuifcorpore
2763 2573 2893 2628 dum
2917 2573 3107 2645 viguit.

1841 2664 1977 2719 Pace
2000 2673 2322 2719 coronatum
2351 2664 2475 2719 caeli
2512 2653 2858 2733 requiescere
2883 2663 3096 2731 flatum,

1906 2755 2168 2811 Lectores
2200 2754 2454 2825 precibus
2480 2756 2689 2825 poscite
2719 2755 3077 2827 supplicibus.

919 2934 1121 2944 ο..,...---

1442 3051 1580 3091 ANTE
1620 3048 1827 3088 κευιωι
1861 3046 2138 3086 διεριῖινκ.

1043 3196 2535 3362 UDALRICUS

1378 3464 1603 3521 ABBAS
1638 3457 2185 3517 TEGER‘NSENSIS.

934 3713 1701 3852 UDALRICI
1761 3712 2628 3842 E'PISTOL/E.

749 3916 954 4013 (Edidit
981 3936 1047 3993 Β.
1076 3935 1141 3993 P.
1175 3933 1487 3991 Bernardus
1510 3930 1709 3987 Penus
1737 3927 1995 3984 Thesauri
2033 3926 2286 3982 Anecdot.
2327 3944 2443 3983 nov.
2481 3925 2545 3993 ν,
2591 3945 2629 3994 ι,
2656 3929 2810 3997 928.)

145 4372 231 4447 Ad
364 4367 428 4447 [f.
460 4365 680 4447 ιίξε..Νἱ
720 4362 975 4447 Nikgrttm
1002 4379 1083 4433 ep.
1116 4360 1378 4447 Frisium]
1416 4361 1737 4447 episcopum,

220 4441 289 4496 ad
312 4431 1073 4511 quiemﬁahﬁumﬂ‘ﬁ'wb
1120 4431 1413 4511 es“???
1453 4431 1739 4511 """Wf

220 4498 364 4566 reum
378 4510 567 4580 defert,
592 4509 740 4579 eique
763 4505 826 4561 G.
850 4505 1163 4559 canonicum
1185 4503 1350 4572 sufﬁci
1366 4503 1422 4554 in
1440 4498 1738 4570 parochiuli

218 4598 430 4636 munere
457 4588 628 4651 rogat.

210 4736 282 4794 'P.
307 4744 536 4794 cunctos
556 4731 844 4793 coronanti
867 4727 1157 4802 pontiﬁces
1191 4736 1396 4784 nostra:
1415 4726 1592 4781 artatis
1617 4741 1737 4780 ma-

136 4833 372 4889 turitate
406 4828 824 4901 sapientissimae
843 4822 1084 4899 pietatis,
1112 4819 1177 4876 ν.
1205 4820 1431 4877 inﬁmus
1453 4819 1735 4885 abbatum,

148 4926 389 4983 cmlestis
413 4923 581 4979 curia:
614 4927 884 4977 senatum.

225 5039 437 5096 Nostra:
462 5036 655 5094 ditioni
683 5033 945 5091 clericum
1010 5028 1314 5085 Baberium
1375 5026 1739 5097 assignatum,

152 5133 344 5188 multis
382 5128 752 5199 comperimus
783 5122 1112 5180 criminibus
1164 5119 1650 5183 eommaculatum,
1686 5128 1740 5173 et

155 5242 266 5282 non
289 5225 474 5279 minus
502 5221 745 5277 facinore
773 5214 1156 5271 fascinationis
1180 5212 1295 5267 fore
1324 5200 1736 5276 exsecrabilem,

152 5332 321 5388 quam
362 5313 587 5370 infamia
608 5308 865 5368 adulterii
896 5304 1333 5375 vituperabilem.
1378 5301 1456 5360 Ex
1482 5303 1589 5383 hoc
1617 5303 1740 5374 qui—

156 5409 280 5463 dem
308 5405 454 5461 haud
489 5405 810 5475 ignoramus
836 5398 939 5455 sibi
964 5395 1261 5451 commisso
1284 5394 1432 5466 gregi
1459 5395 1737 5475 exemplo-j

155 5515 281 5555 rum
309 5497 667 5555 adiﬁcatione
688 5492 828 5548 nihil
861 5491 1009 5547 hunc
1030 5487 1312 5559 prodesse,
1362 5501 1553 5543 verum
1605 5501 1737 5542 suo—

161 5606 282 5646 rum
311 5588 557 5645 anfractu
584 5598 831 5641 errorum
868 5579 1099 5635 multum
1122 5577 1337 5641 obesse,
1378 5576 1742 5648 universaque

160 5683 277 5753 lege
327 5676 729 5737 Cbristianismi
780 5681 943 5742 atque
970 5669 1141 5741 gratia
1188 5668 1466 5738 baptismi,
1497 5685 1598 5723 nec
1632 5684 1740 5723 non

162 5777 324 5832 etim
352 5789 451 5845 pro
473 5772 587 5828 suis
608 5768 783 5839 culpis
810 5778 999 5820 carere
1030 5762 1242 5831 plebem
1269 5762 1564 5817 missarum
1584 5763 1741 5817 cele-

198 5862 213 5871 “
298 5848 307 5873 ³
386 5866 389 5869 ’
488 5852 1103 5925 ”ῙἈτιὶοι..’(ΖΧ[;Ιὶ“
1214 5878 1217 5879 ⁷
1414 5858 1415 5861 “

1764 4208 1806 4263 c
1838 4200 2054 4256 britate.
2090 4196 2230 4252 Nam
2260 4196 2367 4250 hoc
2406 4194 2661 4258 refertur,
2714 4192 2862 4264 quod
2896 4200 2983 4249 est
3032 4192 3342 4252 miserabile
3362 4208 3441 4256 ac

1842 4291 2213 4365 lacrymabile,
2243 4304 2410 4361 quam
2437 4289 2625 4359 plures
2673 4287 2919 4358 ejusdem
2971 4287 3158 4359 populi
3207 4303 3275 4344 ex
3328 4289 3437 4344 hoc

1842 4386 2041 4443 saeculo
2066 4372 2333 4456 migrasse
2357 4382 2477 4439 sine
2496 4389 2844 4453 peccatorum
2866 4380 3213 4437 confessione
3229 4390 3284 4437 et
3303 4381 3434 4436 abs-

1839 4496 1946 4550 que
1986 4478 2171 4534 viatici
2202 4474 2611 4539 communione,
2665 4488 2768 4529 nec
2818 4487 2930 4528 non
2956 4472 3122 4528 etiam
3171 4474 3228 4527 in
3277 4487 3434 4543 sepe.

1840 4571 2021 4627 liendo
2077 4568 2197 4624 sine
2241 4568 2552 4621 animarum
2612 4564 3104 4619 commendatione.
3142 4562 3281 4630 Quia
3300 4579 3434 4618 vero

1841 4678 1950 4717 non
1974 4661 2151 4717 solum
2176 4659 2255 4714 rei
2282 4666 2413 4714 sunt
2434 4657 2530 4729 qui
2559 4655 2789 4720 faciunt,
2835 4656 2929 4711 sed
2956 4655 3051 4726 qui
3078 4656 3436 4713 consentiunt

1843 4752 2193 4818 facientibus,
2219 4759 2384 4822 atque
2420 4750 2488 4805 ad
2527 4749 2851 4819 magistrum
2902 4748 3128 4819 respicit
3161 4748 3435 4820 quidquid

1828 4860 1872 4899 .a
1894 4843 2178 4913 discipulis
2199 4841 2558 4912 delinquitur,
2596 4854 2698 4911 pro
2737 4839 2937 4894 talibus
2990 4840 3242 4895 dolemus
3264 4840 3436 4912 negli-

1840 4935 2039 5008 gentiis
2074 4941 2423 5006 peccatorum
2470 4931 2631 4987 nobis
2669 4930 3006 4986 accumulari
3053 4939 3433 5002 augmentum,

1840 5034 2185 5096 vestramque
2207 5040 2460 5081 veremur
2488 5023 2832 5079 sanctitatem
2884 5020 3106 5092 aliquod
3137 5021 3212 5077 ob
3238 5022 3290 5077 id
3320 5024 3433 5093 pati

1841 5118 2037 5173 anima:
2063 5117 2472 5173 detrimentum.
2511 5114 2783 5182 Quocirca
2805 5130 2925 5179 vos,
2956 5113 3308 5170 dilectissime
3330 5114 3435 5169 Pa-

1842 5218 1944 5273 ter,
1978 5209 2252 5279 supplices
2271 5208 2651 5280 elllagitamus,
2691 5214 2965 5277 quatenus
2992 5214 3175 5261 vestro
3195 5207 3398 5262 canoni
3417 5239 3437 5249 υ

1841 5316 1907 5356 co
1938 5298 2001 5354 G.
2046 5300 2187 5355 hanc
2209 5299 2635 5355 ecclesiasticam
2675 5313 2799 5353 cum
2838 5307 3024 5353 nostra
3074 5296 3278 5353 familia
3335 5314 3404 5354 cu

1840 5407 1957 5446 ram
1981 5390 2198 5446 interim
2223 5389 2638 5455 commendetis,
2677 5389 2858 5461 quoad
2885 5397 3079 5445 vestra:
3113 5390 3252 5445 viva:
3274 5391 3428 5447 vocis
3468 5448 3477 5457 ,

1840 5481 2202 5543 collocatione
2227 5491 2471 5539 nostram
2502 5480 2845 5552 praesentiam
2871 5479 3177 5545 laetiticetis,
3202 5490 3298 5538 aut
3329 5482 3429 5540 do-

1845 5576 2021 5632 necin
2048 5585 2230 5632 vestro
2254 5573 2498 5647 synodali
2552 5574 2772 5627 decreto
2815 5572 3125 5643 dijudicetis
3177 5574 3307 5644 quid
3358 5574 3430 5629 de

1849 5669 1953 5723 hoc
1983 5666 2201 5739 negotio
2229 5665 2574 5721 certitudinis
2595 5664 2868 5720 statuatis.
2923 5662 3168 5734 Namque
3216 5664 3429 5720 instituo

1848 5762 1919 5817 tis
1942 5768 2137 5816 vestra:
2164 5757 2393 5814 nimium
2423 5758 2744 5813 veneranda:
2780 5757 3119 5829 paternitatis
3170 5772 3202 5811 n
3248 5756 3427 5813 emti-

3068 5849 3146 5909 52
