4066 5330
596 87 734 185 1325

1754 107 2232 174 CODESCHALKI
2273 113 2708 182 SEQUENTI.E.

3731 114 3867 171 43'}!

593 242 696 296 bus
719 240 804 294 bis
841 251 962 303 nos,
992 244 1052 291 ut
1084 251 1184 306 par
1208 244 1311 298 est,
1339 234 1796 303 obtemperantes,
1830 233 1985 302 juxta
2035 247 2164 284 nor-
2198 232 2238 286 Α
2269 245 2413 284 nunc
2443 229 2687 300 supremi
2709 237 2835 282 ante
2858 226 3099 282 tribunal
3131 225 3479 297 imperatoris
3511 230 3701 284 munia
3730 241 3868 300 ς’ξηι

593 346 738 386 mam
761 328 990 400 justitiae
1011 327 1369 398 pernoscatis.

589 532 672 586 Ad
713 531 776 587 ϐ.
804 531 1332 601 arclaipresbyterum,
1383 538 1441 581 ut
1471 528 1696 591 videtur,
1760 524 2173 601 Fristngensem,

693 612 751 657 ut
783 599 1021 658 eumdem
1053 599 1340 656 lia/teriam
1369 601 1482 653 loco
1510 608 1710 653 moveat
1746 607 1795 652 et
1839 599 2085 668 deponat.

660 697 700 766 -ιι
727 695 931 752 Christi
957 675 1299 750 solummodo
1324 691 1495 764 gratia
1520 691 1586 746 ad
1611 691 1712 746 hoc
1735 690 1968 745 collatus
1990 687 2174 742 Domi-

590 789 735 857 nico,
771 788 917 860 quod
951 795 1165 859 praeest,
1211 785 1340 840 ovili
1367 793 1552 840 custos
1578 783 1890 853 deputatus,
1925 780 1968 836 G
1992 780 2172 851 digni-

593 890 756 936 tatem
782 876 1260 949 archipresbyterii
1285 891 1382 946 per
1420 889 1691 930 summam
1739 870 2021 927 decoranti
2081 885 2171 925 sa-

589 974 868 1044 pientiam,
896 971 1065 1027 totius
1086 969 1395 1025 devotionis
1431 965 1826 1022 excellentiam.

658 1062 984 1120 Nostrorum
1029 1059 1290 1116 relatione
1343 1059 1582 1114 ﬁdelium
1635 1055 1863 1127 cognovi
1925 1063 2170 1110 nostrum

587 1156 848 1212 clericum
877 1154 1059 1209 Raher
1083 1160 1279 1208 vestra:
1304 1149 1584 1208 subditum
1609 1148 1775 1222 [cod.,
1801 1155 1987 1202 noster
2010 1147 2169 1202 cleri-

585 1265 684 1305 cus
733 1246 1009 1319 subditus]
1050 1241 1472 1318 gubernationi,
1527 1241 1883 1298 commissum
1932 1254 2168 1310 gregem,

584 1358 745 1414 quem
777 1357 876 1412 par
902 1340 1006 1396 fuit
1039 1348 1267 1410 paterno
1295 1351 1484 1392 amore
1528 1349 1750 1406 pascere
1773 1341 1826 1388 et
1855 1341 2062 1403 potare,
2087 1333 2171 1386 lu-

584 1433 732 1504 pina,
756 1432 902 1503 quod
933 1446 1041 1486 non
1068 1431 1240 1495 timet,
1266 1429 1564 1500 rapacitate
1586 1427 1898 1497 dispergere
1924 1441 1988 1479 ac
2024 1424 2168 1478 lace-

583 1541 723 1580 rare.
753 1523 869 1592 Qua
907 1523 974 1579 de
1017 1538 1076 1578 re
1099 1531 1336 1578 vestram
1387 1519 1619 1590 cﬂlagito
1677 1517 2024 1572 dilectionem
2074 1531 2170 1586 per

2283 322 2571 377 adversum
2601 337 2701 376 nos
2729 319 2988 376 delatoris
3020 327 3184 390 atque
3207 322 3570 376 accusatoris.
3593 320 3870 376 Commis-

2278 430 2353 470 sae
2377 423 2558 469 autem
2584 414 2688 470 sibi
2712 414 2884 484 plebis
2915 429 3082 484 quam
3105 413 3428 468 damnosam
3475 421 3659 468 teneat
3701 415 3872 486 negli-

2277 506 2537 576 gentiam,
2565 521 2666 576 par
2685 514 2771 560 est
2800 521 2898 576 per
2941 513 3180 560 vestram
3228 505 3476 576 indagari
3517 506 3869 576 sapientiam,

2277 613 2346 652 ne
2369 598 2608 668 aliquam
2638 598 2842 665 anima,
2879 606 2941 653 ut
2959 597 3180 665 dicitur,
3212 606 3392 654 vestra
3421 616 3488 653 ex
3537 599 3645 654 hoc
3681 600 3872 656 subeat

2276 690 2331 744 in
2384 689 2571 746 futuro
2617 691 2846 760 periculi
2901 690 3364 763 magniﬁcentiam
3407 690 3553 762 (sic),
3589 691 3725 763 quia
3760 707 3872 748 nou

2277 783 2455 838 solum
2487 784 2567 839 rei
2604 793 2732 838 sunt
2754 785 2848 854 qui
2877 783 3107 850 faciunt,
3133 783 3228 839 sed
3255 784 3350 854 qui
3380 783 3712 840 facientibus
3742 801 3867 840 con-

2276 875 2536 930 sentiunt.
2564 873 2721 942 Quod
2752 891 2883 932 vero
2910 891 3079 932 uxore
3103 892 3204 932 sua
3241 877 3421 932 adhuc
3449 876 3668 932 vivente
3707 878 3873 933 aliam

2273 967 2448 1035 duxit,
2473 977 2741 1038 quantum
2770 969 2822 1022 in
2868 969 2972 1025 hoc
3010 970 3272 1040 populum
3323 969 3424 1024 sibi
3470 970 3745 1025 creditum
3782 971 3874 1027 de-

2275 1061 2495 1130 struxit,
2527 1071 2717 1117 nostra
2753 1062 2880 1117 licet
2906 1078 3070 1132 super
3096 1062 3204 1117 hoc
3223 1061 3496 1118 intimatio
3521 1071 3754 1130 taceret,
3781 1079 3877 1118 ve-

2274 1163 2403 1210 strze
2439 1162 2619 1211 tamen
2654 1155 2960 1226 prudentiae
2991 1154 3045 1210 id
3082 1155 3450 1225 perscrutanti
3479 1154 3630 1211 haud
3657 1155 3872 1212 lateret.

2273 1247 2536 1315 Quamvis
2585 1257 2837 1303 nostrum
2896 1261 2962 1302 ex
2987 1247 3178 1302 eodem
3233 1248 3546 1303 caanobinm
3598 1249 3875 1319 permulta

2275 1339 2541 1393 sustineat
2565 1337 2886 1409 temporalia
2909 1337 3258 1404 detrimenta,
3285 1346 3475 1393 tamen
3513 1337 3633 1393 haec
3685 1340 3874 1394 omnia

2273 1440 2665 1502 postponentes
2721 1431 2996 1486 aeternalis
3059 1431 3184 1502 plus
3231 1433 3490 1486 timemus
3539 1431 3876 1486 calamitatis

2272 1537 2581 1599 augmenta.
2608 1527 2725 1596 Qua
2755 1528 2822 1584 de
2849 1543 2907 1583 re
2932 1543 3259 1600 magnopere
3317 1526 3653 1597 ﬂagitamus,
3689 1532 3873 1580 vestra

582 1632 826 1671 amorem
856 1615 1123 1681 divinum.
1145 1621 1309 1684 atque
1330 1621 1550 1683 propter
1572 1619 1822 1667 sanctum
1854 1608 2168 1676 Quirinum.
2206 1595 2246 1648 Β
2277 1595 2594 1674 utialmitas
2628 1595 2816 1675 nostro
2842 1595 3116 1674 desiderio
3136 1595 3470 1689 ‘0pitulctur,
3517 1625 3568 1672 et
3623 1617 3876 1672 ecclesiae

582 1722 684 1763 nec
707 1722 816 1762 non
858 1707 928 1762 ob
970 1715 1217 1761 nostrum
1259 1704 1562 1771 servitium,
1609 1711 1879 1775 quatenus
1924 1709 2166 1756 vestrum

581 1800 703 1854 sine
725 1797 984 1854 dilatione
1018 1796 1272 1854 statuatis
1293 1795 1576 1866 placitum,
1609 1796 1665 1849 in
1688 1810 1798 1865 quo
1831 1793 1950 1863 ejus
1983 1792 2170 1847 crimi-

581 1906 652 1946 na
675 1889 1212 1959 examinandojuxta
1245 1889 1415 1960 legem
1449 1887 1898 1952 Christianitatis,
1924 1901 1987 1940 ac
2014 1900 2168 1939 cum-

581 1983 704 2038 dem
727 1984 793 2038 de
817 1983 1125 2038 commissae
1149 1981 1320 2054 plebis
1381 1982 1645 2053 regimine
1703 1980 2007 2050 deponatis.
2060 1978 2167 2034 Sed

580 2089 650 2130 ne
679 2074 1086 2130 Christianismi
1142 2090 1260 2130 mos
1302 2073 1434 2128 inibi
1466 2074 1686 2144 aliquod
1726 2073 1945 2128 interim
1987 2073 2168 2142 capiat

579 2168 986 2233 detrimentum,
1019 2183 1184 2238 posco
1218 2175 1276 2221 ut
1298 2174 1488 2221 nostro
1512 2166 1731 2231 clerico,
1791 2165 1947 2219 vobis
1992 2164 2168 2218 conti-

578 2277 707 2331 guo,
741 2260 1029 2316 ecclesiam
1059 2276 1183 2315 cum
1224 2260 1478 2315 omnibus
1522 2259 1686 2336 {cbus
1718 2257 1785 2313 ad
1829 2272 1950 2313 eam
1997 2258 2166 2327 perti-

579 2354 836 2409 nentibus
895 2351 1290 2419 cemmittatis,
1359 2349 1540 2423 quoad
1586 2350 1710 2406 viva
1763 2365 1898 2406 voce
1949 2358 2169 2405 nosmet

578 2446 956 2517 compellando
1016 2445 1319 2517 legitimum
1383 2444 1510 2500 huic
1559 2442 1777 2515 negotio
1839 2443 2002 2498 ﬁnem
2063 2443 2165 2496 im-

578 2544 814 2606 ponatls.
868 2536 988 2592 Non
1037 2539 1186 2592 enim
1245 2537 1422 2592 solum
1478 2537 1559 2592 rei
1607 2544 1735 2591 sunt
1787 2535 1881 2606 qui
1937 2534 2164 2601 faciunt,

580 2631 674 2687 sed
727 2629 820 2702 qui
883 2629 1104 2686 facienti
1171 2629 1540 2686 consentiunt.
1602 2627 1684 2684 0b
1746 2630 1850 2684 hoc
1904 2629 2168 2685 crimino-

579 2739 724 2790 sum,
765 2730 986 2794 propter
1025 2722 1269 2793 ejusdem
1305 2721 1712 2788 oll‘endiculum,
1767 2721 1964 2776 animae
2013 2737 2167 2776 vere-

577 2831 703 2870 mur
725 2816 907 2871 subire
966 2815 1288 2886 periculum.
1333 2812 1596 2881 Quamvis
1631 2828 1760 2868 vero
1813 2827 2042 2868 munera
2069 2813 2167 2867 ob—

576 2916 782 2962 cmcant
815 2907 1004 2963 oculos
1057 2907 1405 2978 sapientium,
1457 2913 1638 2960 tamen
1675 2903 1755 2964 ab
1813 2903 1919 2959 hoc
1953 2905 2163 2958 nullum

576 3008 686 3057 tam
710 3002 1040 3073 acceptabile
1082 3001 1411 3072 impenditur
1447 2998 1605 3054 nobis
1658 2996 2016 3062 famulitium,
2059 3012 2165 3060 pro

573 3109 686 3171 quo
707 3096 938 3152 velimus
959 3094 1226 3150 infernale
1249 3094 1459 3150 solvere
1489 3078 1838 3162 supplicium.

1035 3279 1119 3337 Ad
1144 3205 1476 3335 eumdelrltLde
1499 3277 1696 3332 eodem.

643 3371 920 3442 Quantum
950 3373 1109 3429 nobis
1137 3372 1434 3429 facietenus
1473 3370 1667 3444 ingerit
1689 3368 2028 3426 confusionis
2072 3384 2164 3422 "u-

571 3468 782 3534 borem,
817 3475 1030 3522 tantum
1065 3466 1245 3521 cordis
1269 3480 1471 3519 arcana
1522 3464 1806 3534 patiuntur
1863 3476 2156 3518 maerorem

571 3562 718 3634 quod
742 3577 842 3632 pro
890 3561 986 3616 tali
1017 3575 1074 3614 re
1116 3559 1311 3614 litteris
1339 3553 1560 3612 nostra:
1591 3555 1881 3628 legationis
1909 3562 2022 3608 tam
2041 3553 2154 3608 l‘re-

572 3663 800 3725 quenter
823 3653 1266 3723 tranquillitatem
1298 3651 1602 3724 inquietare
1633 3658 1828 3722 vestrae
1855 3663 2023 3720 cogor
2051 3649 2153 3702 do-

571 3746 909 3801 minationis.
942 3743 1080 3799 Nam
1111 3751 1312 3800 nostra:
1332 3741 1565 3798 clericus
1587 3740 1830 3808 ditionis,
1862 3739 1958 3812 qui
1984 3755 2154 3809 saepe-

572 3851 801 3891 numero
830 3835 988 3891 nobis
1033 3834 1258 3906 ingessit
1278 3835 1596 3906 scrupulum
1646 3834 1962 3889 nonnullius
1983 3833 2154 3888 oll'en-

570 3929 762 3993 sionis,
785 3943 977 3983 verum
1028 3943 1241 3997 semper
1274 3927 1521 3983 munitus
1559 3935 1755 3983 vestra:
1795 3927 1934 3986 asilo
1961 3924 2155 3982 defen-

571 4021 766 4087 sionis,
807 4020 940 4076 nihil
973 4036 1215 4093 unquam
1272 4036 1471 4092 passus
1515 4027 1599 4076 est
1638 4019 2155 4087 animadversionis,

2274 1719 2548 1780 quatenus
2577 1728 2608 1767 a
2637 1727 2694 1768 se
2715 1712 3012 1783 repudiatae
3059 1711 3259 1784 dignus
3290 1725 3582 1768 successor
3609 1709 3875 1783 subroga-

2273 1813 2380 1858 tur.

3017 1939 3105 1996 IV.

2269 2052 2352 2105 Ad
2381 2053 2618 2126 eumdem
2661 2054 2727 2106 de
2768 2054 2946 2126 eodem
2985 2055 3196 2126 clerico,
3244 2071 3397 2126 quem
3440 2054 3685 2125 queritur
3720 2054 3872 2110 nutu

2345 2124 2498 2176 modo
2527 2141 2580 2177 se
2607 2126 2834 2195 quivisse
2862 2125 2934 2178 ad
2967 2124 3234 2180 meliorem
3257 2124 3478 2197 frugem
3525 2126 3794 2180 reducere.

2339 2260 2384 2314 A
2408 2269 2588 2316 vestra
2639 2260 2953 2332 accipiendo
2989 2261 3362 2316 dominatione
3397 2260 3697 2329 licentiam,
3740 2278 3867 2317 cum

2269 2362 2519 2410 nostrum
2563 2353 2756 2408 vellem
2799 2353 3059 2410 clericum
3089 2353 3292 2420 Raher,
3329 2353 3488 2424 juxta
3536 2355 3865 2410 canonicam

2267 2447 2540 2502 discutere
2561 2447 2997 2517 congruentiam,
3057 2463 3114 2503 se
3149 2446 3380 2519 praebuit
3415 2447 3673 2502 rebellem
3702 2456 3870 2518 atque

2267 2548 2636 2610 arrogantem,
2659 2540 2912 2609 quamvis
2942 2555 3029 2594 me
3055 2550 3281 2610 paterno
3320 2539 3550 2596 sentiret
3567 2556 3756 2596 amore
3789 2541 3862 2596 si-

2269 2631 2322 2686 bi
2379 2631 2758 2686 auxiliantem.
2805 2630 2943 2686 Nam
2996 2632 3357 2702 jurejurando
3383 2632 3434 2687 ei
3463 2633 3716 2688 omnium
3745 2650 3872 2704 qua:

2268 2729 2458 2777 contra
2482 2739 2570 2778 me
2600 2723 2710 2778 ullo
2737 2723 2900 2778 modo
2955 2723 3143 2794 gessit,
3190 2723 3417 2794 promisi
3454 2725 3864 2795 impunitatem,

2267 2812 2535 2868 duntaxat
2569 2813 2943 2868 Christianam
2980 2822 3171 2870 contra
3198 2813 3518 2886 religionem
3547 2825 3864 2886 susceptam

2266 2905 2546 2961 desereret
2579 2905 2947 2976 iniquitatem.
2984 2903 3184 2961 Verum
3211 2921 3373 2976 super
3405 2907 3492 2961 his
3514 2918 3726 2977 quanta
3748 2909 3866 2978 ejus

2270 2998 2572 3054 exstitisset
2593 2997 2914 3069 pertinacia,
2938 2999 3288 3070 praesentium
3320 3007 3505 3054 vector
3530 3000 3864 3067 litterarum,

2271 3092 2317 3146 si
2339 3091 2564 3162 jubetis,
2591 3099 2774 3163 utpote
2807 3092 2901 3163 qui
2926 3100 3111 3147 nostro
3131 3090 3376 3147 interfuit
3398 3092 3703 3163 colloquio,
3729 3110 3833 3163 pan

2270 3183 2360 3239 det
2384 3185 2670 3240 veritatem
2712 3185 2922 3256 absque
2950 3185 3186 3251 fallacia,
3239 3185 3369 3256 quia
3395 3194 3639 3241 vestram
3674 3201 3865 3242 vereor

2271 3274 2717 3347 grandazvitatem
2748 3277 3075 3348 inquietare,
3107 3277 3154 3333 si
3179 3277 3300 3348 ejus
3323 3279 3722 3334 controversis
3744 3286 3860 3334 stu-

2270 3368 2374 3424 deo
2389 3369 2644 3440 ambages
2675 3370 2964 3425 scribcndo
2984 3380 3177 3426 vestra:
3202 3371 3518 3440 paternitati
3548 3371 3859 3427 enucleare.

2264 3460 2567 3532 lnpraifato
2595 3461 2817 3532 quidem
2847 3463 3085 3533 negotio,
3122 3463 3385 3533 quoniam
3407 3471 3657 3518 vestrum
3681 3463 3864 3519 abnuo

2263 3557 2521 3612 clericum
2553 3556 2851 3627 praeterire,
2882 3557 3081 3625 partim
3102 3572 3200 3612 vos
3239 3556 3290 3611 id
3320 3573 3428 3612 non
3457 3557 3698 3624 nescire,
3722 3567 3784 3612 ut
3816 3557 3861 3611 si

2261 3650 2576 3704 exorbitans
2605 3647 2780 3704 noluit
2800 3649 2978 3704 redire
3000 3649 3070 3704 ad
3090 3648 3235 3704 viam
3266 3648 3495 3719 justitia:
3533 3665 3666 3704 cum
3724 3649 3859 3704 leni-

2261 3750 2392 3807 tate,
2420 3742 2612 3795 saltem
2654 3748 2883 3810 cogatur
2915 3739 3229 3810 asperitatc.
3268 3739 3352 3794 Ad
3381 3740 3497 3796 haec
3537 3739 3742 3796 scitote
3775 3755 3860 3793 me

2261 3833 2544 3890 humiliter
2561 3833 2858 3904 elllagitare
2879 3841 3152 3903 quatenus
3172 3832 3462 3888 ecclesiam
3487 3849 3519 3887 a
3562 3849 3624 3889 se
3673 3834 3857 3887 deser-

2258 3934 2372 3981 tam
2399 3926 2600 3984 clerico
2627 3942 2790 3996 quem
2829 3926 2985 3982 vobis
3025 3925 3202 3999 dirigo
3233 3925 3538 3998 dignemini
3594 3926 3856 3981 tradendo

2261 4019 2666 4076 commendare.

1911 4363 2043 4403 ANNO
2085 4363 2268 4401 DO‘IIINI
2308 4365 2535 4404 “XXXIX.

860 4533 2207 4696 GODESCHALKI
2321 4533 3520 4718 SEQUENTI/E.

1679 4787 1926 4858 (DANIEL,
1959 4786 2212 4842 Thesaur.
2232 4787 2466 4858 hymnol.
2500 4785 2565 4856 ll,
2596 4789 2666 4842 57

2033 4943 2423 4960 ~—

803 5175 868 5230 1η
901 5173 1245 5230 Conuersione
1274 5174 1444 5227 sancti
1481 5171 1645 5226 Pauli
1671 5169 1916 5241 apostoli.

578 5327 582 5330 Α
647 5267 690 5320 l.
725 5265 873 5321 Dixit
895 5264 1159 5320 Dominus
1191 5283 1202 5318 :
1229 5263 1306 5319 Ex
1342 5263 1520 5321 Basan
1551 5273 1868 5319 convertam
1910 5278 2144 5318 conver-

2177 5081 2226 5138 1)
2313 5077 2368 5132 2.
2392 5074 2551 5142 Quod
2567 5073 2703 5130 dixit
2723 5082 2777 5128 et
2798 5071 2947 5140 fecit,
2966 5069 3194 5126 Saulum
3217 5077 3277 5124 ut
3294 5070 3518 5137 stravit,
3549 5071 3787 5132 Paulum
3806 5087 3851 5131 et

2368 5168 2445 5223 ult
3424 5210 3427 5211 ν

2368 5178 2445 5223 ult
3424 5210 3427 5211 ,

2257 5178 2377 5315 Sta3:.
2405 5261 2508 5316 Per
2541 5258 2779 5315 Verbum
2811 5273 2971 5314 suum
3004 5256 3375 5320 incamatum,
3406 5270 3512 5324 per
3541 5260 3700 5328 quod
3738 5259 3848 5315 fecit
