4038 6386
170 310 199 367 1
214 306 324 367 529

1359 302 1837 371 GODESCHALKI
1879 317 2056 387 SEQU
2066 320 2315 379 ENTIIE.

3319 334 3457 389 1550
3494 356 3497 359 λ

252 430 342 485 22.
385 424 615 484 Hemits
654 436 833 521 spreta
862 442 991 498 quo
1028 444 1217 485 mensa
1248 430 1437 488 altaris
1470 432 1547 488 tui
1583 449 1768 490 mensa
1800 440 1845 494 A
1870 447 2109 508 quatuor
2129 441 2185 497 hi
2220 458 2472 513 proceres
2508 445 2562 499 in
2592 444 2765 518 plagis
2789 456 2946 504 terrae
2965 457 3202 520 quatuor
3228 444 3459 521 evangcé

172 521 364 593 ipsum
391 527 442 575 te
472 520 602 575 dum
630 518 922 587 sumimus,
962 535 1127 591 super
1153 521 1249 576 tibi
1279 523 1595 592 psallamus.

938 658 1029 714 IV.

575 772 645 829 In
686 773 958 830 Diuisione
1005 775 1387 847 apostolorum.

258 887 309 942 1.
348 887 486 943 C(eli
519 897 777 944 enarrant
803 888 1032 959 gloriam
1058 888 1152 945 Dei
1182 888 1305 945 Filii
1333 878 1495 946 verbi
1518 891 1773 947 incarna-
1808 916 1817 921 -

173 979 246 1047 ti,
270 978 400 1035 facti
420 980 489 1035 de
513 989 659 1035 terra
682 980 826 1036 oculi.

251 1072 310 1126 2.
354 1070 480 1127 Haec
508 1072 655 1127 enim
680 1073 854 1144 gloria
886 1073 989 1128 soli
1021 1071 1256 1128 Domino
1287 1083 1372 1129 est
1394 1090 1657 1145 congrua,

242 1158 307 1218 ‘3.
348 1161 556 1219 Nomen
584 1174 669 1221 est
690 1166 849 1236 cujus
873 1166 1055 1236 magni
1077 1166 1291 1221 consilii
1325 1166 1568 1238 angelus.

252 1256 310 1310 4.
351 1254 498 1311 Istud
522 1258 813 1312 consilium
852 1258 1006 1327 lapso
1042 1259 1252 1313 homini
1284 1259 1549 1314 auxilium
1572 1267 1656 1314 est
1678 1277 1775 1314 an-

175 1348 398 1417 tiquum
424 1356 481 1403 et
501 1347 830 1418 profundum
855 1359 909 1405 et
934 1365 1123 1405 verum
1171 1349 1374 1407 factum
1398 1351 1532 1407 solis
1563 1360 1776 1407 tantum

174 1441 391 1495 sanctis
424 1440 724 1511 cognitum.

252 1532 308 1587 5.
352 1531 491 1587 Cum
539 1532 765 1605 angelus
810 1533 937 1602 iste,
977 1535 1143 1589 homo
1174 1533 1352 1590 factus
1405 1551 1470 1589 ex
1524 1536 1773 1602 muliere,

174 1622 547 1680 immortalem
575 1625 642 1680 de
671 1626 912 1694 mortali,
938 1626 1005 1682 de
1027 1635 1171 1682 terra
1194 1626 1321 1682 fecit
1342 1629 1646 1694 coelum,ex
1677 1629 1776 1683 ho-

174 1716 331 1771 mine
351 1718 624 1788 angelum.

1876 530 2105 589 lizantcs
2131 536 2338 590 trinum
2369 544 2423 590 et
2444 552 2634 591 unum.

1950 625 2034 679 11.
2074 626 2343 694 Andreas,
2368 627 2607 685 Jacobus
2630 639 2879 701 uterque,
2904 631 3208 703 Philippus,
3230 631 3464 689 Bartho-
3502 650 3507 661 ·

1814 708 1815 711 “
1875 717 2127 785 Iomams,‘
2190 718 2403 788 Simon,
2462 719 2791 790 'I‘baddteus,
2832 722 3087 791 Joannes,
3126 724 3364 782 Thomas
3409 736 3463 781 et

1875 808 2163 867 Matthaeus
2209 811 2496 868 duodecim
2547 814 2783 885 judiees,
2845 831 2954 871 non
3011 817 3080 871 ab
3128 833 3239 872 uno
3278 818 3372 873 sed
3408 818 3461 873 in

1876 917 2048 957 unum
2072 902 2255 969 divisi,
2283 919 2379 973 per
2401 905 2587 960 urbem
2625 905 2833 962 divisos
2857 908 2909 962 in
2936 924 3107 963 unum
3137 908 3425 980 colligunt:

1953 995 2034 1048 12.
2075 993 2133 1049 In
2163 1011 2380 1050 omnem
2410 1005 2610 1051 terram
2635 997 2808 1053 exivit
2840 1014 3012 1054 sonus
3035 1015 3249 1067 eorum,
3318 1026 3321 1029 λ

1950 1087 2037 1140 15.
2080 1086 2146 1141 Et
2168 1087 2222 1140 in
2250 1074 2387 1143 lines
2412 1089 2561 1144 orbis
2594 1098 2752 1145 terra:
2777 1090 2944 1145 verba
2966 1106 3179 1147 eorum.

1928 1177 2034 1232 ’1-1.
2077 1177 2252 1245 Quam
2306 1181 2538 1250 speciosi
2582 1181 2745 1252 pedes
2778 1183 3266 1255 evangelizantium
3296 1183 3463 1251 bona,

1875 1270 2286 1339 praedicantium
2318 1287 2528 1342 pacem,

1953 1360 2037 1416 l5.
2080 1360 2358 1432 Sanguine
2401 1361 2606 1418 Christi
2663 1364 2958 1434 redemptis
3006 1364 3088 1420 ita-
3123 1364 3458 1440 dicentium:

1879 1450 2032 1518 Sion,
2065 1454 2312 1523 regnabit
2331 1452 2476 1509 Deus
2498 1464 2650 1521 tuus,

1952 1544 2035 1599 16.
2079 1544 2183 1612 Qui
2217 1546 2383 1601 verbo
2412 1547 2611 1602 saecula
2637 1545 2783 1614 fecit,
2825 1547 2971 1618 quod
3010 1563 3107 1618 pro
3144 1547 3302 1607 nobis
3328 1547 3462 1603 Vtr-

1877 1637 2006 1692 bum
2037 1654 2167 1693 caro
2205 1638 2408 1695 factum
2444 1650 2525 1695 est
2553 1640 2606 1693 in
2633 1640 2738 1695 line
2758 1641 3106 1695 saeculorum.

1952 1730 2037 1784 17.
2080 1729 2194 1785 Hoc
2249 1732 2476 1785 verbum
2536 1732 2684 1802 quod
2742 1732 3124 1801 praedicamus,
3177 1729 3503 1790 Christum.

252 1807 307 1863 6.
351 1806 449 1864 Hic
469 1819 554 1865 est
575 1809 843 1866 Dominus
874 1813 1216 1867 exercituum
1246 1812 1412 1881 Deus,
1444 1814 1603 1885 cujus
1648 1822 1776 1869 sunt
1808 1796 1850 1850 Β
1878 1823 2197 1877 cruciﬁxum
2222 1824 2317 1895 qui
2348 1824 2480 1877 vivit
2505 1833 2559 1879 et
2587 1832 2777 1894 regnat
2799 1823 2941 1879 Deus
2962 1824 3016 1878 in
3039 1824 3210 1880 cmiis.

172 1901 360 1973 angeli
390 1901 449 1957 in
475 1911 679 1959 terram
705 1903 861 1960 missi
886 1905 1121 1974 apostoli
1152 1924 1164 1959 :

256 1994 307 2047 7.
345 1994 555 2061 Quibus
576 2013 634 2052 se
669 1996 848 2068 ipsum
870 1996 1053 2051 vivum
1102 1998 1334 2067 prazbuit
1376 2014 1667 2070 resurgens
1720 2000 1776 2053 in

174 2085 371 2141 multis
394 2089 730 2160 argumentis
756 2104 945 2160 pacem
975 2089 1171 2145 mortis
1194 2091 1367 2145 vietor
1387 2093 1663 2146 nuntians.

253 2177 309 2232 8.
349 2176 461 2233 Pax
487 2179 665 2244 vobis,
690 2196 792 2252 ego
818 2197 966 2246 sum,
987 2181 1184 2252 inquit,
1210 2183 1378 2238 nolite
1397 2183 1513 2253 jam
1543 2183 1735 2239 timere
1760 2204 1770 2237 :

172 2270 475 2339 praedicam
500 2273 726 2328 verbum
759 2272 855 2329 Dei
879 2281 1145 2329 creaturae
1166 2275 1316 2329 omni
1340 2291 1527 2330 coram
1556 2276 1776 2347 regibus

173 2371 237 2417 et
266 2363 627 2434 principibus.

253 2455 307 2510 9.
351 2453 505 2512 Sicut
536 2457 683 2511 misit
714 2473 802 2513 me
826 2457 987 2514 Pater
1012 2468 1065 2515 et
1083 2476 1182 2532 ego
1213 2461 1370 2516 mitto
1403 2476 1503 2517 vos
1526 2460 1582 2516 in
1614 2476 1776 2515 mun-

175 2550 347 2605 dum:
376 2560 552 2606 estote
570 2567 700 2625 ergo
726 2552 1020 2622 prudentes
1055 2553 1199 2609 sicut
1242 2564 1545 2624 serpentes,
1606 2564 1777 2611 estote

178 2650 245 2696 ut
273 2643 542 2699 columba:
570 2645 872 2715 simplices.

258 2736 345 2791 10.
387 2735 527 2794 Iliae
569 2736 762 2794 Petrus
811 2738 1042 2795 Romam
1091 2741 1465 2809 apostolorum
1525 2741 1777 2813 princeps

179 2828 344 2895 adiit,
373 2827 576 2887 Paulus
607 2831 875 2887 Graeciam
902 2833 1101 2902 ubique
1146 2834 1348 2890 docens
1390 2835 1643 2905 gratiam,
1697 2843 1778 2890 ter

180 2941 530 2999 Prtecursore
571 2943 788 2999 Domini
816 2947 1181 3002 haberentur:
1238 2947 1396 3003 hodie
1425 2949 1479 3002 in
1530 2947 1775 3004 Romana

181 3009 431 3089 E_e_cies_ia
446 3013 663 3089 festum
691 3015 920 3089 Joannis
943 3018 1263 3089 primarium
1288 3019 1393 3073 ritu
1415 3019 1632 3089 quidem
1670 3019 1775 3074 du-

181 3084 346 3166 plicis
556 3102 681 3166 cum
706 3086 912 3166 Qctava
941 3082 1004 3144 ac
1032 3088 1327 3166 Deeoilatio
1362 3082 1608 3166 ejusdem
1660 3092 1777 3166 olli-

183 3155 277 3226 cio
299 3155 501 3226 duplici
535 3157 731 3226 majori
791 3168 1060 3226 servatur,
1094 3159 1187 3215 sed
1220 3161 1272 3214 in
1315 3155 1502 3216 multis
1527 3160 1779 3215 diuecesi~

181 3225 294 3301 bus
323 3225 431 3281 non
464 3225 700 3301 amplius
728 3236 813 3301 est
857 3228 1054 3301 festum
1097 3230 1203 3285 fori
1259 3230 1343 3285 vel
1367 3231 1570 3301 populi.
1607 3230 1783 3300 Atque

184 3294 768 3371 Protestatitesipsius
784 3299 1185 3371 Lutheriverba
1214 3294 1598 3371 neglexerunt:
1636 3320 1654 3353 ι
1696 3294 1777 3356 St.

186 3364 418 3439 {cannis
451 3367 574 3439 Fest
603 3364 692 3422 des
727 3369 949 3439 Triulers
973 3370 1076 3424 soll
1114 3388 1234 3425 man
1266 3364 1464 3425 bleiben
1486 3371 1681 3438 lassen,
1714 3390 1782 3426 an

189 3435 310 3526 dent
364 3438 477 3491 sich
521 3438 619 3492 das
668 3438 810 3494 Neve
845 3435 1159 3495 'Testament
1213 3442 1539 3566 ange{angen
1583 3435 1697 3527 hat.
1759 3464 1776 3494 ι

192 3505 430 3566 (\Valch.
475 3506 656 3566 XXII.
710 3510 894 3566 l510.)
941 3510 1176 3566 Ideoaue
1214 3528 1270 3566 ιιι
1306 3528 1559 3566 nurmns
1598 3512 1776 3566 Iacclc-

192 3505 430 3583 (iy'alcli.
475 3506 667 3583 ξῖἰίῐἈ
710 3510 894 3583 1510.)
941 3510 1176 3583 Ideoque
1214 3505 1559 3582 iit—plurimis
1598 3512 1782 3569 Eccle—

191 3577 293 3633 siis
318 3580 404 3667 pila
448 3577 1016 3667 “Joannis-memoria
1061 3577 1207 3654 jacet
1257 3577 1651 3667 sepulta—LI.
1687 3584 1778 3667 Ps.

191 3663 340 3715 XLVI,
363 3648 415 3703 6.
448 3648 498 3703 7.
532 3649 766 3727 _P__sallite
795 3651 905 3727 Deo
935 3648 1137 3721 nostra,
1162 3648 1412 3727 psallite;
1432 3652 1649 3727 psallite
1675 3658 1784 3727 regi

192 3728 396 3794 nostro,
414 3720 656 3794 psallite.
677 3720 942 3794 Quoniam
970 3738 1062 3778 rex
1085 3720 1256 3777 omnis
1285 3720 1442 3779 terra?
1461 3720 1785 3794 Deus,psal-

191 3789 287 3865 lite
305 3791 590 3865 sapienter.
618 3790 752 3848 Ad.:
792 3792 1239 3865 Hortaturpoeta
1267 3794 1517 3865 populum
1539 3795 1609 3848 ad
1632 3789 1781 3865 psal-

192 3860 427 3936 lendum,
451 3864 622 3931 primo
645 3863 821 3936 semel
857 3865 913 3918 in
951 3860 1164 3919 laudem
1214 3860 1275 3918 et
1305 3860 1534 3936 gloriam
1590 3860 1786 3921 divinae

192 3930 409 4008 deitatis
440 3930 693 4008 quantum
736 3935 823 4008 _ad
850 3930 1390 4008 _ess_entiam,_deinde
1420 3945 1500 3989 ter
1528 3946 1785 4008 quantum

194 4001 265 4053 αλ
294 4018 563 4077 personas.
596 4002 750 4077 Quod
784 4005 1039 4060 subtilius
1076 4006 1349 4075 prolatum
1380 4015 1484 4071 est,
1519 4001 1684 4077 quam
1726 4015 1786 4063 ut

193 4071 373 4145 possit
394 4072 633 4145 probari.
678 4074 906 4145 Propter
954 4071 1244 4131 numerum
1299 4071 1634 4145 syllabarum
1678 4094 1785 4133 vox

195 4140 429 4221 Iesaltit'e
559 4140 865 4221 tantumln
889 4146 995 4201 hoc
1022 4155 1291 4221 commate
1310 4140 1472 4221 debet
1494 4147 1616 4221 legi.
1645 4149 1781 4221 5—2.

193 4210 637 4302 Erlinicitliara.
776 4215 878 4302 10..
897 4225 951 4271 et
973 4234 1021 4272 c.
1052 4218 1105 4272 «1.
1139 4216 1252 4274 Hoc
1301 4210 1681 4302 psalteritivei
1707 4220 1787 4302 ci-

198 4282 355 4357 thara
377 4283 658 4352 carminis,
677 4286 715 4341 i.
747 4302 796 4340 e.
846 4286 1029 4357 lingua
1056 4304 1178 4356 sua,
1210 4282 1409 4345 cecinit
1443 4290 1495 4345 in
1543 4289 1785 4346 Ecclesia

195 4354 599 4427 proiesgmatjis
626 4356 828 4412 sterilis
852 4354 991 4414 Nato
1015 4354 1277 4427 Virginis,
1306 4359 1541 4415 Domino
1571 4375 1693 4416 suo.
1717 4389 1787 4398 —-

197 4423 253 4480 6.
283 4423 478 4482 Omisit
503 4424 660 4482 Torr.
698 4427 834 4483 Coll.
867 4427 954 4495 III,
974 4430 1037 4484 5:
1072 4423 1392 4554 Mortificate
1412 4447 1534 4501 ergo
1555 4430 1786 4484 membra

198 4506 372 4548 restra
394 4513 673 4554 auresuner
686 4507 880 4552 terram
908 4502 1197 4554 sunt.—9.
1273 4500 1436 4554 r.Ad.
1469 4502 1689 4554 resistit.
1714 4529 1785 4539 —-

198 4506 372 4567 castra
394 4513 509 4566 qua:
519 4514 673 4567 super
686 4507 880 4552 terram
908 4509 1051 4554 sunt.
1064 4502 1197 4555 —9.

200 4565 291 4638 te,
319 4565 538 4638 Quiesce
560 4565 777 4622 4—cessa
800 4570 865 4623 de
885 4580 1120 4638 peccato.
1145 4571 1324 4625 -11.
1351 4569 1441 4626 Ps.
1477 4586 1607 4636 Lvn,
1637 4571 1692 4635 4,
1718 4570 1784 4625 5:

202 4630 382 4710 Furor
402 4636 511 4710 illis
537 4639 821 4710 secundum
844 4630 1251 4694 similitudinem
1274 4642 1530 4710 serpentis
1551 4630 1689 4694 sicut
1707 4658 1791 4695 as-

200 4706 343 4782 pidis
377 4708 555 4782 surda;
584 4719 633 4762 et
669 4709 1154 4782 obturantisgaures
1183 4727 1309 4782 suas
1336 4706 1455 4782 qua:
1493 4728 1595 4765 non
1624 4727 1788 4765 exau-

202 4777 312 4853 diet
338 4794 507 4833 vocem
532 4778 1182 4853 incantautium.Egregie
1213 4777 1368 4837 Torr'.
1395 4781 1551 4852 Aspis
1573 4792 1651 4836 est
1666 4799 1783 4852 spe-

204 4848 309 4922 cies
331 4850 584 4922 serpentis
628 4866 745 4922 qua:
789 4867 907 4904 cum
945 4848 1124 4905 auditw
1152 4848 1558 4919 incantatorem,
1605 4848 1786 4906 aurem

206 4919 451 4993 obstruit,
484 4919 649 4974 unain
675 4922 1146 4993 terrw_app_licans,
1178 4923 1233 4977 in
1256 4922 1483 4993 alterunt
1514 4939 1632 4978 vero
1656 4939 1785 4976 cau-

205 4987 331 5043 dam
390 5000 654 5048 torquens.
694 5021 766 5030 —
812 4987 1039 5047 FrL'Pr.
1090 4987 1370 5048 carcerem.
1422 4991 1584 5048 Notat
1623 5001 1783 5048 poeta

206 5006 331 5043 nam
390 5006 473 5045 tor
510 5007 654 5045 uens.
694 5021 766 5030 —-
813 5006 903 5046 r'r.
950 5006 1039 5047 Pr.
1090 5009 1370 5048 carcerem.
1422 5006 1584 5048 motat
1697 5006 1783 5048 eta

206 5058 291 5134 rei
335 5006 736 5134 simulationem
767 5063 942 5134 reguli
963 5064 1050 5119 vel
1073 5064 1362 5134 ignaviam.
1406 5092 1474 5134 -τ-
1505 5063 1592 5118 12.
1623 5009 1784 5118 ﬁcis

207 5130 289 5205 εει
310 5129 706 5205 _ad_lucernam
746 5129 1331 5205 vel'adgomnipotentis
1366 5132 1555 5189 referri
1586 5142 1781 5205 potest.

209 5196 461 5271 [413.jpg
506 5217 615 5256 m.:
665 5201 881 5256 lucerna
927 5196 1119 5258 lucens'
1145 5213 1201 5258 ut
1242 5203 1402 5259 Joan.
1455 5220 1509 5271 v,
1566 5196 1654 5258 55.
1715 5202 1781 5258 II.

208 5260 490 5345 CLXXIX,
518 5272 673 5345 ’52ρι
688 5270 903 5326 lucerna
938 5273 1136 5345 Christi
1173 5284 1222 5328 et
1255 5275 1480 5345 perpetis
1496 5260 1785 5345 evangelis-

212 5348 267 5409 ta
294 5338 530 5398 luminis.
554 5341 636 5397 15.
653 5340 848 5408 I.,erat
862 5344 1072 5399 amicus
1089 5338 1313 5409 Christi,
1331 5338 1569 5401 Herodes
1586 5338 1788 5400 diaboli

212 5409 370 5480 cujus
398 5412 606 5468 deliciis
632 5413 915 5487 studebat:
939 5414 1021 5487 Cf.
1070 5414 1144 5487 Io.
1194 5431 1326 5481 xvn,
1360 5416 1446 5469 12.
1465 5443 1542 5487 _———
1566 5415 1651 5487 14.
1692 5414 1783 5472 Pr.

213 5490 338 5535 nata
362 5492 624 5551 precatur.
651 5483 808 5538 Torr.
838 5505 850 5539 :
888 5484 954 5539 In
989 5483 1099 5539 hoc:
1124 5502 1271 5539 versu
1292 5495 1369 5539 est
1394 5484 1540 5538 color
1565 5486 1791 5539 rhetori-

213 5569 325 5616 cus,
349 5555 439 5622 qui
482 5554 683 5608 dicitur
730 5555 1029 5610 dissolutio.
1086 5554 1155 5608 Et
1188 5564 1265 5609 est
1294 5557 1434 5609 alius
1466 5555 1629 5621 color,
1669 5557 1788 5609 bre-

214 5622 372 5687 vitas,
402 5640 521 5678 nan:
546 5634 657 5679 tota
682 5625 1046 5679 decollationis
1090 5624 1315 5679 Joannis
1358 5626 1583 5679 historia
1630 5642 1789 5687 quam

216 5691 513 5767 brevissime
534 5706 803 5767 narratur.
835 5728 904 5736 —
932 5697 1017 5751 15.
1046 5695 1134 5749 Fr.
1165 5706 1287 5749 ante
1308 5697 1369 5766 ﬁt
1416 5712 1594 5767 quam.
1642 5691 1784 5750 Lud.

216 5762 305 5815 'sit.
334 5760 608 5820 Vocabula
632 5766 933 5821 saltationis
966 5784 1018 5821 et
1048 5760 1349 5822 sanctitatis
1380 5760 1445 5822 ex
1473 5774 1642 5838 poetae
1664 5780 1758 5822 seu

1958 1915 2039 1970 18.
2078 1914 2144 1970 Ili
2174 1926 2306 1973 sunt
2336 1916 2456 1971 cmli
2508 1917 2731 1987 quibus,
2773 1915 3010 1983 Christe,
3056 1917 3351 1983 inbabitas,
3409 1918 3463 1975 in

1878 2025 2115 2079 quorum
2141 2009 2322 2065 verbis
2356 2018 2534 2074 tonas,
2560 2008 2806 2079 fulguras
2827 2007 3019 2080 signis,
3047 2024 3207 2064 roras
3241 2009 3413 2080 gratia
3442 2028 3459 2065 :

1954 2102 2037 2156 I9.
2080 2100 2176 2157 I‘Iis
2221 2101 2405 2156 dixisti
2448 2120 2459 2155 :
2496 2099 2717 2166 Rorate,
2747 2100 2892 2167 caeli,
2923 2101 3179 2171 desuper,
3206 2108 3264 2155 et
3291 2101 3465 2156 nubes

1878 2195 2066 2264 pluunt
2090 2192 2322 2264 justum,
2352 2194 2629 2264 aperiatur
2661 2201 2805 2248 terra
2837 2191 3173 2264 germinans,

1949 2286 2037 2340 20.
2079 2284 2313 2341 Germen
2338 2284 2549 2355 justum
2590 2283 2816 2350 suscita,
2854 2296 3056 2339 terram
3094 2293 3339 2340 nostram
3371 2284 3466 2356 qui

1877 2377 2190 2448 apostolicis
2215 2376 2397 2431 verbis
2427 2390 2617 2431 serens
2643 2374 2951 2447 germinare
2974 2375 3144 2432 facias
3168 2394 3180 2429 :

1947 2468 2036 2523 2i.
2080 2466 2322 2534 Quorum
2348 2466 2532 2522 verbis
2557 2466 2789 2521 verbum
2820 2466 3000 2521 Patris
3023 2475 3269 2523 tenentes
3291 2466 3345 2522 in
3372 2484 3469 2539 pa—

1877 2560 2063 2615 tientia
2102 2559 2341 2616 l‘ruetum
2372 2558 2514 2615 ferre
2541 2558 2626 2615 fac
2653 2575 2752 2616 nos
2783 2559 2903 2628 tibi,
2928 2557 3177 2615 Domine.

1947 2653 2036 2707 22.
2076 2651 2306 2717 Hicmli,
2335 2666 2476 2723 quos
2506 2653 2691 2724 magni
2719 2652 2936 2707 consilii
2983 2653 3209 2723 angelus
3252 2652 3469 2708 inhabi-

1878 2755 1980 2811 tas,
2010 2760 2146 2814 quos
2171 2758 2280 2798 non
2313 2759 2501 2799 servos
2524 2744 2618 2799 sed
2650 2745 2858 2799 amicos
2879 2744 3213 2814 appellabas,
3262 2744 3464 2814 quibus

1877 2835 2062 2892 omnia
2092 2853 2214 2908 quae
2241 2835 2440 2891 audisti
2468 2851 2498 2890 a
2522 2832 2685 2890 Patre
2726 2836 2997 2892 notilicas.

1878 2950 2044 3021 tentia
2085 2965 2314 3021 prorsus
2363 2948 2465 3021 sibi
2517 2958 2655 3021 sunt
2684 2948 2982 3021 contraria.
3051 2946 3317 3021 Namtut
3357 2948 3476 3003 vult

1876 3019 2322 3085 Chrysostomus,
2352 3020 2444 3074 ubi
2472 3029 2554 3074 est
2581 3020 2800 3074 saltatio
2838 3020 2912 3075 ibi
2948 3028 3033 3075 est
3059 3019 3309 3075 diabolus
3338 3037 3350 3073 :
3383 3035 3475 3073 ne-

1879 3081 2080 3161 que'ab
2108 3093 2212 3146 hac
2256 3081 2572 3146 saltantium
2624 3105 2856 3146 censum
2904 3090 3180 3161 discrepat
3209 3089 3474 3161 Augusti-

1805 3153 1847 3207 (Σ
1885 3153 2009 3228 tius,
2038 3162 2133 3232 qui
2162 3176 2379 3232 omnem
2407 3168 2739 3232 motumgseu
2786 3161 2985 3232 saltum
3017 3153 3331 3232 petulantiae
3354 3159 3466 3232 sal-

1884 3241 2000 3286 tum
2024 3228 2222 3288 essein
2250 3230 2581 3299 profundum
2625 3230 2822 3284 inferni
2858 3228 3085 3299 judicat.
3120 3228 3232 3284 I\ee
3263 3229 3501 3285 insulse-

1885 3301 2206 3357 Guillelmus
2233 3300 2615 3371 Lugdunensis
2658 3300 2798 3354 hanc
2837 3301 3144 3355 saltationis
3191 3300 3469 3371 notionem

1888 3382 2053 3440 tenet,
2085 3381 2145 3427 ut
2165 3372 2238 3427 sit
2258 3370 2456 3441 chorea
2489 3370 2746 3441 circulus,
2774 3371 2934 3441 cujus
2982 3380 3230 3441 centrum
3276 3370 3470 3426 diabo-

1885 3444 1990 3499 lus.
2012 3439 2085 3483 4—
2111 3442 2198 3497 16.
2228 3442 2315 3496 17.
2347 3440 2504 3495 Torr.
2527 3450 2681 3495 esset.
2716 3439 2818 3496 Ies.
2844 3439 2976 3505 tvn,
3010 3439 3029 3494 I
3065 3460 3077 3511 ξ
3109 3439 3299 3495 Justus
3334 3441 3473 3511 perit

1884 3522 1934 3583 et
1973 3530 2122 3568 nemo
2145 3522 2223 3567 est
2241 3513 2331 3583 qui
2355 3513 2601 3582 recogitet
2631 3512 2687 3565 in
2732 3512 2889 3565 corde
2914 3527 3027 3583 suo.
3066 3510 3157 3565 Fr.
3196 3512 3324 3565 dum
3375 3512 3466 3564 sit.

1885 3582 1975 3639 Ps.
1999 3600 2122 3653 cxv,
2164 3584 2217 3639 5.
2254 3581 2505 3653 Pretiosa
2536 3583 2594 3636 in
2636 3591 2913 3652 conspectu
2946 3581 3159 3635 Domini
3187 3598 3326 3635 mors
3355 3597 3477 3653 san-

1885 3665 2089 3709 ctorum
2123 3654 2257 3724 ejus.
2291 3652 2444 3707 Multi
2473 3661 2601 3724 sunt
2630 3662 2804 3723 poetae
2847 3668 2919 3724 ac
2950 3653 3364 3724 concionatores
3416 3652 3473 3705 in

1884 3722 2271 3796 conquerendo
2290 3724 2477 3796 sancti
2508 3722 2737 3796 Joarinis
2754 3723 3056 3794 supplicio,
3088 3723 3257 3796 cujus
3283 3730 3476 3796 auctor

1886 3791 2062 3851 fuerat
2084 3794 2341 3850 meretrix
2385 3794 2596 3849 dolosa.
2633 3791 2741 3848 Pro
2771 3791 2925 3849 more
2957 3808 3060 3849 suo
3089 3791 3353 3849 acerrime
3384 3792 3471 3846 in-

1884 3868 2103 3922 vehitur
2123 3865 2397 3920 Lutherus
2421 3882 2434 3919 :
2463 3863 2534 3919 So
2556 3864 2648 3917 hat
2671 3882 2724 3918 es
2753 3865 2839 3918 ein
2863 3863 3030 3931 Ende,
3060 3881 3119 3917 so
3141 3863 3288 3931 gelret
3301 3880 3355 3916 es
3372 3879 3471 3916 aus

1886 3939 1982 3991 mit
2019 3938 2134 3991 dem
2162 3951 2373 4007 grossen
2405 3934 2686 4007 tremichen
2714 3934 3022 4007 Man‘n,_der
3044 3951 3106 4007 so
3127 3933 3353 4007 herrlich
3377 3949 3473 4007 ge-

1887 4008 2088 4061 rtilnnct
2126 4003 2255 4060 wird
2297 4022 2395 4060 von
2424 4003 2703 4059 Mense/ten
2742 4004 2850 4058 und
2886 4004 3110 4075 Engeln,
3149 4003 3213 4073 ja
3240 4020 3338 4075 von
3364 4004 3485 4075 s_ei-_

1888 4094 2004 4132 nem
2064 4077 2237 4130 Ilerrn
2289 4076 2484 4139 selbst;
2540 4076 2633 4128 der
2680 4075 2783 4129 soll
2823 4092 2881 4129 so
2902 4073 3052 4128 einen
3098 4073 3474 4129 schandliclmt

1892 4148 2002 4202 Tod
2027 4148 2198 4202 leideu
2226 4164 2313 4200 um
2341 4147 2486 4200 einer
2511 4146 2686 4211 basen,
2725 4145 3130 4211 verszweifclten
3174 4143 3320 4198 "ure
3364 4142 3477 4198 tria

1888 4219 1971 4273 len
1992 4219 2100 4273 und
2129 4219 2239 4272 sein
2266 4215 2416 4286 Kopf
2435 4217 2539 4285 auf
2557 4217 2701 4270 eiuer
2738 4212 2984 4272 Schussel
3005 4216 3099 4269 der
3136 4212 3284 4286 [Iure
3303 4215 3360 4286 in
3385 4213 3473 4268 die

1889 4289 2144 4343 Kammer
2169 4284 2416 4358 gebraclit
2438 4284 2662 4350 we’rden,
2698 4287 2831 4358 dass
2869 4287 2948 4340 sie
2971 4287 3090 4358 pilare
3122 4285 3278 4358 Last
3300 4284 3487 4358 daian

1888 4360 2067 4414 siehet.
2100 4353 2337 4413 Wimder
2362 4362 2498 4412 mare
2526 4374 2579 4411 es
2609 4359 2773 4425 niclit,
2797 4357 2923 4411 dass
2942 4357 3042 4411 das
3069 4355 3320 4411 Itéllisclte
3366 4353 3474 4409 Fe-

1889 4447 1983 4484 uer
2002 4431 2153 4483 drein
2175 4428 2484 4500 gescltlagen
2511 4428 2675 4482 Iuitte.
2706 4458 2777 4500 -ῖ
2803 4428 2894 4500 1ζ
2921 4426 2991 4482 Μ.
3021 4426 3105 4482 10.
3132 4426 3222 4481 Fr.
3278 4424 3403 4500 talis
3422 4434 3477 4500 et

1273 4500 1436 4555 r.Ad.
1469 4492 1689 4554 resistit.
1714 4529 1785 4539 —-
1820 4492 1863 4549 υ
1892 4510 2073 4553 tantus
2100 4492 2197 4554 est:
2228 4498 2336 4552 Md.
2366 4492 2408 4553 t:
2430 4515 2493 4552 ac
2525 4500 2712 4568 tantis.
2738 4498 2839 4553 Ad.
2858 4496 2949 4568 ἓν.
2987 4507 3037 4551 et
3058 4506 3319 4568 quantus;
3332 4494 3469 4568 Lud.

1890 4572 1928 4625 i.
1961 4586 2035 4624 ιιι.
2063 4571 2144 4623 cie
2191 4570 2491 4623 nativitate.
2518 4566 2782 4623 Claudius
2815 4586 2830 4621 :
2866 4563 3099 4621 Joannes
3147 4566 3242 4620 der
3277 4563 3476 4634 Taufer

1890 4640 2027 4693 steht
2050 4640 2106 4693 in
2130 4639 2225 4692 der
2251 4638 2553 4692 sichtbaren
2579 4637 2719 4691 Welt
2753 4637 3015 4691 zundchst
3064 4636 3172 4689 und
3195 4633 3475 4689 numittel-

1890 4712 1987 4765 bar
2009 4727 2101 4764 eor
2132 4710 2241 4763 illm
2295 4709 2403 4761 und
2453 4709 2592 4761 zieltt
2617 4708 2734 4761 also
2786 4706 3039 4760 zundcltst
3068 4706 3169 4759 den
3203 4704 3353 4760 Blick
3381 4703 3484 4773 auf

1888 4782 2019 4835 sich.
2046 4810 2116 4820 —-
2139 4780 2225 4833 l9.
2255 4777 2324 4833 Μ.
2364 4778 2451 4832 10.
2488 4780 2650 4832 morti
2699 4787 2863 4831 morte
2906 4775 3007 4832 NI).
3041 4775 3177 4831 Lud.
3230 4776 3472 4830 damnat.

1889 4852 2079 4906 Matth.
2106 4868 2160 4913 ιι,
2191 4850 2265 4904 21
2301 4869 2314 4904 ε
2344 4848 2465 4903 Non
2504 4858 2583 4903 est
2611 4847 2902 4917 discipulus
2943 4863 3101 4918 super
3115 4847 3474 4918 _magistrum,

1888 4935 1993 4978 etc.
2046 4921 2321 4991 Sponsum
2371 4920 2605 4991 appellat
2659 4915 2936 4991 Christum
2970 4915 3088 4988 ipse
3107 4915 3346 4991 Joannes
3392 4930 3475 4981 ιιι,

1886 4993 1976 5047 29.
2001 5022 2072 5032 -—
2090 4987 2187 5045 '20.
2237 4990 2309 5045 M.
2341 4987 2735 5055 IOZ'eductum,
2762 4990 2909 5059 quod
2930 4987 3202 5059 congruit
3232 4987 3474 5059 rhytmo.

1887 5064 1993 5117 Alii
2017 5063 2233 5115 ductum
2259 5090 2335 5103 --
2366 5079 2444 5131 ps.
2468 5062 2641 5115 sancti
2678 5055 2873 5131 angeli.
2920 5058 3010 5113 Pr.
3043 5055 3252 5131 delum
3279 5055 3477 5131 angeli.

1892 5132 1993 5187 Nb.
2021 5133 2137 5186 cali
2164 5127 2797 5203 angeli.'Godesehalkus
2833 5131 2886 5203 in
2912 5131 3014 5185 hae
3046 5128 3293 5203 clausula
3321 5127 3479 5203 vaide

1891 5205 2103 5258 alienus
2140 5196 2304 5258 est'a
2344 5203 2798 5257 scholasticorum
2839 5201 3234 5271 dogmatibus:
3268 5196 3483 5271 ειλῇηις

1890 5274 2035 5329 enim
2062 5272 2298 5329 Joannes
2322 5273 2377 5327 in
2416 5272 2643 5327 iimbum
2671 5265 3009 5326 descendens
3031 5269 3284 5325 Patribus
3320 5265 3484 5327 Chri-

1892 5354 2037 5400 stum
2060 5343 2402 5397 annuntiavit
2422 5358 2485 5398 ac
2512 5351 2699 5412 postea
2719 5342 2788 5396 ab
2816 5341 2935 5411 ipso
2957 5340 3317 5410 Redemptore
3352 5352 3479 5393 cum

1893 5415 2120 5470 relieuis
2142 5421 2228 5469 est
2246 5414 2535 5467 liberatus.
3208 5452 3209 5455 η

1894 5508 1899 5513 -
1965 5481 2053 5539 IV.
2071 5484 2319 5539 Ludecus
2345 5501 2357 5536 :
2388 5481 2507 5536 Etsi
2527 5483 2637 5536 dies
2653 5482 2926 5536 divisionis
2949 5490 3308 5551 apostatarum
3329 5491 3479 5532 sacer

1894 5571 1997 5609 non
2037 5554 2349 5619 celebratur,
2381 5570 2542 5623 neque
2566 5553 2630 5605 de
2661 5569 2724 5605 ea
2747 5552 2972 5622 populus
2992 5551 3198 5623 publice
3227 5565 3321 5619 pro
3352 5564 3478 5601 con-

1894 5627 2041 5679 cione
2058 5624 2275 5680 docetur
2305 5639 2323 5676 :
2350 5621 2522 5677 tamen
2550 5639 2667 5676 cum
2684 5621 2756 5676 sit
2783 5624 2974 5691 festum
3000 5621 3254 5675 Ecclesiw
3274 5627 3333 5691 et
3346 5633 3478 5671 can-

1897 5698 2060 5750 tiones
2100 5694 2308 5766 aliquid
2335 5695 2572 5766 antiqua:
2608 5704 2656 5746 et
2683 5690 2988 5747 sincerioris
3008 5690 3477 5766 fontiquitatig‘rey
3523 5753 3529 5759 '

1894 5767 2124 5835 doleant,
2157 5756 2260 5821 non
2293 5766 2440 5836 potui
2467 5756 2642 5834 facere
2662 5765 2786 5834 quin
2815 5780 2903 5821 eos
2932 5756 3318 5834 subjungbrem.
3344 5756 3476 5813 PN»
