4038 6378
1267 311 1547 367 uanum
1583 312 1877 368 ABBATIS
1914 315 1970 368 s.
2021 316 2313 371 VEDASTI
2346 304 2436 371 os
2474 314 2771 373 PLAClTO
2809 312 3175 376 causam.
3242 284 3249 289 ’
3336 402 3345 413 1

591 450 3073 492 W

1837 657 2592 775 DEDIHNI

956 923 1448 1015 ABBATIS
1515 923 1933 1017 SANCTI
2008 930 2518 1023 VEDASTI
2593 934 3495 1061 A-TREBATENSIS

1289 1189 1925 1294 CONSTITUTIO
1982 1192 2113 1292 DE
2170 1194 2580 1297 PLACITO
2640 1200 3161 1305 GENERALI.

1600 1428 1603 1435 '
1716 1419 1989 1491 (Manes.
2021 1421 2194 1492 Ampi.
2225 1421 2443 1479 ϐοηθεῖ,
2470 1424 2513 1492 l,
2543 1427 2693 1498 581.)

1990 1598 2178 1612 m

653 1784 694 1840 1.
731 1783 906 1841 Homo
937 1785 1005 1841 de
1036 1787 1277 1858 generali
1311 1788 1512 1858 placito
1548 1788 1653 1843 tria
1689 1790 1888 1860 placita
1923 1791 2083 1846 debet
2117 1793 2170 1847 in
2201 1798 2239 1855 Α
2274 1804 2353 1850 tra
2401 1794 2573 1867 legem
2607 1814 2762 1853 suam
2807 1816 3031 1855 uxorem
3083 1776 3423 1874 acceperit,
3449 1770 3686 1865 illicitam
3731 1828 3822 1867 rem

582 1893 749 1933 anno.
788 1875 969 1933 Unum
998 1894 1053 1933 vt
1094 1877 1233 1934 feria
1268 1889 1393 1953 post
1416 1878 1800 1951 Epiphaniam,
1832 1883 1979 1937 aliud
2006 1900 2060 1938 vi
2092 1883 2173 1939 fe-

580 1968 819 2039 ria’post
848 1978 1072 2025 octavas
1105 1969 1331 2026 Pascha:
1355 2013 1372 2039 ,
1402 1970 1622 2027 tertium
1652 1988 1705 2026 γι
1751 1971 1884 2028 feria
1932 1981 2057 2044 post
2099 1972 2176 2029 fe-

581 2066 731 2112 stum
759 2057 819 2113 S.
847 2056 1076 2113 Joannis
1108 2057 1384 2130 Baptistae.
1430 2058 1491 2115 In
1532 2060 1733 2131 quibus
1766 2062 1981 2133 placitis
2026 2064 2174 2119 nulla

581 2157 845 2205 extranea
871 2158 1111 2222 potestas
1133 2151 1294 2207 debet
1317 2152 1524 2221 venire,
1560 2169 1737 2224 neque
1777 2146 2069 2225 praesidere
2105 2156 2175 2211 ad

577 2242 960 2313 iudicandum,
996 2259 1172 2316 neque
1213 2259 1422 2313 comes,
1463 2261 1641 2316 neque
1674 2247 1971 2304 advocatus
2005 2249 2171 2317 ullus,

580 2334 691 2390 nisi
721 2342 933 2391 tantum
956 2335 1127 2392 abbas
1150 2345 1245 2392 aut
1266 2337 1614 2407 praepositus.
2100 2416 2101 2419 η

652 2424 717 2481 ll.
759 2426 919 2495 Quod
965 2427 1013 2483 si
1048 2428 1174 2499 quis
1205 2428 1589 2484 eminentioris
1622 2430 1879 2499 potentiae
1905 2472 1920 2496 ,
1956 2432 2042 2486 vel
2076 2432 2171 2503 qui

579 2534 692 2575 non
725 2519 797 2574 sit
817 2519 884 2575 de
905 2520 1022 2591 lege
1050 2520 1216 2592 hujus
1242 2520 1513 2592 generalis
1536 2522 1742 2592 placiti,
1773 2523 2029 2579 habuerit
2047 2541 2175 2581 cau-

579 2631 699 2671 sam
727 2657 742 2683 ,
774 2616 1117 2687 volueritque
1143 2616 1384 2672 clamare
1410 2616 1463 2671 in
1511 2616 1730 2686 placito,
1761 2617 1888 2673 licet
1912 2617 1961 2673 ei
1986 2618 2173 2674 venire

578 2718 634 2764 et
663 2709 901 2764 clamare
926 2751 941 2777 ,
968 2718 1024 2765 et
1048 2709 1354 2765 secundum
1389 2709 1561 2781 legem
1589 2709 1773 2781 placiti
1815 2724 1986 2767 causa
2027 2710 2177 2768 illius

574 2801 914 2872 iudicabitur
934 2810 1108 2868 recte;
1137 2802 1326 2874 sicque
1348 2800 1679 2874 egredietur,
1711 2812 2029 2859 remanente
2050 2802 2171 2875 pla-

578 2891 690 2946 cito
716 2892 771 2946 in
795 2907 895 2948 sua
923 2891 1194 2948 libertate.

653 2981 737 3037 Ill.
770 2981 829 3038 1n
852 2983 957 3039 hoc
986 2984 1172 3055 itaque
1193 2984 1435 3056 generali
1463 2985 1685 3055 placito,
1718 2987 2043 3057 pmsidente
2073 2989 2175 3042 ab-

576 3074 704 3129 bate
730 3089 827 3130 seu
858 3076 1173 3146 przeposito,
1203 3076 1734 3132 circumsedentibus
1761 3078 1926 3132 etiam
1957 3079 2170 3134 scabio-

2276 1895 2532 1959 Operatus
2559 1897 2646 1963 est
2660 1930 2684 1965 ρ
2721 1898 2933 1961 tantum
2969 1891 3127 1964 dabit.
3147 1903 3416 1964 quantum
3447 1898 3719 1971 deprecari
3740 1919 3823 1973 po-

2277 1976 2419 2032 terit.
2471 1976 2529 2033 Si
2576 1976 2802 2035 liberam
2849 1980 3111 2037 feminam
3147 2001 3374 2042 uxorem
3423 1990 3674 2058 duxerit,
3715 1994 3822 2046 nihil

2275 2070 2426 2126 dabit
2450 2113 2467 2140 ,
2501 2072 2631 2143 quia
2679 2073 2982 2129 libertatem
3016 2079 3206 2133 uxoris
3248 2095 3363 2135 suae
3398 2082 3470 2136 ad
3503 2082 3668 2155 legem
3694 2100 3820 2140 suam

2275 2162 2561 2218 convertit.

2345 2250 2457 2307 Vll.
2491 2252 2666 2310 Homo
2692 2256 2739 2310 si
2766 2267 3021 2316 mortuus
3047 2258 3251 2329 fuerit,
3281 2264 3530 2334 quinque
3557 2267 3745 2323 solidos
3769 2268 3823 2322 de

2273 2353 2684 2405 mortua-manu
2708 2349 2887 2418 dabit;
2922 2350 3125 2409 femina
3166 2370 3292 2410 cum
3328 2366 3549 2412 mortua
3576 2357 3825 2427 fuerit,ni-

2273 2438 2352 2495 hil
2380 2437 2532 2497 dabit
2556 2483 2574 2506 ,
2606 2441 2736 2511 quia
2763 2444 2970 2513 prolem
2999 2462 3159 2502 suam
3186 2449 3239 2503 in
3270 2449 3645 2507 hereditatem
3671 2455 3822 2508 dimit-

2275 2531 2354 2586 tit.
2392 2529 2469 2586 De
2495 2532 2581 2588 his
2611 2549 2832 2605 quoque
2863 2552 2897 2590 v
2927 2538 3133 2595 solidos
3178 2549 3290 2596 tam
3326 2543 3393 2598 de
3431 2546 3658 2600 comedo
3689 2562 3822 2616 quam

2271 2623 2340 2677 de
2369 2632 2777 2680 mortua-manu
2804 2668 2819 2691 ,
2848 2626 3123 2685 decimum
3157 2632 3446 2691 denarium
3478 2638 3647 2709 major
3673 2640 3822 2710 placiti

2272 2715 2514 2792 habebit.

2345 2806 2481 2863 Vlll.
2517 2792 2639 2866 Non
2682 2812 2808 2868 licet
2854 2796 3079 2872 homini
3109 2818 3178 2873 de
3215 2798 3415 2890 placito
3454 2825 3687 2895 generali
3723 2841 3823 2881 ven-

2269 2902 2400 2958 dere
2446 2912 2542 2959 ant
2589 2904 2645 2958 in
2675 2905 3048 2963 vadimonium
3078 2912 3295 2969 mittere
3341 2916 3590 2973 alodium
3634 2920 3821 2990 placiti,

2271 3005 2365 3050 aut
2391 2994 2547 3051 alteri
2576 2998 2822 3055 ecclesia:
2860 3000 2992 3057 dare
3016 3044 3032 3069 ,
3075 3004 3185 3060 nisi
3209 3022 3307 3076 per
3331 3009 3612 3067 licentiam
3647 3015 3822 3070 abbatis

2270 3088 2355 3142 vel
2379 3090 2678 3160 praepositi;
2709 3106 2901 3148 verum
2932 3094 2978 3150 si
3007 3111 3116 3165 qua
3145 3101 3474 3158 necessitate
3505 3107 3821 3176 compulsus,

577 3164 765 3232 nibus,
813 3164 862 3220 si
903 3167 1028 3236 quis
1071 3167 1336 3223 adversus
1379 3166 1612 3224 alterum
1657 3168 1824 3223 habet
1868 3170 2170 3241 querelam,
2205 3173 2247 3234 Β
2273 3180 2505 3236 vendere
2538 3182 2629 3239 vel
2653 3183 2709 3238 in
2739 3164 3117 3245 vadimonium
3155 3192 3371 3249 mittere
3416 3164 3553 3252 illud
3591 3164 3822 3266 voluerit,

577 3257 745 3313 stabit
776 3265 832 3314 et
869 3256 1031 3314 faciet
1071 3259 1369 3315 clamorem
1412 3276 1575 3316 suum
1617 3261 1856 3332 legitime
1894 3277 2058 3334 super
2099 3264 2175 3327 il:-

576 3349 693 3404 lum
717 3391 733 3417 ,
762 3350 1124 3424 audieturque
1153 3353 1363 3408 clamor
1389 3353 1510 3425 ejus
1527 3395 1543 3421 ,
1575 3362 1631 3408 et
1657 3353 1947 3424 diligenter
1982 3355 2170 3411 discu-

576 3442 761 3511 tietur,
805 3451 861 3499 et
890 3445 1191 3501 secundum
1226 3446 1399 3518 legem
1432 3445 1619 3517 placiti
1657 3462 1747 3502 res
1783 3446 1926 3502 inter
1959 3454 2171 3502 utrum-

578 3549 686 3605 que
712 3534 1122 3606 dijudicabitur.
1539 3563 1543 3567 ν
2074 3552 2075 3555 ‘

649 3626 738 3684 IV.
765 3627 871 3696 Qui
895 3642 1303 3686 sacramentum
1330 3629 1632 3702 acceperit,
1667 3647 1738 3686 xx
1768 3641 1959 3688 noctes
1988 3633 2056 3689 de
2084 3633 2170 3689 in-

576 3720 817 3777 terstitio
852 3721 1096 3778 habebit.

653 3812 713 3868 V.
748 3812 855 3882 Qui
876 3815 1070 3871 vadem
1098 3815 1310 3871 dederit
1331 3832 1366 3871 v
1394 3817 1603 3873 solidos
1623 3817 1690 3872 de
1718 3824 1855 3889 lege,
1880 3818 2030 3875 dabit
2057 3836 2169 3875 xxx

576 3906 711 3961 den.
740 3906 810 3963 de
836 3905 1011 3975 fredo,
1042 3916 1097 3962 et
1124 3908 1293 3978 hujus
1316 3907 1456 3963 fredi
1484 3909 1606 3964 duae
1635 3918 1819 3978 partes
1847 3920 2011 3966 erunt
2031 3928 2169 3982 prae-

574 3998 781 4069 positi,
821 3999 1040 4055 tertiam
1076 4015 1209 4056 vero
1233 4008 1443 4071 partem
1470 4000 1694 4057 habebit
1738 4002 1917 4074 major
1959 4006 2164 4076 placiti.

579 4091 637 4147 Si
661 4099 846 4147 autem
868 4092 954 4147 lex
978 4092 1195 4149 abbatis
1224 4093 1307 4148 vel
1340 4094 1618 4165 praepositi
1646 4093 1832 4164 fuerit,
1855 4104 2031 4152 totum
2061 4095 2171 4153 fre-

576 4176 710 4236 dum
752 4181 930 4253 major
972 4182 1157 4253 placiti
1186 4183 1424 4241 habebit.
1461 4183 1533 4239 At
1562 4199 1694 4239 vero
1720 4185 1768 4242 si
1792 4187 1918 4256 quis
1943 4202 2169 4243 causam

575 4273 844 4330 clamoris
876 4274 1125 4341 habens,
1167 4274 1225 4329 in
1263 4277 1518 4345 praesenti
1566 4277 1804 4333 clamare
1853 4278 2164 4347 distulerit,

576 4378 755 4436 usque
782 4364 852 4420 ad
888 4363 1033 4420 diem
1060 4365 1288 4421 alterius
1322 4366 1504 4437 placiti
1536 4367 1763 4423 omnino
1792 4368 2029 4424 clamare
2055 4368 2166 4425 non

2277 3272 2456 3328 veniet
2480 3283 2536 3329 et
2563 3273 2752 3338 offeret
2775 3277 2981 3347 abbati;
3028 3280 3075 3336 si
3100 3282 3370 3353 placuerit
3409 3286 3499 3344 illi
3524 3300 3584 3346 ut
3610 3293 3825 3357 redinnt,

2272 3362 2447 3421 levius
2481 3365 2682 3424 habere
2707 3369 2866 3425 debet
2889 3386 3056 3441 quam
3082 3375 3310 3446 quilibet
3344 3379 3514 3449 alius;
3555 3383 3602 3438 si
3630 3383 3828 3439 noluerit

2270 3456 2356 3510 vel
2386 3473 2495 3513 non
2521 3461 2760 3529 potuerit
2802 3464 3095 3533 redimere,
3135 3468 3286 3523 dabit
3325 3471 3376 3525 ei
3413 3471 3687 3531 licentiam
3721 3492 3823 3532 ven-

2271 3549 2453 3616 dendi,
2480 3566 2591 3606 non
2616 3552 2780 3609 alicui
2806 3564 3087 3626 extraneo,
3113 3552 3207 3615 Sed
3235 3564 3497 3632 proximo
3514 3568 3716 3638 generis
3737 3569 3823 3633 sni,

2270 3649 2365 3695 aut
2391 3642 2554 3697 alicui
2590 3644 2837 3714 ejusdem
2868 3647 3003 3721 legis
3028 3692 3043 3717 ,
3077 3667 3146 3706 ne
3174 3654 3417 3711 alodium
3454 3660 3637 3729 placiti
3671 3662 3821 3716 vidca-

2270 3737 2361 3786 tur
2389 3733 2745 3790 exhaaredari.
2779 3735 2936 3804 Quod
2966 3740 3011 3795 si
3040 3744 3317 3800 nesciente
3352 3747 3556 3805 abbate
3594 3752 3677 3806 vel
3714 3768 3825 3822 pne—

2270 3825 2449 3894 posito
2478 3825 2584 3882 hoc
2626 3825 2838 3896 fecerit,
2869 3838 2923 3885 et
2947 3832 3116 3888 abbas
3144 3850 3489 3907 cognoscens
3513 3842 3617 3898 hoc
3643 3844 3825 3914 insequi

2269 3917 2544 3986 voluerit,
2578 3935 2678 3976 nec
2704 3921 2781 3976 illi
2812 3925 3113 3980 remanebit
3140 3928 3235 3998 qui
3261 3931 3395 3985 emit
3420 3974 3436 3999 ,
3477 3950 3577 3990 nec
3604 3936 3667 3990 ad
3696 3938 3818 4009 illum

2269 4017 2586 4066 revertetur
2603 4014 2699 4083 qui
2722 4006 2962 4073 vendidit
2989 4059 3003 4086 ,
3036 4019 3137 4075 sed
3165 4020 3401 4083 ecclesia
3426 4022 3663 4084 alodium
3688 4006 3817 4084 suum

2265 4102 2386 4174 jure
2416 4104 2520 4160 sibi
2548 4104 2872 4165 vindicabit.
2990 4116 2993 4117 ⁷

2339 4195 2433 4251 lX.
2476 4195 2633 4254 Hane
2651 4213 2754 4270 ego
2776 4202 2854 4272 (1)
2884 4200 3164 4261 Ledainus
3187 4246 3209 4273 ,
3230 4207 3409 4266 abbas
3439 4213 3679 4269 ecclesia:
3700 4213 3816 4268 Bcau'

2271 4288 2509 4357 Vedasti,
2536 4290 2805 4349 rationem
2844 4295 2959 4351 sive
2991 4299 3440 4358 constitutionem
3474 4306 3659 4376 placiti
3686 4322 3796 4379 gens

2216 4450 2221 4453 δ
2268 4380 2418 4450 ralis,
2448 4391 2508 4438 ut
2532 4384 2589 4438 in
2619 4384 2867 4442 libertate
2894 4402 2995 4444 sua
3018 4399 3197 4448 ratum
3218 4402 3274 4448 et
3297 4393 3679 4454 inconvulsum
3697 4398 3817 4453 omni

574 4456 796 4529 paterit.
819 4456 1005 4515 Abbas
1033 4467 1221 4516 autem
1242 4459 1328 4516 vel
1349 4460 1697 4531 praepositus,
1728 4460 1776 4517 Si
1796 4469 1881 4517 est
1906 4462 2051 4517 unde
2073 4478 2166 4518 ve-
2190 4535 2234 4562 n
2269 4482 2512 4545 tempore
2535 4489 2899 4548 permaneret,
2920 4490 3031 4538 tam
3056 4487 3289 4555 posteris
3308 4504 3477 4560 quam
3499 4492 3819 4562 praesentibus

575 4550 639 4606 lit
662 4551 921 4617 clamare,
958 4558 1139 4623 potest
1166 4552 1894 4649 omnitemporehomiltem
1938 4555 2006 4610 de
2041 4555 2161 4626 Ι)ὶᾶ-
2189 4535 2236 4600 C
2268 4535 2679 4625 Ecclesiaeliliis
2702 4580 2757 4627 et
2779 4535 3819 4649 ﬁdeiiEuEQEEEJcEQJJaKEE

577 4646 685 4703 cito
712 4646 767 4701 in
798 4659 1015 4701 camera
1043 4659 1142 4700 sua
1172 4645 1463 4713 mundare,
1485 4653 1540 4701 et
1570 4645 1638 4701 de
1660 4647 1839 4702 catelo
1865 4661 1967 4702 suo
1997 4662 2164 4719 super

575 4754 704 4795 eum
730 4738 968 4794 clamare
994 4745 1050 4793 et
1076 4738 1249 4811 legem
1285 4737 1466 4794 facere
1490 4780 1507 4807 ,
1536 4738 1767 4810 ipsaque
1811 4740 1897 4794 lex
1939 4755 2063 4810 qua:
2104 4740 2158 4795 in

576 4814 795 4893 camera
825 4831 1038 4886 abbatis
1064 4830 1179 4897 fiet,
1209 4831 1660 4888 consuetudinem
1684 4832 1869 4902 placiti
1892 4832 2053 4889 debet
2078 4841 2160 4889 te-

576 4938 727 4979 nere.
766 4923 849 4979 Ad
876 4923 1171 4979 clamorem
1213 4937 1347 4979 vero
1392 4923 1615 4979 alterius
1642 4965 1657 4989 ,
1685 4933 1746 4980 ut
1788 4924 1997 4981 dictum
2031 4934 2116 4981 est
2144 4968 2158 4992 ,

576 5016 683 5072 nisi
710 5015 765 5071 in
793 5015 997 5087 placito
1024 5015 1235 5073 nullum
1263 5015 1422 5072 debet
1436 5015 1711 5088 judicare.

650 5106 739 5163 Vl.
772 5106 950 5165 Homo
979 5108 1048 5164 de
1071 5107 1317 5180 generali
1347 5108 1547 5180 placito
1573 5122 1685 5163 non
1713 5108 1808 5164 dat
1840 5123 2067 5165 censum
2094 5110 2162 5167 de

577 5200 755 5272 capite
777 5216 902 5268 suo,
933 5200 1143 5256 nullam
1186 5200 1284 5257 dat
1325 5215 1502 5273 neque
1539 5201 1702 5256 debet
1728 5199 2118 5258 advocaturam
2144 5244 2160 5269 ,

578 5293 707 5365 quia
732 5293 870 5351 liber
890 5302 976 5351 est
1000 5292 1070 5349 ab
1097 5293 1204 5350 hac
1229 5292 1514 5350 exactione
1539 5293 1657 5349 sine
1683 5292 2077 5365 inquietudine.
2104 5293 2161 5350 Si

578 5400 809 5444 uxorem
852 5401 921 5444 ex
954 5386 1072 5459 lege
1121 5402 1221 5445 sua
1258 5386 1557 5460 acceperit,
1589 5385 1835 5459 quinque
1861 5385 2067 5443 solidos
2099 5387 2168 5443 de

579 5482 828 5548 comedo,
860 5482 914 5538 id
946 5492 1033 5539 est
1066 5482 1286 5540 licentia
1322 5482 1407 5540 vir
1437 5491 1495 5540 et
1527 5480 1730 5540 femina
1758 5480 1927 5537 dabit.
1973 5478 2033 5536 Si
2066 5495 2167 5538 ex-

656 5638 731 5726 (l)
755 5636 869 5726 Iste
893 5637 1172 5699 Leduinus
1209 5642 1375 5726 etiam
1408 5641 2004 5726 abbas_Marcianensis
2041 5651 2168 5713 post

581 5716 1035 5766 restaurationem
1062 5716 1378 5768 monasterii
1403 5716 1631 5768 exstitit.

770 5775 1067 5836 Balduinus
1100 5780 1547 5836 Pulchra—Barba
1576 5799 1668 5839 seu
1695 5783 1960 5838 Barbatus
1986 5784 2165 5839 dictus

2270 4659 2434 4717 ﬁcare
2460 4663 2629 4731 volui,
2657 4678 2937 4724 consensu.
2955 4681 3010 4725 et
3036 4671 3394 4742 dispositione
3429 4684 3561 4734 tunc
3596 4677 3817 4750 temporis

2269 4753 2656 4812 advocatorum
2680 4767 2737 4813 et
2769 4760 2999 4817 aliorum
3023 4762 3278 4822 Ecclesiae
3311 4767 3552 4826 ﬁdelium
3576 4815 3591 4839 ,
3616 4784 3811 4843 quorum

2270 4844 2385 4901 haec
2411 4855 2539 4901 sunt
2556 4850 2779 4905 nomina
2806 4870 2818 4906 :
2846 4851 3135 4922 Robertus,
3159 4855 3495 4921 Fasciculus.
3520 4872 3574 4918 et
3596 4862 3811 4936 Helgotus

2268 4939 2516 4997 advocati
2539 4955 2911 5002 assenserunt.
2944 4947 3255 5020 Stephanus
3289 4936 3520 5024 Bechez,
3549 4957 3638 5028 qui
3670 4956 3812 5027 major

2266 5041 2385 5088 erat
2424 5033 2592 5105 hujus
2633 5035 2839 5107 placiti,
2890 5049 2945 5095 et
2991 5039 3190 5099 fratres
3230 5045 3350 5114 ejus
3392 5045 3810 5111 Bainboldus,ct

2269 5125 2645 5196 Gontrannus,
2663 5128 2942 5188 V'arnerus
2958 5131 3172 5190 Maluis.
3190 5135 3384 5210 Wlago
3397 5139 3466 5195 de
3484 5138 3809 5201 Walenscnn.

2269 5226 2323 5274 et
2357 5218 2638 5278 Iohannes
2679 5221 2848 5281 frater
2886 5225 3027 5297 ejus,
3041 5226 3316 5285 .Albricus
3338 5232 3679 5298 castellanos,
3702 5230 3806 5285 Ger-

2268 5312 2421 5370 ricus
2449 5313 2517 5370 de
2539 5313 2977 5388 Herchingehen.

2340 5405 2537 5460 Actum
2576 5417 2663 5463 est
2691 5418 2874 5466 autem
2906 5420 3150 5484 tempore
3180 5414 3398 5472 comitis
3432 5416 3671 5472 Balduini
3702 5414 3805 5468 Pulo

2269 5496 2624 5556 chrze-Barbae
2647 5500 2748 5572 (ε).
2800 5554 2805 5557 ι

2265 5648 2401 5734 obiit
2444 5672 2591 5736 anno
2634 5656 3123 5736 l056,_'pos_tquam
3164 5674 3447 5736 regnasset
3472 5664 3527 5720 in
3566 5661 3800 5719 Handria.

2269 5730 2427 5778 annis
2452 5734 2575 5781 octo
2600 5736 2653 5783 et
2680 5730 3061 5802 quadraginta.
