4066 5330
485 104 623 159 1559
708 99 1141 156 OTHELBULDI
1179 97 1473 152 ABBATIS
1512 95 1896 152 GANDENSIS
1930 95 2146 151 EPIST.
2183 96 2273 150 AD
2308 95 2614 152 OTGi‘v’AM
2650 93 3021 149 FLANDRIE
3059 92 3500 149 COMITISSAM.

3604 94 3738 149 Κιξο

482 229 681 284 sortes,
719 233 844 273 cum
890 217 1009 287 ipso
1031 222 1159 271 sunt
1201 215 1366 269 simul
1403 215 1679 281 tumulati,
1712 224 1767 269 et
1795 213 1905 268 Deo
1933 228 2063 284 pro-
2096 220 2135 275 Α
2170 215 2393 269 trahens
2433 221 2648 283 partes,
2695 212 3019 268 satellitibus
3056 210 3174 265 suis
3198 251 3213 276 ,
3256 210 3556 264 secundum
3597 210 3740 280 quod

482 311 617 384 pitio
644 308 711 365 ad
734 311 835 364 no's
870 323 1044 377 usque
1081 306 1294 377 perlati.
1339 304 1446 360 Sed
1477 306 1592 361 haec
1614 306 1799 361 omnia
1827 304 1965 360 liber
1986 303 2062 359 De

485 402 654 476 gestis
688 417 878 457 eorum
911 400 1258 469 conscriptus
1286 397 1631 454 manifestius
1661 407 1910 454 testatur.

561 492 802 564 Septima
845 491 1181 556 Pharaildis,
1225 491 1376 561 virgo
1426 491 1568 561 apud
1612 505 1713 545 nos
1761 490 2064 563 antiquitus

486 585 744 656 reposita.

558 675 796 731 Octavus
844 673 901 729 S.
952 674 1179 729 Livinus
1218 674 1533 745 episcopus,
1571 674 1638 728 de
1680 672 1861 729 Scotia
1899 690 2065 728 causa

487 767 755 823 orationis
786 767 1030 835 veniens,
1072 776 1126 823 et
1160 766 1303 837 apud
1335 768 1518 822 villam
1550 767 1843 837 quamdam
1878 765 1934 820 S.
1964 766 2068 822 Ba-

488 859 647 916 vnnis
669 859 1065 916 haereditariam
1090 857 1280 914 aiviris
1314 858 1569 930 malignis
1592 858 1930 926 interfectus,
1958 859 2071 928 pal-

491 966 638 1005 mam
673 959 758 1007 est
781 950 1034 1021 martyris
1064 966 1094 1005 a
1123 948 1343 1006 Christo
1373 951 1617 1021 adeptas.

562 1041 752 1120 Nonus
802 1042 973 1097 beata:
1024 1043 1303 1098 memoriae
1354 1042 1667 1109 Macarius,
1717 1042 2068 1098 Antiocheam

492 1134 659 1201 sedis,
698 1142 759 1188 ut
782 1134 900 1203 ipse
921 1134 1243 1201 testabatur,
1271 1135 1735 1204 archiepiscopus,
1765 1143 1824 1189 ut
1848 1135 1950 1204 ipsi
1985 1136 2068 1189 vi-

491 1223 672 1281 dimus
700 1225 797 1295 (Ξ),
823 1225 1091 1296 sapientia
1124 1236 1180 1281 ct
1205 1242 1417 1280 morum
1441 1226 1724 1281 honestate
1753 1227 2064 1296 praeclarus,

444 1347 453 1355 -
491 1323 656 1389 quem
683 1316 949 1374 Dominus
994 1327 1118 1388 post
1154 1318 1323 1372 multa
1354 1318 1810 1397 peregrinationis
1858 1318 2069 1373 incom-

492 1408 672 1475 moda,
709 1409 868 1465 nobis
893 1418 978 1466 est
1007 1411 1374 1465 transmittere
1402 1408 1679 1482 dignatus,
1727 1418 1889 1481 atque
1926 1426 2068 1480 prae-

2166 306 2460 377 unicuique
2496 321 2686 361 eorum
2717 314 2832 359 erat
2853 303 3190 375 contiguum,
3219 302 3516 357 distribuit.

2236 395 2349 451 Hoc
2406 405 2491 452 est
2554 397 2611 452 in
2673 412 2812 468 pago
2870 394 3223 450 Curtracensi
3285 394 3414 448 villa
3474 394 3745 450 Elisachia

2166 505 2289 543 cum
2331 489 2567 565 ecclesia
2618 497 2672 544 et
2718 488 2946 553 mansis,
2986 487 3208 558 triginta
3249 494 3403 553 octo;
3450 476 3579 540 item
3622 486 3745 540 villa

2169 583 2516 655 Sidenghem,
2545 592 2600 637 et
2624 583 2679 638 in
2704 583 2832 638 villa
2868 581 3140 648 Holthem,
3169 597 3389 637 mansos
3414 581 3749 653 quatuorde—

2166 676 2292 743 cim,
2317 685 2370 730 et
2395 677 2449 730 in
2483 691 2623 746 pago
2653 674 3045 741 Metelentinse,
3073 674 3129 728 in
3156 674 3283 729 villa
3320 673 3559 741 Siclinis,
3590 690 3750 729 man-

2168 785 2260 823 sos
2296 776 2533 838 quatuor
2560 783 2682 821 cum
2710 766 3035 823 molendinis
3060 766 3274 821 duobus
3300 775 3355 820 et
3379 767 3587 822 cambis
3618 766 3753 821 dua-

2168 860 2306 924 bus;
2339 866 2393 913 et
2420 858 2473 912 in
2504 874 2643 930 pago
2673 855 3008 913 Tornacensi
3036 856 3220 912 villam
3254 856 3612 911 Fontaneiam
3650 872 3750 910 uo-

2170 950 2313 1004 mine
2336 966 2461 1005 cum
2483 950 2740 1006 omnibus
2760 949 3094 1021 appendiciis
3118 967 3133 1015 ;
3155 957 3209 1003 et
3238 948 3294 1003 in
3332 964 3471 1019 pago
3496 946 3759 1017 Trecensi

2167 1044 2351 1098 villam
2372 1041 2697 1097 Columnam
2725 1042 2949 1109 dictam,
2976 1042 3104 1097 item
3133 1042 3297 1096 aliam
3323 1041 3508 1095 villam
3533 1041 3758 1095 nomine

2168 1134 2379 1191 Niolam
2405 1153 2420 1202 ;
2451 1142 2506 1191 et
2525 1134 2580 1189 in
2612 1150 2751 1206 pago
2774 1132 3165 1206 Bracbantensi
3196 1133 3380 1187 villam
3414 1130 3599 1187 Meren
3625 1147 3756 1185 cum

2169 1227 2395 1283 ecclesia
2407 1227 2678 1281 etmansis
2693 1226 3030 1296 septuaginta
3054 1234 3257 1295 septem
3276 1243 3289 1291 ;
3308 1224 3436 1279 item
3459 1223 3758 1279 Crainham

2169 1319 2354 1374 villam
2389 1334 2519 1374 cum
2557 1317 2784 1374 ecclesia
2819 1326 2874 1372 et
2906 1316 3111 1373 mansis
3147 1316 3400 1387 triginta;
3425 1315 3555 1369 item
3580 1314 3760 1369 Bella—

2172 1411 2321 1465 vium
2364 1427 2490 1466 cum
2539 1410 2768 1466 ecclesia
2809 1416 2865 1465 et
2905 1408 3162 1463 omnibus
3206 1406 3585 1476 appendiciis;
3630 1406 3761 1460 item

492 1497 663 1553 sentis
685 1498 808 1554 vitae
834 1500 1084 1556 molestia
1113 1508 1337 1555 exutum
1354 1542 1368 1567 ,
1396 1508 1451 1555 et
1474 1508 1677 1555 aaterna
1703 1499 1876 1570 gloria
1897 1500 2070 1555 subli-
2102 1569 2136 1573 _
2172 1500 2472 1573 Brugeeine
2491 1501 2673 1556 villam
2690 1516 2815 1556 cum
2840 1499 3097 1555 omnibus
3115 1497 3405 1564 reditibus;
3425 1498 3556 1552 item
3574 1497 3761 1551 viilam

492 1599 703 1646 matum
750 1591 959 1648 crebris
996 1591 1391 1649 miraculorum
1422 1591 1593 1667 signis
1636 1591 1865 1648 mirifice
1901 1591 2067 1648 deco-
2102 1569 2144 1624 Β
2170 1594 2451 1660 Miliniam,
2484 1610 2608 1649 cum
2632 1592 2862 1649 ecclesia
2887 1601 2942 1647 et
2962 1591 3219 1646 omnibus
3249 1589 3600 1659 adjacentiis;
3632 1589 3762 1644 item

493 1682 655 1738 tavit.

561 1773 765 1832 Deinde
786 1786 989 1848 quanta
1026 1778 1165 1851 apud
1207 1794 1307 1836 nos
1342 1777 1704 1848 plurimorum
1743 1785 2070 1834 sanctorum

495 1866 723 1938 pignora
748 1869 1075 1939 habeantur,
1099 1871 1305 1927 scilicet
1328 1871 1720 1941 apostolorum,
1746 1879 2070 1943 martyrum,

494 1957 893 2028 confessorum,
920 1961 1215 2034 virginum,
1248 1963 1551 2034 antiquitus
1575 1964 1644 2018 ab
1665 1963 1784 2034 ipso
1808 1963 2075 2019 Christia-

495 2050 682 2108 nitatis
706 2053 929 2108 exordio
973 2055 1255 2110 recondita
1274 2096 1289 2121 ,
1325 2054 1432 2110 nisi
1461 2055 1587 2126 quis
1617 2057 1792 2112 oculis
1821 2056 2073 2127 inspexe-

498 2140 587 2206 rit,
618 2156 797 2212 neque
824 2144 1100 2209 narranti,
1150 2159 1326 2215 neque
1359 2144 1619 2201 scribenti
1665 2145 1826 2205 facile
1870 2148 2072 2203 credet.

500 2228 566 2284 Et
609 2232 754 2300 quod
787 2247 854 2288 ex
902 2232 989 2287 his
1024 2233 1326 2289 maximum
1368 2242 1425 2290 et
1472 2235 1953 2304 pretiosissimum,
1995 2246 2079 2293 est

500 2337 627 2391 pars
663 2325 910 2394 quaedam
946 2342 1143 2398 magna
1182 2327 1316 2399 ligni
1343 2328 1630 2395 salutaris,
1667 2345 1792 2384 cum
1824 2330 1943 2400 ipso
1968 2329 2078 2386 Re-

498 2413 797 2484 demptoris
824 2419 999 2474 nostri
1039 2434 1234 2474 cruore
1261 2418 1709 2476 manifestissime
1747 2420 1986 2491 perfusa,
2025 2431 2081 2477 et

499 2504 765 2563 fabricata
812 2524 969 2577 auro,
1003 2510 1341 2582 gemmisque
1387 2512 1647 2583 pretiosis
1696 2505 2080 2570 decentissime

502 2599 728 2654 inserta.
1810 2650 1813 2653 .

575 2688 734 2746 Nunc
758 2691 946 2763 igitur,
977 2695 1198 2750 domina
1231 2705 1419 2752 nostra
1451 2698 1789 2764 dulcissima,
1820 2700 2081 2769 quoniam

506 2781 641 2837 satis
688 2784 845 2841 vobis
891 2784 1094 2841 factum
1125 2798 1210 2843 est
1252 2789 1319 2844 de
1364 2790 1684 2860 corporibus
1736 2799 1790 2846 et
1836 2792 2084 2863 reliquiis

2170 1687 2353 1743 villam
2414 1685 2707 1754 Mershem,
2744 1701 2873 1741 cum
2928 1684 3181 1750 ecclesia,
3248 1683 3421 1752 pratis
3445 1724 3462 1749 ,
3517 1682 3763 1752 pascuis,

2171 1780 2328 1837 silvis
2373 1787 2429 1835 et
2468 1778 2725 1834 omnibus
2753 1776 3114 1848 adjacentiis;
3148 1775 3278 1830 item
3307 1774 3489 1831 villam
3538 1772 3761 1845 Singem

2171 1888 2299 1928 cum
2340 1870 2569 1926 ecclesia
2626 1877 2681 1926 et
2724 1869 2935 1925 caeteris
2980 1868 3047 1923 ad
3098 1868 3273 1938 ipsam
3319 1865 3761 1938 pertinentibus;

2173 1964 2302 2020 item
2340 1963 2526 2017 villam
2574 1961 2877 2032 Badengem
2919 1975 3044 2015 cum
3089 1959 3320 2014 ecclesia
3360 1967 3415 2013 et
3462 1958 3768 2013 redditibns

2174 2056 2413 2122 caeteris;
2439 2057 2568 2111 item
2586 2055 2772 2109 villam
2802 2053 3091 2108 Mortesela
3120 2069 3247 2108 cum
3275 2052 3507 2108 ecclesia
3537 2051 3769 2121 suisque

2174 2148 2549 2219 appendiciis;
2589 2147 2717 2202 item
2751 2147 2808 2204 in
2830 2145 3094 2202 Masmine
3124 2160 3349 2201 mansos
3370 2144 3617 2216 quinque
3641 2159 3768 2200 cum

2176 2240 2406 2296 ecclesia
2426 2258 2440 2307 ;

2247 2340 2315 2396 Et
2344 2340 2398 2395 in
2422 2356 2562 2412 pago
2584 2339 2908 2396 Flandrensi
2952 2338 3254 2411 Bettingem
3289 2354 3415 2395 cum
3451 2336 3688 2394 ecclesia
3718 2345 3774 2394 et

2179 2432 2435 2488 omnibus
2483 2432 2552 2488 ad
2599 2432 2775 2503 ipsam
2823 2432 3253 2502 pertinentibus;
3303 2432 3431 2486 item
3485 2427 3774 2486 Holtasma

2179 2542 2305 2581 cum
2331 2525 2587 2592 ecclesia;
2619 2525 2747 2581 item
2776 2524 2959 2581 Ottold
2979 2510 3299 2592 ecclesiam;
3323 2524 3452 2579 item
3480 2523 3774 2580 ecclesiam

2179 2617 2465 2689 Adingem.
2488 2615 2619 2673 Item
2643 2616 2698 2671 in
2721 2633 2860 2688 pago
2881 2616 3176 2687 Mempisco
3198 2617 3379 2671 villam
3400 2614 3773 2686 Guntrengem

2183 2725 2309 2766 cum
2350 2711 2618 2777 ecclesia;
2676 2719 2730 2766 et
2770 2711 2824 2764 i‘n
2869 2725 3011 2782 pago
3062 2709 3359 2775 Gandcnsi,
3427 2709 3589 2764 villas
3652 2708 3776 2771 has.

2185 2802 2503 2874 Hemthorp,
2528 2803 2781 2869 Hufoine,
2809 2802 3055 2874 Bergine,
3075 2802 3208 2858 Was
3230 2801 3626 2856 monasterium
3648 2816 3777 2855 cum

507 2883 844 2943 sanctorum,
890 2878 1313 2947 animadvertat,
1357 2882 1403 2937 si
1439 2883 1634 2952 placet,
1668 2891 1848 2939 vestra
1888 2885 2081 2955 pietas,

2187 2897 2442 2953 omnibus
2471 2895 2803 2967 appendiciis
2833 2911 3046 2961 eorum,
3081 2904 3134 2950 et
3159 2895 3389 2950 ecclesia
3415 2894 3470 2948 in
3492 2892 3778 2949 Μαι-σηιξη

505 2968 684 3038 qualis
709 2979 1057 3041 quantusque
1091 2973 1180 3027 hic
1206 2974 1361 3029 locus
1392 2975 1522 3030 olim
1555 2974 1741 3044 fuerit,
1767 2985 1821 3033 et
1851 2978 1917 3033 ad
1942 2994 2083 3049 qua-

507 3059 613 3114 lem
644 3076 791 3117 nunc
830 3063 1085 3134 delapsus
1115 3064 1391 3136 inopiam;
1428 3076 1482 3123 et
1504 3075 1683 3123 tamen
1715 3077 1879 3138 caput
1903 3070 2084 3142 regio-

507 3153 615 3219 nis,
647 3153 939 3224 primatum
979 3164 1171 3213 tenens
1217 3166 1536 3214 caeterarum
1586 3160 1897 3229 civitatum,
1939 3170 1994 3218 et
2019 3163 2087 3219 ab

507 3243 748 3315 antiquis
781 3246 1099 3305 Gaudavum
1130 3251 1403 3307 vocitatus
1429 3260 1671 3307 castrum
1693 3294 1707 3320 ,
1748 3254 1838 3308 ubi
1864 3265 2088 3311 sanctus

506 3336 747 3406 pontifex
798 3338 1111 3407 Amandus,
1159 3350 1284 3413 post
1329 3344 1608 3415 gentilium
1652 3345 2085 3414 conversionem,

509 3430 770 3500 templum
793 3430 1046 3501 Domino,
1076 3434 1134 3489 in
1154 3436 1360 3491 honore
1379 3436 1525 3492 beati
1547 3439 1916 3508 apostolorum
1940 3439 2091 3510 prin-

510 3521 646 3591 cipis
691 3521 836 3578 Petri
883 3525 1129 3596 reliquiis
1186 3527 1443 3583 maximis
1489 3531 1799 3585 construxit
1847 3530 2087 3599 insertis,

513 3623 679 3685 atque
709 3616 1108 3672 monachorum
1155 3619 1229 3673 ibi
1259 3629 1531 3677 catervam
1572 3621 1884 3691 instituens,
1924 3624 2091 3694 privi-

511 3703 667 3775 legiis
701 3709 1014 3776 apostolicis
1061 3718 1115 3764 et
1154 3726 1339 3783 regum
1384 3714 1668 3783 praeceptis
1710 3714 2094 3772 decentissime

512 3798 915 3856 corroboravit:
934 3802 1030 3857 ubi
1040 3802 1205 3859 etiam
1225 3803 1457 3876 insignis
1471 3803 1633 3861 Pater
1653 3805 1819 3874 Bavo,
1847 3808 2093 3864 omnium

510 3890 779 3946 virtutum
804 3892 1137 3961 perfectione
1175 3896 1560 3967 probatissime
1584 3908 2028 3969 consummatus,
2061 3917 2094 3957 a

514 3977 628 4037 Deo
650 3984 1024 4054 omnipotente
1051 3986 1358 4043 sublimiter
1380 3997 1465 4044 est
1490 3990 1782 4059 exaltatus.
1838 4044 1841 4049 .
1906 4034 1907 4037 η

586 4072 835 4145 Cumque
883 4078 1093 4134 meritis
1146 4078 1318 4149 ipsius
1357 4089 1413 4137 et
1442 4082 1704 4138 virtutum
1749 4084 1920 4156 signis
1952 4086 2095 4142 idem

516 4162 672 4218 locus
719 4165 963 4234 quotidie
1008 4167 1376 4227 oblationibus
1417 4171 1657 4228 fidelium
1702 4184 1993 4246 augeretur
2042 4185 2097 4232 et

516 4269 804 4324 cresceret,
855 4266 980 4329 post
1026 4261 1260 4341 plurima
1305 4280 1577 4321 annorum
1623 4268 1918 4335 curricula,
1966 4285 2093 4339 pec-

474 4359 476 4363 '
517 4348 656 4405 catis
684 4348 1121 4408 Christianorum
1143 4354 1503 4427 exigentibus,
1522 4356 1887 4433 Northmanni
1915 4361 2093 4430 ipsum

517 4438 700 4494 locum
717 4440 939 4510 adeunt,
953 4452 1189 4510 vastant,
1214 4444 1509 4502 incendunt
1530 4457 1582 4503 et
1597 4450 1780 4504 omnia
1801 4451 2092 4520 diripiunt;

521 4530 864 4605 solummodo
885 4543 1197 4591 sanctorum
1229 4539 1578 4607 corporibus,
1602 4542 1839 4597 maxime
1861 4542 2096 4597 fidelium

520 4621 820 4691 laboribus,
866 4626 934 4682 ad
967 4625 1203 4683 Montem
1247 4628 1457 4702 regium
1504 4629 1927 4691 Lauduncnsem
1968 4631 2097 4704 fuga

525 4714 770 4785 dilapsis.
1853 4772 1857 4776 .

591 4806 838 4879 Cumque
868 4809 1022 4877 inibi,
1052 4820 1272 4883 propter
1297 4821 1502 4869 metum
1525 4814 1770 4885 ipsorum
1799 4816 1963 4872 Dano
1985 4832 2097 4883 um,

523 4900 784 4968 quoniam
816 4902 1000 4956 omnia
1040 4914 1459 4973 occupaverant,
1491 4906 1698 4962 diutius
1730 4916 2099 4974 morarentur,

2186 2989 2319 3046 sita.

2261 3123 2366 3181 Sed
2398 3133 2452 3180 et
2490 3123 2716 3181 comites
2760 3122 3162 3194 provinciarum
3194 3129 3249 3177 et
3287 3119 3527 3192 episcopi
3575 3119 3783 3190 singuli

2188 3233 2381 3271 eorum
2433 3217 2785 3272 obtinuerunt
2829 3226 3012 3286 partes
3058 3229 3207 3280 suas,
3272 3210 3657 3282 unusquisque
3725 3210 3781 3263 in

2190 3310 2327 3364 locis
2360 3309 2495 3376 suis,
2520 3324 2696 3379 usque
2721 3308 2789 3364 ad
2828 3317 3069 3378 tempora
3107 3306 3210 3376 piae
3258 3303 3539 3359 memoria:
3570 3301 3782 3372 przede-

2191 3401 2426 3457 cesseris
2468 3399 2666 3467 nostri,
2725 3399 2933 3454 domini
2986 3396 3233 3454 videlicet
3279 3394 3492 3450 abbatis
3538 3390 3779 3454 Odwini,

2191 3491 2286 3562 qui
2305 3492 2494 3546 adiens
2510 3491 2813 3561 piissimum
2840 3482 3222 3560 imperatorem
3238 3484 3490 3541 Ottonem
3509 3484 3778 3555 quasdam

2194 3583 2424 3654 imperio
2444 3597 2544 3636 suo
2583 3580 2869 3652 contiguas
2909 3579 3067 3634 villas
3091 3575 3416 3647 impetravit,
3446 3573 3779 3644 quibusdam

2193 3682 2254 3729 ut
2277 3682 2432 3727 erant
2476 3671 2550 3727 ibi
2588 3671 2792 3741 injuste
2839 3668 3084 3739 direptae,
3128 3675 3304 3721 morte
3338 3664 3511 3735 ipsius
3542 3663 3781 3718 interre-

2195 3767 2398 3832 niente,
2441 3762 2848 3818 remanentibus
2877 3778 2891 3827 ;
2920 3775 2998 3833 ex
3040 3759 3240 3830 quibus
3273 3756 3410 3812 duas
3445 3754 3661 3810 fiscales
3688 3753 3783 3808 de»

2195 3855 2359 3911 tinuit
2405 3854 2696 3925 cpiscopus
2739 3849 3077 3917 Lcodiensis,
3112 3846 3402 3913 Calmund,
3447 3853 3503 3900 et
3549 3844 3781 3899 Meldra—

2194 3948 2261 4003 da
2295 3946 2395 4017 (3),
2427 3962 2552 4001 cum
2596 3959 2786 3999 eorum
2832 3939 3186 4012 appendiciis,
3212 3948 3272 3994 ut
3293 3937 3570 3993 Renoldus
3597 3949 3783 3991 comes

2199 4035 2514 4092 Suessionis
2558 4034 2743 4089 villam
2801 4030 3074 4087 Vasleiam
3129 4034 3540 4098 nuncupatam;
3588 4025 3687 4081 sed
3729 4032 3795 4079 et

2198 4128 2515 4184 Widmarus
2543 4127 2726 4181 villam
2757 4124 3067 4191 Let‘hecam,
3100 4137 3225 4178 cum
3259 4118 3488 4176 ecclesia
3519 4127 3575 4173 et
3596 4118 3783 4172 omni-

2199 4221 2303 4276 bus
2344 4217 2694 4289 appendiciis,
2753 4223 2807 4271 et
2848 4213 2967 4270 Uda
3003 4199 3284 4270 comitissa
3320 4211 3502 4265 villam
3544 4207 3786 4262 Warmi.

2129 4303 2172 4356 Π
2200 4312 2368 4378 niam,
2392 4326 2517 4366 cum
2541 4308 2921 4363 mansionibus
2951 4304 3263 4376 quindecim
3288 4312 3344 4357 et
3370 4302 3489 4358 suis
3522 4299 3786 4370 appendi-

2197 4404 2317 4470 ciis,
2340 4410 2394 4457 et
2421 4400 2604 4456 comes
2630 4399 2874 4453 Renerus
2890 4397 2972 4469 (4)
3003 4396 3186 4451 villam
3218 4393 3387 4449 Letha
3410 4408 3534 4448 eum
3558 4390 3786 4447 ecclesia

2199 4503 2252 4550 ct
2290 4494 2405 4549 suis
2442 4492 2726 4556 reditibus,
2761 4498 2816 4545 et
2843 4487 3121 4543 Sconarda
3160 4485 3410 4541 similiter
3434 4492 3490 4539 et
3515 4482 3788 4539 Robertrs

2198 4588 2381 4641 villam
2412 4584 2742 4654 Grenberga,
2771 4590 2825 4636 et
2870 4579 3088 4651 plurimi
3124 4579 3328 4650 plures,
3369 4591 3509 4647 quas
3530 4590 3788 4632 enarrare

2196 4679 2421 4749 longum
2457 4689 2558 4731 cst.

2273 4812 2495 4869 Interim
2533 4811 3131 4885 quondamhucusque
3162 4808 3229 4862 de
3269 4805 3495 4876 injusto,
3529 4805 3617 4859 vel
3668 4804 3785 4859 vio-

2201 4908 2374 4963 lenter
2400 4906 2521 4961 loco
2548 4912 2738 4961 sancto
2779 4902 2976 4959 ablatis
3000 4900 3313 4957 summatim
3344 4896 3783 4968 perstrinximus,

527 4990 814 5046 lzzercditas
853 5008 1045 5048 eorum
1078 5011 1234 5049 versa
1262 5004 1347 5051 est
1371 4996 1439 5051 ad
1474 4997 1682 5052 alienos
1726 5005 1782 5053 et
1821 4998 2103 5055 domestici
2205 5012 2350 5052 nunc
2377 4996 2664 5051 redeamus
2702 4994 2768 5049 ad
2795 5008 2884 5060 ea,
2911 4990 3169 5061 sipietati
3211 4997 3406 5044 vestrae
3452 4987 3645 5042 audire
3675 4984 3787 5054 pla-

527 5088 691 5147 atque
712 5083 954 5138 extranei
984 5083 1352 5154 diripuerunt.
1376 5101 1460 5141 ea.
1497 5085 1601 5141 Sed
1635 5095 1689 5142 et
1734 5104 1971 5158 proavus
2013 5105 2102 5144 se-

530 5166 700 5224 nioris
737 5173 911 5227 nostri
935 5190 1165 5245 magnus
1193 5174 1478 5244 Arnulfus,
1518 5179 1788 5235 maximas
1833 5179 1957 5235 inde
1985 5181 2107 5236 abs—
2146 5203 2150 5209 ε

2205 5098 2307 5154 cet,
2337 5103 2459 5159 qua:
2479 5085 2683 5143 sanctis
2739 5090 3140 5148 remanserunt,
3183 5081 3267 5135 vel
3308 5094 3433 5150 qua:
3458 5086 3586 5149 post
3611 5090 3786 5131 rever-

2206 5179 2415 5234 sionem
2441 5190 2632 5232 eorum
2666 5174 2731 5230 de
2771 5173 3029 5244 praedicto
3065 5180 3270 5237 monte,
3310 5169 3591 5224 laborioso
3630 5164 3783 5222 suda-
