4066 5330
455 164 599 247 1345
1721 194 2047 250 BENEDIC'I

2142 198 2185 251 Χ
2227 197 2427 251 pars
3545 190 3706 269 tam

457 314 644 357 cratus
678 319 730 356 xx
763 300 880 356 Kal.
911 301 1198 369 Februan,
1230 304 1547 373 pontiﬁcatu
1576 322 1605 359 a
1636 305 1925 361 Benedicto
1954 307 2021 361 IX
2053 317 2099 372 Λ
2196 311 2387 366 Fuisse
2420 308 2599 365 autem
2640 309 2988 365 Benedictum
3030 308 3099 363 IX
3145 320 3394 380 nepotem
3431 311 3705 371 Benedicti

455 404 682 449 exactus
710 402 796 447 cst
824 409 856 447 v
890 393 1016 447 ldus
1046 392 1244 459 Martii,
1270 410 1415 449 anno
1444 395 1598 450 1045.
2084 414 2087 415 ⁷
2136 401 2269 469 VIII,
2299 402 2489 458 Petrus
2520 401 2813 457 Damianus
2841 403 3133 458 cardinalis
3156 413 3404 469 testatur,
3431 422 3596 475 quem
3626 407 3709 460 id~
3766 396 3772 401 ’

524 483 856 540 Benedictus
878 493 1129 551 octavus,
1149 485 1325 542 dictus
1348 503 1546 552 nonus,
1561 487 1860 555 Romanus,
1879 489 2036 558 pulso

460 575 736 647 Sylvcstro
779 576 960 643 tertio,
1001 576 1198 631 iterum
1233 578 1374 633 sedit
1400 594 1643 635 mensem
1690 596 1736 645 ι,
1773 580 1892 637 dies
1919 597 2031 648 ιιι,

458 682 523 721 ex
552 675 676 721 ante
699 666 841 721 diem
868 683 922 721 γι
950 666 1078 723 ldus
1102 667 1280 723 Martii
1303 685 1476 739 usque
1502 671 1569 725 ad
1598 669 1716 726 Kal.
1761 670 1889 727 Maii
1914 673 2036 744 ejus

459 756 610 823 anni,
635 773 744 827 quo
772 758 859 812 die
887 768 1079 829 sponte
1108 759 1394 815 abdicavit.

528 847 856 904 Benedictus
883 865 1079 917 nonus,
1112 850 1437 908 Tusculanis
1465 853 1761 909 comitibus
1782 854 2038 920 anniten-

460 939 636 1005 tibus,
696 941 957 997 suﬁ‘ectus
1002 952 1085 998 est
1112 942 1308 1000 Joanni
1359 953 1556 1015 patruo
1604 946 1892 1015 defuncto;
1942 948 2039 1019 qui

463 1046 589 1085 cum
638 1031 692 1086 in
724 1032 873 1099 dies,
904 1034 1084 1097 modo
1114 1035 1292 1103 hunc,
1329 1037 1491 1092 modo
1520 1038 1711 1107 illum,
1762 1039 2040 1095 Romanos

462 1129 700 1188 vexaret,
735 1123 953 1178 tandem
983 1123 1123 1179 facta
1149 1128 1444 1182 multorum
1467 1129 1896 1199 conspiratione,
1921 1139 2044 1201 post

464 1214 681 1285 longam
718 1216 1006 1272 duodecim
1038 1234 1306 1275 annorum
1357 1222 1702 1279 tolerantiam
1727 1267 1743 1291 ,
1787 1226 1914 1281 sede
1941 1242 2040 1282 sua

463 1309 655 1376 pulsus
680 1316 782 1375 est,
814 1325 959 1365 anno
999 1310 1216 1367 Domini
1241 1312 1399 1380 1045,
1432 1317 1671 1385 atquein
1691 1317 1812 1387 ejus
1836 1318 2040 1387 locum,

463 1398 725 1453 Joannem
764 1399 1120 1458 Sabinensem
1152 1406 1469 1477 episcopum
1496 1426 1551 1464 χι
1576 1409 1697 1464 Kal.
1720 1410 2044 1468 Februarias

467 1492 853 1560 subdiderunt,
897 1511 1132 1566 eumque
1179 1498 1498 1556 Silvestrum
1529 1503 1750 1558 tertium
1801 1505 2040 1573 appella-

467 1592 613 1639 runt.
666 1584 817 1641 Hanc
850 1591 1232 1645 contumeliam
1265 1590 1559 1648 Tusculani
1607 1610 1856 1665 proceres
1902 1595 2042 1651 ferre

2132 496 2280 551 circo
2308 493 2657 548 Benedictum
2689 492 2972 549 Juniorem
3018 504 3195 549 vocat.
3231 495 3493 551 Eumdem
3527 497 3707 551 Theo-

2132 588 2444 658 phylactum
2493 594 2651 640 antea
2701 586 2929 652 dictum,
2966 584 3312 641 Hermanuus
3357 588 3709 657 Contractus,

2133 678 2364 749 insignis
2393 678 2636 733 historiae
2684 678 2935 747 scriptor,
2984 678 3177 745 refert;
3221 678 3438 746 Glabcr,
3485 680 3712 736 Clunia-

2134 770 2313 825 ccnsis
2342 771 2665 836 monachus,
2695 769 2859 824 tradit
2877 786 3001 824 eum
3020 771 3258 825 nondum
3291 773 3551 841 puberem
3578 789 3716 842 pon-

2136 861 2399 917 tiﬁcatum
2441 870 2781 928 assecutum;
2832 862 3013 932 itaque
3065 863 3111 917 si
3159 863 3292 932 quid
3344 864 3596 919 criminis
3657 866 3715 920 in

2136 953 2550 1024 corrumpendis
2581 953 2818 1009 comitiis
2848 952 2969 1020 fuit,
3002 954 3054 1008 id
3080 971 3187 1008 non
3210 956 3281 1022 ei,
3320 955 3412 1011 sed
3444 957 3640 1012 amicis
3663 967 3718 1013 et

2136 1045 2555 1116 consanguineis
2581 1045 2927 1100 tribuendum
2955 1055 3225 1100 censetur.
3334 1030 3339 1034 ’

2209 1133 2483 1190 Benedicti
2526 1134 2596 1188 IX
2648 1136 2985 1206 pontiﬁcatu,
3017 1135 3315 1207 Anglorum
3350 1153 3469 1203 rex,
3504 1139 3616 1191 voti
3667 1148 3720 1192 et

2139 1227 2418 1297 religionis
2461 1228 2653 1298 gratia,
2690 1226 2918 1282 Romam
2951 1228 3117 1283 venit.
3176 1228 3279 1296 Qui
3327 1230 3440 1283 voti
3494 1246 3719 1299 compos

2138 1316 2336 1385 factus,
2380 1319 2435 1373 in
2492 1320 2721 1389 patriam
2769 1320 2949 1375 rediit.
2994 1319 3134 1375 Sunt
3180 1321 3274 1393 qui
3310 1322 3561 1376 scribunt
3614 1322 3720 1375 hoc

2140 1417 2381 1478 tempore
2403 1406 2703 1463 Gerardum
2717 1407 2979 1463 Venetum
2990 1452 3003 1474 ,
3021 1407 3361 1480 Ungarorum
3374 1409 3719 1480 episcopum,

2140 1502 2317 1555 virum
2331 1501 2592 1572 optimum
2612 1502 3077 1568 etdoctissimum,
3104 1503 3172 1555 ab
3183 1501 3435 1557 hostibus
3451 1502 3724 1557 Christia-

2142 1607 2227 1647 na:
2260 1592 2383 1646 ﬁdei
2422 1593 2740 1664 martyrium
2796 1592 3114 1663 aequissimo
3144 1592 3326 1646 animo
3352 1609 3611 1662 passum;
3655 1595 3722 1648 ad

468 1692 577 1731 non
610 1687 921 1747 potuerunt.
973 1679 1160 1752 Itaque
1192 1681 1336 1739 facto
1375 1685 1581 1755 impetu
1619 1702 1744 1741 eum
1782 1685 2044 1743 militibus
2077 1676 2119 1730 Β
2144 1699 2369 1738 currum
2400 1684 2544 1738 enim
2593 1685 2811 1756 ligatus,
2844 1701 2911 1740 ex
2935 1684 3203 1740 altissimo
3240 1677 3425 1779 m’nte
3481 1702 3723 1759 pmceps

467 1779 521 1825 et
567 1771 790 1827 collecta
823 1774 1108 1829 hominum
1157 1777 1453 1848 agrestium
1482 1779 1827 1835 multitudine
1852 1781 2044 1851 adjuti,

472 1860 791 1916 Silvestrum
821 1879 854 1917 v
884 1862 1010 1919 Idus
1041 1864 1220 1919 Martii
1246 1875 1299 1921 et
1332 1868 1666 1940 patriarchio
1695 1869 2047 1927 Lateranensi

469 1950 846 2024 dcttirbarunt,
873 1973 933 2013 ac
955 1957 1301 2015 Benedictum
1325 1962 1700 2017 restituerunt.
1722 1961 1929 2018 Interea
1949 1971 2052 2017 ter-

470 2042 584 2100 tius
635 2045 858 2115 quidam
926 2045 1197 2117 Joannes,
1245 2051 1681 2123 archipresbyter
1734 2052 2047 2121 Romanus,

471 2136 718 2192 eamdem
767 2138 948 2192 sedem
998 2137 1291 2208 invadens,
1336 2143 1598 2212 majorem
1652 2143 2049 2200 deformitatem

472 2224 728 2283 Ecclesia
761 2229 956 2295 attulit,
989 2239 1152 2301 atque
1181 2233 1254 2286 ita
1286 2240 1401 2287 tres
1434 2234 1716 2303 pontiﬁces
1748 2234 2049 2289 Romanam

473 2316 659 2373 sedem
685 2321 888 2388 pariter
912 2323 1199 2377 Vexabant.
1244 2322 1569 2379 Benedictus
1600 2333 1810 2391 autem,
1842 2341 1964 2380 eum
1994 2342 2051 2380 se

473 2412 721 2465 omnium
746 2413 871 2467 odio
897 2429 961 2469 ac
982 2424 1296 2485 contemptu
1329 2416 1519 2471 haberi
1541 2416 1768 2476 videret.
1789 2432 1889 2473 nec
1918 2419 2053 2474 satis

475 2502 643 2561 robur
676 2503 743 2558 ad
790 2511 997 2560 tantam
1042 2508 1333 2577 procellam
1380 2509 1755 2563 sustinendam
1800 2508 2051 2576 haberet,

476 2594 684 2650 honore
706 2612 766 2652 se
799 2597 944 2653 ultro
968 2598 1261 2655 abdicavit.
1295 2599 1425 2655 Erat
1467 2599 1705 2656 Joannes
1735 2599 2052 2670 Gratianus,

475 2684 622 2741 Petri
654 2686 852 2743 Leonis
898 2690 1062 2757 ﬁlius,
1101 2693 1315 2747 eximiae
1349 2692 1650 2746 nobilitatis
1680 2693 1734 2746 in
1778 2691 1921 2748 Urbe
1948 2694 2050 2763 vir,

478 2778 567 2833 cui
588 2788 918 2835 consecrato
952 2781 1245 2854 Gregorius
1271 2781 1336 2835 Vl
1357 2800 1550 2838 nomen
1577 2793 1660 2839 est
1688 2783 1943 2839 inditum.

552 2869 812 2926 Silvester
849 2881 1029 2928 autem
1074 2874 1300 2940 tertius,
1330 2876 1505 2944 patria
1557 2874 1855 2942 Rninanus,
1888 2875 2053 2930 Joan-

478 2978 578 3017 nes
609 2973 768 3019 antea
800 2975 1050 3032 voeatus,
1079 2982 1145 3021 ex
1170 2970 1426 3037 episcopo
1455 2966 1765 3035 Sabinensi,
1792 2969 1846 3022 in
1877 2969 2052 3024 schis-

2147 1775 2436 1831 dimittitur
2464 1791 2527 1830 ac
2555 1777 2844 1832 laceratur.

2218 1863 2402 1919 Bruno
2444 1864 2851 1934 llerbipolensis
2893 1864 3206 1936 theologus,
3265 1873 3318 1917 et
3372 1860 3725 1923 Ilermannus

2146 1956 2511 2024 Contractus,
2567 1957 2862 2013 historicus
2908 1964 2963 2011 et
3014 1956 3457 2022 mathematicus,
3516 1958 3729 2012 clareut
3774 1936 3779 1943 ’

2148 2062 2293 2101 anno
2318 2045 2473 2100 1040.
2718 2052 2723 2057 '

2222 2137 2502 2193 Romanus
2542 2135 2609 2190 IV
2640 2137 2770 2207 imp.
2809 2151 2866 2191 in
2916 2136 3157 2205 Oriente,
3212 2136 3429 2192 occisUs
3463 2144 3549 2192 est
3579 2136 3729 2192 circa

2150 2225 2268 2281 Kal.
2303 2226 2502 2293 Martii,
2543 2242 2687 2281 anno
2719 2227 2875 2283 1055.

2220 2318 2354 2389 Imp.
2388 2318 2614 2393 Michael
2644 2317 2712 2372 IV
2755 2318 3050 2391 Paphlago,
3083 2318 3245 2391 Aug,
3291 2321 3579 2390 imperavit
3600 2335 3729 2377 cum

2151 2427 2321 2467 uxore
2350 2410 2459 2467 Zoe
2497 2412 2739 2482 Augusta
2766 2427 2940 2467 annos
2966 2427 3043 2477 vr,
3076 2426 3249 2469 mens.
3280 2424 3355 2466 vr.

2221 2502 2550 2559 Chunradus
2587 2504 2717 2574 imp.
2763 2502 2900 2558 obiit
2945 2502 3119 2572 pridie
3148 2501 3331 2558 Nonas
3375 2501 3548 2570 Junii,
3584 2520 3731 2559 anno

2154 2593 2311 2652 1040.

2223 2685 2355 2755 Imp.
2393 2684 2661 2741 Henricus
2705 2685 2773 2739 llI
2815 2684 2996 2765 Niger,
3038 2685 3316 2757 Augustus
3370 2685 3454 2753 VI,
3492 2700 3562 2740 ex
3592 2684 3731 2740 Ger-

2153 2779 2356 2846 mania,
2402 2779 2700 2833 occidentis
2749 2779 2966 2848 imper.,
3009 2778 3224 2849 praefuit
3284 2778 3516 2849 imperio
3553 2793 3733 2832 annos

2155 2886 2285 2935 xvu,
2319 2886 2534 2926 menses
2567 2887 2639 2935 Iv,
2669 2869 2785 2925 dies
2809 2886 2943 2924 ιλιι.
3758 2860 3769 2867 ’

2224 2962 2453 3018 Michael
2478 2961 2543 3016 ιγ
2560 2961 2767 3017 Orient.
2800 2961 2955 3033 imp.,
2972 2962 3244 3017 abdicavit
3265 2976 3450 3017 mense
3461 2962 3733 3034 Augusto,

480 3062 655 3121 tnate,
705 3056 861 3126 pulso
907 3054 1228 3126 Benedicto,
1262 3060 1626 3129 quorumdam
1683 3059 2055 3115 Romanorum
2084 3048 2124 3105 (ἶ
2158 3070 2302 3109 anno
2335 3053 2489 3109 1040.

482 3147 663 3202 studio
692 3158 928 3215 creatus,
957 3150 1097 3205 sedit
1122 3166 1364 3206 mensem
1390 3167 1427 3217 ι,
1460 3151 1579 3209 dies
1610 3168 1771 3218 χχιχ,
1800 3152 1916 3207 sine
1951 3151 2055 3206 im-

482 3239 824 3307 pedimento;
859 3241 949 3295 hic
983 3243 1371 3311 patriarchium
1403 3241 1767 3300 Lateraneuse
1797 3253 1986 3299 tenens
2025 3259 2057 3298 a

483 3328 775 3385 Benedicto
828 3333 1037 3402 pulsus,
1090 3333 1370 3389 basilicam
1419 3344 1473 3389 et
1527 3334 1789 3405 palatium
1827 3333 1885 3390 S.
1914 3333 2046 3390 Petr.

484 3423 788 3499 occupavit,
827 3432 988 3493 atque
1014 3425 1181 3479 armis
1212 3425 1400 3496 aliquo
1426 3435 1669 3496 tempore
1700 3427 1893 3493 tenuit,
1924 3441 2062 3496 pon-

488 3510 723 3569 tiﬁcatus
757 3513 1109 3570 nihilominus
1134 3516 1260 3586 jura
1300 3532 1581 3572 exercens.

489 3651 733 3673 *-

2228 3143 2361 3216 lmp.
2396 3144 2621 3200 Michael
2643 3144 2688 3199 V
2709 3142 3055 3215 Calaphates,
3082 3145 3383 3218 Angustus,
3411 3159 3539 3200 cum
3565 3160 3740 3201 uxore

2159 3235 2267 3291 Zoe
2310 3237 2552 3307 Augusta
2585 3237 2870 3306 imperavit
2892 3252 3105 3291 menses
3136 3252 3208 3300 ιν,
3237 3235 3353 3289 dies
3376 3250 3429 3289 γ.

2226 3327 2360 3398 Imp.
2389 3327 2607 3383 Flavius
2623 3327 3019 3383 Constantinus
3043 3327 3111 3380 Xl
3135 3326 3548 3392 Monomachus,
3573 3324 3741 3397 Aug,

2161 3420 2445 3491 imperavit
2502 3437 2626 3476 cum
2687 3436 2856 3475 uxore
2891 3419 2998 3476 Zoe
3041 3430 3095 3475 et
3138 3419 3423 3474 Theodora
3451 3416 3741 3490 Augustis,

2163 3513 2322 3568 annis
2350 3530 2448 3568 xui
2481 3513 2550 3568 ab
2583 3529 2728 3569 anno
2752 3513 2909 3567 1042.

1411 3768 1913 3862 NOTITIA
1985 3765 2830 3859 DIPLOMATICA.

1522 3919 1725 3992 (Iure,
1747 3920 1967 3991 Regesta
1989 3917 2345 3973 Romanorum
2373 3928 2542 3989 pont.,
2573 3917 2721 3988 559.)

567 4129 799 4209 Scripta:
824 4151 951 4196 sunt
986 4134 1254 4195 Benedicti
1279 4131 1346 4193 IK
1378 4132 1538 4195 bella:
1565 4146 1662 4207 per
1686 4147 1907 4209 manum
1942 4148 1956 4184 :

3318 4090 3362 4099 ...σα

643 4189 950 4282 3.719563
974 4189 1749 4292 32335321761"[Siqu/zgs‘érirn]
1768 4211 1817 4285 et
1838 4202 2035 4262 notarii
2057 4202 2198 4260 sacri
2226 4200 2396 4254 nostri
2417 4196 2790 4283 Lateranensis
2811 4195 3002 4265 palatii
3033 4193 3106 4266 (l,
3138 4193 3195 4259 ‘5,
3235 4192 3279 4289 ι,
3308 4191 3359 4257 .1,
3385 4189 3463 4260 8).

563 4278 713 4337 Data:
744 4297 838 4351 per
871 4278 1105 4353 quorum
1137 4278 1331 4336 manus
1356 4278 1464 4335 sint
1488 4278 1595 4333 non
1619 4289 1702 4334 est
1732 4278 1998 4332 notatum.

1134 4448 2451 4733 ξεωευιοτὲλιῑ
2507 4427 3043 4689 sﬁm

994 4754 1841 4872 EPISTOLZE
1939 4752 2137 4864 ET
2246 4742 3249 4862 DIPLOMATA.

506 5191 853 5250 Privileqium
895 5188 1167 5270 Benedicti
1215 5185 1299 5240 IX
1350 5184 1678 5278 (Iumba‘lflow
1700 5179 2072 5278 ‘B‘ergi%ali:tfi

2103 5060 2329 5123 Dlectis
2350 5057 2477 5112 ﬁliis
2506 5054 2799 5110 GUMBALDO
2834 5050 3049 5113 abbati,
3100 5059 3155 5103 et
3204 5048 3497 5103 monachis
3550 5046 3759 5102 Sam-tre

2174 5151 2369 5207 Crucis
2415 5145 2844 5216 Burdigalensis,
2895 5152 2949 5197 et
3003 5140 3121 5197 suis
3174 5141 3465 5196 monachis
3568 5140 3623 5193 ia
3664 5156 3755 5195 sua

2175 5240 2507 5278 νηηηοαηηιῑη
2531 5236 2742 5278 Qum-trp
2771 5233 2950 5278 Maria!
2980 5230 3073 5278 Dei
3105 5231 3413 5278 genitricis-
3451 5229 3600 5278 ano-tl
3631 5245 3738 5278 mm
