4038 6394
256 368 421 423 ³1ῖῖἰῦ

1441 350 1795 413 ΕΡῘδἹὈῙιᾹΞ
1836 354 1922 410 ΕΤ
1963 352 2377 411 DIPLOMATA.

3410 356 3549 415 4316

252 469 624 558 'poscentium
644 469 648 473 ⁴
670 467 868 536 animis
903 478 1065 533 macri
1104 461 1388 531 devotione
1436 476 1730 546 impertire.
1775 473 1854 527 Ex
1886 479 1931 534 Α
1956 489 1986 526 a
2010 473 2168 527 nobis
2199 471 2514 541 nostrisque
2538 471 2773 541 posteris
2798 457 3146 541 pontificibus
3169 484 3542 541 consecretur,

258 578 389 631 hoc
428 575 573 630 enim
602 571 740 627 lucri
784 569 1130 641 potissimum
1162 567 1448 638 praemium
1498 583 1528 620 a
1579 566 1859 620 conditore

284 670 529 725 omnium
558 667 667 722 Deo
700 665 888 736 procul
912 664 1080 720 dubio
1106 674 1500 733 promeremur,
1528 658 1660 712 dum
1696 671 1860 711 vene-

284 763 476 817 rabilia
507 761 625 814 loca
650 766 916 829 oportune
942 755 1191 811 ordinata
1239 752 1309 807 ad
1354 752 1629 807 meliorem
1660 749 1862 803 fuerint

256 854 405 909 :sine
431 852 598 907 dubio
635 860 833 906 statum
873 848 1154 920 perducta.
1185 846 1353 917 Igitur
1400 845 1531 915 quia
1573 840 1862 913 postulasti

268 963 315 1000 -a
352 945 509 1000 nobis
555 953 613 998 ut
657 942 943 1013 prtefatum
989 938 1385 995 monasterium
1417 935 1630 991 Sancta:
1680 933 1863 988 Marire

255 1037 596 1107 'apostolicaa
628 1034 772 1090 sedis
806 1033 1129 1088 auctoritate
1175 1030 1533 1095 muniremur,
1581 1036 1635 1083 et
1676 1024 1863 1081 omnia

258 1131 404 1200 'ejus
429 1128 751 1200 pertinentia
776 1125 998 1196 perenni
1015 1125 1140 1194 jure
1172 1122 1515 1177 inviolabiter
1539 1129 1889 1191 permanen-'

260 1225 353 1279 'da
392 1221 843 1277 confirmaremus
868 1260 883 1284 ,
920 1227 974 1272 et
1017 1217 1226 1287 absque
1265 1215 1416 1268 omni
1451 1213 1585 1283 jugo
1630 1212 1733 1268 sub
1779 1210 1863 1264 di-

284 1317 432 1372 tione
453 1316 831 1385 cujuscunque
860 1326 1125 1383 personae,
1163 1317 1389 1379 excepto
1420 1307 1613 1362 abbate
1649 1304 1863 1360 Sanctae

282 1408 499 1473 Crucis,
528 1416 580 1461 et
603 1407 717 1461 suis
742 1404 1047 1467 monachis,
1079 1401 1426 1458 constabilire
1448 1399 1619 1454 nostri
1644 1398 1863 1469 privile-

285 1501 358 1570 gii
410 1500 606 1570 pagina
659 1498 1170 1562 corroboraremus;
1232 1503 1518 1566 propterea
1575 1491 1686 1546 tuis
1736 1490 1861 1545 ﬂexi

282 1592 553 1660 precibus,
582 1605 678 1660 per
708 1588 873 1658 hujus
916 1596 1117 1643 nostra:
1148 1586 1489 1641 auctoritatis
1520 1583 1861 1653 privilegium

260 1683 652 1748 decernimus,
689 1691 749 1736 ut
771 1697 962 1735 omnes
986 1689 1159 1735 terras
1194 1679 1368 1735 cultas
1391 1687 1445 1733 et
1467 1677 1722 1742 incultas,
1754 1691 1864 1730 ser-

196 1814 209 1821 -
286 1792 385 1831 vos
409 1791 626 1846 quoque
651 1784 701 1830 et
726 1775 976 1839 ancillas,
1005 1782 1059 1827 et
1079 1788 1240 1826 omne
1259 1770 1408 1840 quod
1430 1770 1536 1824 dici
1564 1777 1657 1822 aut
1684 1766 1863 1821 nomi-

1963 564 2008 618 si
2042 563 2487 633 archiepiscopus
2542 563 2595 617 in
2645 563 2804 634 cujus
2856 565 3131 636 episeopio
3163 576 3280 632 cst,
3312 567 3547 623 noluerit

1963 671 2302 710 consecrare.
2331 653 2538 710 Damus
2561 671 2781 726 quoque
2802 656 3076 711 licentiam
3096 659 3253 714 vobis
3275 668 3329 714 et
3351 656 3547 713 vestris

1965 747 2245 802 fratribus
2282 749 2339 802 in
2380 750 2716 803 monasterio
2751 747 2968 805 Sanctae
2998 748 3182 806 Marizc
3233 751 3300 806 de
3352 750 3548 806 Solaco

1965 838 2377 904 habitantibus,
2432 855 2464 893 a
2512 840 2882 910 qualicunque
2940 840 3223 895 volueritis
3266 832 3549 910 'episcopo

1963 930 2147 983 omnia
2185 945 2315 984 vasa
2362 932 2661 985 sanctuarii
2690 931 2968 998 ordinare,
3014 941 3067 987 et
3100 947 3427 987 consecrare
3455 948 3550 987 ve-

1965 1029 2109 1075 stros
2137 1021 2386 1087 clericos,
2421 1029 2475 1076 et
2521 1022 2764 1076 chrisma
2801 1021 3125 1092 accipiendi.
3154 1020 3310 1088 Quod
3339 1022 3386 1078 si
3412 1037 3552 1093 qua-

1965 1109 2257 1180 liscunque
2288 1111 2475 1177 homo,
2508 1111 2805 1180 cujuslibet
2833 1111 3120 1181 potestatis
3156 1111 3417 1178 existens,
3450 1111 3552 1165 ali-

1964 1218 2129 1272 quam
2155 1193 2640 1273 praesumptionem
2677 1211 2867 1258 contra
2896 1202 3004 1258 hoc
3049 1204 3365 1274 apostolicae
3414 1218 3549 1259 con-

1963 1295 2289 1351 firmationis
2319 1296 2664 1366 privilegium
2688 1310 2869 1365 agere,
2902 1304 2997 1349 aut
3029 1296 3315 1365 prazfatum
3357 1306 3551 1350 mona-

1964 1389 2367 1454 sterium,cum
2419 1388 2675 1443 omnibus
2727 1388 2844 1443 suis
2900 1388 3269 1457 pertinentiis,
3320 1402 3550 1443 causarc

1936 1480 2254 1551 putaverit,
2286 1481 2371 1535 vel
2393 1481 2680 1552 praeceptis
2707 1481 2911 1535 nostris
2938 1480 2992 1534 in
3016 1481 3271 1536 omnibus
3295 1497 3419 1550 quae
3459 1479 3552 1535 hic

1963 1576 2165 1643 scripta
2191 1582 2317 1629 sunt
2360 1573 2676 1649 inobediens
2726 1570 2931 1638 fuerit,
2983 1572 3311 1628 au;to.itate
3362 1572 3457 1627 Dei
3497 1580 3553 1626 et

1964 1673 2147 1720 nostra
2184 1680 2291 1718 non
2327 1664 2504 1719 solum
2534 1663 2827 1717 anathema
2859 1664 3202 1727 maranatba,
3228 1663 3282 1717 id
3304 1669 3553 1731 est,per-

1961 1757 2110 1812 ditus
2150 1758 2204 1811 in
2235 1757 2433 1813 saecula
2473 1757 2801 1812 surculorum
2826 1756 3059 1812 vinculis
3091 1756 3416 1821 innodatns,
3456 1756 3551 1811 sed

285 1872 401 1926 nari
428 1878 623 1940 potest,
646 1869 819 1924 eidem
842 1865 1176 1921 monasterio
1198 1863 1681 1935 pertinentia,sive
1703 1860 1862 1931 quid-
1896 1846 1937 1902 Β
1965 1850 2188 1919 insuper
2219 1865 2250 1904 ³
2279 1864 2449 1921 τεεηο
2484 1847 2578 1903 θεῖ
2610 1848 2824 1904 alienus
2864 1849 3083 1903 eXiSlai-
3136 1846 3241 1914 Ουί
3292 1864 3419 1904 vero
3460 1849 3550 1918 P33

284 1961 417 2033 quid
479 1962 534 2015 in
594 1960 779 2016 futuro
818 1978 850 2015 a
890 1960 1138 2031 regibus,
1177 1970 1270 2013 aut
1303 1974 1333 2013 a
1372 1958 1637 2022 ducibus,
1694 1964 1786 2009 aut
1829 1971 1860 2009 a

256 2051 528 2122 'qualibet
548 2065 779 2120 persona
805 2049 1042 2104 ﬁdelium
1071 2049 1269 2102 ibidem
1295 2048 1556 2102 donatum
1584 2056 1680 2100 aut
1705 2047 1860 2100 obla-

283 2151 401 2196 tum
442 2141 624 2206 fuerit,
686 2150 871 2196 nostra
925 2148 1248 2195 auctoratate
1307 2137 1541 2193 liberum
1586 2138 1655 2193 ab
1711 2137 1861 2193 omni

283 2246 542 2290 extranea
568 2240 883 2305 permaneat
907 2247 1158 2303 persona.
1207 2230 1357 2286 Unde
1380 2232 1632 2285 volumus
1657 2237 1716 2283 ut
1740 2226 1863 2282 nul-

262 2327 372 2383 ‘lus
401 2328 725 2392 vicecomes,
757 2325 940 2380 nullus
962 2339 1166 2390 comes,
1191 2324 1373 2378 nullus
1395 2322 1859 2392 archiepiscopus,

284 2418 466 2474 unius
480 2418 792 2489 episcopus,
811 2432 985 2487 neque
999 2430 1195 2486 magna
1220 2429 1452 2484 parvavc
1466 2427 1699 2483 persona
1716 2413 1768 2465 in
1781 2410 1861 2465 eis

284 2528 407 2582 qua:
444 2527 534 2566 res
569 2512 725 2566 dieue
761 2518 908 2575 sunt,
936 2524 971 2578 p
996 2516 1261 2563 atestatem
1285 2503 1595 2571 exerteant,
1634 2513 1728 2558 aut
1751 2503 1861 2557 vim

285 2604 464 2658 facere
501 2609 854 2673 praesumant,
896 2600 981 2654 vel
1008 2607 1198 2654 contra
1230 2597 1335 2651 hoc
1382 2595 1726 2666 privilegium
1758 2594 1860 2648 ali-

284 2694 416 2766 quid
449 2694 795 2749 adversitatis
838 2707 997 2763 agere
1032 2691 1288 2745 audeant.
1341 2688 1407 2742 Et
1450 2704 1641 2743 omnes
1675 2687 1859 2742 archi—

283 2786 571 2856 episcopos
616 2792 671 2838 et
709 2783 1019 2852 episcopos,
1078 2791 1410 2849 czeterosque
1448 2778 1773 2834 clericorum
1806 2777 1859 2830 in

285 2875 512 2947 praefato
536 2875 871 2929 monasterio
900 2883 952 2928 et
981 2873 1037 2927 in
1073 2871 1327 2926 omnibus
1356 2871 1472 2924 suis
1517 2869 1860 2939 pertinentiis

282 2969 545 3025 ditionem
602 2968 898 3038 quamlibet
948 2965 1145 3019 habere
1195 2962 1515 3017 aurtoritate
1561 2960 1860 3033 apostolica

286 3060 656 3130 prohibemus.
683 3058 1028 3113 Absolvimus
1066 3066 1125 3111 ut
1160 3056 1206 3112 si
1239 3054 1862 3129 aliquisexcommuni-

256 3161 462 3221 'catus,
487 3153 553 3207 ad
588 3162 815 3207 matrem
855 3151 1080 3215 Christi,
1110 3151 1176 3204 de
1201 3165 1529 3220 quacunque
1555 3149 1796 3219 regione,
1829 3162 1859 3200 a

264 3244 420 3301 'solis
455 3254 573 3299 ortu
605 3259 779 3317 usque
805 3243 870 3296 ad
905 3257 1163 3297 occasum
1185 3284 1200 3306 ,
1246 3241 1543 3304 advenerit,
1598 3255 1663 3293 ex
1703 3247 1857 3308 parte
1888 3218 1927 3273 (ἶ

284 3334 380 3389 Dei
404 3342 458 3391 et
505 3343 690 3389 nostra
738 3332 973 3387 absoluti
1023 3331 1160 3397 sint,
1198 3332 1442 3401 quandiu
1494 3331 1547 3384 in
1596 3338 1860 3399 potestate

285 3429 488 3482 sahctzn
512 3423 603 3479 Dei
629 3423 920 3479 Genitricis
954 3422 1187 3490 fuerint,
1216 3423 1283 3477 ab
1309 3421 1458 3476 omni
1484 3422 1861 3477 excommuni-

285 3518 646 3582 cationc,sive
668 3518 736 3571 ab
756 3516 1185 3585 archiepiscopo,
1204 3516 1318 3569 sive
1338 3515 1611 3583 episeopo,
1635 3522 1861 3582 excepto

262 3609 478 3663 "abbate
530 3607 742 3661 Sancta:
776 3605 968 3661 Crucis
998 3614 1052 3661 et
1098 3606 1214 3660 suis
1248 3605 1528 3659 monachis
1563 3605 1618 3658 in
1663 3619 1860 3674 supra-

263 3702 431 3757 dicto
471 3703 593 3756 loco
628 3700 1019 3755 habitantibus.
1050 3698 1261 3765 Quibus
1310 3699 1505 3752 damus
1538 3706 1860 3768 potestatem

284 3792 486 3865 ligandi
524 3801 685 3862 atque
708 3791 951 3847 solvendi
977 3799 1168 3845 contra
1186 3805 1379 3846 omnes
1399 3791 1570 3845 malos
1593 3788 1862 3844 Christia-

260 3900 409 3951 nos,
447 3885 538 3954 qui
568 3883 770 3953 aliquid
815 3883 943 3936 mali
975 3882 1027 3936 in
1062 3880 1347 3951 praefatum
1382 3882 1774 3936 monasterium
1807 3892 1862 3936 et

286 3978 354 4034 ad
384 3975 715 4032 habitatores
738 3973 840 4028 loci
865 3974 1011 4028 illius
1044 3973 1221 4028 facere
1241 3970 1533 4027 voluerint.
1560 3972 1859 4029 Ecclesiam

282 4085 413 4127 vero
446 4067 659 4123 Sancta
684 4065 898 4133 Crucis,
926 4067 1158 4120 consilio
1187 4072 1239 4120 et
1270 4065 1630 4136 praeceptione
1655 4064 1859 4120 Roma-

285 4175 371 4216 na:
396 4158 652 4213 Ecclesiae
694 4156 975 4211 fundatam
994 4198 1008 4222 ,
1039 4172 1164 4211 cum
1192 4156 1307 4211 suis
1335 4157 1619 4211 monachis
1654 4165 1709 4211 et
1734 4172 1859 4212 cum

286 4248 688 4307 omnibus'suis
710 4248 1073 4319 pertinentiis,
1113 4249 1338 4303 liberam
1369 4248 1437 4304 ab
1466 4249 1617 4304 omni
1639 4265 1860 4305 excom-

286 4343 656 4398 municatione
694 4339 778 4395 vel
827 4342 1113 4395 vexatione
1173 4330 1551 4411 cujuscunque
1613 4356 1860 4410 personat

285 4449 406 4490 esse
422 4434 785 4504 praecipimus.
818 4432 1080 4487 Similiter
1094 4434 1346 4488 volumus
1369 4442 1429 4487 ut
1452 4434 1633 4488 nullus
1656 4434 1863 4503 episeo-

286 4540 409 4595 pus,
446 4523 501 4577 in
543 4525 701 4594 cujus
740 4524 999 4593 parochia
1042 4524 1207 4578 situm
1258 4533 1339 4579 est
1390 4524 1533 4579 idem
1582 4533 1860 4579 monaste—

284 4616 450 4682 rium,
485 4631 583 4671 nec.
604 4616 864 4671 domnum
898 4624 1254 4686 vestrumque
1303 4617 1554 4672 abbatem
1577 4659 1592 4685 ,
1620 4634 1721 4673 nec
1762 4618 1861 4672 ali-

285 4722 450 4778 quem
475 4715 782 4761 vestrorum
806 4706 1124 4760 clericorum
1163 4707 1515 4762 servientium
1570 4708 1625 4762 in
1670 4724 1860 4764 mona-

268 4802 458 4856 sterio
491 4798 705 4855 Sancta:
734 4798 916 4854 Marize
963 4800 1159 4854 audeat
1211 4801 1720 4868 excommunicare,
1776 4803 1859 4857 vel

288 4893 356 4948 ad
382 4892 649 4965 synodum
694 4907 987 4962 provocare
1010 4933 1025 4957 ,
1065 4900 1311 4947 statuens
1339 4892 1638 4961 apostolica
1668 4904 1858 4947 aucto-

285 4984 481 5052 ritate,
524 4984 627 5040 sub
688 4984 858 5038 nostri
912 4992 965 5038 et
1017 4983 1184 5038 divini
1237 4983 1427 5052 judicii
1484 4985 1859 5039 observatione

288 5075 649 5130 anathematis
680 5074 1044 5130 interdictum.
1077 5073 1381 5135 Statuimus
1406 5085 1586 5130 autem
1632 5085 1692 5132 ut
1731 5093 1855 5133 cum

286 5169 456 5223 abbas
506 5162 822 5221 monasterii
871 5164 1085 5220 Sanctae
1134 5164 1326 5220 Crucis
1367 5167 1589 5233 ohierit,
1628 5182 1855 5237 neqnea

266 5258 805 5327 'comitibus,‘neque
840 5257 909 5311 ab
956 5257 1403 5327 archiepiscopis,
1439 5273 1616 5327 neque
1649 5259 1717 5312 ab
1738 5259 1856 5328 epi-

286 5352 490 5421 scopis,
518 5366 692 5420 neque
718 5366 751 5405 a
780 5350 943 5404 nullis
966 5350 1328 5420 principibus,
1351 5366 1528 5420 neque
1559 5367 1587 5405 a
1616 5353 1861 5422 qualibet

286 5458 522 5514 persona
568 5445 812 5511 omnino,
850 5442 1031 5513 aliqua
1073 5442 1388 5511 cupiditatis
1428 5459 1625 5511 causa,
1655 5445 1708 5499 in
1742 5461 1859 5500 mo-

284 5535 532 5589 nasterio
574 5544 776 5589 saneta:
817 5532 1010 5589 Crucis
1043 5532 1275 5605 eligatur
1310 5548 1486 5603 neque
1514 5544 1864 5591 consecretur

276 5627 496 5683 abbas:
528 5628 620 5683 sed
645 5627 822 5698 qualis
842 5634 1040 5682 cuncta
1080 5627 1428 5696 congregatio
1457 5625 1656 5681 ibidem
1707 5637 1761 5683 et
1804 5629 1860 5684 in

280 5721 412 5777 aliis
432 5721 679 5777 ecclesiis
702 5721 807 5777 sibi
830 5721 1062 5776 subditis
1088 5719 1424 5791 degentium,
1458 5735 1585 5775 cum
1610 5719 1860 5778 ﬁdelibus

282 5826 345 5870 et
362 5816 678 5873 senioribus
700 5815 820 5887 ejus
844 5815 948 5869 ioci
972 5814 1224 5884 eligatur,
1247 5822 1300 5868 et
1324 5815 1601 5869 communi
1628 5816 1859 5873 consilio

1965 1942 2299 2013 benignitate
2346 1950 2540 1997 auctor
2577 1940 2979 2007 observaverit,
3032 1940 3465 1995 benedictionem
3495 1949 3552 1996 et

1963 2036 2193 2106 gratiam
2218 2050 2247 2088 a
2277 2033 2509 2089 Domino
2542 2035 2806 2104 consequi
2828 2042 3121 2089 mereatur.

2037 2129 2312 2200 Scriptum
2346 2146 2444 2200 per
2474 2146 2672 2185 manus
2704 2128 2880 2201 Sergii
2904 2130 3246 2185 archiscrivii
3273 2129 3417 2187 sacri
3446 2143 3549 2183 no-

1963 2224 2066 2281 stri
2093 2223 2303 2295 palatii,
2331 2238 2521 2291 mense
2551 2221 2830 2291 Octobris,
2867 2223 3167 2279 indictione
3192 2222 3407 2293 quinta.

1964 2428 2238 2483 Benedicti
2262 2426 2346 2480 IX
2366 2425 2589 2497 epistola
2613 2425 2997 2481 adnotandum
3021 2428 3365 2497 prwpoeitum
3387 2425 3553 2481 alios-

2034 2516 2131 2569 que
2158 2495 2436 2551 canonicos
2469 2495 2525 2552 S.
2564 2497 2887 2552 Florentino:
2912 2495 3184 2553 Ecclesiae.

2557 2589 2736 2661 (Anno
2770 2589 2953 2661 1056.)

2283 2678 2568 2754 meum”,
2601 2681 2769 2735 Italia
2793 2699 2969 2748 sacra,
2998 2680 3086 2748 ΠΙ,
3118 2682 3234 2756 56.]

2035 2772 2376 2829 Bsxaoicrus
2425 2775 2736 2844 episcopus,
2762 2791 2954 2830 servus
2999 2791 3283 2831 servorum
3314 2774 3434 2844 Dei,
3464 2774 3551 2831 di-

1964 2866 2104 2922 lecto
2153 2868 2207 2921 in
2249 2866 2473 2921 Christo
2521 2865 2801 2935 Rouxno,
2845 2850 2902 2921 s.
2938 2867 3268 2924 Florentiae:
3296 2866 3556 2924 Ecclesia:

1967 2959 2277 3031 praeposito,
2322 2959 2555 3028 aliisque
2579 2959 2858 3014 canonicis
2884 2970 2939 3014 et
2962 2957 3334 3016 confratrihus
3361 2960 3471 3016 tuis
3499 2968 3555 3014 et

1965 3052 2379 3107 successoribus
2405 3052 2460 3106 in
2495 3060 2837 3121 perpetuum.

2026 3142 2095 3204 .Si
2112 3145 2279 3214 justis
2300 3159 2579 3198 servorum
2605 3142 2698 3197 Dei
2723 3143 3075 3213 petitionibus
3098 3140 3549 3209 satisfecerimus,

1962 3237 2153 3306 procul
2196 3237 2366 3291 dubio
2415 3237 2713 3306 apostolica
2750 3245 3017 3306 praecepta
3068 3240 3373 3292 servamus.
3403 3236 3554 3303 Qua-

1962 3337 2183 3399 propter
2216 3328 2462 3384 inclinati
2495 3330 2749 3400 precibus
2778 3329 2908 3395 tuis,
2935 3329 3009 3383 ﬁli
3037 3328 3384 3393 charissime,
3414 3344 3550 3384 con-

1963 3421 2248 3476 ﬁrmamus
2294 3428 2458 3491 atque
2501 3423 2927 3476 corroboramus
2954 3422 3048 3476 tibi
3089 3421 3304 3491 tuisque
3328 3437 3550 3477 succes-

1963 3515 2182 3569 soribus
2211 3515 2491 3569 canonicis
2535 3514 2799 3584 quidquid
2848 3514 2902 3567 in
2928 3514 3120 3585 pagina
3153 3515 3550 3578 concessimus,

1961 3615 2013 3659 et
2035 3606 2487 3669 confirmationis,
2514 3622 2678 3675 quam
2706 3606 2921 3660 videtur
2940 3606 3094 3660 vobis
3118 3604 3313 3660 fecisse
3334 3605 3551 3677 episco-

1961 3713 2083 3767 pus,
2143 3698 2301 3751 nobis
2358 3698 2741 3767 praesentibus,
2800 3699 3065 3768 scriptum
3126 3714 3250 3754 esse
3311 3706 3549 3765 constat,

1962 3789 2136 3845 donec
2159 3798 2269 3844 tam
2316 3790 2370 3843 in
2401 3792 2517 3860 ipsa
2544 3803 2722 3845 vestra
2753 3792 3016 3846 canonica
3042 3792 3114 3845 ita
3155 3791 3208 3846 in
3241 3792 3406 3847 modo
3429 3806 3550 3848 ser-

1960 3892 2119 3937 vatur
2152 3883 2338 3954 regula
2376 3899 2541 3953 quam
2576 3883 2784 3938 scilicet
2825 3884 3148 3938 canonicam
3195 3885 3454 3939 tuendam
3495 3894 3552 3939 ct

1961 3975 2354 4030 defendendam
2407 3991 2501 4044 per
2547 3977 2793 4029 eamdem
2858 3977 3112 4047 paginam
3161 3977 3277 4047 ipse
3330 3978 3549 4032 videtur

1961 4069 2271 4139 episcopus,
2300 4077 2520 4134 nostrae,
2550 4076 2977 4139 nostrorumque
3007 4084 3389 4124 successorum
3412 4085 3550 4139 apo-

1963 4162 2167 4217 stolica;
2216 4161 2523 4217 auctoritati
2575 4161 2832 4216 tuendam
2876 4170 2930 4217 et
2960 4160 3355 4217 defendendam
3398 4177 3551 4223 com-

1962 4253 2111 4308 misit
2141 4263 2304 4323 atque
2332 4254 2637 4323 supposuit,
2685 4262 2852 4324 utque
2890 4270 2953 4309 ea
2999 4264 3053 4309 et
3083 4256 3259 4311 securi
3295 4256 3364 4310 ab
3396 4257 3549 4312 omni

1962 4346 2181 4401 ltesione
2218 4361 2538 4416 permanere
2577 4348 2805 4403 valeatis
2858 4349 3158 4416 desiderio;
3210 4349 3315 4405 hac
3363 4349 3549 4420 itaque

1961 4437 2219 4505 petitione
2244 4446 2334 4490 tua
2361 4438 2606 4492 inclinati
2635 4439 2876 4494 diximus
2910 4449 2960 4494 te
2991 4441 3366 4511 praepositum,
3394 4450 3547 4497 tuos-

1962 4543 2066 4597 que
2112 4542 2461 4584 successores
2503 4530 2824 4585 canonicam
2885 4533 3050 4585 vitam
3108 4533 3390 4599 ducturos,
3442 4534 3545 4588 sub

1963 4627 2165 4674 nostra:
2207 4622 2516 4690 apostolicae
2569 4620 2905 4677 defensionis
2956 4623 3258 4680 munimine
3302 4626 3544 4697 suscipi-

1961 4727 2245 4777 mus,cum
2266 4721 2319 4768 et
2342 4713 2482 4768 bona
2502 4715 2705 4780 omnia,
2725 4724 2906 4771 curtes
2928 4726 2981 4771 et
3003 4725 3194 4783 terras,
3221 4734 3342 4788 qua:
3364 4728 3542 4786 vestra

1960 4812 2015 4858 et
2048 4805 2209 4859 habet
2235 4814 2287 4859 et
2315 4806 2563 4862 habitura
2605 4817 2687 4863 est
2718 4809 3001 4876 canonica,
3031 4810 3281 4866 videlicet
3308 4820 3359 4866 et
3383 4812 3543 4881 juxta

1962 4894 2328 4951 Florentinam
2362 4900 2552 4954 urbem
2588 4910 2804 4971 pratum
2858 4900 3041 4975 Regis,
3087 4920 3212 4959 cum
3256 4906 3462 4960 mansis
3489 4916 3543 4960 et

1936 4994 2249 5064 ,territoriis
2273 4995 2548 5062 omnibus,
2588 5012 2710 5067 qua:
2738 4997 2901 5052 modo
2946 4998 2999 5052 in
3041 4997 3356 5055 Florentina
3387 5010 3542 5056 curte

1964 5087 2123 5141 habet
2156 5095 2210 5142 et
2260 5088 2453 5144 retinet
2490 5090 2749 5159 praedicta
2795 5099 2975 5147 vestra
3010 5094 3293 5159 canonica,
3327 5101 3539 5149 curtem

1965 5177 2022 5232 S.
2047 5179 2277 5235 Andreae
2316 5196 2442 5235 cum
2470 5182 2725 5236 omnibus
2750 5183 2855 5237 sibi
2875 5185 3294 5254 pertinentibus,
3325 5195 3538 5243 curtem

1965 5270 2030 5325 de
2051 5269 2271 5338 Quinto,
2309 5281 2519 5328 curtem
2548 5274 2615 5329 de
2643 5273 2887 5331 Cintoria
2916 5285 3107 5344 totam,
3145 5277 3287 5334 sicut
3317 5279 3424 5349 ipsi
3465 5288 3541 5335 te-

1965 5377 2093 5417 nere
2127 5372 2183 5417 et
2236 5363 2437 5420 habere
2480 5365 2761 5434 videmini,
2811 5375 2865 5423 et
2914 5368 3059 5423 illam
3112 5378 3322 5440 partem
3370 5387 3537 5443 quam

1963 5452 2156 5511 Petrus
2181 5457 2524 5526 primicerius
2555 5467 2746 5514 contra
2786 5461 3048 5518 canonica
3091 5463 3337 5520 instituta
3377 5481 3541 5522 usura

1960 5563 2089 5616 pare
2110 5548 2260 5604 visus
2285 5557 2387 5617 est,
2412 5551 2623 5620 plebem
2648 5553 2713 5608 de
2736 5551 2937 5609 Exinea
2962 5570 3085 5609 cum
3113 5566 3267 5613 curte
3293 5568 3347 5614 et
3380 5576 3538 5621 mane

1961 5639 2058 5705 sis,
2091 5648 2144 5694 et
2167 5641 2420 5698 omnibus
2468 5644 2755 5700 territoriis
2790 5654 2845 5699 et
2881 5646 3334 5704 decimationibus
3381 5666 3535 5721 qutef

1961 5747 2175 5801 cunque
2209 5733 2276 5788 ad
2309 5735 2556 5790 eamdem
2603 5736 2834 5806 plebem,
2870 5738 2954 5793 vel
3005 5747 3211 5795 curtem
3264 5742 3537 5815 pertinere

1958 5822 2227 5880 videntur.
2260 5823 2486 5896 Insuper
2513 5833 2681 5882 totam
2710 5829 2855 5897 quod
2887 5827 3106 5886 Theuzo
3147 5832 3290 5888 filius
3331 5832 3534 5893 Leuisti
