4066 5330
540 311 676 367 1347

1804 304 2161 362 BENEMCTI
2203 305 2271 360 1X
2311 304 2510 360 ΡΑΡᾸΞ

3651 309 3784 363 ιδιδ

530 443 633 496 pro
669 423 843 480 salute
871 423 1069 479 animze
1093 437 1208 479 sum
1232 422 1286 478 in
1308 422 1536 478 ecclesia
1575 420 1630 475 S.
1663 418 1891 475 Joannis
1913 410 2112 475 contu-
2143 425 2187 482 Α
2214 417 2418 473 Christi
2443 415 2658 472 Domini
2684 415 2858 473 nostri
2889 418 3276 474 conﬁrmamus
3305 418 3401 475 tibi
3432 418 3648 490 tuisque
3669 435 3789 476 suco

526 517 612 583 lit,
641 516 728 571 vel
768 516 823 570 in
865 515 1055 570 eadem
1096 515 1386 571 canonica.
1437 513 1659 569 Terram
1701 512 1758 567 S.
1798 513 2014 568 Proculi
2057 513 2112 567 in

525 606 785 676 przedicta
835 606 1010 677 plebe,
1063 614 1269 662 curtem
1309 622 1430 677 quae
1476 614 1560 660 est
1611 605 1747 659 infra
1796 606 2004 675 plebem
2052 606 2109 659 8.

531 700 678 757 Petri
702 701 806 757 sita
846 699 1091 767 Valeam,
1123 716 1248 755 cum
1272 700 1528 754 omnibus
1559 699 1878 769 adjaccntiis
1906 706 1960 753 et
1991 714 2113 768 per-

533 791 779 847 tinentiis
799 791 935 856 suis,
961 806 1172 857 necnon
1195 799 1248 845 et
1276 791 1584 860 ubicunque
1613 790 1666 844 in
1692 790 1881 844 eodem
1904 789 2115 859 episco-

528 891 663 953 patu
687 882 891 953 aliquid
916 891 1065 949 tunc,
1082 882 1166 936 vel
1194 882 1426 936 retinere
1450 880 1663 935 videtur
1686 880 1803 950 ipsa
1824 883 2111 946 canonica,

534 981 590 1028 et
617 973 883 1043 quidquid
929 973 1202 1027 Gerardus
1247 973 1681 1044 archipresbyter
1722 987 1820 1042 pro
1852 972 2114 1027 beneﬁcio

498 1064 604 1123 ab
640 1066 755 1134 ipsa
797 1063 1105 1119 Florentina
1135 1062 1373 1118 Ecclesia
1419 1063 1611 1128 tenuit,
1638 1071 1748 1116 tam
1779 1063 1833 1116 in
1871 1062 2114 1119 decima-

539 1156 781 1211 tionibus
808 1172 970 1226 quam
1008 1156 1064 1210 in
1100 1156 1330 1222 mansis,
1361 1164 1414 1210 et
1449 1156 1505 1211 in
1538 1156 1774 1226 praediis,
1817 1172 2028 1212 necnon
2063 1166 2117 1212 et

537 1263 875 1318 quaecunque
926 1246 1236 1317 Stephanus
1281 1248 1449 1304 abbas
1492 1262 1560 1302 ex
1611 1248 1875 1303 beneﬁcio
1920 1250 2111 1304 tenuit.

540 1336 802 1393 Similiter
821 1349 875 1393 et
903 1355 1244 1409 qumcunquc
1268 1339 1561 1409 primicerii
1588 1340 1848 1395 beneticia
1864 1339 2113 1407 fuerunt,

538 1437 699 1497 atque
720 1428 927 1498 plebem
953 1427 1009 1483 S.
1036 1427 1303 1499 Hippolyti
1329 1429 1490 1483 sitam
1514 1429 1669 1494 Elsae,
1703 1430 1944 1498 itemque
1965 1445 2115 1485 cam-

539 1536 691 1590 pum,
731 1528 786 1576 et
820 1521 1059 1585 hortum,
1091 1522 1188 1591 qui
1216 1530 1301 1576 est
1334 1522 1490 1592 juxta
1537 1524 1822 1578 ecclesiam
1855 1522 1911 1577 S.
1942 1521 2116 1594 Repa-

500 1668 505 1673 _
539 1620 686 1666 rane.
722 1611 854 1679 Qum
898 1614 1104 1680 omnia,
1135 1612 1276 1669 sicut
1299 1615 1412 1684 jam
1450 1632 1482 1670 a
1518 1612 1759 1671 Gerardo
1786 1624 1969 1671 vestro
1996 1617 2115 1687 epi-

538 1719 705 1777 scopo
727 1704 882 1759 vobis
906 1720 1165 1760 concessa
1192 1715 1321 1761 sunt
1346 1716 1400 1762 et
1421 1708 1759 1775 conlirmata,
1798 1709 1871 1762 ita
1899 1709 2115 1764 nostibi

537 1796 757 1866 tuisque
810 1798 1217 1854 successoribus
1255 1798 1667 1865 conﬁrmamus,
1716 1810 1769 1855 et
1808 1802 2118 1856 stabilimus

504 1893 595 1965 _.in
642 1902 982 1963 perpetuum,
1025 1909 1152 1950 cum
1195 1895 1451 1951 omnibus
1481 1896 1679 1952 vestris
1708 1897 1997 1953 mobilibus
2028 1914 2116 1953 re-

538 1982 642 2036 bus
674 1996 902 2052 seseque
951 1982 1316 2050 moventibus,
1357 1999 1496 2054 quas
1542 1986 1703 2040 modo
1748 1986 1981 2051 habetis,
2034 1987 2119 2040 vel

506 2136 513 2139 ,
538 2070 697 2125 vobis
721 2072 923 2141 ubique
950 2072 1238 2151 pertinent,
1283 2083 1338 2129 et
1368 2074 1604 2141 inantea,
1632 2074 1865 2131 Domino
1889 2076 2037 2147 juste
2066 2086 2118 2132 et

537 2165 785 2235 legalitcr
809 2167 1091 2240 acquirere
1120 2167 1426 2237 potueritis,
1465 2168 1579 2223 sive
1620 2170 1690 2224 ab
1717 2170 1960 2240 ejusdem
1986 2170 2120 2225 civi-

539 2256 665 2310 tatis
708 2257 982 2327 episeopo,
1028 2259 1142 2313 sive
1182 2258 1251 2313 ab
1283 2259 1404 2314 aliis
1451 2260 1763 2316 hominibus
1802 2262 2036 2331 publicis
2066 2269 2121 2315 et

541 2345 785 2416 privatis.
823 2346 1205 2419 Praecipientes
1242 2350 1405 2419 igitur
1434 2350 1691 2421 jubemus
1733 2360 1787 2407 et
1818 2354 2119 2423 apostolica

541 2436 863 2491 auctoritate
905 2438 1314 2506 conﬁrmamus,
1348 2448 1408 2494 ut
1454 2455 1628 2511 neque
1653 2441 1940 2510 episcopus
1968 2442 2119 2512 ejus-

540 2527 664 2580 dem
715 2527 969 2596 civitatis,
1010 2544 1187 2600 neque
1220 2530 1327 2585 ulla
1340 2545 1533 2601 parva,
1562 2532 1645 2586 vel
1672 2547 1866 2603 magna
1888 2547 2120 2602 persona

544 2617 742 2673 habeat
766 2619 832 2673 de
855 2620 1050 2675 vestris
1072 2621 1235 2677 rebus
1254 2621 1405 2691 justc
1444 2623 1527 2678 vel
1552 2624 1796 2696 legaliter
1818 2625 1974 2680 vobis
1998 2640 2120 2695 per-

543 2709 863 2778 tinentibus,
914 2721 974 2766 ut
1018 2704 1145 2767 dum
1198 2715 1460 2771 canonice
1507 2716 1782 2783 vixeritis,
1812 2716 2117 2783 disvestire,

546 2802 865 2868 molestare,
914 2803 1248 2873 inquietare,
1310 2806 1394 2861 vel
1413 2806 1653 2878 aliquam
1700 2808 2120 2863 minorationem

544 2892 699 2947 vobis
725 2891 942 2946 inferre.
968 2892 1121 2960 Quod
1160 2895 1206 2950 si
1230 2896 1355 2965 quis
1383 2897 1703 2953 temerarius
1733 2912 1903 2951 ausus
1930 2897 2117 2964 fuerit,

543 2982 650 3037 nisi
678 2981 819 3037 inl'ra
844 2985 1199 3056 quadraginta
1230 2987 1442 3042 dierum
1466 2988 1701 3058 spatium
1727 2988 2118 3057 emendaverit,

2215 508 2523 564 cessoribus
2546 506 2775 563 fundum
2798 508 2854 562 in
2876 508 3171 580 integrann,
3199 511 3292 580 qui
3322 520 3548 568 vocatur
3576 510 3783 579 Buxus,

2214 601 2269 654 in
2297 616 2407 671 quo
2436 600 2663 655 basilica
2711 598 2811 655 SS.
2858 599 3068 656 Ruﬁna:
3112 610 3165 657 et
3192 602 3449 659 Secundae
3472 612 3785 660 constructa

2213 707 2336 747 esse
2367 692 2579 748 videtur
2599 693 2667 748 ad
2691 692 3056 763 episcopalem
3078 696 3281 763 sedem,
3309 712 3474 767 quam
3500 698 3665 753 etiam
3693 706 3785 753 tua

2215 783 2424 851 studio,
2475 800 2635 841 muro
2674 792 2730 839 et
2772 784 2979 842 fossato
3028 782 3236 843 vallasti
3268 797 3322 844 et
3354 789 3787 858 circumdedisti,

2216 884 2381 947 atque
2430 879 2630 947 populo
2664 887 2827 950 atque
2857 881 3232 937 sacerdotibus
3272 882 3409 937 bene
3457 881 3787 938 sufficienter

2215 969 2508 1037 replevisti.
2546 968 2658 1025 Nos
2678 971 2842 1025 etiam
2868 986 3059 1027 omnes
3087 980 3280 1027 vestra:
3304 974 3558 1044 potestati
3590 982 3647 1029 et
3670 987 3791 1030 suc-

2216 1077 2492 1117 cessorum
2532 1071 2746 1118 tuorum
2777 1062 3149 1121 submittimus
3174 1074 3233 1121 ut
3257 1082 3535 1137 nunquam
3564 1080 3788 1123 succes-

2216 1169 2403 1209 sorum
2433 1164 2740 1211 nostrorum
2770 1156 3108 1226 pontiﬁcum,
3143 1158 3227 1213 vel
3252 1159 3386 1214 alias
3412 1174 3663 1229 persona
3690 1175 3788 1230 pro

2218 1246 2543 1317 glandatico,
2580 1248 2880 1315 berbatico,
2919 1265 3020 1305 nec
3067 1250 3174 1305 alio
3208 1249 3364 1306 l'odro
3404 1252 3679 1318 districtu,
3705 1253 3790 1308 vel

2216 1336 2414 1405 placito
2451 1352 2549 1407 pro
2585 1338 2767 1408 aliqua
2807 1338 3046 1405 datioue,
3075 1339 3161 1394 vel
3210 1340 3393 1411 aliquo
3426 1341 3645 1411 ingenio
3670 1342 3790 1397 illos

2217 1428 2607 1499 constringere,
2639 1430 2723 1484 vel
2749 1429 2932 1499 aliquo
2960 1431 3121 1485 modo
3145 1431 3276 1485 dare
3305 1432 3525 1498 audeat,
3560 1432 3790 1498 scilicrt,

2218 1526 2278 1572 ut
2313 1518 2571 1586 diximus,
2609 1520 2663 1573 in
2709 1528 2975 1589 potestate
3009 1529 3103 1576 tua
3148 1528 3202 1575 et
3240 1537 3625 1577 successorum
3670 1533 3789 1577 tuo-

2218 1627 2361 1679 rum,
2406 1621 2615 1668 remota
2640 1614 2887 1669 omnium
2934 1615 3216 1671 hominum
3257 1618 3708 1685 contradictione,
3740 1618 3794 1673 in

2208 1713 2539 1775 perpetuum
2564 1715 2798 1774 maneat,
2835 1716 2889 1762 et
2911 1708 3145 1779 qualiter
3168 1710 3325 1765 vobis
3355 1711 3623 1780 placuerit
3647 1727 3798 1765 eam-

2219 1795 2341 1849 dem
2383 1796 2670 1851 ecclesiam
2711 1812 2808 1865 per
2840 1812 2940 1852 vos
2971 1807 3295 1870 vestrosque
3338 1815 3711 1865 successores,
3744 1810 3799 1853 «At

2219 1887 2507 1952 aediﬁcare,
2550 1902 2644 1942 seu
2686 1886 2973 1955 fabricare,
3008 1906 3172 1960 quam
3215 1899 3270 1944 tu
3315 1889 3510 1953 fecisti.
3557 1890 3801 1961 Itemque

2219 1976 2567 2031 concedimus
2607 1985 2661 2030 et
2702 1977 3091 2034 conﬁrmamus
3128 1979 3539 2036 fundamentum
3572 1980 3629 2036 in
3655 1982 3799 2036 inte-

2219 2081 2374 2136 grum
2407 2065 2499 2135 qui
2551 2074 2775 2121 vocatur
2804 2066 2995 2132 Avien,
3038 2077 3091 2122 et
3138 2079 3375 2124 montem
3419 2069 3646 2125 Jordani
3672 2087 3798 2126 cum

2218 2156 2384 2221 casis,
2415 2156 2591 2210 vineis
2630 2164 2684 2210 ct
2730 2157 2909 2223 terris,
2939 2158 3108 2224 silvis,
3138 2168 3192 2214 et
3236 2160 3478 2229 incultis,
3520 2176 3632 2216 una
3671 2177 3799 2217 cum

2220 2248 2395 2302 servis
2435 2257 2487 2302 et
2517 2248 2728 2305 ancillis
2770 2259 2933 2319 atque
2962 2251 3167 2307 colonis
3204 2252 3401 2307 ibidem
3431 2253 3800 2310 residentibus

2197 2332 2505 2410 utriusque
2537 2356 2718 2407 sexus,
2765 2342 2959 2407 attatis,
3006 2343 3091 2397 vel
3134 2359 3256 2397 cum
3299 2345 3558 2401 omnibus
3602 2360 3796 2399 eorum

2214 2432 2583 2500 pertinentiis,
2614 2432 2793 2502 posita
2820 2433 3096 2487 territorio
3135 2434 3295 2489 Silva:
3335 2433 3612 2502 Candidze,
3659 2437 3802 2490 inter

2220 2518 2429 2587 amnes,
2460 2538 2492 2576 a
2514 2523 2696 2592 primo
2730 2523 2898 2578 latere
2939 2530 3081 2578 terra
3121 2525 3367 2595 supradit
3380 2525 3418 2580 ti
3461 2526 3743 2597 episcopii,
3767 2542 3800 2581 a

2222 2614 2462 2669 secundo
2499 2614 2666 2670 latere
2708 2616 2883 2684 rivus,
2918 2618 3012 2689 qui
3057 2627 3282 2674 vocatur
3312 2617 3550 2686 Galeria,
3579 2636 3609 2675 a
3641 2621 3802 2675 tertio

2221 2704 2388 2761 latere
2414 2704 2653 2774 Ulbasol,
2678 2722 2710 2763 a
2734 2717 2930 2779 quarto
2946 2709 3119 2765 latere
3140 2708 3403 2780 Criptule,
3429 2725 3529 2767 nec
3551 2727 3662 2767 non
3682 2709 3802 2766 fun-

2220 2795 2350 2851 dum
2392 2797 2487 2868 qui
2516 2807 2743 2854 vocatur
2781 2797 2937 2855 Mons
2975 2800 3189 2855 Aureus
3231 2815 3356 2854 cum
3398 2801 3656 2857 omnibus
3686 2803 3802 2858 suis

2221 2887 2587 2958 pertinentiis,
2624 2890 2692 2944 ab
2721 2906 2830 2946 uno
2874 2892 3039 2947 latere
3082 2907 3243 2947 mons
3280 2892 3376 2964 qui
3415 2890 3646 2949 vocatur
3680 2892 3802 2949 Jor-

2220 2980 2368 3049 dani,
2406 2982 2476 3038 ab
2516 2983 2623 3037 alio
2654 2983 2819 3039 latere
2846 2982 3109 3056 Criptule,
3141 3002 3171 3040 a
3203 2987 3363 3043 tertio
3396 2988 3565 3044 latere
3599 2986 3803 3044 fundus

546 3075 911 3131 anathematis
942 3077 1158 3133 vinculo
1185 3079 1471 3147 obligetur,
1499 3088 1553 3135 et
1575 3096 1606 3135 a
1644 3097 1809 3152 regno
1854 3080 1951 3136 Dei
1989 3082 2122 3138 alie-
2146 3110 2188 3167 ς
2221 3076 2315 3146 qui
2357 3084 2583 3131 vocatur
2614 3076 2805 3146 Palmi,
2838 3085 2894 3133 et
2935 3093 2966 3133 ει
3007 3087 3203 3151 quarto
3233 3080 3401 3135 latere
3431 3078 3639 3137 fundus
3665 3079 3805 3136 Lau-

545 3175 738 3233 natus,
792 3184 965 3238 usque
998 3170 1065 3223 ad
1096 3171 1311 3239 dignam
1347 3170 1797 3228 satisfactionem.
1835 3173 1947 3241 Qui
1990 3190 2120 3231 vero

544 3265 733 3313 custos
782 3268 981 3315 nostrae
1030 3262 1327 3319 sanctionis
1374 3265 1659 3331 exstiterit,
1690 3266 2123 3323 benedictionem

544 3360 600 3405 et
621 3351 848 3423 gratiam
879 3354 1265 3425 omnipotentis
1292 3354 1385 3411 Dei
1412 3364 1466 3411 et
1491 3358 1631 3411 beati
1668 3357 1810 3413 Petri
1845 3361 2121 3429 apestnlo-

546 3457 666 3495 rum
691 3442 971 3512 principis,
995 3452 1049 3497 et
1070 3455 1310 3500 nostram
1336 3447 1551 3502 habent.

618 3532 657 3601 Τ
691 3530 834 3587 Bene
858 3532 1049 3600 valete,
1081 3542 1185 3588 etc.

1294 3648 1383 3704 ιιι.

546 3701 859 3794 Benedictus
885 3739 970 3795 IX
1008 3740 1280 3813 Ecclesin
1302 3701 1461 3797 Silva:
1484 3741 1741 3800 Candida:
1765 3743 1899 3797 bona
1922 3745 2121 3813 episco-

955 3828 1237 3881 porumqne
1253 3812 1381 3881 jura
1415 3814 1711 3884 confirmat.

1140 3903 1320 3973 (Anno
1350 3903 1528 3976 10:57.)

865 3992 1147 4065 [UGHELLI,
1175 3994 1342 4051 Italia
1374 4013 1551 4065 sacra,
1578 3995 1622 4064 Ι,
1653 3997 1801 4070 100.]

615 4082 952 4141 Bsnemcrus
967 4086 1277 4157 episcopus,
1299 4103 1489 4143 servus
1512 4104 1792 4144 servorum
1809 4090 1923 4153 Dei,
1939 4090 2119 4144 Pereo

543 4174 837 4226 venerabili
859 4176 1117 4245 episcopo
1140 4176 1197 4231 S.
1228 4176 1387 4232 Silvae
1410 4178 1666 4234 Candida:
1685 4177 1957 4245 Ecclesim,
1984 4182 2121 4234 tuis—

542 4278 651 4334 que
682 4267 1092 4322 successoribus
1122 4268 1177 4321 in
1210 4279 1554 4338 perpetuum.

614 4351 882 4409 Convenit
916 4342 1230 4427 apostolico
1291 4360 1650 4417 moderamini
1716 4363 1807 4434 pia
1860 4363 2119 4434 religione

2226 3174 2372 3232 retae,
2402 3175 2458 3222 et
2482 3183 2513 3222 a
2536 3167 2728 3239 quinto
2753 3169 2922 3224 latere
2948 3177 3092 3225 terra
3117 3170 3437 3225 monasterii
3473 3167 3532 3225 8.
3557 3168 3801 3236 Martini,

2224 3273 2320 3314 seu
2351 3257 2552 3316 fundus
2585 3260 2680 3330 qui
2725 3269 2953 3316 vocatur
2979 3276 3136 3317 mons
3174 3246 3442 3317 Grunduli
3471 3278 3597 3319 cum
3620 3262 3804 3319 omni-

2222 3349 2326 3405 bus
2377 3354 2445 3403 ad
2494 3365 2619 3406 eum
2672 3352 3103 3422 pertinentibus,
3155 3362 3211 3409 et
3272 3355 3410 3409 inter
3471 3354 3683 3421 amnes,
3736 3355 3804 3409 ab

2224 3457 2333 3497 uno
2378 3442 2545 3497 latere
2594 3440 2797 3498 fundus
2832 3443 3031 3499 Montis
3057 3443 3244 3511 Aurci,
3281 3454 3335 3500 ct
3374 3445 3450 3500 ab
3488 3446 3600 3501 alio
3638 3446 3807 3501 latere

2222 3530 2424 3587 fundus
2468 3532 2730 3603 Criptule,
2776 3542 2829 3590 et
2879 3533 3158 3598 Ulbarolo,
3206 3552 3237 3590 a
3276 3536 3437 3592 tertio
3474 3537 3647 3593 latere
3680 3536 3807 3592 fun-

2222 3624 2326 3678 dus
2387 3623 2600 3692 Palmi,
2669 3634 2833 3697 atque
2895 3626 3098 3683 fundus
3165 3627 3260 3698 qui
3314 3628 3512 3684 dicitur
3594 3626 3804 3700 Oripo.

2222 3730 2347 3769 cum
2403 3716 2659 3771 omnibus
2706 3716 2821 3771 suis
2862 3717 3228 3787 pertinentiis,
3284 3720 3424 3774 inter
3468 3718 3680 3786 aﬂines,
3733 3720 3804 3775 ab

2224 3822 2335 3861 uno
2386 3807 2555 3862 latere
2609 3817 2754 3863 terra
2812 3810 3131 3864 monasterii
3182 3808 3240 3865 S.
3286 3810 3527 3879 Martini,
3581 3813 3652 3868 ab
3699 3813 3810 3869 alio

2222 3898 2388 3953 latere
2432 3897 2635 3956 fundus
2678 3900 2861 3956 insula
2903 3910 3115 3968 sancta,
3157 3918 3187 3957 a
3224 3904 3385 3959 tertio
3423 3904 3593 3960 latere
3630 3906 3809 3961 curtis

2224 3990 2281 4044 S.
2312 3989 2478 4057 Petri,
2508 4000 2561 4046 et
2589 3990 2789 4048 fundus
2820 3993 3020 4049 montis
3048 3992 3333 4065 Grunduli,
3359 4005 3414 4051 et
3438 4011 3470 4051 a
3503 4005 3704 4067 quarto
3730 3998 3811 4053 la-

2222 4094 2333 4138 tere
2366 4091 2511 4139 terra
2548 4084 2615 4138 de
2651 4093 2803 4139 curte
2837 4083 2894 4140 8.
2933 4084 3098 4140 Petri.
3145 4085 3277 4142 Item
3316 4086 3538 4154 fundus,
3578 4091 3676 4159 qui
3711 4106 3808 4144 vo-

2221 4184 2376 4229 catur
2409 4173 2699 4244 Scriptule,
2731 4185 2783 4231 et
2814 4177 2979 4247 palmi
3012 4193 3136 4233 cum
3161 4179 3417 4235 omnibus
3450 4196 3643 4236 eorum
3687 4197 3810 4252 per-

2223 4266 2486 4330 tinentiis,
2528 4281 2557 4319 a
2588 4266 2764 4336 primo
2793 4267 2960 4322 latere
2988 4266 3191 4323 fundus
3220 4268 3465 4337 Fulisan,
3500 4287 3529 4325 a
3569 4274 3809 4327 secundo

2223 4357 2390 4413 latere
2412 4356 2612 4413 fundus
2636 4356 2886 4426 Laurete,
2910 4375 2941 4414 a
2963 4360 3123 4415 tertio
3142 4361 3309 4415 latere
3330 4371 3474 4417 terra
3489 4361 3546 4416 S.
3567 4362 3807 4427 Martini,

544 4447 874 4517 pollentibus
920 4450 1177 4506 benevola
1242 4454 1622 4523 compassione
1671 4469 2019 4522 succurrere,
2066 4448 3808 4520 et1)etaquartolaterefundusSevonumomnino,l‘unduslsZ-

542 4540 881 4611 poscentium
915 4543 1114 4598 animis
1138 4544 1303 4601 alacri
1329 4546 1615 4601 devotione
1644 4547 1908 4617 impertiri
1930 4564 2119 4603 assen-

542 4649 689 4702 sum,
713 4650 778 4689 ex
821 4634 924 4690 hoc
952 4637 1096 4691 enim
1122 4638 1259 4692 lucri
1281 4638 1626 4708 potissimum
1652 4640 1934 4710 praemium
1976 4640 2119 4710 apud

539 4726 880 4782 conditorem
904 4730 1150 4784 omnium
1178 4730 1344 4784 Deum
1375 4732 1835 4800 promerebimus;
1858 4734 2119 4802 quoniam

542 4820 876 4875 venerabilia
929 4821 1047 4876 loca
1099 4834 1400 4893 opportune
1428 4823 1677 4878 ordinata
1729 4825 1795 4879 ad
1842 4826 2119 4881 meliorem

540 4909 747 4965 fuerint
801 4912 918 4966 sine
969 4913 1136 4968 dubio
1188 4922 1387 4968 statum
1442 4913 1720 4984 perducta.
1780 4914 1947 4988 Igitur
1990 4918 2119 4988 quia

542 5003 840 5069 postulavit
868 5019 897 5057 a
928 5004 1087 5058 nobis
1135 5006 1417 5074 prudentia
1446 5016 1536 5062 tua
1566 5016 1836 5077 quatenus
1866 5010 2122 5064 concede-

541 5094 733 5147 remus
767 5102 820 5147 et
852 5093 1302 5152 conﬁrmaremus
1344 5097 1438 5152 tibi
1468 5099 1842 5170 episcopatum
1873 5101 2120 5171 supradi-

540 5191 693 5237 ctum
710 5200 833 5238 cum
855 5186 1110 5242 omnibus
1132 5188 1247 5242 suis
1273 5189 1635 5244 nertinentiis.
1656 5207 1777 5244 quae
1792 5207 1885 5244 ner
1904 5192 2117 5244 diversa

2219 4541 2473 4596 doricum
2498 4541 2754 4597 omnibus
2764 4543 3105 4611 pertinentiis
3116 4545 3250 4611 suis,
3268 4545 3337 4600 ab
3355 4560 3463 4600 uno
3479 4546 3647 4602 latere
3667 4556 3808 4602 terra

2223 4631 2279 4687 S.
2306 4632 2542 4701 Martini,
2574 4634 2642 4689 ab
2668 4634 2775 4689 alio
2795 4635 2963 4690 latere
2982 4633 3385 4709 Castrangotol,
3410 4653 3441 4694 a
3463 4638 3811 4695 tertiolaterc

2220 4726 2404 4782 Mensa
2420 4736 2627 4794 sancta,
2651 4727 2884 4798 denique
2896 4738 2950 4783 et
2963 4727 3141 4799 ipsum
3159 4728 3390 4784 fundum
3416 4730 3657 4786 Mensam
3682 4748 3808 4787 sau-

2222 4827 2363 4872 ctam
2393 4817 2865 4873 cumomnibusad
2875 4834 2996 4874 eam
3012 4821 3427 4889 pertinentibus,
3441 4821 3634 4877 abuno
3646 4822 3810 4876 latere

2223 4909 2422 4975 easale,
2454 4911 2601 4980 quod
2629 4919 2855 4966 vocatur
2883 4911 3071 4977 bucce,
3098 4927 3129 4965 a
3159 4913 3399 4967 secundo
3429 4912 3600 4968 latere
3628 4928 3803 4977 mons.

2220 5002 2314 5073 qui
2343 5011 2566 5058 vocatur
2593 5002 2912 5073 Dompnico,
2949 5019 2982 5058 a
3010 5005 3168 5058 tertio
3206 5004 3373 5059 latere
3404 5003 3657 5072 Musana,
3693 5015 3747 5061 et
3774 5020 3805 5060 a

2219 5103 2416 5165 quarto
2461 5096 2627 5150 latere
2669 5094 2725 5149 8.
2771 5095 3206 5152 Laurentius‘de
3245 5095 3399 5151 Panti
3425 5138 3440 5162 ,
3485 5098 3607 5167 pari
3651 5098 3807 5153 modo

2221 5184 2447 5239 fundum
2475 5183 2531 5239 S.
2565 5184 2820 5241 Basilidis
2846 5202 2970 5241 cum
3000 5188 3257 5241 omnibus
3280 5187 3348 5240 ad
3374 5203 3501 5240 eum
3534 5189 3805 5240 pertinen-
