4038 6426
257 363 395 418 15ιὶ9

1416 353 1777 410 EPlSTOLAS
1818 352 1905 407 ET
1943 352 2359 407 DlPLOMATA.

3386 355 3526 413 £350

259 463 422 531 latere
450 471 761 538 Musauell.,
804 480 858 526 et
885 486 915 525 a
947 480 1140 541 quarto
1175 468 1342 525 latere
1375 468 1690 536 Canullan.,
1733 478 1786 524 et
1814 485 1843 523 a
1877 473 1918 527 Α
1947 469 2133 531 latere,
2169 468 2303 521 silva
2330 476 2380 521 et
2415 475 2576 532 ltl'l'f’,
2623 484 2739 538 qua.
2774 466 2874 523 fuit
2906 469 2973 524 de
3000 467 3210 525 Joanne
3250 467 3531 528 Gramma-

255 566 449 637 quinto
476 558 644 619 latere
686 571 830 619 terra
874 562 1185 628 Aureliana,
1229 570 1284 615 et
1322 561 1455 615 silva
1488 560 1545 616 8.
1580 560 1838 631 Stephani

255 674 383 714 cum
410 658 497 713 via
528 655 818 721 Salinaria,
843 654 1115 724 simulque
1135 653 1364 708 fundum
1395 652 1688 707 Lauretum
1715 668 1838 707 cum

257 748 513 803 omnibus
539 745 936 817 pertinentibus
964 745 1100 810 suis,
1132 744 1203 799 ah
1230 759 1339 799 uno
1384 744 1549 799 latere
1592 751 1737 799 terra
1780 742 1836 798 8.

257 840 341 894 Pe'
356 839 423 906 ri,
454 839 523 894 ab
549 838 656 892 alio
683 838 852 893 latere
879 844 1024 891 terra
1062 835 1120 891 8.
1148 835 1385 901 Martini,
1417 851 1448 890 a
1481 835 1640 890 tertio
1675 834 1842 890 latere

258 946 416 986 mons
441 929 679 996 lliodori,
710 944 741 983 a
768 937 966 1000 quarto
991 928 1157 983 latere
1184 926 1387 983 fundus
1412 925 1597 998 Oripo,
1626 942 1723 982 seu
1750 942 1843 983 ca-

258 1024 372 1080 sale
398 1023 574 1092 Pauli,
605 1030 659 1079 et
686 1021 888 1078 fundus
923 1020 1185 1077 Scrianus
1211 1036 1336 1076 cum
1365 1020 1620 1076 omnibus
1649 1035 1843 1075 eorum

256 1115 619 1186 pertinentiis,
667 1113 737 1168 ab
774 1128 886 1167 uno
924 1112 1090 1165 latere
1132 1118 1272 1165 terra
1316 1107 1373 1163 S.
1417 1108 1655 1176 Martini,
1696 1124 1726 1164 a
1754 1125 1843 1165 se-

258 1206 440 1262 cundo
468 1206 636 1260 latere
668 1204 816 1260 Silva
857 1201 1119 1269 Candida,
1163 1217 1194 1256 a
1222 1201 1383 1257 tertio
1417 1199 1603 1256 Mensa
1631 1209 1841 1268 sancta,

240 1304 315 1352 vet
348 1312 381 1352 a
417 1305 613 1367 quarto
650 1297 818 1351 latere
873 1296 1005 1351 silva
1054 1292 1112 1349 8.
1157 1293 1325 1360 Petri,
1370 1309 1471 1349 nec
1514 1308 1624 1348 non
1664 1294 1846 1349 casale

259 1388 634 1458 quodldicitur
675 1386 1079 1457 Castagnctolo,
1106 1384 1191 1439 'ab
1225 1400 1336 1439 uno
1368 1384 1535 1438 latere
1565 1382 1664 1439 SS.
1701 1380 1843 1450 Qua-

259 1487 388 1534 tuor
421 1478 637 1545 fratres,
682 1494 713 1533 a
750 1478 987 1534 secundo
1026 1476 1229 1532 fundus
1261 1474 1569 1542 Orbanula,
1610 1492 1640 1531 a
1689 1475 1847 1532 tertio

252 1558 508 1637 'Musana,
553 1579 607 1625 et
642 1585 673 1624 a
709 1579 905 1641 quarto
933 1570 1100 1624 latere
1127 1568 1518 1633 Massanellus,
1558 1577 1720 1638 atque
1748 1568 1845 1624 sil-

259 1677 383 1718 vam
418 1676 540 1733 quae
577 1662 879 1733 appellatur
917 1660 1056 1731 Mag.
1098 1676 1222 1716 cum
1251 1660 1507 1715 omnibus
1543 1660 1647 1715 sibi
1680 1659 1848 1731 perti-

262 1755 537 1820 nentibus,
567 1754 636 1808 ab
662 1770 771 1809 uno
795 1754 963 1808 latere
990 1754 1147 1808 rivus
1171 1754 1238 1807 de
1264 1752 1478 1820 Galcra,
1518 1752 1587 1807 ab
1620 1753 1728 1807 alio
1767 1752 1848 1807 la-

1943 558 2073 623 tieo,
2101 573 2131 611 a
2158 557 2321 611 tertio
2348 557 2513 611 latere
2540 558 2822 628 pastoritia
2855 559 3161 630 dompmea,
3191 569 3247 617 et
3274 577 3305 617 a
3334 571 3532 634 quarto

1942 648 2108 701 latere
2142 647 2320 703 Massa
2354 647 2674 704 Claudiana.
2719 648 3124 707 Conﬁrmamus
3165 653 3332 709 etiam
3371 655 3532 711 vobis

1942 740 2175 806 casalia,
2222 748 2277 795 et
2310 741 2555 796 colonias
2593 750 2756 811 atque
2799 742 3081 799 castellum
3126 745 3183 799 in
3221 745 3529 817 integrum,

1942 835 2036 906 qui
2061 835 2362 905 appellatur
2389 833 2726 903 Dalmachia,
2768 852 2892 891 cum
2935 834 3122 894 fundis
3150 846 3204 893 et
3234 839 3530 905 casalibus,

1941 926 2193 983 videlicet
2231 925 2418 995 Attici,
2461 925 2775 982 Dalmachia
2820 927 3049 996 balneo,
3080 929 3313 997 stabbla,
3354 928 3534 989 Massa

1942 1018 2158 1074 Juliana
2186 1062 2201 1087 ,
2244 1020 2328 1075 vel
2369 1020 2789 1091 quibuscunque
2827 1020 2951 1075 aliis
2993 1023 3273 1078 vocabulis
3317 1040 3534 1079 nuncu-

1943 1119 2167 1180 pantur,
2206 1124 2314 1164 una
2338 1125 2464 1165 cum
2494 1108 2718 1168 familiis
2752 1113 3033 1181 masculis,
3069 1124 3123 1169 et
3148 1113 3390 1185 feminis,
3436 1132 3463 1172 s
3498 1133 3534 1173 ιι

1944 1200 2154 1256 colonis
2199 1215 2295 1271 per
2332 1201 2548 1273 singula
2586 1201 2705 1257 loca
2754 1204 3152 1273 pertinentibus
3190 1222 3318 1261 cum
3368 1209 3534 1277 casis,

1940 1292 2139 1359 vineis,
2173 1293 2354 1359 terris,
2379 1293 2551 1360 silvis,
2591 1295 2760 1364 pratis
2790 1310 3167 1368 aquarumque
3188 1298 3533 1368 decursibus,

1945 1384 2031 1439 vel
2072 1400 2198 1440 cum
2238 1385 2494 1441 omnibus
2536 1386 2601 1441 ad
2648 1388 2905 1456 praedicta
2946 1390 3181 1458 casalia,
3227 1400 3281 1446 et
3320 1392 3538 1449 colonia

1947 1486 2111 1548 atque
2142 1478 2426 1532 castellum
2471 1479 2901 1548 pertinentibus,
2950 1483 3127 1551 posita
3168 1482 3224 1537 in
3261 1484 3539 1539 territorio

1945 1567 2236 1638 Nepesino,
2268 1569 2524 1624 milliario
2559 1570 2627 1624 ab
2667 1572 2799 1626 urbe
2841 1571 3027 1628 Roma:
3057 1574 3179 1644 plus
3219 1576 3402 1631 minus
3443 1577 3535 1642 20;

1948 1659 2090 1714 inter
2136 1660 2320 1715 allines
2378 1661 2448 1715 ab
2488 1676 2600 1715 uno
2640 1662 2807 1717 latere
2851 1664 2993 1719 viam
3036 1680 3160 1735 qua»
3199 1667 3349 1722 ducit
3397 1667 3541 1721 inter

1948 1744 2199 1806 militiam
2230 1752 2297 1807 de
2326 1751 2493 1807 Curte
2522 1754 2589 1808 de
2615 1752 2975 1825 Capracorio,
3016 1765 3071 1811 et
3101 1766 3301 1813 terram
3342 1760 3409 1815 de
3443 1775 3541 1830 pa-

262 1854 376 1901 tere
405 1812 565 1900 mons
607 1846 702 1916 qui
728 1845 1027 1916 appellatur
1052 1845 1247 1915 stupha
1277 1812 1476 1900 ancilla
1497 1842 1614 1899 Dei.
1642 1842 1846 1899 Omnes
1874 1812 1923 1875 Β
1947 1843 2165 1900 storitio
2209 1842 2266 1898 8.
2310 1843 2486 1911 Petri,
2533 1845 2603 1899 ab
2644 1812 2752 1901 alio
2795 1812 2974 1903 latere,
3004 1857 3207 1905 terram
3247 1851 3314 1907 de
3349 1812 3540 1907 inobte

261 1954 499 2009 namque
540 1937 739 1993 fundos
775 1930 1109 2004 nominatos,
1154 1943 1209 1992 et
1244 1936 1449 1991 casalia
1491 1950 1617 1991 cum
1658 1934 1842 2003 terris,

252 2031 491 2100 campis,
524 2031 716 2101 pratis,
750 2031 990 2100 pascuis,
1019 2030 1173 2086 silvis
1202 2030 1364 2085 cultis
1392 2037 1447 2085 et
1475 2028 1718 2096 incultis,
1748 2043 1847 2098 po-

258 2121 385 2177 sitis
411 2122 687 2177 territorio
712 2121 873 2176 Silvae
891 2120 1148 2176 Candida}
1171 2120 1388 2198 milliari
1416 2120 1485 2176 ab
1510 2121 1646 2175 urbe
1671 2118 1845 2175 Roma

259 2215 387 2286 plus
416 2214 600 2269 minus
628 2213 936 2279 duodecim,
982 2213 1147 2267 etiam
1178 2212 1515 2284 aquimolum
1554 2213 1844 2267 molentem

262 2309 320 2364 in
349 2308 486 2375 rivo,
530 2307 624 2379 qui
652 2316 881 2363 vocatur
909 2306 1124 2363 Galeria
1152 2322 1277 2361 eum
1305 2306 1559 2361 omnibus
1587 2306 1692 2362 sibi
1721 2322 1847 2377 pcr-

263 2400 583 2467 tinentibus,
611 2408 666 2454 et
690 2408 835 2455 terra
867 2398 1228 2464 Semitarisia,
1264 2413 1387 2469 quae
1412 2399 1713 2468 appellatur
1745 2398 1849 2453 Pa-

260 2494 468 2551 stinum
511 2492 755 2562 longum,
800 2491 870 2546 ab
913 2506 1025 2546 uno
1068 2490 1234 2545 latere
1274 2489 1498 2545 Gualdsi
1535 2489 1734 2557 dinco,
1780 2489 1849 2544 ab

260 2586 371 2642 alio
410 2586 577 2641 latere
618 2593 765 2641 terra
812 2582 870 2638 S.
916 2582 1096 2650 Petri,
1141 2597 1264 2653 qure
1308 2582 1610 2653 appellatur
1642 2581 1849 2651 Campo

264 2677 500 2744 Mastali,
531 2693 562 2731 a
587 2676 747 2732 tertio
772 2676 941 2731 latere
970 2674 1176 2730 fundus
1199 2673 1404 2729 montis
1430 2672 1703 2740 Arcionis,
1736 2681 1789 2728 et
1818 2689 1849 2727 a

262 2777 462 2841 quarto
487 2768 655 2823 latere
684 2784 841 2823 mons
871 2766 1112 2821 Paurum
1150 2766 1481 2821 constitutus
1516 2765 1671 2835 juxta
1707 2765 1849 2819 idem

238 2859 622 2931 episcopium,
648 2861 763 2915 sive
790 2861 957 2914 alium
980 2859 1319 2929 aquimolum
1348 2858 1404 2912 in
1434 2858 1553 2928 ips
1578 2857 1697 2912 rivo
1723 2872 1847 2912 eum

263 2950 672 3033 omnibus-'sibi
718 2952 1115 3023 pertinentibus
1156 2950 1301 3022 juris
1345 2950 1590 3024 ejusdem
1632 2949 1849 3023 episco-

266 3061 365 3117 pu.

1944 1936 2147 1992 Arsitia
2184 1945 2237 1992 et
2277 1936 2552 2005 Focazan,
2598 1939 2693 2009 qui
2739 1941 3040 2011 appellatur
3081 1941 3451 2013 Columnella,
3506 1964 3539 2003 a

1947 2030 2106 2084 tertio
2132 2029 2301 2084 latere
2336 2035 2480 2084 terra
2511 2030 2578 2085 de
2606 2030 2772 2086 Curte
2816 2033 3177 2104 Capracorio,
3226 2038 3321 2108 qui
3355 2038 3541 2109 appel-

1944 2119 2090 2176 latur
2126 2120 2328 2176 Matera
2349 2163 2363 2188 ,
2423 2130 2476 2176 et
2511 2137 2541 2177 a
2582 2134 2779 2194 quarto
2824 2124 2991 2181 latere
3024 2136 3169 2182 terra
3201 2127 3259 2183 S.
3287 2128 3537 2185 Lauren-

1946 2215 2027 2282 tii,
2059 2230 2182 2285 quae
2209 2214 2512 2285 appellatur
2539 2214 2793 2285 Silicara,
2823 2228 2877 2273 et
2902 2219 3080 2274 rivum
3123 2222 3217 2291 qui
3257 2222 3409 2279 ducit
3440 2239 3539 2294 per

1946 2306 2197 2361 buxitum
2221 2347 2236 2373 ,
2280 2318 2335 2362 et
2370 2306 2748 2375 Ma‘dulanum;
2798 2321 3057 2380 praeterea
3099 2315 3449 2373 concedimus
3483 2325 3540 2374 et

1947 2398 2339 2454 conﬁrmamus
2367 2399 2543 2466 vobis,
2574 2410 2627 2455 et
2656 2417 2753 2472 per
2779 2418 2876 2457 vos
2905 2403 2959 2457 in
2988 2405 3179 2460 eozlem
3206 2417 3390 2462 vestro
3421 2409 3539 2480 cpi-

1948 2491 2135 2561 sc0pio
2173 2491 2229 2545 in
2262 2501 2602 2562 perpetuum,
2648 2494 2895 2550 videlicet
2940 2504 3114 2552 terras
3155 2505 3209 2553 et
3249 2500 3440 2557 vineas
3480 2502 3537 2556 in

1947 2582 2253 2652 integrum,
2295 2599 2527 2654 quarum
2568 2586 2832 2641 vocabula
2881 2597 3037 2655 sunt,
3084 2588 3535 2661 Campomastali,

1948 2674 2065 2729 sive
2099 2674 2236 2729 silva
2274 2675 2342 2729 de
2376 2673 2586 2746 Campo
2621 2675 2789 2731 monti
2814 2719 2829 2745 ,
2869 2686 2923 2733 et
2966 2677 3276 2745 Lacusello,
3320 2689 3374 2736 et
3410 2699 3537 2738 cum

1949 2766 2205 2821 omnibus
2236 2766 2457 2834 ﬁnibus,
2490 2769 2739 2823 terminis
2769 2770 3141 2842 limitibusque
3174 2775 3310 2840 suis,
3343 2777 3536 2843 vineis,

1949 2858 2178 2928 campis,
2210 2860 2402 2929 pratis,
2433 2860 2605 2926 silvis,
2637 2863 2879 2930 pascuis,
2922 2864 3186 2932 tediﬁciis,
3231 2868 3538 2936 parietinis,

1936 2948 2152 3019 attigiis
2180 2949 2452 3019 adjunctis
2481 2951 2967 3023 adjacentibusque
2993 2954 3129 3022 suis,
3157 2956 3242 3011 vel
3266 2972 3391 3012 cum
3421 2973 3540 3013 om-

1949 3040 2113 3096 nibus
2147 3040 2215 3095 ad
2257 3056 2352 3097 eos
2395 3043 2792 3112 pertinentibus
2830 3047 3171 3117 generaliter,
3216 3059 3268 3106 et
3309 3051 3362 3105 in
3403 3051 3542 3107 inte-

340 3135 517 3207 Super
569 3137 656 3193 bis
706 3144 887 3193 autem
914 3178 928 3203 ,
980 3136 1152 3193 secuti
1195 3144 1566 3193 antecessores
1611 3147 1846 3204 nostros,
1877 3169 1923 3231 ο
1954 3148 2133 3206 grum,
2164 3132 2341 3203 posita
2376 3134 2560 3188 omnia
2597 3136 2873 3190 territorio
2910 3135 3071 3193 Silvae
3098 3138 3373 3208 Candidae,
3401 3142 3544 3196 inter

266 3229 618 3284 concedimus
656 3238 710 3284 et
743 3228 1133 3285 conﬁrmamus
1175 3229 1332 3284 vobis
1372 3244 1610 3284 massam
1652 3228 1849 3283 iterum

266 3335 389 3393 quae
418 3321 718 3391 appellatur
744 3319 977 3387 Cesana,
1005 3336 1129 3374 cum
1156 3319 1359 3385 fundis,
1389 3328 1443 3375 et
1474 3320 1682 3375 colonis
1714 3322 1850 3388 suis,

256 3411 363 3483 qui
397 3411 656 3467 dicuntur
683 3410 941 3479 Furculo,
985 3410 1317 3479 Tandilian.,
1358 3410 1670 3467 Martinian.
1718 3411 1848 3467 Item

267 3503 512 3560 colonias
552 3505 621 3559 de
662 3504 884 3571 solario,
926 3513 980 3559 et
1022 3504 1091 3560 de
1128 3504 1361 3572 cortina,
1404 3514 1455 3559 ct
1488 3504 1554 3559 de
1584 3504 1849 3577 gradolfo,

268 3595 539 3651 coloniam
572 3596 638 3652 de
671 3596 829 3663 valle,
857 3595 1002 3651 etde
1032 3593 1278 3662 fontana,
1322 3603 1373 3651 et
1413 3596 1480 3651 de
1509 3606 1719 3665 sancto,
1759 3613 1855 3653 co-

268 3687 476 3743 loniam
505 3688 571 3743 de
597 3695 855 3759 castagna
892 3703 1053 3759 cupa,
1090 3696 1144 3743 et
1180 3688 1247 3742 de
1281 3686 1540 3757 Calbcllo,
1580 3690 1852 3745 coloniam

268 3779 337 3835 de
364 3777 601 3853 Besano,
638 3780 754 3834 sive
784 3779 985 3850 quibus
1018 3779 1141 3835 aliis
1170 3779 1449 3835 vocabulis
1484 3791 1851 3853 nuncupatur,

269 3886 396 3927 cum
425 3851 681 3926 omnibus
710 3870 872 3937 casis,
902 3870 1100 3935 vineis,
1138 3870 1433 3937 casalibus,
1468 3888 1562 3926 seu
1597 3874 1855 3943 appendi-

271 3963 375 4019 ciis
398 3962 535 4031 suis,
566 3964 727 4017 etiam
758 3965 873 4018 haec
902 3963 1086 4017 omnia
1126 3963 1289 4018 simul
1330 3979 1454 4017 cum
1493 3963 1712 4032 ﬁnibus,
1745 3974 1853 4020 ter-

272 4055 439 4111 minis
482 4056 856 4126 limitibusque
905 4052 1062 4121 suis,
1110 4056 1301 4121 terris,
1347 4057 1592 4127 campis,
1643 4059 1852 4128 pratis,

271 4149 529 4225 pascuis,
574 4149 760 4216 silvis,
807 4149 1094 4204 arboribus
1135 4148 1418 4219 pomiferis
1463 4148 1762 4207 fructiferis
1803 4159 1857 4208 et

270 4240 629 4299 infructiferis
669 4241 868 4297 diversi
895 4240 1131 4312 generis,
1166 4241 1363 4311 puteis,
1407 4239 1666 4310 fontibus,
1702 4243 1854 4311 rivis,

270 4334 433 4404 aquis
475 4334 834 4405 perennibus,
877 4333 1117 4389 aediﬁciis
1165 4332 1450 4404 parietinis
1489 4336 1693 4407 cryptis
1739 4352 1859 4392 are-

273 4425 444 4480 nariis
472 4440 594 4480 cum
624 4423 996 4494 adjacentibus
1025 4423 1160 4491 suis,
1200 4440 1325 4479 cum
1370 4425 1599 4481 ecclesia
1643 4425 1699 4480 8.
1744 4426 1857 4481 An-

1936 3224 2169 3291 -allines,
2205 3225 2274 3280 ab
2309 3241 2421 3280 uno
2460 3226 2656 3293 latere,
2701 3235 2847 3283 terra
2889 3230 3130 3299 praedicti
3162 3231 3442 3303 episeopii,
3473 3234 3543 3289 ab

1953 3315 2062 3369 alio
2090 3315 2258 3371 latere
2280 3324 2425 3371 terra
2463 3316 2740 3385 Gratiani,
2783 3335 2906 3390 qua:
2945 3322 3246 3391 appellatur
3275 3340 3433 3381 mons
3464 3324 3543 3379 A-

1952 3406 2115 3472 rioni,
2170 3422 2268 3464 seu
2320 3407 2607 3479 Majoratu,
2647 3426 2823 3482 usque
2860 3413 2915 3467 in
2973 3414 3151 3470 rivum
3210 3417 3276 3472 de
3334 3416 3545 3490 Campo

1953 3495 2143 3566 Monti,
2174 3513 2206 3553 a
2235 3498 2396 3554 tertio
2425 3499 2592 3555 latere
2632 3500 2824 3571 incipit
2851 3502 2919 3557 ab
2945 3503 3066 3573 ipso
3100 3502 3237 3573 rivo,
3280 3492 3455 3579 usque
3486 3508 3543 3565 in

1951 3588 2146 3644 vallem
2174 3589 2241 3645 de
2266 3590 2527 3656 Arenula,
2558 3599 2611 3647 et
2636 3590 2900 3647 Buxetum
2940 3604 3102 3665 atque
3138 3595 3263 3652 inde
3301 3613 3398 3668 per
3429 3597 3544 3653 No-

1950 3683 2236 3748 velletum,
2297 3697 2473 3753 usque
2514 3683 2568 3737 in
2608 3683 2754 3739 viam
2795 3686 3107 3757 antiquam,
3155 3689 3210 3742 in
3252 3705 3360 3760 qua
3399 3690 3547 3762 jacet

1951 3774 2121 3844 pilum
2150 3791 2540 3843 marmoreum,
2568 3785 2623 3832 et
2648 3794 2823 3849 usque
2848 3778 2902 3833 in
2934 3778 3071 3835 Cesa
3105 3780 3172 3836 de
3208 3780 3541 3851 Calariculo,

1932 3877 2005 3920 iet
2046 3880 2074 3920 a
2112 3875 2309 3937 quarto
2354 3868 2521 3923 latere
2565 3868 2710 3925 Cava
2756 3871 2823 3926 de
2860 3871 3219 3944 Castagneto.
3266 3892 3446 3947 usque
3483 3877 3543 3933 in

1938 3958 2131 4011 rivum
2174 3960 2268 4028 qui
2305 3970 2531 4015 vocatur
2572 3960 2799 4029 Galera,
2841 3972 2894 4019 ct
2925 3980 3097 4034 usque
3129 3965 3183 4019 in
3219 3967 3414 4023 silvam
3462 3970 3544 4025 tui
3588 4030 3594 4035 ,

1953 4053 2234 4125 episc0pii.
2282 4053 2649 4112 Coneedimus
2699 4057 2862 4112 etiam
2902 4067 2956 4113 et
3005 4060 3399 4117 conﬁrmamus
3444 4063 3544 4118 tibi

1954 4151 2172 4222 tuisque
2211 4154 2623 4209 successoribus
2660 4169 2879 4210 omnem
2910 4156 3059 4211 illam
3101 4166 3324 4228 terram,
3365 4168 3420 4215 et
3449 4161 3545 4216 sil-

1952 4260 2098 4311 vam,
2129 4261 2295 4315 quam
2330 4245 2459 4299 olim
2498 4244 2742 4301 Calolidu
2779 4247 3075 4317 invaserat,
3116 4258 3170 4305 et
3207 4254 3545 4323 antecessori

1953 4346 2051 4394 tuo
2072 4336 2305 4394 Guidoni
2330 4340 2588 4411 episcopo
2616 4357 2711 4412 per
2739 4343 3001 4414 scriptum
3029 4344 3379 4416 refutaverat,
3409 4365 3546 4421 qua-

1957 4446 2076 4484 rum
2106 4432 2369 4487 vocabula
2399 4441 2527 4488 sunt
2560 4433 2677 4489 haec
2709 4436 2904 4491 :vallis
2938 4436 3005 4491 de
3043 4436 3252 4493 Joanne
3277 4438 3447 4508 Ecco,
3488 4452 3544 4496 et

271 4517 419 4571 drea:
443 4514 676 4586 apostoli
705 4514 846 4569 intra
873 4515 1048 4585 ipsam
1076 4530 1315 4571 massam
1350 4516 1695 4582 aediﬁcatam,
1744 4532 1851 4571 una
1884 4533 1928 4587 ι)
1953 4520 2108 4575 Mons
2139 4521 2435 4593 Vespuleti,
2467 4526 2623 4579 vallis
2651 4527 2715 4581 de
2742 4527 2996 4596 Giusule,
3037 4539 3089 4585 et
3123 4547 3280 4587 mons
3310 4533 3404 4602 qui
3443 4549 3541 4588 vo-

273 4619 402 4658 cum
430 4605 659 4672 colonis,
689 4603 1014 4659 massaritiis
1042 4610 1095 4657 et
1120 4603 1486 4674 angarialibus
1515 4605 1776 4661 masculis
1803 4615 1856 4662 et

274 4694 513 4762 feminis,
537 4695 662 4751 ﬁliis
686 4706 738 4750 et
764 4694 999 4762 ﬁliabus,
1031 4710 1094 4750 ac
1122 4696 1410 4765 nepotibus
1439 4710 1627 4751 eorum
1654 4695 1853 4751 ibidem

279 4784 659 4851 residentibus,
704 4793 798 4841 aut
838 4785 1031 4844 exinde
1074 4785 1499 4856 pertinentibus,
1543 4785 1857 4856 ubicunque

277 4877 480 4933 inventi
510 4875 713 4932 fuerint
740 4891 867 4930 cum
898 4875 1046 4930 omni
1073 4890 1239 4930 censu
1270 4884 1432 4946 atque
1461 4875 1855 4946 functioaibus,

276 4976 332 5023 et
353 4967 687 5033 dationibus,
717 4965 977 5037 angariis,
1002 4966 1087 5021 vel
1110 4966 1374 5036 quidquid
1403 4966 1469 5023 de
1492 4968 1680 5023 eadem
1707 4984 1856 5024 mas-

278 5075 373 5125 sa,
411 5074 533 5130 quae
572 5058 874 5128 appellatur
910 5056 1122 5114 Cesana
1162 5058 1218 5111 in
1255 5058 1523 5129 integrum
1561 5069 1762 5116 nostra:
1795 5058 1853 5116 8.

280 5148 540 5204 Romanae
558 5147 831 5215 Ecclesiae,
852 5148 1149 5204 secundum
1170 5148 1384 5203 solitam
1408 5144 1856 5205 consuetudinem

279 5238 516 5309 persolvi
540 5239 715 5306 debet,
748 5249 803 5295 et
833 5254 958 5295 cum
984 5239 1240 5294 omnibus
1269 5238 1338 5293 ad
1366 5240 1677 5309 praedictam
1709 5256 1858 5296 mas-

281 5349 400 5389 sam
429 5332 695 5389 Cesanam
724 5333 1064 5406 generaliter,
1095 5342 1147 5388 et
1176 5332 1231 5386 in
1262 5332 1534 5403 integrum
1570 5334 1857 5403 pertinent,

279 5429 513 5499 positam
572 5429 627 5482 in
680 5428 956 5483 territorio
1002 5425 1274 5497 Nepesino
1333 5425 1551 5480 milliari
1608 5426 1677 5481 ab
1727 5426 1860 5482 urbe

284 5520 458 5576 Roma
482 5519 554 5575 ΞΟ
579 5536 645 5575 ex
670 5534 899 5591 corpore
924 5518 1235 5590 patrimonii
1264 5516 1533 5581 Thuscize,
1560 5518 1701 5588 juris
1730 5533 1852 5574 san-

283 5620 384 5668 ctae
420 5619 620 5667 nostrae
661 5608 920 5664 Romanae
957 5608 1229 5675 Ecclesiae,
1262 5608 1350 5664 cui
1376 5608 1487 5669 Dec
1515 5616 1736 5664 auctore
1766 5610 1854 5664 de-

285 5702 572 5769 servimus,
597 5711 651 5757 et
679 5702 819 5756 inter
840 5700 1027 5757 amnes
1052 5700 1122 5756 ab
1144 5716 1256 5756 uno
1296 5701 1464 5756 latere
1496 5708 1641 5755 terra
1671 5715 1862 5757 mona-

287 5794 441 5851 sterii
476 5791 534 5850 8.
578 5792 838 5865 Stephani
882 5792 1110 5851 minoris
1153 5793 1220 5849 ad
1267 5792 1324 5849 S.
1366 5791 1606 5860 Petrum,
1652 5792 1722 5849 ab
1757 5794 1866 5851 a'io

1955 4621 2111 4668 catur
2139 4613 2352 4681 Puzali,
2395 4615 2580 4671 allines
2614 4616 2733 4688 ejus
2777 4620 2846 4674 ab
2888 4635 2998 4674 uno
3036 4621 3206 4677 latere
3234 4622 3468 4694 Galeria,
3510 4643 3540 4682 a

1954 4703 2194 4758 secundo
2236 4704 2402 4760 latere
2443 4706 2643 4775 vadus,
2689 4709 2783 4779 qui
2818 4720 3043 4766 vocatur
3084 4713 3148 4768 de
3185 4730 3453 4784 perenna,
3491 4730 3545 4773 et

1956 4793 2082 4847 inde
2109 4809 2204 4865 per
2227 4795 2394 4861 viam,
2421 4807 2475 4851 et
2502 4812 2599 4867 per
2622 4798 2868 4866 limitem,
2896 4817 3073 4871 usque
3102 4803 3155 4856 in
3186 4812 3298 4859 tres
3327 4816 3541 4874 puteos,

1956 4886 2051 4955 qui
2078 4894 2205 4941 sunt
2232 4888 2285 4941 in
2315 4888 2443 4943 cilio
2470 4891 2702 4959 montis,
2743 4892 2835 4961 qui
2872 4902 3096 4948 vocatur
3123 4893 3311 4963 Puzal,
3358 4906 3413 4953 et
3445 4916 3544 4970 per

1958 4977 2139 5047 ipsum
2166 4979 2351 5033 cilium
2386 4982 2606 5050 montis,
2631 4990 2685 5037 et
2712 4999 2807 5053 per
2846 4983 3071 5039 limitem
3105 5003 3278 5058 usque
3308 4989 3361 5043 in
3398 4991 3540 5046 viam

1958 5070 2231 5138 publicam
2279 5069 2555 5127 Silicinam
2598 5076 2849 5144 antique,
2892 5087 2943 5131 et
2986 5095 3266 5145 amarum,
3322 5082 3416 5152 qui
3459 5094 3544 5140 est

1955 5161 2110 5232 juxta
2147 5164 2397 5218 eumdem
2434 5166 2673 5233 silicem,
2716 5179 2769 5223 et
2810 5170 2932 5225 inde
2972 5187 3068 5241 per
3103 5172 3330 5229 limitem
3371 5184 3425 5230 et
3446 5192 3544 5247 per

1963 5253 2127 5321 viam,
2158 5263 2212 5309 et
2247 5257 2583 5324 lucernaria,
2626 5276 2747 5330 qua:
2780 5271 2910 5317 sunt
2941 5263 2995 5318 in
3031 5266 3219 5321 eodem
3257 5267 3446 5336 limite,
3487 5280 3544 5327 et

1963 5358 2060 5412 per
2113 5344 2291 5414 ipsum
2341 5347 2566 5403 limitem
2615 5367 2789 5423 usque
2848 5354 2903 5409 in
2951 5354 3153 5413 ﬁnibus
3211 5358 3305 5413 ubi
3355 5359 3543 5416 ﬁnitur

1965 5434 2098 5489 silva
2126 5434 2388 5505 praelibati
2410 5439 2691 5510 episeopii,
2722 5451 2775 5497 et
2804 5443 2939 5499 silva
2969 5449 3286 5503 monasterii
3317 5448 3373 5504 S.
3406 5450 3544 5506 Mar-

1961 5526 2061 5581 tini
2088 5543 2262 5599 usque
2295 5530 2360 5584 ad
2390 5529 2446 5585 8.
2476 5530 2716 5601 Petrum,
2745 5544 2798 5590 et
2831 5539 3011 5593 casale
3039 5541 3183 5611 quod
3216 5554 3441 5599 vocatur
3474 5544 3541 5600 de

1968 5616 2196 5685 Rusina,
2227 5627 2281 5674 et
2318 5621 2374 5676 in
2409 5624 2598 5678 eodem
2636 5625 2756 5684 loco
2788 5627 3123 5688 Columnella
3153 5633 3261 5690 ﬁxa
3288 5646 3432 5691 stare
3458 5637 3542 5691 vi-

1966 5710 2279 5798 detur,‘eta
2313 5713 2471 5768 tertio
2497 5715 2664 5771 latere
2693 5718 2850 5777 limes
2878 5723 3073 5795 major,
3112 5734 3166 5781 et
3203 5727 3288 5782 via
3324 5728 3538 5798 publica

1967 5812 2088 5867 quae
2128 5795 2276 5853 ducit
2322 5813 2495 5870 usque
2556 5801 2611 5857 in
2655 5803 2883 5864 fundum
2940 5812 3037 5883 qui
3079 5795 3537 5872 vocatur—Mensa
