4066 5330
535 160 669 214 153'!

1804 148 2164 206 BENEDICTI
2201 148 2270 202 IX
2309 148 2513 206 ΡΑΡᾸΞ

3664 155 3684 208 I
3698 156 3801 211 53?.

531 279 868 335 sanctarum,
900 284 1022 338 qum
1047 278 1130 324 est
1154 268 1297 339 juris
1318 268 1449 324 dicti
1475 266 1753 338 episc0pii.
1784 275 1837 320 et
1864 282 1893 319 a
1919 272 2115 335 quarto
2143 267 2184 324 Α
2212 264 2613 334 pertinentibus
2632 305 2647 328 .
2684 263 2861 334 posita
2912 264 2967 319 in
3005 265 3127 322 loco
3164 267 3260 337 qui
3305 274 3533 323 vocatur
3570 266 3799 324 Diburo.

532 363 699 417 latere
728 376 908 425 mons,
946 369 1000 415 et
1034 361 1201 425 silva,
1242 376 1366 430 qua:
1402 368 1628 416 vocatur
1653 356 1905 421 Ballaria,
1948 371 2113 428 quam

533 462 678 509 tenet
709 455 823 524 ipse
850 463 978 508 tuus
1002 455 1369 524 episcopatus,
1398 453 1572 523 posita
1598 452 1754 521 juxta
1784 450 2040 519 buceege,
2063 456 2116 503 et

520 544 683 613 juxta
708 546 890 599 casale
919 546 1066 614 quod
1096 552 1321 598 vocatur
1345 544 1410 598 de
1441 542 1666 597 Rusina.

516 614 519 619 ί
602 636 732 692 Item
783 637 1133 692 concedimus
1174 645 1227 691 et
1270 636 1659 691 conﬁrmamus
1696 634 1851 689 vobis
1885 632 2113 688 fundum

532 727 586 782 in
616 728 908 800 integrum,
939 728 1032 798 qui
1061 736 1288 783 vocatur
1314 726 1626 782 Maurorum
1648 768 1662 792 ,
1695 742 1820 780 cum
1861 725 2116 780 omnibus

530 819 733 876 ﬁnibus
762 819 1135 890 limitibusque
1169 820 1285 875 suis
1320 819 1515 889 positis
1544 818 1599 872 in
1643 818 1917 873 territorio
1955 815 2118 870 Silvae

530 910 812 978 Candidae,
840 912 925 967 via
962 911 1235 976 Cornelia,
1276 911 1532 966 milliario
1560 911 1629 965 ab
1672 910 1808 964 urbe
1866 909 1989 979 plus
2013 907 2117 963 mi-

529 1016 634 1056 nus
667 1001 754 1068 IS,
785 1010 841 1056 et
868 1002 1009 1057 inter
1035 1001 1222 1057 afﬁnes
1250 1003 1320 1057 ab
1348 1017 1458 1057 uno
1500 1002 1667 1056 latere
1696 1001 1782 1055 via
1820 1016 1943 1071 quae
1966 999 2119 1055 ducit

514 1074 599 1145 ad
636 1090 876 1147 Mensam
919 1101 1197 1158 sanetam,
1233 1092 1303 1147 ab
1329 1092 1438 1147 alio
1487 1093 1657 1148 latere
1693 1106 1851 1149 mons
1888 1092 1981 1163 qui
2016 1106 2117 1146 vo-

516 1170 685 1239 catur
708 1184 773 1239 de
814 1183 987 1250 Ovea,
1034 1193 1089 1239 et
1115 1184 1293 1255 Caput
1333 1185 1652 1254 poneinum,
1693 1201 1725 1240 a
1760 1185 1922 1240 tertio
1952 1185 2119 1238 latere

442 1296 447 1301 ν
526 1275 611 1329 via
640 1292 761 1345 quae
798 1278 971 1347 pergit
999 1278 1067 1332 ad
1094 1278 1326 1332 salinum
1347 1318 1362 1344 ,
1414 1286 1467 1332 et
1489 1294 1518 1333 a
1554 1287 1751 1347 quarto
1778 1278 1944 1332 latere
1961 1277 2120 1347 juxta

528 1366 701 1436 ipsam
725 1368 870 1422 viam
895 1367 1364 1440 Castagnetulum,
1393 1378 1447 1424 et
1474 1385 1633 1425 mons
1660 1379 1925 1434 armatus,
1956 1380 2121 1439 atque

528 1458 775 1515 Ficarola
810 1462 995 1516 omnia
1034 1462 1101 1516 de
1130 1463 1445 1531 supradicto
1477 1462 1775 1532 episcepio.
1815 1461 1945 1517 Item
1992 1461 2120 1517 fun-

526 1550 629 1605 dus
659 1552 753 1621 qui
783 1561 1009 1608 vocatur
1036 1569 1266 1624 campus
1298 1553 1541 1625 Trojani,
1569 1563 1623 1609 et
1661 1552 1865 1610 fundus
1902 1554 1997 1624 qui
2025 1569 2122 1608 vo-

526 1650 683 1695 catur
710 1643 1021 1711 bursicella,
1062 1653 1118 1699 et
1158 1644 1362 1702 fundus
1395 1646 1645 1719 gradilia,
1691 1654 1746 1700 et
1784 1645 1987 1701 fundus
2022 1641 2119 1716 qui

519 1740 755 1785 vocatur
792 1748 953 1788 mons
989 1734 1056 1789 de
1099 1736 1301 1802 sorba,
1342 1736 1527 1790 omnia
1571 1734 1779 1807 integre
1822 1750 1947 1790 cum
2001 1736 2118 1790 suis

527 1822 732 1880 ﬁnibus
757 1834 811 1880 et
835 1826 1233 1895 pertinentibus
1262 1828 1453 1898 positis
1477 1829 1563 1883 via
1587 1828 1831 1896 Aurelia,
1863 1828 2118 1884 milliario

518 1914 595 1969 ab
624 1916 758 1973 urbe
793 1915 965 1973 Roma
998 1919 1121 1989 plus
1154 1919 1339 1975 minus
1367 1921 1711 1976 duodecimo.
1756 1919 1889 1976 Item
1936 1935 2030 1975 sex
2061 1920 2116 1974 in

526 2006 797 2080 integrum
848 2011 1039 2067 uncias
1082 2010 1267 2079 fundi,
1311 2014 1405 2082 qui
1444 2023 1672 2069 vocatur
1709 2014 2018 2080 Atticiano,
2064 2023 2118 2069 et

525 2110 785 2169 montem,
828 2105 923 2174 qui
958 2113 1185 2161 vocatur
1224 2106 1291 2162 de
1326 2106 1643 2174 Dominico,
1688 2124 1815 2165 cum
1858 2109 2117 2164 omnibus

510 2182 713 2249 eorum
743 2198 1108 2266 pertinentiis,
1150 2199 1330 2268 posito
1374 2200 1462 2255 via
1488 2200 1710 2255 Aurelia
1755 2201 2010 2255 milliario
2047 2201 2117 2257 ab

525 2284 657 2339 urbe
696 2284 865 2342 Roma
907 2289 1029 2357 plus
1068 2290 1251 2344 minus
1296 2291 1701 2357 tertiodecimo;
1749 2292 1889 2346 inter
1928 2291 2116 2347 aﬂines

524 2376 594 2430 ab
623 2393 732 2432 uno
759 2379 957 2448 latere,
997 2381 1177 2438 Massa
1213 2381 1526 2455 Margarita,
1556 2394 1610 2441 et
1641 2384 1941 2441 Casandria
1973 2384 2115 2455 juris

526 2466 627 2524 SS.
660 2467 932 2539 Basilidis,
967 2472 1219 2546 Tripodis
1247 2484 1300 2531 et
1324 2474 1676 2548 Magdalenen,
1704 2493 1826 2547 quae
1854 2486 1936 2532 est
1976 2491 2116 2546 pra:-

521 2560 652 2615 dicti
689 2564 853 2619 vestri
888 2565 1172 2637 episcopii,
1214 2582 1249 2623 a
1288 2570 1529 2625 secundo
1564 2569 1788 2636 fundus,
1829 2562 1887 2626 et
1911 2568 2115 2625 fundus

521 2650 774 2723 Agellus,
819 2657 916 2725 qui
958 2667 1088 2712 sunt
1127 2659 1194 2714 de
1239 2660 1430 2716 eodem
1460 2671 1647 2717 vestro
1683 2663 2000 2733 episcopatu
2024 2704 2040 2730 ,
2082 2679 2114 2719 a

524 2742 687 2797 tertio
716 2742 886 2800 latere
922 2744 1126 2802 fundus
1150 2750 1463 2817 verecundi,
1505 2751 1600 2821 qui
1634 2760 1719 2806 est
1739 2752 1882 2821 juris
1922 2768 2116 2808 mona—

524 2833 680 2887 sterii
704 2837 879 2891 sancti
905 2835 1120 2892 Martini
1142 2840 1216 2894 ad
1238 2849 1488 2896 sanctum
1515 2839 1757 2908 Petrum,
1785 2852 1838 2898 et
1859 2860 1890 2898 a
1917 2853 2115 2915 quarto

2216 354 2360 410 Inter
2390 354 2575 410 aﬁines
2610 356 2680 411 ab
2706 372 2817 411 uno
2841 358 3011 413 latere
3044 368 3209 425 terra,
3253 360 3309 414 iu
3338 377 3445 430 qua
3473 360 3576 416 fuit
3605 363 3804 417 domus

2214 446 2281 500 de
2325 445 2588 503 Marcezia
2630 447 2859 519 conjuge
2904 447 3164 520 Stephani
3206 450 3537 518 Senescalci,
3589 453 3661 507 ab
3695 453 3805 511 alio

2215 540 2385 593 latere
2428 548 2569 594 terra
2641 540 2696 594 in
2744 555 2850 609 qua
2895 540 2999 596 fuit
3044 543 3240 598 domus
3282 543 3350 599 de
3389 542 3577 611 Butio,
3615 545 3684 599 de
3718 543 3805 599 Si—

2215 643 2408 683 meone
2441 644 2473 683 a
2519 629 2678 684 tertio
2721 630 2889 686 latere
2928 631 3015 686 via
3052 634 3289 703 publica,
3316 642 3370 689 et
3399 651 3430 690 a
3472 645 3678 706 quarto
3721 637 3802 693 la-

2217 726 2329 773 tere
2365 734 2501 774 avus
2535 719 2732 789 major,
2759 730 2814 776 et
2849 721 2936 776 via
2965 739 3075 794 qua
3105 724 3256 780 ducit
3291 726 3361 780 ad
3401 728 3802 783 monasterium

2219 808 2276 864 S.
2305 809 2541 881 Cyriaci.

2288 899 2463 971 Super
2479 902 2567 958 bis
2586 912 2765 959 autem
2783 920 2892 960 non
2910 921 3111 962 novum
3132 903 3416 973 facientes,
3433 908 3803 980 scilicetquod

2216 1000 2590 1049 antecessores
2604 1004 2822 1051 nostros
2843 1010 3063 1052 sacrosa
3072 999 3211 1053 netis
3228 997 3549 1067 Alhauensi,
3564 999 3804 1055 Ostiensi

2216 1089 2270 1137 et
2292 1080 2601 1151 Portuensi,
2643 1093 2698 1139 et
2727 1086 2851 1141 aliis
2873 1087 3121 1143 ecclesiis
3154 1088 3350 1145 fecisse
3382 1091 3803 1162 cognoscimus,

2218 1189 2247 1228 a
2275 1175 2526 1244 praesenti
2561 1175 2594 1230 6
2648 1176 2964 1245 indictione,
3008 1195 3105 1249 per
3141 1181 3308 1250 hujus
3333 1190 3540 1237 nostra:
3583 1192 3807 1253 aposto-

2218 1267 2337 1322 licae
2378 1269 2758 1339 praeceptionis
2789 1272 3044 1341 paginam
3089 1274 3381 1330 statuimus
3409 1284 3465 1331 et
3511 1277 3803 1335 statuendo

2218 1375 2315 1430 per
2359 1362 2743 1417 auctoritatem
2786 1365 3159 1433 apostolorum
3204 1367 3470 1439 principis
3509 1369 3806 1425 conﬁrma-

2222 1466 2366 1517 mus,
2390 1462 2450 1506 ut
2476 1454 2798 1525 presbyteri,
2829 1455 3066 1523 diaconi,
3101 1459 3376 1522 monachi.
3415 1461 3803 1527 mansionarii,

2223 1542 2407 1599 clerici
2437 1544 2815 1616 cujuscunque
2849 1548 3057 1605 ordinis
3082 1550 3212 1617 sint,
3235 1551 3319 1606 vel
3346 1553 3651 1624 dignitatis,
3681 1568 3808 1611 san-

2152 1622 2195 1678 Β
2221 1636 2584 1704 ctimoniales,
2609 1653 2705 1693 seu
2735 1638 3057 1696 diaconissze
3080 1656 3293 1712 omnes,
3331 1622 3605 1701 immunes
3629 1646 3744 1701 sint
3771 1661 3805 1701 ι

2222 1727 2397 1782 laicali
2422 1729 2665 1795 servitio,
2700 1730 2910 1800 judicio
2930 1739 2984 1787 et
3012 1733 3231 1802 publica
3253 1735 3475 1792 datione
3503 1737 3560 1790 in
3585 1735 3803 1792 Galeria

2220 1820 2360 1875 intra
2383 1822 2689 1890 castellum,
2715 1824 2801 1878 vel
2820 1824 2888 1879 de
2913 1823 3047 1881 foris
3071 1826 3399 1895 habitantes,
3425 1830 3500 1890 ita
3524 1839 3587 1885 ut
3612 1830 3661 1885 si
3695 1831 3803 1886 im-

2212 1919 2454 1980 perator,
2497 1920 2593 1967 aut
2626 1914 2896 1982 marchio,
2938 1914 3054 1971 sive
3090 1916 3246 1972 missi
3290 1933 3504 1985 eorum,
3540 1928 3639 1975 aut
3678 1935 3803 1976 sue-

2218 2017 2466 2059 cessores
2500 2005 2674 2060 nostri
2719 2005 2850 2061 illuc
2876 2006 3144 2071 venerint,
3187 2009 3337 2063 nullo
3378 2011 3543 2065 modo
3590 2012 3645 2066 in
3684 2012 3802 2081 jam

2217 2096 2377 2151 dictis
2421 2099 2673 2166 personis
2703 2114 2797 2169 per
2847 2098 3094 2169 publicos
3130 2101 3519 2157 ministeriales
3555 2119 3802 2173 expensa

2218 2188 2524 2259 colligatur,
2565 2206 2740 2260 neque
2769 2191 2952 2261 aliquo
2975 2192 3139 2247 modo
3160 2194 3241 2248 eis
3277 2194 3473 2265 injuria
3504 2195 3798 2266 irrogetur.

2220 2278 2325 2335 Sed
2368 2296 2467 2350 pro
2494 2297 2680 2337 amore
2718 2283 2973 2339 altissimi
3018 2283 3134 2351 Dei,
3164 2302 3197 2340 a
3232 2286 3393 2356 cujus
3424 2295 3573 2342 sorte
3615 2287 3801 2343 clerici

2218 2382 2623 2443 nuneupantur,
2648 2384 3019 2445 competenter
3045 2376 3336 2445 honorent,
3362 2379 3524 2435 liceat
3548 2380 3658 2443 illis
3679 2388 3805 2435 tan-

2218 2471 2332 2518 tum
2360 2465 2524 2520 modo
2545 2465 2722 2533 vobis,
2748 2468 3056 2538 vestrisque
3078 2471 3493 2526 successoribus
3521 2472 3801 2542 episcopis

2216 2563 2272 2610 et
2310 2556 2692 2623 vicedominis,
2729 2573 2825 2613 seu
2869 2559 3268 2618 ministralibus
3309 2563 3539 2629 nostris,
3573 2563 3630 2617 in
3666 2579 3808 2620 cun-

2217 2646 2323 2702 ctis
2366 2646 2593 2719 reddg'e
2630 2648 2924 2716 rationem,
2949 2658 3004 2704 et
3031 2659 3273 2707 vestrum
3305 2664 3622 2723 exspectare
3654 2653 3808 2724 jidi-

2218 2739 2385 2805 cium,
2432 2748 2493 2794 ut
2539 2738 2684 2795 Deus
2735 2740 3055 2809 honoretur,
3105 2751 3160 2798 et
3204 2759 3302 2800 vos
3342 2759 3803 2818 successoresque

2216 2829 2407 2896 vestri,
2450 2838 2759 2886 vestrorum
2808 2848 3091 2887 sacrorum
3136 2835 3390 2890 ordinum
3438 2838 3684 2903 servitio,
3745 2848 3804 2895 et

524 2923 693 2979 latere
717 2925 853 2982 alias
887 2943 982 2982 sex
1010 2930 1202 2986 uncias
1232 2931 1300 2987 de
1332 2933 1591 3002 praedicto
1620 2924 1789 2990 fundo
1815 2936 2111 2992 Atticiano.

2216 2920 2524 2977 obedientia
2546 2938 2655 2978 non
2689 2921 3108 2990 dcfraudemini,
3138 2937 3505 3003 maneantque
3528 2930 3634 2986 sub
3652 2931 3807 3001 judi-

522 3012 763 3087 Itemque
801 3018 1002 3075 fundos
1037 3032 1192 3090 octo,
1244 3023 1529 3095 Lapmian.
1573 3026 1789 3083 Pathin.
1837 3029 2114 3101 Margarit.

512 3106 609 3185 sui
636 3122 825 3163 eorum
852 3110 1187 3181 Graecorum,
1216 3114 1490 3172 Casancll.
1534 3116 1920 3189 Casapupulis,
1966 3121 2121 3178 Savi-

520 3198 676 3265 nuli,
709 3201 806 3271 qui
850 3211 905 3257 et
939 3203 1303 3264 Sambuculus
1332 3218 1580 3278 vocatur,
1621 3212 1723 3267 sibi
1754 3213 1985 3268 invicem
2026 3230 2121 3270 co-

520 3292 819 3363 hzcrentes,
845 3297 1024 3365 posita
1049 3298 1239 3352 eadem
1260 3298 1346 3353 via
1372 3299 1592 3355 Aurelia
1615 3302 1871 3357 milliaria
1894 3304 1964 3358 ab
1984 3305 2121 3360 urbe

525 3385 704 3444 Roma
736 3390 859 3460 plus
883 3389 1065 3445 minus
1104 3390 1191 3456 12;
1236 3391 1513 3447 territorio
1553 3391 1610 3447 S.
1651 3392 1932 3462 Basilidis,
1978 3397 2120 3452 inter

525 3478 716 3535 omnes
746 3480 819 3534 ab
853 3494 964 3534 uno
989 3480 1157 3535 latere
1202 3480 1405 3538 fundus
1432 3481 1753 3551 Attichian.,
1795 3485 1864 3539 ab
1901 3487 2009 3541 alio
2037 3487 2120 3543 la-

522 3578 635 3625 tere
680 3569 882 3626 fundus
925 3569 1221 3638 Casandri,
1268 3588 1298 3627 a
1341 3575 1502 3629 tertio
1537 3576 1707 3631 latere
1753 3576 1976 3645 fundus,
2022 3580 2117 3650 qui

523 3663 825 3734 appellatur
863 3663 1253 3731 Patriciorum,
1299 3667 1382 3721 vel
1423 3667 1468 3721 si
1506 3670 1599 3739 qui
1637 3670 1728 3723 alii
1767 3671 1954 3727 afﬁnes
1990 3682 2119 3729 sunt

526 3768 623 3807 nec
660 3768 771 3811 non
809 3752 1012 3811 fundus
1056 3755 1110 3808 in
1149 3756 1421 3826 integrum
1466 3759 1562 3827 qui
1615 3769 1846 3816 vocatur
1896 3760 2116 3818 Iudaeo-

513 3856 673 3909 rum,
714 3858 840 3897 eum
878 3843 1079 3899 ﬁnibus
1126 3855 1179 3899 et
1223 3844 1491 3903 limitibus
1531 3850 1668 3916 suis,
1706 3851 1791 3907 vel
1824 3867 1951 3908 cum
1991 3868 2116 3908 om-

524 3933 686 3988 nibus
714 3934 818 3988 sibi
846 3936 1276 4005 pertinentibus,
1317 3940 1513 4009 positis
1544 3942 1800 4010 priedicto
1839 3944 2116 3999 territorio

524 4022 689 4080 Silva:
719 4024 995 4082 Candida.
1024 4027 1291 4084 Praeterea
1321 4031 1691 4097 concedimus,
1736 4040 1791 4087 et
1820 4033 2115 4089 conﬁrma-

524 4114 649 4170 mds
672 4118 828 4173 vobis
856 4120 1035 4174 casale
1087 4136 1257 4173 unum
1297 4122 1351 4174 in
1380 4122 1678 4191 integrum,
1714 4126 1863 4194 quod
1894 4136 2118 4181 vocatur

524 4203 828 4274 Urbanum,
859 4208 971 4263 sive
992 4209 1193 4278 quibus
1216 4209 1341 4265 aliis
1377 4211 1661 4269 vocabulis
1688 4225 2021 4286 nuncupent,
2059 4218 2116 4272 in

520 4309 638 4364 quo
666 4305 795 4349 sunt
826 4305 1003 4362 teme,
1034 4298 1233 4368 campi,
1272 4306 1445 4368 prata,
1473 4315 1700 4369 pascua,
1731 4302 1814 4356 vel
1842 4318 1968 4358 cum
1994 4320 2113 4359 om-
2143 4322 2189 4382 ι)

522 4392 690 4447 nibus
723 4393 827 4448 sibi
862 4394 1278 4464 pertinentibus,
1316 4395 1556 4465 positum
1588 4398 1862 4453 territorio
1890 4398 2109 4455 Subtri-

523 4484 706 4552 nensi,
734 4484 920 4540 amnes
940 4485 1079 4555 ejus,
1105 4486 1266 4540 sicuti
1290 4497 1418 4541 sunt
1441 4488 1524 4542 vel
1545 4486 1767 4542 fuerunt
1787 4490 1856 4543 ab
1876 4490 2106 4562 origine.

524 4574 770 4647 Itemque
808 4577 1196 4633 cenﬁrmamus
1241 4579 1396 4633 vobis
1428 4589 1481 4634 et
1514 4578 1770 4635 Ecclesiae
1799 4582 1884 4637 cui
1922 4582 2113 4651 praesi—

523 4668 670 4725 detis
709 4671 763 4726 in
803 4669 977 4740 ipsam
1020 4670 1165 4724 viam
1208 4671 1438 4741 Appiam
1487 4673 1765 4727 territorio
1806 4672 2112 4730 Velletrano

524 4766 882 4821 constitutam
925 4762 1188 4830 Massam,
1231 4765 1482 4820 videlicet
1527 4764 1800 4821 Urbanam
1843 4782 1968 4822 eum
2008 4766 2114 4821 Ca-

527 4871 711 4927 puano
742 4866 793 4911 et
814 4855 1114 4911 Cesariano
1138 4872 1261 4911 cum
1294 4856 1475 4911 fundis
1504 4858 1569 4912 ad
1604 4860 1852 4913 eamdem
1876 4858 2110 4915 Massam

514 4926 943 5017 pertinentibus,
972 4964 1096 5003 cum
1120 4948 1266 5002 omni
1288 4948 1411 5017 jure
1441 4949 1706 5003 instructo
1728 4950 2115 5004 instrumenta-

531 5053 639 5108 que
676 5037 878 5092 ﬁnibus
920 5038 1275 5108 terminisque
1318 5037 1468 5102 suis,
1512 5037 1566 5091 in
1604 5054 1711 5108 qua
1754 5048 1839 5093 est
1882 5040 2111 5095 ecclesia

532 5126 594 5181 S.
633 5127 846 5197 Felicis,
878 5130 1020 5184 sicut
1043 5131 1097 5184 in
1127 5130 1348 5198 scriptis
1376 5130 1574 5184 vestris
1603 5130 1854 5196 habetur,
1896 5140 1948 5185 et
1974 5132 2115 5186 sicut

529 5218 696 5270 etiam
745 5219 799 5272 in
843 5220 1041 5274 tabulis
1084 5221 1332 5291 lapideis,
1360 5235 1482 5290 quae
1522 5229 1646 5275 ante
1693 5220 1834 5276 fores
1879 5209 2117 5277 basilicae

537 5305 614 5330 ΕΩ
667 5316 902 5330 _.-_A_-__-
926 5328 953 5330 __
999 5311 1038 5330 τι
1090 5313 1114 5330 Β

2222 3012 2330 3078 cio,
2368 3021 2422 3067 et
2466 3011 2721 3068 districtu
2766 3023 2951 3069 vestro
3003 3017 3305 3072 secundum
3344 3028 3589 3077 tenorem
3639 3022 3808 3093 hujus

2222 3104 2395 3158 nostri
2434 3105 2718 3174 apostolici
2754 3108 3031 3178 praecepti,
3058 3109 3303 3164 omnium
3342 3111 3629 3166 hominum
3669 3127 3809 3168 con-

2219 3198 2544 3254 tradictione
2566 3209 2796 3267 remota,
2822 3202 2898 3256 ita
2930 3209 2991 3256 ut
3016 3203 3201 3258 nullus
3235 3219 3442 3272 comes,
3470 3205 3804 3269 viceeomes,

2220 3290 2521 3356 castaldus,
2575 3291 2971 3359 cubicularius,
3014 3294 3274 3365 nullaque
3322 3311 3557 3366 persona
3606 3298 3811 3354 audeat

2218 3396 2315 3437 eos
2336 3382 2404 3437 ad
2431 3383 2734 3449 servitium,
2764 3384 2846 3439 vel
2867 3386 2935 3440 ad
2966 3386 3246 3457 angariam
3271 3386 3496 3454 dueere,
3526 3388 3615 3444 vel
3640 3390 3711 3444 ad
3731 3390 3809 3445 6i-

2218 3474 2488 3541 strictum,
2514 3473 2630 3529 sive
2661 3475 2728 3530 ad
2758 3475 3017 3546 placitum
3044 3477 3380 3546 protrahere,
3405 3479 3522 3533 sive
3551 3481 3804 3536 mansio-

2217 3579 2316 3621 nes
2355 3581 2546 3621 eorum
2591 3567 2880 3638 hospitari,
2922 3569 3007 3624 vel
3048 3569 3323 3638 invadere,
3352 3570 3436 3626 vel
3478 3570 3806 3628 defraudare

2216 3663 2535 3724 praesumat,
2583 3657 2679 3712 sed
2720 3658 3100 3714 tantummodo
3134 3674 3202 3713 ex
3227 3659 3479 3730 jussiune
3512 3671 3720 3728 vestra,
3751 3673 3807 3718 et

2216 3757 2466 3817 prompta
2497 3748 2779 3804 voluntate
2814 3735 3034 3804 illorum
3073 3749 3314 3822 negotia,
3343 3759 3403 3806 ut
3434 3751 3666 3822 dignum
3696 3764 3802 3815 est,

2216 3839 2589 3905 moderentur,
2631 3842 3015 3911 disponantur,
3056 3843 3393 3913 judicentur,
3426 3852 3481 3899 et
3504 3844 3801 3910 ﬁniantur;

2216 3943 2317 3984 nec
2340 3944 2449 3983 non
2470 3929 2515 3983 si
2537 3930 2663 4000 quis
2676 3930 3119 3989 Christianorum
3138 3933 3338 3988 ibidem
3362 3933 3565 3989 obierit
3590 3935 3805 4007 absque

2216 4018 2430 4075 bterede
2459 4028 2514 4075 et
2544 4029 2895 4089 testamento,
2934 4024 3145 4094 legibus
3176 4025 3466 4081 succedere
3489 4025 3597 4081 sibi
3627 4028 3804 4083 eccle-

2217 4109 2321 4175 sia,
2350 4112 2460 4177 cui,
2491 4110 2601 4167 Deo
2637 4121 2882 4181 auctore,
2914 4116 3238 4185 praesidetis,
3264 4125 3320 4172 et
3337 4132 3457 4182 vos,
3493 4125 3551 4172 et
3586 4129 3804 4189 vestros

2217 4218 2565 4259 successores
2600 4192 2898 4275 apostolica
2942 4210 3265 4264 auctoritate
3291 4209 3572 4279 jubemus.
3619 4209 3801 4265 Tertia

2216 4303 2396 4349 autem
2424 4296 2574 4350 reddi
2600 4297 2757 4352 vobis
2796 4301 3101 4371 vestrisque
3145 4301 3557 4357 successoribus
3599 4318 3634 4357 a
3667 4318 3804 4357 eun-

2216 4387 2319 4441 etis
2333 4388 2701 4454 eeclesiis,'vel
2716 4392 3089 4466 sacerdotibus
3109 4401 3164 4447 et
3185 4393 3398 4448 clericis
3427 4393 3663 4450 Galeria:
3675 4395 3802 4450 abs-

2218 4494 2326 4548 que
2349 4480 2498 4534 omni
2523 4480 2886 4537 diminutione
2928 4498 3238 4553 censemus.
3267 4484 3441 4540 Simili
3473 4486 3643 4541 modo
3669 4502 3800 4543 cou-

2216 4570 2460 4626 cedimus
2484 4580 2540 4626 et
2579 4572 2970 4630 conﬁrmamus
3002 4575 3158 4630 vobis
3190 4585 3425 4643 terrena,
3463 4577 3669 4633 domus
3707 4578 3798 4634 ubi

2217 4661 2479 4719 ofﬁciales
2504 4665 2949 4733 commanebant,
2996 4682 3123 4721 cum
3170 4668 3425 4723 omnibus
3471 4669 3588 4725 suis
3634 4670 3802 4741 perti-

2217 4753 2439 4819 nentiis,
2470 4754 2648 4825 posita
2678 4756 2733 4810 in
2759 4753 2973 4812 Galeria
2996 4772 3158 4813 secus
3186 4757 3475 4814 ecclesiam
3499 4757 3563 4813 B.
3587 4757 3797 4816 Nicolai

2216 4846 2551 4905 confessoris
2588 4848 2813 4916 Christi,
2860 4867 3021 4921 quem
3044 4860 3109 4907 tu
3152 4852 3268 4923 ipse
3308 4856 3646 4910 consecrasti
3672 4864 3797 4910 ante

2215 4942 2433 4997 hortum
2464 4944 2692 5008 castelli,
2731 4945 2878 5015 quod
2919 4945 3157 5016 denique
3196 4946 3391 5003 domus
3431 4948 3557 5017 plus
3599 4964 3796 5004 conve—

2215 5038 2371 5093 niens
2397 5054 2519 5095 esse
2544 5039 2762 5094 videtur
2784 5039 3056 5108 pradictaa
3074 5042 3317 5098 ecclesiae
3346 5040 3405 5097 S.
3424 5040 3662 5105 Nieolai,
3697 5057 3792 5096 vo-

2215 5126 2319 5182 bis.
2347 5136 2402 5181 et
2448 5128 2664 5187 clericis
2704 5130 2934 5195 vestris,
2977 5144 3293 5201 quanquam
3340 5131 3396 5185 in
3437 5147 3504 5186 ea
3546 5132 3698 5188 loica:
3736 5140 3793 5185 et

2219 5221 2507 5276 molares
2551 5235 2800 5291 personae
2855 5230 3116 5276 maneant
3165 5224 3231 5279 ad
3287 5223 3614 5293 patrandam
3667 5222 3791 5276 libi-

2223 5309 2391 5330 .I!___.__
2468 5317 2511 5330 ,ι
2572 5310 2839 5330 -_.__-I-__.!_
2914 5308 2955 5330 Ω-
2980 5314 3088 5330 _:__
3342 5328 3349 5330 _
3407 5313 3418 5323 ⁸
3498 5328 3503 5330 .
3590 5313 3603 5323 α
3678 5321 3689 5330 ι
