4038 6462
206 409 358 467 ,1355

1388 397 1749 458 ΕΡΙΞΤΟΙΑΞ
1789 394 1875 453 ΕΤ
1913 393 2329 453 DlPLOMATA.

3335 397 3497 454 γδειι

213 545 324 602 que
369 522 723 583 concedimus
761 527 816 575 et
855 517 1246 575 confirmamus
1282 515 1441 571 vobis
1500 514 1810 584 vestrisque
1840 513 1886 569 Α
1912 509 2035 565 bem
2066 507 2122 563 8.
2159 506 2405 579 Gregorii
2431 506 2485 561 in
2517 505 2729 561 Galeria
2762 521 2887 561 cum
2915 505 3088 561 titulis
3113 508 3255 576 suis,
3278 510 3496 566 titulum

216 617 630 679 successoribus
678 614 735 669 in
767 620 1091 683 perpetuum
1118 606 1406 665 ecclesiam
1453 605 1555 662 SS.
1599 615 1804 678 marty-

215 709 575 775 rumBuﬁme
596 715 651 762 ct
679 705 945 763 Secundae
965 703 1199 775 positam
1222 701 1383 772 juxta
1409 699 1672 770 palatium
1697 714 1800 754 no-

216 812 416 867 strum,
459 807 514 855 et
540 799 723 854 locum
772 794 868 867 qui
920 801 1150 849 vocatur
1180 790 1479 846 Cellarium
1513 790 1630 846 sive
1663 787 1802 843 Lar-

215 893 419 949 dirium
449 891 505 946 in
527 890 802 961 integrum
835 901 962 943 cum
987 883 1221 940 diversis
1252 880 1479 955 cryptis,
1502 880 1832 957 parietibus.

215 985 303 1040 vel
322 982 568 1041 aediliciis
595 995 808 1047 eorum,
845 991 949 1034 nec
981 991 1088 1033 non
1111 974 1308 1041 vineis,
1334 972 1530 1038 hortis,
1556 986 1684 1027 cum
1710 986 1803 1025 ar-

217 1075 448 1131 boribus
481 1073 748 1128 olivarum
769 1077 825 1126 et
854 1077 1081 1125 caeteras
1102 1067 1327 1123 arbores
1353 1080 1662 1135 pomorum,
1690 1065 1806 1119 sive

217 1167 452 1224 diversis
476 1146 683 1236 ceptris
702 1173 756 1219 et
788 1162 1087 1234 parietinas
1111 1176 1176 1216 ac
1212 1168 1407 1226 terras,
1444 1157 1803 1228 quemadmo-

217 1258 352 1313 dum
405 1254 761 1312 determinari
802 1254 1080 1319 videntur,
1135 1250 1460 1320 incipientes
1500 1248 1658 1319 juxta
1706 1262 1808 1303 uo-

221 1358 396 1407 strum
442 1348 727 1419 palatium,
770 1345 918 1417 quod
965 1343 1130 1399 Scuta
1156 1342 1398 1406 dicitur,
1442 1350 1497 1396 et
1540 1339 1665 1395 inde
1687 1348 1809 1409 post

218 1442 518 1498 vestarium
548 1447 694 1496 recte
738 1439 808 1495 ad
847 1437 1218 1509 supradictam
1249 1444 1487 1491 vestram
1523 1433 1805 1489 basilicam

222 1531 461 1602 Ulpiam,
490 1537 545 1586 et
570 1528 695 1584 inde
711 1528 869 1599 juxta
905 1526 1168 1598 parietem
1196 1524 1473 1580 scriniarii
1504 1523 1672 1579 nostri
1714 1538 1810 1593 per

221 1634 446 1691 terram,
476 1623 570 1679 ubi
593 1623 863 1679 columnae
889 1621 1073 1691 jacere
1093 1618 1346 1675 videntur
1371 1627 1517 1674 recte
1543 1618 1599 1671 in
1622 1616 1730 1683 via,
1755 1624 1811 1670 et

222 1733 321 1788 per
362 1716 538 1787 ipsam
571 1715 715 1770 viam
747 1713 1165 1769 descendentem
1215 1709 1284 1764 ad
1337 1709 1578 1763 limitem
1602 1707 1696 1778 qui
1728 1715 1813 1764 est

210 1809 278 1865 in
307 1818 510 1864 terram
536 1815 797 1873 vestram,
831 1814 885 1861 et
912 1815 1117 1861 terram
1145 1802 1588 1874 presbyterorum
1616 1816 1809 1857 mona-

222 1901 376 1958 sterii
420 1900 478 1957 8.
526 1863 835 1965 Pancratii,
874 1906 930 1953 et
978 1896 1101 1967 ipso
1138 1863 1329 1950 limite.
1362 1893 1671 1949 revolvente
1710 1910 1810 1965 per
1843 1863 1886 1918 Β

222 1993 410 2049 ellium
437 1990 844 2062 supradictum,
871 1998 926 2046 et
951 1988 1178 2059 parietis
1194 1987 1353 2057 juxta
1383 1994 1583 2041 terram
1609 1987 1809 2065 praedi-

212 2095 441 2143 .ctorum
485 2084 926 2156 presbyterorum
952 2123 968 2149 ,
1015 2080 1107 2136 ubi
1156 2079 1314 2134 olivae
1363 2088 1507 2134 stare
1561 2079 1809 2134 videntur

208 2185 372 2235 .recte
408 2178 464 2233 in
492 2192 660 2248 parva
710 2175 984 2231 turricella
1015 2188 1158 2228 muri
1194 2171 1361 2241 hujus
1403 2172 1560 2226 almae
1601 2172 1808 2237 Romae,

224 2287 335 2328 una
362 2286 488 2327 cum
543 2269 663 2340 ipsa
691 2268 970 2324 turricella
1007 2276 1061 2321 et
1084 2281 1264 2331 muro,
1294 2280 1391 2320 seu
1414 2273 1582 2320 torrat
1618 2263 1812 2318 Sarra-

224 2381 377 2423 cenae
404 2379 529 2420 cum
554 2361 777 2434 cryptis,
802 2368 858 2416 et
890 2358 1173 2431 parietinis
1204 2357 1307 2413 sub
1340 2372 1419 2423 se,
1458 2366 1512 2412 et
1544 2356 1700 2426 juxta
1729 2371 1806 2421 se,

225 2458 312 2514 vel
342 2458 478 2513 alias
500 2465 700 2522 turres,
728 2468 852 2524 qua:
871 2462 1097 2508 extensa
1113 2459 1241 2508 sunt
1264 2450 1334 2505 ab
1353 2466 1461 2504 una
1488 2458 1640 2519 parte
1655 2448 1811 2518 juxta

227 2559 432 2606 terram
464 2557 724 2611 vestram,
755 2555 807 2601 et
832 2552 1131 2615 pantanum
1159 2557 1282 2597 cum
1313 2540 1504 2596 eodem
1530 2540 1648 2610 ipso
1674 2540 1814 2596 inte—

210 2655 327 2711 gro
349 2648 611 2710 pautano,
652 2636 880 2692 saliente
902 2634 968 2690 ad
1009 2633 1154 2688 viam
1196 2631 1492 2703 publicam,
1522 2647 1644 2701 qua:
1664 2631 1815 2686 ducit

226 2732 299 2786 ad
331 2729 618 2788 ecclesiam
658 2727 716 2784 8.
745 2726 974 2784 Joannis
1015 2724 1295 2796 Baptistae,
1320 2723 1435 2778 sive
1457 2722 1525 2778 ad
1552 2722 1813 2794 palatium

228 2831 504 2888 nostrum,
529 2829 584 2876 et
610 2820 736 2876 inde
784 2826 1090 2875 revertente
1127 2816 1283 2887 juxta
1314 2824 1518 2871 terram
1564 2830 1687 2886 qua:
1713 2814 1816 2872 fuit

227 2912 472 2985 Elperini
503 2919 558 2967 et
597 2910 801 2966 Azonis
838 2924 1225 2982 germanorum
1255 2907 1484 2964 fratrum
1523 2898 1577 2964 et
1599 2909 1813 2964 vineam

229 3006 476 3064 ecclesia
503 3003 561 3060 S.
596 3001 827 3071 Nicolai,
876 3002 991 3059 sive
1031 3011 1232 3058 terram
1263 3002 1545 3058 hmredum
1583 3001 1651 3057 de
1674 2999 1817 3057 Maio

230 3098 520 3170 Capuano,
547 3096 662 3152 sive
690 3096 1034 3152 borticellum
1057 3137 1073 3162 ,
1116 3094 1212 3165 qui
1253 3092 1356 3149 fuit
1391 3094 1669 3165 quondam
1699 3094 1815 3150 An-

1907 599 1964 656 S.
1997 600 2244 673 Gregorii
2291 601 2346 655 in
2391 600 2510 670 ipso
2551 600 2707 667 loco,
2759 600 2977 654 titulum
3022 599 3080 654 S.
3117 601 3394 659 Anastasii
3441 605 3498 659 in

1904 691 2154 759 Musano,
2175 702 2228 747 et
2250 691 2463 762 plebem
2493 690 2550 746 8.
2579 689 2771 763 Angeli
2799 690 2853 746 in
2876 689 3160 747 Duscitulo
3188 708 3315 747 cum
3337 693 3500 749 terris

1904 786 2042 853 suis,
2071 786 2344 855 simulque
2365 785 2574 856 plebem
2594 783 2650 840 8.
2677 783 2907 840 Joannis
2929 784 2985 840 in
3002 783 3158 840 Nono
3187 802 3307 849 eum
3334 789 3500 843 terris

1904 891 1958 936 et
1977 881 2153 937 titulis
2196 881 2353 947 suis;
2384 880 2605 935 titulum
2649 880 2708 934 8.
2747 878 3011 935 Marciani
3060 880 3115 934 in
3160 879 3282 949 ipso
3322 881 3497 951 burgn

1904 988 2029 1028 cum
2070 973 2230 1028 terris
2259 973 2396 1039 suis,
2427 972 2643 1027 titulum
2667 970 2724 1026 8.
2754 971 2989 1027 Andreae
3015 985 3141 1028 cum
3165 972 3339 1029 titulis
3360 974 3498 1037 suis,

1906 1082 2157 1123 necnon
2187 1066 2404 1121 titulum
2453 1066 2508 1120 8.
2536 1064 2742 1132 Mariae,
2786 1060 3005 1120 titulum
3037 1063 3095 1119 8.
3134 1064 3366 1132 Nicolai,
3403 1066 3501 1136 qui

1906 1166 1991 1213 est
2013 1158 2067 1212 in
2099 1158 2325 1214 castello
2353 1156 2420 1212 de
2448 1166 2633 1213 monte
2674 1156 2921 1225 Destini;
2968 1156 3184 1213 titulum
3224 1154 3281 1213 S.
3312 1156 3499 1213 Maria:

1906 1264 2035 1304 cum
2070 1249 2232 1304 terris
2260 1250 2405 1316 suis;
2431 1257 2690 1319 praeterea
2713 1248 2924 1319 plebem
2950 1248 3006 1304 8.
3041 1248 3337 1316 Pancratii,
3369 1265 3496 1305 cum

1911 1342 2071 1397 torris
2095 1351 2152 1397 et
2179 1342 2352 1398 titulis
2378 1341 2525 1410 suis;
2551 1342 2769 1398 titulum
2794 1341 2852 1399 S.
2876 1343 3059 1399 Maria:
3079 1343 3137 1398 in
3163 1344 3344 1400 insula
3372 1359 3501 1400 cum

1912 1434 2070 1489 terris
2109 1434 2269 1501 suis;
2313 1435 2529 1505 plebem
2571 1434 2628 1490 8.
2678 1434 2860 1491 Lucite
2885 1436 2938 1490 in
2968 1435 3149 1492 insula
3184 1451 3309 1491 cum
3339 1437 3502 1493 terris

1911 1526 2062 1593 suis,
2098 1526 2350 1582 similiter
2376 1526 2587 1597 plebem
2615 1525 2673 1582 8.
2710 1524 2937 1583 Joannis
2979 1528 3034 1583 in
3066 1528 3247 1584 insula
3277 1544 3401 1584 cum
3428 1528 3501 1585 ti-

1913 1617 2027 1673 tulo
2063 1625 2115 1673 et
2147 1617 2425 1673 territorio
2474 1635 2607 1686 suo;
2645 1619 2863 1674 titulum
2899 1617 2957 1673 8.
2992 1618 3242 1692 Gregorii
3285 1620 3339 1675 in
3383 1620 3504 1691 ipso

1913 1708 2054 1775 loco,
2099 1708 2372 1779 simulque
2419 1710 2629 1779 plebem
2659 1709 2716 1765 8.
2767 1709 2922 1765 Pauli
2966 1711 3021 1765 in
3072 1709 3342 1766 Formello
3376 1726 3504 1766 eum

1915 1807 2095 1872 terris,
2126 1806 2316 1873 vineis,
2346 1808 2545 1876 hortis,
2577 1809 2790 1864 olivetis
2810 1817 2975 1880 atque
3006 1808 3178 1865 titulis
3201 1809 3344 1876 suis;
3373 1809 3506 1865 titu—

1913 1897 2026 1953 lum
2062 1897 2119 1953 S.
2150 1897 2413 1972 Sylvestri
2437 1901 2489 1955 in
2505 1901 2760 1957 columna
2773 1918 2900 1958 cum
2921 1902 3083 1959 terris
3096 1909 3151 1957 et
3163 1901 3338 1959 vincis
3354 1903 3503 1968 suis;

1910 1989 2128 2044 titulum
2156 1988 2212 2044 8.
2230 1990 2419 2062 Angeli
2438 1991 2493 2046 in
2509 1989 2741 2049 Olibano
2761 2008 2888 2048 cum
2912 1993 3074 2048 terris
3088 2001 3143 2048 et
3162 1992 3336 2049 hortis
3351 1994 3469 2049 suis
3487 2012 3503 2060 ;

1910 2082 2129 2138 titulum
2166 2082 2224 2137 8.
2252 2081 2515 2139 Marciani
2545 2099 2671 2139 cum
2694 2086 2854 2141 terris
2875 2085 3026 2152 suis;
3059 2085 3280 2140 titulum
3321 2083 3380 2141 8.
3402 2085 3507 2141 (ἰο-

1912 2174 2052 2231 nesii
2083 2175 2138 2229 in
2172 2173 2489 2230 Dalmachia
2512 2190 2636 2231 cum
2670 2174 2834 2230 terris
2856 2176 2998 2244 suis;
3027 2177 3247 2233 titulum
3278 2176 3337 2232 8.
3363 2177 3508 2233 Lau-

1912 2268 2073 2324 rentii
2108 2268 2162 2322 in
2193 2267 2466 2323 Formello
2488 2284 2612 2323 cum
2638 2267 2813 2322 titulis
2841 2275 2894 2322 et
2917 2266 3092 2321 hortis
3116 2267 3266 2335 suis;
3290 2268 3508 2323 titulum

1916 2358 1974 2414 8.
1999 2359 2183 2416 Maria:
2197 2375 2321 2415 cum
2346 2359 2620 2414 territorio
2649 2374 2779 2425 suo;
2806 2357 3026 2413 titulum
3059 2355 3362 2415 Salvatoris
3381 2374 3510 2414 cum

1914 2453 2076 2508 terris
2107 2452 2224 2508 suis
2248 2470 2263 2518 ;
2305 2452 2523 2507 titulum
2551 2450 2608 2508 S.
2632 2450 2862 2507 Joannis
2884 2450 2940 2506 in
2963 2450 3082 2522 ipso
3105 2451 3228 2508 loco
3247 2468 3374 2507 cum
3400 2461 3510 2507 ter-

1916 2546 2108 2602 ritorio
2130 2561 2254 2612 suo,
2277 2544 2498 2601 titulum
2524 2543 2581 2601 8.
2613 2543 2760 2600 Petri
2784 2560 2909 2600 cum
2937 2554 3079 2600 terra
3113 2560 3247 2612 sua;
3289 2545 3507 2601 titulum

1918 2636 1976 2693 8.
2010 2638 2199 2710 Angcli
2232 2639 2286 2693 in
2314 2637 2583 2705 Laureto;
2617 2636 2835 2692 titulum
2867 2635 2925 2692 S.
2966 2635 3241 2692 Valentini
3288 2638 3344 2692 in
3375 2637 3511 2708 Cry-

1916 2732 2093 2803 ptule;
2113 2732 2241 2788 item
2266 2732 2475 2803 plebem
2492 2729 2549 2786 8.
2565 2729 2804 2786 Cornelii
2821 2731 2876 2785 in
2891 2730 3271 2800 Capricornio.
3288 2729 3393 2785 Per
3407 2731 3512 2785 bu—

1912 2823 2005 2895 jus
2024 2823 2292 2896 privilegii
2309 2822 2477 2878 vestri
2511 2831 2566 2878 et
2586 2821 2791 2878 decreti
2817 2821 3092 2893 paginam,
3107 2821 3163 2876 in
3190 2830 3511 2892 perpetuum

1918 2915 2311 2970 confirmamus
2336 2912 2594 2984 praedicto
2635 2919 2821 2969 vestro
2854 2912 3133 2982 episcopio
3165 2926 3292 2968 cum
3328 2923 3428 2968 ter;
3443 2913 3513 2980 is,

1918 3004 2114 3072 vineis,
2131 3013 2187 3060 et
2206 3004 2441 3071 olhetis,
2454 3012 2509 3060 et
2533 3003 2708 3060 titulis
2727 3045 2743 3071 ,
2769 3003 2988 3060 titulum
3011 3002 3068 3059 8.
3086 3004 3361 3061 Pancratii
3386 3019 3514 3061 eum

1919 3098 2080 3154 terris
2107 3097 2251 3163 suis;
2284 3096 2504 3152 titulum
2536 3095 2594 3151 8.
2628 3095 2812 3152 Mariae
2865 3111 2992 3157 cum
3036 3097 3198 3153 terris
3258 3105 3313 3153 et
3356 3105 3514 3167 prato

218 3192 337 3263 geli
358 3232 373 3258 ,
407 3189 523 3246 sive
556 3189 781 3244 domum
823 3188 1118 3244 terrincam
1139 3228 1155 3254 ,
1187 3202 1311 3258 quae
1349 3196 1434 3243 est
1459 3187 1614 3257 juxta
1653 3187 1817 3243 aliam
1846 3210 1888 3266 ο
1921 3207 2061 3257 suo;
2095 3189 2312 3245 titulum
2345 3189 2403 3244 8.
2434 3188 2702 3244 Valentini
2731 3204 2857 3251 cum
2884 3189 3067 3257 terris,
3087 3201 3141 3245 et
3174 3190 3375 3246 oliveto
3413 3206 3517 3245 suo

231 3283 379 3339 viam
413 3281 707 3353 publicam,
738 3282 946 3337 ducens
967 3280 1035 3335 ad
1059 3289 1307 3335 nostrum
1334 3288 1696 3336 memoratum
1718 3280 1824 3336 La-

233 3385 525 3432 teranense
576 3374 859 3445 palatium.
920 3371 1163 3444 Itemque
1226 3372 1618 3429 confirmamus
1668 3372 1825 3430 vobis

233 3467 526 3523 ecclesiam
551 3466 609 3521 8.
656 3465 903 3522 Martinte
938 3481 1064 3522 cum
1109 3465 1259 3520 omni
1294 3480 1394 3521 sua
1430 3466 1738 3537 integritate
1770 3476 1827 3522 et

235 3557 588 3631 pertinentia,
613 3557 848 3628 positam
877 3555 1064 3612 Romae
1092 3571 1259 3627 prope
1282 3580 1283 3583 η
1304 3565 1542 3612 montem
1568 3557 1662 3627 qui
1692 3557 1828 3613 dici—

232 3661 331 3706 tur
364 3650 672 3722 Augustus;
701 3663 800 3705 nec
852 3664 962 3704 non
1004 3649 1291 3705 ecclesiam
1334 3646 1434 3704 SS.
1465 3648 1743 3705 Adalberti
1774 3663 1828 3706 ct

228 3743 454 3800 Paulini
488 3758 612 3798 cum
644 3742 876 3798 ecclesia
908 3740 964 3796 8.
996 3740 1270 3798 Benedicti
1298 3750 1354 3797 et
1372 3742 1522 3797 omni
1550 3758 1649 3797 sua
1689 3742 1825 3799 intc-

236 3836 439 3909 gritate
484 3842 539 3891 et
577 3834 903 3906 pertinentia
928 3876 943 3901 ,
989 3843 1044 3889 et
1078 3833 1221 3891 sicut
1262 3834 1328 3890 ad
1373 3851 1570 3891 manus
1616 3845 1828 3892 vestras

239 3928 404 3984 hodie
433 3927 632 3983 tenetis
656 3927 888 3998 positam
929 3926 1071 3982 infra
1106 3927 1249 3982 hanc
1288 3927 1560 3982 civitatem
1594 3927 1826 3983 Romam

243 4021 297 4076 in
325 4020 504 4076 insula
547 4018 842 4092 Lycaonia,
883 4028 945 4074 ut
982 4019 1054 4076 sit
1080 4019 1238 4074 vobis
1267 4019 1578 4090 vestrisque
1604 4036 1827 4077 succes-

241 4113 463 4169 soribus
507 4127 634 4168 cum
684 4111 968 4167 volueritis
1009 4111 1316 4182 episcopale
1354 4111 1690 4167 domicilium
1715 4153 1729 4177 ,
1775 4123 1829 4168 et

241 4220 547 4276 congruum
580 4203 983 4274 receptaculum
1022 4211 1501 4275 opportunumque
1538 4204 1828 4260 habitacu-

244 4298 358 4353 lum
400 4296 861 4368 quemadmodum
897 4295 1098 4351 habere
1135 4295 1352 4351 videtur
1378 4294 1700 4352 Portuensis
1738 4312 1830 4352 ec-

245 4389 412 4446 clesia
446 4389 505 4443 S.
554 4387 782 4443 Joannis
846 4388 988 4443 inter
1020 4388 1159 4444 duos
1207 4397 1398 4459 pontes
1420 4431 1435 4455 ,
1486 4389 1831 4461 presbyteros

247 4492 412 4552 atque
453 4481 701 4547 clericos,
741 4481 833 4551 qui
869 4495 970 4550 pro
1002 4489 1247 4551 tempore
1292 4481 1347 4535 in
1387 4482 1576 4537 eadem
1600 4481 1829 4537 ecclesia

1924 3293 2088 3355 atque
2114 3291 2294 3354 prato;
2326 3283 2409 3338 tit.
2446 3280 2503 3336 8.
2535 3280 2730 3338 Donati
2752 3297 2879 3337 cum
2926 3283 3086 3338 terris
3126 3283 3262 3348 suis,
3295 3282 3515 3338 titulum

1927 3374 1986 3430 8.
2029 3373 2216 3430 Mariae
2270 3389 2396 3430 cum
2449 3372 2611 3428 terris
2661 3372 2800 3441 suis,
2857 3372 3079 3429 titulum
3131 3371 3171 3427 S
3236 3372 3516 3429 Laurentii

1924 3481 2053 3521 cum
2091 3465 2253 3522 terris
2280 3465 2398 3521 suis
2420 3507 2436 3532 ,
2473 3464 2690 3521 titulum
2726 3461 2785 3519 S.
2817 3463 3092 3520 Anastasii
3120 3479 3245 3520 cum
3275 3466 3519 3522 terriset

1925 3559 2099 3614 vineis
2148 3557 2302 3625 suis;
2351 3558 2564 3628 plebem
2596 3555 2654 3612 8.
2694 3555 2798 3613 Titi
2834 3572 2942 3614 non
2980 3558 3140 3628 longe
3177 3574 3209 3613 a
3246 3557 3514 3625 Civitclla,

1925 3666 2051 3707 cum
2080 3651 2274 3717 vineis,
2303 3650 2551 3718 terris,et
2577 3650 2751 3706 titulis
2775 3649 2911 3714 suis;
2944 3650 3153 3721 plebem
3187 3649 3242 3706 S.
3272 3649 3427 3706 Pauli
3461 3652 3516 3706 in

1928 3742 2196 3799 Formella
2228 3757 2353 3797 cum
2380 3742 2589 3809 vineis,
2620 3742 2781 3797 terris
2821 3753 2877 3797 et
2920 3742 3090 3798 titulis
3127 3743 3263 3809 suis;
3297 3743 3515 3799 titulum

1930 3835 1988 3889 8.
2024 3833 2284 3906 Sylvestri
2310 3876 2326 3899 ,
2358 3842 2413 3889 et
2438 3831 2497 3888 8.
2529 3834 2721 3906 Angeli
2751 3849 2876 3889 cum
2919 3834 3078 3889 terris
3119 3844 3176 3890 et
3213 3835 3417 3902 vineis,
3462 3846 3519 3892 et

1928 3927 2139 3998 plebem
2178 3926 2235 3981 8.
2261 3914 2464 3983 Donati
2496 3926 2552 3982 in
2582 3926 2796 3983 Collina
2826 3942 2950 3983 cum
2978 3928 3139 3984 terris
3164 3970 3193 3995 ,,
3215 3929 3390 3986 vineis
3414 3972 3429 3997 ,
3463 3941 3518 3985 ct

1927 4017 2164 4084 olivetis,
2196 4027 2250 4072 et
2276 4018 2448 4074 titulis
2475 4019 2613 4085 suis;
2637 4020 2857 4074 titulum
2887 4017 2943 4074 S.
2972 4018 3156 4075 Maria:
3189 4036 3316 4076 cum
3355 4024 3517 4078 terris

1928 4122 1983 4167 et
2005 4110 2204 4178 vineis;
2232 4111 2452 4166 titulum
2480 4110 2537 4166 8.
2568 4110 2881 4179 (Ξὴιδίειίηω,
2903 4127 3031 4167 cum
3053 4113 3232 4179 terris,
3263 4113 3439 4169 vineis
3463 4126 3519 4170 et

1931 4204 2082 4261 silvis
2108 4203 2245 4270 suis;
2276 4203 2492 4258 titulum
2524 4202 2581 4258 8.
2609 4202 2855 4276 Gregorii
2883 4220 3009 4260 cum
3042 4205 3202 4261 terris
3232 4215 3286 4261 et
3316 4207 3515 4273 vineis;

1931 4295 2151 4351 titulum
2180 4294 2237 4349 8.
2267 4294 2486 4351 Martini
2518 4311 2645 4351 cum
2676 4296 2839 4352 terris
2868 4304 2923 4352 ct
2951 4296 3162 4364 vineis;
3197 4297 3418 4355 titulum
3456 4299 3514 4355 S.

1932 4385 2182 4444 Cassiani
2214 4403 2339 4443 cum
2372 4388 2555 4455 terris,
2579 4397 2634 4443 et
2658 4388 2853 4455 vineis,
2885 4398 2940 4444 et
2970 4387 3193 4445 familiis
3222 4391 3420 4459 tribus;
3453 4393 3519 4447 ti—

1935 4479 2107 4533 tulum
2149 4476 2207 4532 S.
2243 4478 2520 4534 Anastasii
2549 4495 2674 4534 cum
2707 4480 2866 4535 terris
2897 4490 2951 4535 et
2987 4480 3177 4548 vincis,
3213 4492 3267 4537 ct
3303 4483 3517 4537 titulum

249 4573 350 4629 SS.
383 4572 681 4639 Adalberti,
710 4581 766 4626 et
804 4570 1059 4637 Paulini,
1094 4580 1149 4626 et
1180 4571 1457 4626 Benedicti
1490 4571 1723 4639 fuerint;
1756 4572 1829 4627 ita
1863 4560 1907 4616 Ι)
1935 4571 1993 4626 8.
2023 4571 2252 4626 Justina:
2278 4586 2403 4625 cum
2441 4572 2602 4626 terris
2645 4581 2702 4626 et
2740 4574 2952 4639 vincis;
2987 4574 3201 4628 titulum
3237 4573 3293 4629 8.
3326 4577 3520 4645 Angrli

220 4666 525 4737 ‘subjectas
551 4664 707 4725 vobis
727 4679 849 4719 esse
875 4662 1131 4717 volumus
1164 4673 1222 4716 ut
1264 4663 1512 4732 proprias
1558 4664 1700 4719 tilias
1733 4679 1826 4719 ec-

246 4757 428 4814 clesia:
458 4765 667 4824 vestrae,
704 4764 759 4811 et
781 4754 850 4810 ab
870 4754 1020 4809 omni
1042 4754 1164 4824 jure
1194 4754 1286 4808 illo
1320 4754 1696 4811 subtrahimus
1723 4765 1831 4811 tuae

247 4849 582 4923 patermtati,
608 4856 820 4903 tantum
841 4863 936 4904 eas
966 4846 1370 4903 committentes
1391 4856 1454 4902 ut
1488 4848 1832 4903 solummodo

248 4952 491 4999 vestrum
520 4941 787 5013 judicium
810 4948 1147 5011 exspectent,
1177 4947 1361 4996 vestro
1382 4940 1628 4995 dominio
1650 4940 1831 4995 famu-

249 5038 450 5103 lentur,
475 5043 531 5090 et
554 5050 650 5106 per
675 5032 864 5088 omnia
884 5032 1086 5088 vestris
1106 5031 1526 5089 rationabilibus
1571 5034 1838 5090 obsecun—

247 5130 379 5184 dent
403 5126 695 5192 mandatis,
725 5134 788 5180 ut
806 5138 1031 5195 quoquo
1076 5123 1239 5178 modo
1281 5123 1440 5179 vobis
1482 5125 1656 5194 placet
1685 5127 1836 5181 ordi-

249 5236 403 5287 nare,
417 5219 715 5275 secundum
738 5217 908 5273 Deum
929 5231 1135 5287 regere,
1162 5224 1218 5271 et
1238 5214 1553 5283 informare,
1575 5225 1630 5273 et
1654 5234 1841 5275 emen-

247 5313 382 5369 dare
436 5319 624 5366 nostra
673 5307 971 5381 apostolica
1021 5307 1347 5362 auctoritate
1402 5308 1457 5361 in
1515 5319 1838 5378 perpetuum

248 5404 446 5469 liceat;
477 5401 749 5472 simulque
786 5399 1140 5456 concedimus
1163 5407 1216 5454 et
1257 5399 1646 5455 confirmamus
1678 5402 1832 5457 vobis

249 5511 446 5553 omnes
483 5495 701 5565 plebes,
730 5501 787 5548 et
822 5492 1085 5549 ecclesias
1130 5492 1440 5563 parochias,
1484 5507 1608 5547 cum
1638 5507 1830 5548 eorum

232 5587 616 5659 apertincntiis,
653 5586 740 5640 vel
765 5583 1107 5655 adjacentiis,
1141 5584 1349 5641 scilicet
1374 5583 1585 5654 plebem
1624 5583 1681 5639 8.
1720 5582 1836 5639 Ma-

255 5681 350 5738 ria
381 5681 436 5735 in
463 5679 608 5734 Silva
642 5676 888 5733 Candida
929 5693 1056 5733 cum
1096 5676 1272 5732 titulis
1305 5675 1443 5742 suis,
1482 5676 1697 5732 titulum
1731 5675 1830 5732 SS.

252 5771 481 5827 Joannis
508 5779 563 5825 et
582 5769 735 5824 Pauli
758 5769 813 5823 in
846 5768 1090 5835 Lucano,
1134 5777 1189 5823 et
1214 5768 1430 5823 titulum
1466 5769 1525 5823 8.
1551 5769 1739 5841 Angeli
1778 5768 1834 5824 in

255 5864 506 5929 Musaeo,
530 5862 746 5916 titulum
775 5859 833 5914 S.
881 5859 1073 5915 Donati
1110 5860 1163 5914 in
1194 5859 1452 5932 Majorata
1473 5905 1486 5930 ,
1517 5870 1679 5931 atque
1714 5862 1831 5931 plc-

576 5971 854 6030 PATROL.
891 5960 1105 6022 CXLI.

1936 4680 2061 4720 cum
2106 4663 2267 4719 terris
2311 4662 2465 4729 suis;
2518 4663 2736 4718 titulum
2785 4664 2843 4718 8.
2883 4663 3133 4736 Gregorii
3188 4682 3313 4721 cum
3360 4667 3521 4723 terris

1918 4756 2054 4811 suis
2096 4763 2151 4811 ct
2196 4756 2411 4824 vineis,
2456 4756 2733 4826 simulque
2782 4756 2995 4827 plebem
3052 4756 3108 4812 8.
3170 4756 3405 4813 Marcelli
3465 4759 3522 4813 in

1937 4856 2135 4918 quarto
2158 4847 2372 4902 decimo
2393 4864 2518 4902 cum
2544 4848 2726 4915 terris,
2752 4858 2808 4903 et
2828 4848 3023 4914 vineis,
3052 4858 3106 4904 et
3130 4849 3330 4904 oliveto
3359 4859 3523 4920 atque

1939 4940 2110 4995 titulis
2134 4981 2150 5004 ,
2183 4940 2266 4994 vel
2296 4956 2421 4995 cum
2450 4940 2705 4995 omnibus
2738 4939 2855 5004 suis
2885 4942 3229 5011 pertinentiis
3254 4958 3269 5008 ;
3302 4942 3522 4996 titulum

1944 5032 2001 5086 8.
2029 5032 2219 5103 Angeli
2250 5048 2374 5087 cum
2403 5032 2565 5088 terris
2594 5042 2650 5088 et
2680 5033 2853 5088 vineis
2877 5052 2892 5099 ;
2938 5033 3174 5105 denique
3211 5035 3422 5105 plebem
3462 5034 3520 5090 S.

1940 5122 2085 5179 Petri
2114 5125 2169 5178 in
2192 5123 2441 5179 Beczano
2469 5138 2594 5179 cum
2625 5126 2806 5191 terris,
2829 5133 2885 5181 et
2907 5125 3104 5193 vineis,
3127 5135 3182 5181 et
3201 5127 3401 5182 oliveto
3422 5143 3526 5182 suo

1941 5216 2150 5285 majore
2177 5224 2341 5286 atque
2365 5215 2540 5284 silvis;
2564 5226 2619 5271 et
2640 5216 2857 5271 titulum
2884 5215 2941 5270 8.
2968 5215 3215 5284 Joannis,
3241 5227 3295 5273 et
3317 5216 3387 5273 8.·
3405 5217 3527 5273 Stc-
3590 5238 3600 5249 ν

1939 5307 2107 5379 phani
2138 5317 2301 5378 atque
2333 5306 2390 5362 8.
2419 5306 2602 5364 Maria:
2647 5308 2701 5363 in
2744 5306 3139 5378 Pentpertusa;
3193 5309 3411 5363 titulum
3464 5308 3520 5364 8.

1940 5399 2125 5455 Mariae
2144 5400 2199 5454 in
2226 5398 2492 5475 Sepefane
2511 5415 2637 5456 cum
2659 5402 2841 5467 terris,
2858 5399 3054 5467 vineis;
3083 5400 3300 5455 titulum
3327 5400 3383 5455 8,
3412 5398 3527 5455 Ste-

1940 5493 2107 5563 phani
2133 5493 2187 5546 in
2214 5490 2446 5560 Matera;
2479 5493 2696 5549 titulum
2730 5491 2788 5547 8.
2823 5492 3008 5549 Mariae
3035 5493 3090 5547 in
3120 5492 3325 5550 Matera
3350 5512 3365 5561 ;
3393 5494 3525 5549 titu-

1938 5585 2053 5639 lum
2088 5583 2145 5638 8.
2181 5583 2348 5639 Blasii
2372 5584 2426 5639 in
2451 5583 2740 5653 Scrofano;
2772 5584 2987 5640 titulum
3018 5582 3076 5638 8.
3106 5582 3338 5641 Joannis
3363 5586 3418 5639 in
3447 5586 3528 5655 ip-
3594 5601 3604 5608 ’

1937 5693 2001 5732 so
2031 5675 2298 5732 Scrofano
2324 5718 2340 5743 ,
2380 5685 2435 5731 et
2465 5676 2523 5731 8.
2569 5676 2825 5751 Eugeniae
2854 5678 2909 5732 in
2935 5675 3141 5732 Matera
3167 5695 3181 5744 ;
3212 5677 3434 5733 titulum
3464 5677 3523 5731 8.

1936 5768 2213 5824 Laurentii
2248 5769 2302 5823 in
2333 5769 2599 5825 Scrofano
2619 5787 2741 5826 cum
2771 5769 3027 5825 omnibus
3050 5769 3305 5837 terris,et
3326 5769 3525 5833 vineis,

1934 5861 2153 5916 titulum
2182 5861 2239 5918 S.
2268 5860 2524 5935 Eugeniae
2553 5881 2675 5919 cum
2725 5864 2904 5931 terris,
2934 5872 2989 5916 ct
3026 5861 3223 5929 vineis,
3257 5861 3531 5932 simulque

3138 5963 3214 6019 43
