  <div class='ocr_page' id='page_1' title='image "/cluster/home/n/w/nwhite01/storage/ocr_20150623/141/hvd.32044015471790/683.png"; bbox 0 0 4038 6396; ppageno 0'>
   <div class='ocr_carea' id='block_1_1' title="bbox 652 345 790 434">
    <p class='ocr_par' dir='ltr' id='par_1_1' title="bbox 652 345 790 434">
     <span class='ocr_line' id='line_1_1' title="bbox 652 345 790 434; baseline 0.022 -3"><span class='ocrx_word' id='word_1_1' title='bbox 652 345 790 434; x_wconf 68' lang='grc' dir='ltr'><strong>ιδδὲ</strong></span> 
     </span>
    </p>
   </div>
   <div class='ocr_carea' id='block_1_2' title="bbox 1925 376 2636 441">
    <p class='ocr_par' dir='ltr' id='par_1_2' title="bbox 1925 376 2636 441">
     <span class='ocr_line' id='line_1_2' title="bbox 1925 376 2636 441; baseline 0.011 -8"><span class='ocrx_word' id='word_1_2' title='bbox 1925 376 2287 438; x_wconf 74' lang='lat' dir='ltr'><strong>BENEDICTI</strong></span> <span class='ocrx_word' id='word_1_3' title='bbox 2324 380 2392 438; x_wconf 77' lang='lat' dir='ltr'><strong>IX</strong></span> <span class='ocrx_word' id='word_1_4' title='bbox 2432 379 2636 441; x_wconf 64' lang='lat' dir='ltr'><strong>PAPE</strong></span> 
     </span>
    </p>
   </div>
   <div class='ocr_carea' id='block_1_3' title="bbox 3763 392 3873 451">
    <p class='ocr_par' dir='ltr' id='par_1_3' title="bbox 3763 392 3873 451">
     <span class='ocr_line' id='line_1_3' title="bbox 3763 392 3873 451; baseline 0.036 -4"><span class='ocrx_word' id='word_1_5' title='bbox 3763 392 3873 451; x_wconf 54' lang='grc'><strong>135</strong></span> 
     </span>
    </p>
   </div>
   <div class='ocr_carea' id='block_1_4' title="bbox 643 485 3874 569">
    <p class='ocr_par' dir='ltr' id='par_1_4' title="bbox 643 485 3874 569">
     <span class='ocr_line' id='line_1_4' title="bbox 643 485 3874 569; baseline 0.005 -24"><span class='ocrx_word' id='word_1_6' title='bbox 643 491 858 563; x_wconf 79' lang='lat' dir='ltr'><strong>plebem</strong></span> <span class='ocrx_word' id='word_1_7' title='bbox 887 488 945 546; x_wconf 89' lang='grc'><strong>8.</strong></span> <span class='ocrx_word' id='word_1_8' title='bbox 978 486 1163 546; x_wconf 61' lang='lat' dir='ltr'><strong>Maria</strong></span> <span class='ocrx_word' id='word_1_9' title='bbox 1189 487 1244 544; x_wconf 89' lang='lat' dir='ltr'><strong>in</strong></span> <span class='ocrx_word' id='word_1_10' title='bbox 1269 485 1482 545; x_wconf 78' lang='lat' dir='ltr'><strong>Olibula</strong></span> <span class='ocrx_word' id='word_1_11' title='bbox 1510 505 1635 547; x_wconf 90' lang='lat' dir='ltr'><strong>cum</strong></span> <span class='ocrx_word' id='word_1_12' title='bbox 1660 490 1845 559; x_wconf 88' lang='lat' dir='ltr'><strong>terris,</strong></span> <span class='ocrx_word' id='word_1_13' title='bbox 1874 501 1929 546; x_wconf 89' lang='lat' dir='ltr'><strong>et</strong></span> <span class='ocrx_word' id='word_1_14' title='bbox 1955 493 2154 559; x_wconf 84' lang='lat' dir='ltr'><strong>vineis,</strong></span> <span class='ocrx_word' id='word_1_15' title='bbox 2187 504 2242 549; x_wconf 92' lang='lat' dir='ltr'><strong>et</strong></span> <span class='ocrx_word' id='word_1_16' title='bbox 2268 499 2315 555; x_wconf 79' lang='grc' dir='ltr'>Α</span> <span class='ocrx_word' id='word_1_17' title='bbox 2343 497 2456 552; x_wconf 90' lang='lat' dir='ltr'><strong>niat</strong></span> <span class='ocrx_word' id='word_1_18' title='bbox 2478 505 2826 568; x_wconf 84' lang='lat' dir='ltr'><strong>potestatem.</strong></span> <span class='ocrx_word' id='word_1_19' title='bbox 2852 493 2911 550; x_wconf 88' lang='lat' dir='ltr'><strong>ln</strong></span> <span class='ocrx_word' id='word_1_20' title='bbox 2931 495 3133 568; x_wconf 85' lang='lat' dir='ltr'><strong>quibus</strong></span> <span class='ocrx_word' id='word_1_21' title='bbox 3164 494 3407 568; x_wconf 83' lang='lat' dir='ltr'><strong>quinque</strong></span> <span class='ocrx_word' id='word_1_22' title='bbox 3441 496 3652 569; x_wconf 80' lang='lat' dir='ltr'><strong>diebus,</strong></span> <span class='ocrx_word' id='word_1_23' title='bbox 3685 503 3731 558; x_wconf 87' lang='lat' dir='ltr'><strong>si</strong></span> <span class='ocrx_word' id='word_1_24' title='bbox 3748 507 3874 563; x_wconf 74' lang='lat' dir='ltr'><strong>vobis</strong></span> 
     </span>
    </p>
   </div>
   <div class='ocr_carea' id='block_1_5' title="bbox 643 580 2237 657">
    <p class='ocr_par' dir='ltr' id='par_1_5' title="bbox 643 580 2237 657">
     <span class='ocr_line' id='line_1_5' title="bbox 643 580 2237 657; baseline 0.003 -20"><span class='ocrx_word' id='word_1_25' title='bbox 643 584 807 639; x_wconf 89' lang='lat' dir='ltr'><strong>titulo</strong></span> <span class='ocrx_word' id='word_1_26' title='bbox 838 599 959 651; x_wconf 90' lang='lat' dir='ltr'><strong>suo,</strong></span> <span class='ocrx_word' id='word_1_27' title='bbox 999 593 1055 639; x_wconf 92' lang='lat' dir='ltr'><strong>et</strong></span> <span class='ocrx_word' id='word_1_28' title='bbox 1093 580 1153 639; x_wconf 97' lang='grc'><strong>8.</strong></span> <span class='ocrx_word' id='word_1_29' title='bbox 1177 582 1369 655; x_wconf 74' lang='lat' dir='ltr'><strong>Angeli</strong></span> <span class='ocrx_word' id='word_1_30' title='bbox 1400 598 1527 639; x_wconf 92' lang='lat' dir='ltr'><strong>cum</strong></span> <span class='ocrx_word' id='word_1_31' title='bbox 1555 584 1739 650; x_wconf 89' lang='lat' dir='ltr'><strong>terris,</strong></span> <span class='ocrx_word' id='word_1_32' title='bbox 1775 592 1829 639; x_wconf 92' lang='lat' dir='ltr'><strong>et</strong></span> <span class='ocrx_word' id='word_1_33' title='bbox 1857 584 2051 653; x_wconf 90' lang='lat' dir='ltr'><strong>vineis;</strong></span> <span class='ocrx_word' id='word_1_34' title='bbox 2087 588 2237 657; x_wconf 83' lang='lat' dir='ltr'><strong>pari-</strong></span> 
     </span>
    </p>
   </div>
   <div class='ocr_carea' id='block_1_6' title="bbox 640 675 2232 753">
    <p class='ocr_par' dir='ltr' id='par_1_6' title="bbox 640 675 2232 753">
     <span class='ocr_line' id='line_1_6' title="bbox 640 675 2232 753; baseline 0.003 -23"><span class='ocrx_word' id='word_1_35' title='bbox 640 685 837 747; x_wconf 86' lang='lat' dir='ltr'><strong>terque</strong></span> <span class='ocrx_word' id='word_1_36' title='bbox 882 677 1235 732; x_wconf 84' lang='lat' dir='ltr'><strong>concedimus</strong></span> <span class='ocrx_word' id='word_1_37' title='bbox 1284 683 1338 731; x_wconf 92' lang='lat' dir='ltr'><strong>et</strong></span> <span class='ocrx_word' id='word_1_38' title='bbox 1365 675 1756 731; x_wconf 90' lang='lat' dir='ltr'><strong>conﬁrmamus</strong></span> <span class='ocrx_word' id='word_1_39' title='bbox 1811 677 2232 753; x_wconf 84' lang='lat' dir='ltr'><strong>vobis_vestris-</strong></span> 
     </span>
    </p>
   </div>
   <div class='ocr_carea' id='block_1_7' title="bbox 641 767 2236 839">
    <p class='ocr_par' dir='ltr' id='par_1_7' title="bbox 641 767 2236 839">
     <span class='ocr_line' id='line_1_7' title="bbox 641 767 2236 839; baseline 0.002 -18"><span class='ocrx_word' id='word_1_40' title='bbox 641 784 752 837; x_wconf 89' lang='lat' dir='ltr'><strong>que</strong></span> <span class='ocrx_word' id='word_1_41' title='bbox 779 767 1197 825; x_wconf 75' lang='lat' dir='ltr'><strong>succesSoribus</strong></span> <span class='ocrx_word' id='word_1_42' title='bbox 1223 768 1278 823; x_wconf 92' lang='lat' dir='ltr'><strong>in</strong></span> <span class='ocrx_word' id='word_1_43' title='bbox 1306 779 1589 839; x_wconf 87' lang='lat' dir='ltr'><strong>perpetuo,</strong></span> <span class='ocrx_word' id='word_1_44' title='bbox 1626 768 1789 824; x_wconf 86' lang='lat' dir='ltr'><strong>sicuti</strong></span> <span class='ocrx_word' id='word_1_45' title='bbox 1821 784 1852 823; x_wconf 90' lang='lat' dir='ltr'><strong>a</strong></span> <span class='ocrx_word' id='word_1_46' title='bbox 1883 770 2236 825; x_wconf 89' lang='lat' dir='ltr'><strong>sanctissimo</strong></span> 
     </span>
    </p>
   </div>
   <div class='ocr_carea' id='block_1_8' title="bbox 644 857 2235 930">
    <p class='ocr_par' dir='ltr' id='par_1_8' title="bbox 644 857 2235 930">
     <span class='ocr_line' id='line_1_8' title="bbox 644 857 2235 930; baseline 0.002 -17"><span class='ocrx_word' id='word_1_47' title='bbox 644 857 839 929; x_wconf 75' lang='lat' dir='ltr'><strong>Sergio</strong></span> <span class='ocrx_word' id='word_1_48' title='bbox 864 874 1027 930; x_wconf 90' lang='lat' dir='ltr'><strong>papa,</strong></span> <span class='ocrx_word' id='word_1_49' title='bbox 1063 859 1179 915; x_wconf 92' lang='lat' dir='ltr'><strong>sive</strong></span> <span class='ocrx_word' id='word_1_50' title='bbox 1202 874 1235 915; x_wconf 90' lang='lat' dir='ltr'><strong>a</strong></span> <span class='ocrx_word' id='word_1_51' title='bbox 1264 860 1478 915; x_wconf 65' lang='lat' dir='ltr'><strong>caeteris</strong></span> <span class='ocrx_word' id='word_1_52' title='bbox 1505 859 2001 930; x_wconf 68' lang='lat' dir='ltr'><strong>prmdecessoribus</strong></span> <span class='ocrx_word' id='word_1_53' title='bbox 2027 862 2235 916; x_wconf 89' lang='lat' dir='ltr'><strong>nostris</strong></span> 
     </span>
    </p>
   </div>
   <div class='ocr_carea' id='block_1_9' title="bbox 639 948 2233 1019">
    <p class='ocr_par' dir='ltr' id='par_1_9' title="bbox 639 948 2233 1019">
     <span class='ocr_line' id='line_1_9' title="bbox 639 948 2233 1019; baseline 0.003 -17"><span class='ocrx_word' id='word_1_54' title='bbox 639 948 995 1019; x_wconf 88' lang='lat' dir='ltr'><strong>pontiﬁcibus</strong></span> <span class='ocrx_word' id='word_1_55' title='bbox 1034 963 1294 1005; x_wconf 87' lang='lat' dir='ltr'><strong>concessa</strong></span> <span class='ocrx_word' id='word_1_56' title='bbox 1321 957 1376 1004; x_wconf 91' lang='lat' dir='ltr'><strong>et</strong></span> <span class='ocrx_word' id='word_1_57' title='bbox 1399 949 1720 1005; x_wconf 88' lang='lat' dir='ltr'><strong>conﬁrmata</strong></span> <span class='ocrx_word' id='word_1_58' title='bbox 1751 950 2004 1019; x_wconf 87' lang='lat' dir='ltr'><strong>fuerunt;</strong></span> <span class='ocrx_word' id='word_1_59' title='bbox 2036 952 2233 1008; x_wconf 90' lang='lat' dir='ltr'><strong>videli-</strong></span> 
     </span>
    </p>
   </div>
   <div class='ocr_carea' id='block_1_10' title="bbox 640 1028 2233 1113">
    <p class='ocr_par' dir='ltr' id='par_1_10' title="bbox 640 1028 2233 1113">
     <span class='ocr_line' id='line_1_10' title="bbox 640 1028 2233 1113; baseline 0.004 -20"><span class='ocrx_word' id='word_1_60' title='bbox 640 1048 729 1094; x_wconf 95' lang='lat' dir='ltr'><strong>cet</strong></span> <span class='ocrx_word' id='word_1_61' title='bbox 752 1040 1081 1096; x_wconf 89' lang='lat' dir='ltr'><strong>monasteria</strong></span> <span class='ocrx_word' id='word_1_62' title='bbox 1109 1040 1377 1112; x_wconf 89' lang='lat' dir='ltr'><strong>quinque,</strong></span> <span class='ocrx_word' id='word_1_63' title='bbox 1402 1028 1461 1096; x_wconf 87' lang='grc'><strong>8.</strong></span> <span class='ocrx_word' id='word_1_64' title='bbox 1488 1040 1749 1113; x_wconf 86' lang='lat' dir='ltr'><strong>Stephani</strong></span> <span class='ocrx_word' id='word_1_65' title='bbox 1772 1043 2023 1113; x_wconf 86' lang='lat' dir='ltr'><strong>majoris,</strong></span> <span class='ocrx_word' id='word_1_66' title='bbox 2052 1052 2107 1099; x_wconf 90' lang='lat' dir='ltr'><strong>et</strong></span> <span class='ocrx_word' id='word_1_67' title='bbox 2129 1044 2233 1099; x_wconf 88' lang='lat' dir='ltr'><strong>mi-</strong></span> 
     </span>
    </p>
   </div>
   <div class='ocr_carea' id='block_1_11' title="bbox 638 1130 2234 1202">
    <p class='ocr_par' dir='ltr' id='par_1_11' title="bbox 638 1130 2234 1202">
     <span class='ocr_line' id='line_1_11' title="bbox 638 1130 2234 1202; baseline 0.003 -17"><span class='ocrx_word' id='word_1_68' title='bbox 638 1131 813 1197; x_wconf 87' lang='lat' dir='ltr'><strong>noris,</strong></span> <span class='ocrx_word' id='word_1_69' title='bbox 844 1130 1277 1202; x_wconf 88' lang='lat' dir='ltr'><strong>Sanctorumque</strong></span> <span class='ocrx_word' id='word_1_70' title='bbox 1307 1131 1539 1188; x_wconf 75' lang='lat' dir='ltr'><strong>Joannis</strong></span> <span class='ocrx_word' id='word_1_71' title='bbox 1571 1142 1626 1188; x_wconf 90' lang='lat' dir='ltr'><strong>et</strong></span> <span class='ocrx_word' id='word_1_72' title='bbox 1660 1132 1839 1202; x_wconf 80' lang='lat' dir='ltr'><strong>Pauli,</strong></span> <span class='ocrx_word' id='word_1_73' title='bbox 1866 1145 1920 1190; x_wconf 88' lang='lat' dir='ltr'><strong>et</strong></span> <span class='ocrx_word' id='word_1_74' title='bbox 1950 1135 2012 1190; x_wconf 80' lang='grc' dir='ltr'>Β.</span> <span class='ocrx_word' id='word_1_75' title='bbox 2046 1134 2234 1191; x_wconf 82' lang='lat' dir='ltr'><strong>Marti-</strong></span> 
     </span>
    </p>
   </div>
   <div class='ocr_carea' id='block_1_12' title="bbox 636 1223 2231 1299">
    <p class='ocr_par' dir='ltr' id='par_1_12' title="bbox 636 1223 2231 1299">
     <span class='ocr_line' id='line_1_12' title="bbox 636 1223 2231 1299; baseline 0.003 -21"><span class='ocrx_word' id='word_1_76' title='bbox 636 1224 717 1289; x_wconf 89' lang='lat' dir='ltr'><strong>ni,</strong></span> <span class='ocrx_word' id='word_1_77' title='bbox 739 1232 903 1294; x_wconf 88' lang='lat' dir='ltr'><strong>atque</strong></span> <span class='ocrx_word' id='word_1_78' title='bbox 926 1223 1142 1279; x_wconf 68' lang='lat' dir='ltr'><strong>Thecla:</strong></span> <span class='ocrx_word' id='word_1_79' title='bbox 1161 1225 1470 1280; x_wconf 72' lang='lat' dir='ltr'><strong>constituta:</strong></span> <span class='ocrx_word' id='word_1_80' title='bbox 1486 1226 1645 1296; x_wconf 83' lang='lat' dir='ltr'><strong>juxta</strong></span> <span class='ocrx_word' id='word_1_81' title='bbox 1664 1241 1917 1299; x_wconf 82' lang='lat' dir='ltr'><strong>magnam</strong></span> <span class='ocrx_word' id='word_1_82' title='bbox 1941 1228 2231 1284; x_wconf 85' lang='lat' dir='ltr'><strong>ecclesiam</strong></span> 
     </span>
    </p>
   </div>
   <div class='ocr_carea' id='block_1_13' title="bbox 640 1314 2233 1387">
    <p class='ocr_par' dir='ltr' id='par_1_13' title="bbox 640 1314 2233 1387">
     <span class='ocr_line' id='line_1_13' title="bbox 640 1314 2233 1387; baseline 0.003 -18"><span class='ocrx_word' id='word_1_83' title='bbox 640 1316 698 1369; x_wconf 87' lang='grc'><strong>8.</strong></span> <span class='ocrx_word' id='word_1_84' title='bbox 732 1314 898 1379; x_wconf 92' lang='lat' dir='ltr'><strong>Petri,</strong></span> <span class='ocrx_word' id='word_1_85' title='bbox 923 1323 1019 1370; x_wconf 90' lang='lat' dir='ltr'><strong>aut</strong></span> <span class='ocrx_word' id='word_1_86' title='bbox 1038 1314 1095 1369; x_wconf 90' lang='lat' dir='ltr'><strong>in</strong></span> <span class='ocrx_word' id='word_1_87' title='bbox 1122 1314 1332 1371; x_wconf 62' lang='lat' dir='ltr'><strong>caeteris</strong></span> <span class='ocrx_word' id='word_1_88' title='bbox 1358 1316 1628 1382; x_wconf 90' lang='lat' dir='ltr'><strong>ecclesiis,</strong></span> <span class='ocrx_word' id='word_1_89' title='bbox 1662 1333 1786 1387; x_wconf 70' lang='lat' dir='ltr'><strong>quae</strong></span> <span class='ocrx_word' id='word_1_90' title='bbox 1810 1325 1940 1373; x_wconf 89' lang='lat' dir='ltr'><strong>sunt</strong></span> <span class='ocrx_word' id='word_1_91' title='bbox 1966 1318 2233 1373; x_wconf 82' lang='lat' dir='ltr'><strong>constitu-</strong></span> 
     </span>
    </p>
   </div>
   <div class='ocr_carea' id='block_1_14' title="bbox 634 1406 2231 1475">
    <p class='ocr_par' dir='ltr' id='par_1_14' title="bbox 634 1406 2231 1475">
     <span class='ocr_line' id='line_1_14' title="bbox 634 1406 2231 1475; baseline 0.003 -12"><span class='ocrx_word' id='word_1_92' title='bbox 634 1420 705 1463; x_wconf 68' lang='lat' dir='ltr'><strong>tae</strong></span> <span class='ocrx_word' id='word_1_93' title='bbox 728 1406 781 1461; x_wconf 91' lang='lat' dir='ltr'><strong>in</strong></span> <span class='ocrx_word' id='word_1_94' title='bbox 810 1414 925 1462; x_wconf 91' lang='lat' dir='ltr'><strong>tota</strong></span> <span class='ocrx_word' id='word_1_95' title='bbox 950 1407 1170 1463; x_wconf 76' lang='lat' dir='ltr'><strong>civitate</strong></span> <span class='ocrx_word' id='word_1_96' title='bbox 1214 1406 1456 1462; x_wconf 88' lang='lat' dir='ltr'><strong>Leonina</strong></span> <span class='ocrx_word' id='word_1_97' title='bbox 1475 1450 1493 1475; x_wconf 88' lang='lat'><strong>,</strong></span> <span class='ocrx_word' id='word_1_98' title='bbox 1530 1409 1632 1464; x_wconf 89' lang='lat' dir='ltr'><strong>etsi</strong></span> <span class='ocrx_word' id='word_1_99' title='bbox 1668 1410 2038 1466; x_wconf 87' lang='lat' dir='ltr'><strong>necessarium</strong></span> <span class='ocrx_word' id='word_1_100' title='bbox 2068 1409 2231 1467; x_wconf 84' lang='lat' dir='ltr'><strong>fuerit</strong></span> 
     </span>
    </p>
   </div>
   <div class='ocr_carea' id='block_1_15' title="bbox 634 1498 2229 1572">
    <p class='ocr_par' dir='ltr' id='par_1_15' title="bbox 634 1498 2229 1572">
     <span class='ocr_line' id='line_1_15' title="bbox 634 1498 2229 1572; baseline 0.002 -17"><span class='ocrx_word' id='word_1_101' title='bbox 634 1515 965 1556; x_wconf 88' lang='lat' dir='ltr'><strong>consecrare</strong></span> <span class='ocrx_word' id='word_1_102' title='bbox 984 1542 1000 1567; x_wconf 92' lang='lat'><strong>,</strong></span> <span class='ocrx_word' id='word_1_103' title='bbox 1044 1498 1230 1557; x_wconf 87' lang='lat' dir='ltr'><strong>nullus</strong></span> <span class='ocrx_word' id='word_1_104' title='bbox 1261 1500 1404 1556; x_wconf 87' lang='lat' dir='ltr'><strong>alius</strong></span> <span class='ocrx_word' id='word_1_105' title='bbox 1432 1502 1723 1572; x_wconf 87' lang='lat' dir='ltr'><strong>episcopus</strong></span> <span class='ocrx_word' id='word_1_106' title='bbox 1747 1503 1815 1557; x_wconf 89' lang='lat' dir='ltr'><strong>ad</strong></span> <span class='ocrx_word' id='word_1_107' title='bbox 1845 1503 1951 1558; x_wconf 90' lang='lat' dir='ltr'><strong>tale</strong></span> <span class='ocrx_word' id='word_1_108' title='bbox 1981 1503 2229 1560; x_wconf 86' lang='lat' dir='ltr'><strong>ministe-</strong></span> 
     </span>
    </p>
   </div>
   <div class='ocr_carea' id='block_1_16' title="bbox 632 1593 2226 1665">
    <p class='ocr_par' dir='ltr' id='par_1_16' title="bbox 632 1593 2226 1665">
     <span class='ocr_line' id='line_1_16' title="bbox 632 1593 2226 1665; baseline 0.003 -18"><span class='ocrx_word' id='word_1_109' title='bbox 632 1594 780 1649; x_wconf 85' lang='lat' dir='ltr'><strong>rium</strong></span> <span class='ocrx_word' id='word_1_110' title='bbox 828 1593 915 1649; x_wconf 94' lang='lat' dir='ltr'><strong>vel</strong></span> <span class='ocrx_word' id='word_1_111' title='bbox 944 1594 1412 1649; x_wconf 88' lang='lat' dir='ltr'><strong>consecrationem</strong></span> <span class='ocrx_word' id='word_1_112' title='bbox 1455 1594 1713 1650; x_wconf 86' lang='lat' dir='ltr'><strong>accedere</strong></span> <span class='ocrx_word' id='word_1_113' title='bbox 1753 1604 2049 1665; x_wconf 71' lang='lat' dir='ltr'><strong>pmsumat</strong></span> <span class='ocrx_word' id='word_1_114' title='bbox 2073 1638 2088 1662; x_wconf 95' lang='lat'><strong>,</strong></span> <span class='ocrx_word' id='word_1_115' title='bbox 2121 1596 2226 1652; x_wconf 83' lang='lat' dir='ltr'><strong>nisi</strong></span> 
     </span>
    </p>
   </div>
   <div class='ocr_carea' id='block_1_17' title="bbox 556 1685 2224 1759">
    <p class='ocr_par' dir='ltr' id='par_1_17' title="bbox 556 1685 2224 1759">
     <span class='ocr_line' id='line_1_17' title="bbox 556 1685 2224 1759; baseline 0.003 -21"><span class='ocrx_word' id='word_1_116' title='bbox 556 1714 565 1721; x_wconf 90' lang='lat'><strong>-</strong></span> <span class='ocrx_word' id='word_1_117' title='bbox 637 1702 739 1742; x_wconf 81' lang='lat' dir='ltr'><strong>vos</strong></span> <span class='ocrx_word' id='word_1_118' title='bbox 778 1686 1055 1757; x_wconf 78' lang='lat' dir='ltr'><strong>vestrique</strong></span> <span class='ocrx_word' id='word_1_119' title='bbox 1092 1700 1442 1742; x_wconf 84' lang='lat' dir='ltr'><strong>successores</strong></span> <span class='ocrx_word' id='word_1_120' title='bbox 1466 1686 1707 1758; x_wconf 84' lang='lat' dir='ltr'><strong>episcopi</strong></span> <span class='ocrx_word' id='word_1_121' title='bbox 1737 1685 1794 1742; x_wconf 92' lang='grc'><strong>8.</strong></span> <span class='ocrx_word' id='word_1_122' title='bbox 1823 1685 1995 1759; x_wconf 77' lang='lat' dir='ltr'><strong>Sylva:</strong></span> <span class='ocrx_word' id='word_1_123' title='bbox 2020 1686 2224 1743; x_wconf 76' lang='lat' dir='ltr'><strong>Candi-</strong></span> 
     </span>
    </p>
   </div>
   <div class='ocr_carea' id='block_1_18' title="bbox 630 1778 1969 1850">
    <p class='ocr_par' dir='ltr' id='par_1_18' title="bbox 630 1778 1969 1850">
     <span class='ocr_line' id='line_1_18' title="bbox 630 1778 1969 1850; baseline 0.001 -16"><span class='ocrx_word' id='word_1_124' title='bbox 630 1779 715 1834; x_wconf 74' lang='lat' dir='ltr'><strong>dre</strong></span> <span class='ocrx_word' id='word_1_125' title='bbox 738 1779 1005 1845; x_wconf 69' lang='lat' dir='ltr'><strong>ecclesiae,</strong></span> <span class='ocrx_word' id='word_1_126' title='bbox 1035 1778 1091 1833; x_wconf 91' lang='lat' dir='ltr'><strong>in</strong></span> <span class='ocrx_word' id='word_1_127' title='bbox 1120 1787 1462 1850; x_wconf 90' lang='lat' dir='ltr'><strong>perpetuum.</strong></span> <span class='ocrx_word' id='word_1_128' title='bbox 1960 1788 1969 1799; x_wconf 86' lang='lat'><strong><em>&#39;</em></strong></span> 
     </span>
    </p>
   </div>
   <div class='ocr_carea' id='block_1_19' title="bbox 706 1871 2219 1929">
    <p class='ocr_par' dir='ltr' id='par_1_19' title="bbox 706 1871 2219 1929">
     <span class='ocr_line' id='line_1_19' title="bbox 706 1871 2219 1929; baseline 0.001 -3"><span class='ocrx_word' id='word_1_129' title='bbox 706 1871 1072 1927; x_wconf 80' lang='lat' dir='ltr'><strong>Concedimus</strong></span> <span class='ocrx_word' id='word_1_130' title='bbox 1112 1879 1296 1927; x_wconf 88' lang='lat' dir='ltr'><strong>autem</strong></span> <span class='ocrx_word' id='word_1_131' title='bbox 1344 1880 1400 1926; x_wconf 91' lang='lat' dir='ltr'><strong>et</strong></span> <span class='ocrx_word' id='word_1_132' title='bbox 1455 1872 1846 1928; x_wconf 90' lang='lat' dir='ltr'><strong>conﬁrmamus</strong></span> <span class='ocrx_word' id='word_1_133' title='bbox 1904 1873 2060 1929; x_wconf 86' lang='lat' dir='ltr'><strong>vobis</strong></span> <span class='ocrx_word' id='word_1_134' title='bbox 2121 1888 2219 1928; x_wconf 87' lang='lat' dir='ltr'><strong>ve-</strong></span> 
     </span>
    </p>
   </div>
   <div class='ocr_carea' id='block_1_20' title="bbox 628 1963 2217 2035">
    <p class='ocr_par' dir='ltr' id='par_1_20' title="bbox 628 1963 2217 2035">
     <span class='ocr_line' id='line_1_20' title="bbox 628 1963 2217 2035; baseline 0.001 -16"><span class='ocrx_word' id='word_1_135' title='bbox 628 1964 872 2034; x_wconf 86' lang='lat' dir='ltr'><strong>strisque</strong></span> <span class='ocrx_word' id='word_1_136' title='bbox 908 1964 1322 2019; x_wconf 89' lang='lat' dir='ltr'><strong>successoribus</strong></span> <span class='ocrx_word' id='word_1_137' title='bbox 1349 1964 1403 2019; x_wconf 92' lang='lat' dir='ltr'><strong>in</strong></span> <span class='ocrx_word' id='word_1_138' title='bbox 1433 1974 1755 2035; x_wconf 91' lang='lat' dir='ltr'><strong>perpetuum</strong></span> <span class='ocrx_word' id='word_1_139' title='bbox 1793 1964 1851 2019; x_wconf 92' lang='lat' dir='ltr'><strong>S.</strong></span> <span class='ocrx_word' id='word_1_140' title='bbox 1887 1965 2033 2021; x_wconf 89' lang='lat' dir='ltr'><strong>diem</strong></span> <span class='ocrx_word' id='word_1_141' title='bbox 2078 1963 2217 2020; x_wconf 92' lang='lat' dir='ltr'><strong>Sab-</strong></span> 
     </span>
    </p>
   </div>
   <div class='ocr_carea' id='block_1_21' title="bbox 626 2054 2220 2126">
    <p class='ocr_par' dir='ltr' id='par_1_21' title="bbox 626 2054 2220 2126">
     <span class='ocr_line' id='line_1_21' title="bbox 626 2054 2220 2126; baseline 0.001 -15"><span class='ocrx_word' id='word_1_142' title='bbox 626 2055 740 2111; x_wconf 82' lang='lat' dir='ltr'><strong>bati</strong></span> <span class='ocrx_word' id='word_1_143' title='bbox 769 2054 840 2110; x_wconf 90' lang='lat' dir='ltr'><strong>ad</strong></span> <span class='ocrx_word' id='word_1_144' title='bbox 871 2055 1127 2126; x_wconf 84' lang='lat' dir='ltr'><strong>baptismi</strong></span> <span class='ocrx_word' id='word_1_145' title='bbox 1162 2056 2016 2125; x_wconf 74' lang='lat' dir='ltr'><strong>sacramentumcelebrandum,</strong></span> <span class='ocrx_word' id='word_1_146' title='bbox 2048 2066 2103 2113; x_wconf 88' lang='lat' dir='ltr'><strong>et</strong></span> <span class='ocrx_word' id='word_1_147' title='bbox 2137 2066 2220 2113; x_wconf 89' lang='lat' dir='ltr'><strong>to-</strong></span> 
     </span>
    </p>
   </div>
   <div class='ocr_carea' id='block_1_22' title="bbox 625 2147 2221 2223">
    <p class='ocr_par' dir='ltr' id='par_1_22' title="bbox 625 2147 2221 2223">
     <span class='ocr_line' id='line_1_22' title="bbox 625 2147 2221 2223; baseline 0.004 -22"><span class='ocrx_word' id='word_1_148' title='bbox 625 2157 748 2203; x_wconf 90' lang='lat' dir='ltr'><strong>tum</strong></span> <span class='ocrx_word' id='word_1_149' title='bbox 775 2147 1015 2204; x_wconf 77' lang='lat' dir='ltr'><strong>cilicium</strong></span> <span class='ocrx_word' id='word_1_150' title='bbox 1044 2148 1356 2205; x_wconf 88' lang='lat' dir='ltr'><strong>faciendum</strong></span> <span class='ocrx_word' id='word_1_151' title='bbox 1391 2150 1447 2205; x_wconf 93' lang='lat' dir='ltr'><strong>in</strong></span> <span class='ocrx_word' id='word_1_152' title='bbox 1476 2150 1708 2206; x_wconf 90' lang='lat' dir='ltr'><strong>ecclesia</strong></span> <span class='ocrx_word' id='word_1_153' title='bbox 1741 2149 1799 2205; x_wconf 87' lang='grc' dir='ltr'>Β.</span> <span class='ocrx_word' id='word_1_154' title='bbox 1830 2150 1976 2206; x_wconf 89' lang='lat' dir='ltr'><strong>Petri</strong></span> <span class='ocrx_word' id='word_1_155' title='bbox 1998 2160 2221 2223; x_wconf 82' lang='lat' dir='ltr'><strong>aposto-</strong></span> 
     </span>
    </p>
   </div>
   <div class='ocr_carea' id='block_1_23' title="bbox 624 2240 2217 2315">
    <p class='ocr_par' dir='ltr' id='par_1_23' title="bbox 624 2240 2217 2315">
     <span class='ocr_line' id='line_1_23' title="bbox 624 2240 2217 2315; baseline 0.002 -21"><span class='ocrx_word' id='word_1_156' title='bbox 624 2240 704 2306; x_wconf 94' lang='lat' dir='ltr'><strong>li,</strong></span> <span class='ocrx_word' id='word_1_157' title='bbox 744 2248 799 2295; x_wconf 92' lang='lat' dir='ltr'><strong>et</strong></span> <span class='ocrx_word' id='word_1_158' title='bbox 842 2256 1008 2311; x_wconf 83' lang='lat' dir='ltr'><strong>supra</strong></span> <span class='ocrx_word' id='word_1_159' title='bbox 1038 2256 1297 2313; x_wconf 82' lang='lat' dir='ltr'><strong>magnum</strong></span> <span class='ocrx_word' id='word_1_160' title='bbox 1325 2242 1526 2309; x_wconf 88' lang='lat' dir='ltr'><strong>altare,</strong></span> <span class='ocrx_word' id='word_1_161' title='bbox 1557 2242 1612 2297; x_wconf 91' lang='lat' dir='ltr'><strong>in</strong></span> <span class='ocrx_word' id='word_1_162' title='bbox 1638 2258 1750 2315; x_wconf 91' lang='lat' dir='ltr'><strong>quo</strong></span> <span class='ocrx_word' id='word_1_163' title='bbox 1774 2251 1889 2298; x_wconf 87' lang='lat' dir='ltr'><strong>toto</strong></span> <span class='ocrx_word' id='word_1_164' title='bbox 1916 2242 2217 2298; x_wconf 88' lang='lat' dir='ltr'><strong>venerabili</strong></span> 
     </span>
    </p>
   </div>
   <div class='ocr_carea' id='block_1_24' title="bbox 627 2330 2214 2404">
    <p class='ocr_par' dir='ltr' id='par_1_24' title="bbox 627 2330 2214 2404">
     <span class='ocr_line' id='line_1_24' title="bbox 627 2330 2214 2404; baseline -0.001 -17"><span class='ocrx_word' id='word_1_165' title='bbox 627 2331 808 2400; x_wconf 80' lang='lat' dir='ltr'><strong>altari,</strong></span> <span class='ocrx_word' id='word_1_166' title='bbox 833 2347 929 2388; x_wconf 89' lang='lat' dir='ltr'><strong>seu</strong></span> <span class='ocrx_word' id='word_1_167' title='bbox 958 2332 1013 2387; x_wconf 90' lang='lat' dir='ltr'><strong>in</strong></span> <span class='ocrx_word' id='word_1_168' title='bbox 1040 2330 1408 2399; x_wconf 80' lang='lat' dir='ltr'><strong>confessione,</strong></span> <span class='ocrx_word' id='word_1_169' title='bbox 1435 2332 1700 2403; x_wconf 84' lang='lat' dir='ltr'><strong>quidquid</strong></span> <span class='ocrx_word' id='word_1_170' title='bbox 1725 2334 1849 2389; x_wconf 84' lang='lat' dir='ltr'><strong>auri</strong></span> <span class='ocrx_word' id='word_1_171' title='bbox 1876 2333 1959 2388; x_wconf 89' lang='lat' dir='ltr'><strong>vel</strong></span> <span class='ocrx_word' id='word_1_172' title='bbox 1981 2332 2214 2404; x_wconf 75' lang='lat' dir='ltr'><strong>argenti,</strong></span> 
     </span>
    </p>
   </div>
   <div class='ocr_carea' id='block_1_25' title="bbox 623 2427 2217 2497">
    <p class='ocr_par' dir='ltr' id='par_1_25' title="bbox 623 2427 2217 2497">
     <span class='ocr_line' id='line_1_25' title="bbox 623 2427 2217 2497; baseline -0.001 -14"><span class='ocrx_word' id='word_1_173' title='bbox 623 2428 775 2497; x_wconf 85' lang='lat' dir='ltr'><strong>pallii</strong></span> <span class='ocrx_word' id='word_1_174' title='bbox 804 2471 820 2495; x_wconf 94' lang='lat'><strong>,</strong></span> <span class='ocrx_word' id='word_1_175' title='bbox 856 2428 942 2485; x_wconf 86' lang='lat' dir='ltr'><strong>vel</strong></span> <span class='ocrx_word' id='word_1_176' title='bbox 969 2444 1108 2484; x_wconf 75' lang='lat' dir='ltr'><strong>certe</strong></span> <span class='ocrx_word' id='word_1_177' title='bbox 1135 2470 1151 2495; x_wconf 91' lang='lat'><strong>,</strong></span> <span class='ocrx_word' id='word_1_178' title='bbox 1188 2431 1302 2484; x_wconf 87' lang='lat' dir='ltr'><strong>sive</strong></span> <span class='ocrx_word' id='word_1_179' title='bbox 1332 2428 1563 2484; x_wconf 90' lang='lat' dir='ltr'><strong>aliarum</strong></span> <span class='ocrx_word' id='word_1_180' title='bbox 1599 2443 1784 2483; x_wconf 89' lang='lat' dir='ltr'><strong>rerum</strong></span> <span class='ocrx_word' id='word_1_181' title='bbox 1807 2469 1822 2492; x_wconf 92' lang='lat'><strong>,</strong></span> <span class='ocrx_word' id='word_1_182' title='bbox 1862 2427 2103 2497; x_wconf 87' lang='lat' dir='ltr'><strong>positum</strong></span> <span class='ocrx_word' id='word_1_183' title='bbox 2131 2427 2217 2482; x_wconf 90' lang='lat' dir='ltr'><strong>vel</strong></span> 
     </span>
    </p>
   </div>
   <div class='ocr_carea' id='block_1_26' title="bbox 625 2520 2217 2593">
    <p class='ocr_par' dir='ltr' id='par_1_26' title="bbox 625 2520 2217 2593">
     <span class='ocr_line' id='line_1_26' title="bbox 625 2520 2217 2593; baseline -0.002 -16"><span class='ocrx_word' id='word_1_184' title='bbox 625 2522 869 2578; x_wconf 88' lang='lat' dir='ltr'><strong>oblatum</strong></span> <span class='ocrx_word' id='word_1_185' title='bbox 913 2523 999 2578; x_wconf 83' lang='lat' dir='ltr'><strong>vel</strong></span> <span class='ocrx_word' id='word_1_186' title='bbox 1022 2522 1290 2593; x_wconf 90' lang='lat' dir='ltr'><strong>jactatum</strong></span> <span class='ocrx_word' id='word_1_187' title='bbox 1319 2521 1503 2588; x_wconf 84' lang='lat' dir='ltr'><strong>fuerit,</strong></span> <span class='ocrx_word' id='word_1_188' title='bbox 1539 2522 1624 2575; x_wconf 82' lang='lat' dir='ltr'><strong>vel</strong></span> <span class='ocrx_word' id='word_1_189' title='bbox 1652 2521 1809 2575; x_wconf 89' lang='lat' dir='ltr'><strong>vobis</strong></span> <span class='ocrx_word' id='word_1_190' title='bbox 1844 2520 2112 2587; x_wconf 87' lang='lat' dir='ltr'><strong>oblatum,</strong></span> <span class='ocrx_word' id='word_1_191' title='bbox 2146 2520 2217 2574; x_wconf 89' lang='lat' dir='ltr'><strong>ab</strong></span> 
     </span>
    </p>
   </div>
   <div class='ocr_carea' id='block_1_27' title="bbox 624 2612 2216 2684">
    <p class='ocr_par' dir='ltr' id='par_1_27' title="bbox 624 2612 2216 2684">
     <span class='ocr_line' id='line_1_27' title="bbox 624 2612 2216 2684; baseline 0 -15"><span class='ocrx_word' id='word_1_192' title='bbox 624 2615 762 2671; x_wconf 84' lang='lat' dir='ltr'><strong>hora</strong></span> <span class='ocrx_word' id='word_1_193' title='bbox 791 2614 1041 2671; x_wconf 88' lang='lat' dir='ltr'><strong>videlicet</strong></span> <span class='ocrx_word' id='word_1_194' title='bbox 1067 2614 1175 2670; x_wconf 90' lang='lat' dir='ltr'><strong>diei</strong></span> <span class='ocrx_word' id='word_1_195' title='bbox 1205 2614 1362 2669; x_wconf 87' lang='lat' dir='ltr'><strong>tertia</strong></span> <span class='ocrx_word' id='word_1_196' title='bbox 1390 2656 1406 2680; x_wconf 93' lang='lat'><strong>,</strong></span> <span class='ocrx_word' id='word_1_197' title='bbox 1446 2629 1554 2684; x_wconf 86' lang='lat' dir='ltr'><strong>qua</strong></span> <span class='ocrx_word' id='word_1_198' title='bbox 1585 2612 1795 2684; x_wconf 79' lang='lat' dir='ltr'><strong>ingredi</strong></span> <span class='ocrx_word' id='word_1_199' title='bbox 1824 2612 2111 2668; x_wconf 86' lang='lat' dir='ltr'><strong>ecclesiam</strong></span> <span class='ocrx_word' id='word_1_200' title='bbox 2146 2613 2216 2669; x_wconf 76' lang='lat' dir='ltr'><strong>ad</strong></span> 
     </span>
    </p>
   </div>
   <div class='ocr_carea' id='block_1_28' title="bbox 622 2703 2217 2777">
    <p class='ocr_par' dir='ltr' id='par_1_28' title="bbox 622 2703 2217 2777">
     <span class='ocr_line' id='line_1_28' title="bbox 622 2703 2217 2777; baseline -0.001 -16"><span class='ocrx_word' id='word_1_201' title='bbox 622 2707 994 2763; x_wconf 84' lang='lat' dir='ltr'><strong>ordinandum</strong></span> <span class='ocrx_word' id='word_1_202' title='bbox 1025 2714 1081 2761; x_wconf 90' lang='lat' dir='ltr'><strong>et</strong></span> <span class='ocrx_word' id='word_1_203' title='bbox 1114 2706 1483 2777; x_wconf 80' lang='lat' dir='ltr'><strong>peragendum</strong></span> <span class='ocrx_word' id='word_1_204' title='bbox 1506 2704 1711 2760; x_wconf 91' lang='lat' dir='ltr'><strong>dictum</strong></span> <span class='ocrx_word' id='word_1_205' title='bbox 1735 2703 1974 2760; x_wconf 84' lang='lat' dir='ltr'><strong>oﬁicium</strong></span> <span class='ocrx_word' id='word_1_206' title='bbox 2000 2720 2098 2761; x_wconf 87' lang='lat' dir='ltr'><strong>vos</strong></span> <span class='ocrx_word' id='word_1_207' title='bbox 2121 2720 2217 2760; x_wconf 89' lang='lat' dir='ltr'><strong>vo-</strong></span> 
     </span>
    </p>
   </div>
   <div class='ocr_carea' id='block_1_29' title="bbox 623 2796 2212 2868">
    <p class='ocr_par' dir='ltr' id='par_1_29' title="bbox 623 2796 2212 2868">
     <span class='ocr_line' id='line_1_29' title="bbox 623 2796 2212 2868; baseline -0.001 -14"><span class='ocrx_word' id='word_1_208' title='bbox 623 2799 850 2867; x_wconf 83' lang='lat' dir='ltr'><strong>lumus,</strong></span> <span class='ocrx_word' id='word_1_209' title='bbox 890 2807 945 2854; x_wconf 90' lang='lat' dir='ltr'><strong>et</strong></span> <span class='ocrx_word' id='word_1_210' title='bbox 974 2814 1263 2868; x_wconf 88' lang='lat' dir='ltr'><strong>usquequo</strong></span> <span class='ocrx_word' id='word_1_211' title='bbox 1286 2806 1492 2854; x_wconf 70' lang='lat' dir='ltr'><strong>sanctae</strong></span> <span class='ocrx_word' id='word_1_212' title='bbox 1527 2796 1825 2853; x_wconf 77' lang='lat' dir='ltr'><strong>Dommicte</strong></span> <span class='ocrx_word' id='word_1_213' title='bbox 1852 2797 1959 2852; x_wconf 90' lang='lat' dir='ltr'><strong>diei</strong></span> <span class='ocrx_word' id='word_1_214' title='bbox 1986 2796 2212 2853; x_wconf 90' lang='lat' dir='ltr'><strong>missam</strong></span> 
     </span>
    </p>
   </div>
   <div class='ocr_carea' id='block_1_30' title="bbox 621 2889 2219 2961">
    <p class='ocr_par' dir='ltr' id='par_1_30' title="bbox 621 2889 2219 2961">
     <span class='ocr_line' id='line_1_30' title="bbox 621 2889 2219 2961; baseline -0.002 -14"><span class='ocrx_word' id='word_1_215' title='bbox 621 2890 992 2961; x_wconf 75' lang='lat' dir='ltr'><strong>expleveritis,</strong></span> <span class='ocrx_word' id='word_1_216' title='bbox 1026 2905 1122 2960; x_wconf 90' lang='lat' dir='ltr'><strong>per</strong></span> <span class='ocrx_word' id='word_1_217' title='bbox 1151 2898 1364 2945; x_wconf 87' lang='lat' dir='ltr'><strong>vestros</strong></span> <span class='ocrx_word' id='word_1_218' title='bbox 1386 2889 1642 2945; x_wconf 87' lang='lat' dir='ltr'><strong>custodes</strong></span> <span class='ocrx_word' id='word_1_219' title='bbox 1665 2889 1720 2942; x_wconf 91' lang='lat' dir='ltr'><strong>in</strong></span> <span class='ocrx_word' id='word_1_220' title='bbox 1748 2896 1986 2943; x_wconf 87' lang='lat' dir='ltr'><strong>vestram</strong></span> <span class='ocrx_word' id='word_1_221' title='bbox 2010 2899 2219 2944; x_wconf 89' lang='lat' dir='ltr'><strong>vestro-</strong></span> 
     </span>
    </p>
   </div>
   <div class='ocr_carea' id='block_1_31' title="bbox 622 2977 2213 3055">
    <p class='ocr_par' dir='ltr' id='par_1_31' title="bbox 622 2977 2213 3055">
     <span class='ocr_line' id='line_1_31' title="bbox 622 2977 2213 3055; baseline -0.003 -13"><span class='ocrx_word' id='word_1_222' title='bbox 622 2995 855 3055; x_wconf 84' lang='lat' dir='ltr'><strong>rumque</strong></span> <span class='ocrx_word' id='word_1_223' title='bbox 892 2997 1303 3050; x_wconf 82' lang='lat' dir='ltr'><strong>successorum,</strong></span> <span class='ocrx_word' id='word_1_224' title='bbox 1337 2990 1547 3038; x_wconf 87' lang='lat' dir='ltr'><strong>remota</strong></span> <span class='ocrx_word' id='word_1_225' title='bbox 1581 2982 1730 3037; x_wconf 90' lang='lat' dir='ltr'><strong>omni</strong></span> <span class='ocrx_word' id='word_1_226' title='bbox 1764 2977 2213 3051; x_wconf 60' lang='lat' dir='ltr'><strong>contradictione,</strong></span> 
     </span>
    </p>
   </div>
   <div class='ocr_carea' id='block_1_32' title="bbox 618 3075 2215 3148">
    <p class='ocr_par' dir='ltr' id='par_1_32' title="bbox 618 3075 2215 3148">
     <span class='ocr_line' id='line_1_32' title="bbox 618 3075 2215 3148; baseline -0.001 -15"><span class='ocrx_word' id='word_1_227' title='bbox 618 3079 804 3133; x_wconf 83' lang='lat' dir='ltr'><strong>veniat</strong></span> <span class='ocrx_word' id='word_1_228' title='bbox 830 3085 1174 3148; x_wconf 87' lang='lat' dir='ltr'><strong>potestatem.</strong></span> <span class='ocrx_word' id='word_1_229' title='bbox 1220 3075 1285 3131; x_wconf 86' lang='lat' dir='ltr'><strong>Et</strong></span> <span class='ocrx_word' id='word_1_230' title='bbox 1309 3076 1438 3147; x_wconf 91' lang='lat' dir='ltr'><strong>quia</strong></span> <span class='ocrx_word' id='word_1_231' title='bbox 1463 3076 1530 3131; x_wconf 92' lang='lat' dir='ltr'><strong>ad</strong></span> <span class='ocrx_word' id='word_1_232' title='bbox 1557 3083 1772 3145; x_wconf 83' lang='lat' dir='ltr'><strong>tempus</strong></span> <span class='ocrx_word' id='word_1_233' title='bbox 1801 3075 2215 3145; x_wconf 73' lang='lat' dir='ltr'><strong>prtedecessoris</strong></span> 
     </span>
    </p>
   </div>
   <div class='ocr_carea' id='block_1_33' title="bbox 622 3164 2284 3248">
    <p class='ocr_par' dir='ltr' id='par_1_33' title="bbox 622 3164 2284 3248">
     <span class='ocr_line' id='line_1_33' title="bbox 622 3164 2284 3248; baseline -0.002 -23"><span class='ocrx_word' id='word_1_234' title='bbox 622 3169 799 3225; x_wconf 88' lang='lat' dir='ltr'><strong>nostri</strong></span> <span class='ocrx_word' id='word_1_235' title='bbox 830 3168 1050 3224; x_wconf 87' lang='lat' dir='ltr'><strong>Domini</strong></span> <span class='ocrx_word' id='word_1_236' title='bbox 1084 3165 1312 3224; x_wconf 85' lang='lat' dir='ltr'><strong>Joannis</strong></span> <span class='ocrx_word' id='word_1_237' title='bbox 1338 3168 1395 3223; x_wconf 90' lang='lat' dir='ltr'><strong>in</strong></span> <span class='ocrx_word' id='word_1_238' title='bbox 1424 3183 1527 3238; x_wconf 75' lang='lat' dir='ltr'><strong>pra</strong></span> <span class='ocrx_word' id='word_1_239' title='bbox 1540 3165 1649 3222; x_wconf 86' lang='lat' dir='ltr'><strong>fata</strong></span> <span class='ocrx_word' id='word_1_240' title='bbox 1676 3166 1906 3222; x_wconf 87' lang='lat' dir='ltr'><strong>ecclesia</strong></span> <span class='ocrx_word' id='word_1_241' title='bbox 1936 3164 1996 3220; x_wconf 92' lang='lat' dir='ltr'><strong>S.</strong></span> <span class='ocrx_word' id='word_1_242' title='bbox 2026 3165 2171 3222; x_wconf 87' lang='lat' dir='ltr'><strong>Petri</strong></span> <span class='ocrx_word' id='word_1_243' title='bbox 2198 3210 2212 3235; x_wconf 93' lang='lat'><strong>,</strong></span> <span class='ocrx_word' id='word_1_244' title='bbox 2242 3193 2284 3248; x_wconf 68' lang='grc' dir='ltr'><strong>ρ</strong></span> 
     </span>
    </p>
   </div>
   <div class='ocr_carea' id='block_1_34' title="bbox 616 3256 2212 3330">
    <p class='ocr_par' dir='ltr' id='par_1_34' title="bbox 616 3256 2212 3330">
     <span class='ocr_line' id='line_1_34' title="bbox 616 3256 2212 3330; baseline -0.003 -14"><span class='ocrx_word' id='word_1_245' title='bbox 616 3277 650 3316; x_wconf 83' lang='lat' dir='ltr'><strong>a</strong></span> <span class='ocrx_word' id='word_1_246' title='bbox 691 3276 801 3330; x_wconf 87' lang='lat' dir='ltr'><strong>qua</strong></span> <span class='ocrx_word' id='word_1_247' title='bbox 833 3274 970 3330; x_wconf 89' lang='lat' dir='ltr'><strong>pene</strong></span> <span class='ocrx_word' id='word_1_248' title='bbox 995 3274 1188 3315; x_wconf 90' lang='lat' dir='ltr'><strong>omnes</strong></span> <span class='ocrx_word' id='word_1_249' title='bbox 1212 3256 1472 3314; x_wconf 65' lang='lat' dir='ltr'><strong>Ecclesiae</strong></span> <span class='ocrx_word' id='word_1_250' title='bbox 1508 3257 1812 3314; x_wconf 89' lang='lat' dir='ltr'><strong>doctrinam</strong></span> <span class='ocrx_word' id='word_1_251' title='bbox 1854 3265 2212 3328; x_wconf 87' lang='lat' dir='ltr'><strong>acceperunt,</strong></span> 
     </span>
    </p>
   </div>
   <div class='ocr_carea' id='block_1_35' title="bbox 618 3347 2216 3421">
    <p class='ocr_par' dir='ltr' id='par_1_35' title="bbox 618 3347 2216 3421">
     <span class='ocr_line' id='line_1_35' title="bbox 618 3347 2216 3421; baseline -0.001 -16"><span class='ocrx_word' id='word_1_252' title='bbox 618 3351 768 3406; x_wconf 82' lang='lat' dir='ltr'><strong>sicut</strong></span> <span class='ocrx_word' id='word_1_253' title='bbox 791 3366 823 3405; x_wconf 91' lang='lat' dir='ltr'><strong>a</strong></span> <span class='ocrx_word' id='word_1_254' title='bbox 865 3350 1125 3421; x_wconf 75' lang='lat' dir='ltr'><strong>magistra</strong></span> <span class='ocrx_word' id='word_1_255' title='bbox 1149 3357 1206 3404; x_wconf 90' lang='lat' dir='ltr'><strong>et</strong></span> <span class='ocrx_word' id='word_1_256' title='bbox 1233 3349 1452 3405; x_wconf 90' lang='lat' dir='ltr'><strong>domina</strong></span> <span class='ocrx_word' id='word_1_257' title='bbox 1471 3391 1487 3415; x_wconf 90' lang='lat'><strong>,</strong></span> <span class='ocrx_word' id='word_1_258' title='bbox 1536 3349 1654 3405; x_wconf 89' lang='lat' dir='ltr'><strong>dies</strong></span> <span class='ocrx_word' id='word_1_259' title='bbox 1696 3348 1971 3404; x_wconf 90' lang='lat' dir='ltr'><strong>dominica</strong></span> <span class='ocrx_word' id='word_1_260' title='bbox 2000 3347 2216 3403; x_wconf 82' lang='lat' dir='ltr'><strong>Palma-</strong></span> 
     </span>
    </p>
   </div>
   <div class='ocr_carea' id='block_1_36' title="bbox 618 3440 2214 3511">
    <p class='ocr_par' dir='ltr' id='par_1_36' title="bbox 618 3440 2214 3511">
     <span class='ocr_line' id='line_1_36' title="bbox 618 3440 2214 3511; baseline 0 -15"><span class='ocrx_word' id='word_1_261' title='bbox 618 3458 742 3497; x_wconf 78' lang='lat' dir='ltr'><strong>rum</strong></span> <span class='ocrx_word' id='word_1_262' title='bbox 759 3484 773 3508; x_wconf 91' lang='lat'><strong>,</strong></span> <span class='ocrx_word' id='word_1_263' title='bbox 802 3451 856 3497; x_wconf 91' lang='lat' dir='ltr'><strong>et</strong></span> <span class='ocrx_word' id='word_1_264' title='bbox 881 3441 1000 3498; x_wconf 82' lang='lat' dir='ltr'><strong>dies</strong></span> <span class='ocrx_word' id='word_1_265' title='bbox 1026 3442 1211 3499; x_wconf 73' lang='lat' dir='ltr'><strong>Cmnze</strong></span> <span class='ocrx_word' id='word_1_266' title='bbox 1240 3440 1491 3507; x_wconf 88' lang='lat' dir='ltr'><strong>Domini,</strong></span> <span class='ocrx_word' id='word_1_267' title='bbox 1517 3450 1573 3496; x_wconf 92' lang='lat' dir='ltr'><strong>et</strong></span> <span class='ocrx_word' id='word_1_268' title='bbox 1594 3456 1887 3511; x_wconf 87' lang='lat' dir='ltr'><strong>parasceve</strong></span> <span class='ocrx_word' id='word_1_269' title='bbox 1909 3441 2214 3496; x_wconf 89' lang='lat' dir='ltr'><strong>irreveren-</strong></span> 
     </span>
    </p>
   </div>
   <div class='ocr_carea' id='block_1_37' title="bbox 604 3532 2213 3604">
    <p class='ocr_par' dir='ltr' id='par_1_37' title="bbox 604 3532 2213 3604">
     <span class='ocr_line' id='line_1_37' title="bbox 604 3532 2213 3604; baseline -0.002 -12"><span class='ocrx_word' id='word_1_270' title='bbox 604 3543 702 3592; x_wconf 89' lang='lat' dir='ltr'><strong>.ter</strong></span> <span class='ocrx_word' id='word_1_271' title='bbox 721 3535 1086 3601; x_wconf 87' lang='lat' dir='ltr'><strong>celebrantur,</strong></span> <span class='ocrx_word' id='word_1_272' title='bbox 1117 3542 1304 3589; x_wconf 80' lang='lat' dir='ltr'><strong>utnec</strong></span> <span class='ocrx_word' id='word_1_273' title='bbox 1331 3534 1609 3604; x_wconf 88' lang='lat' dir='ltr'><strong>processio</strong></span> <span class='ocrx_word' id='word_1_274' title='bbox 1632 3549 1758 3589; x_wconf 91' lang='lat' dir='ltr'><strong>cum</strong></span> <span class='ocrx_word' id='word_1_275' title='bbox 1791 3532 1985 3604; x_wconf 85' lang='lat' dir='ltr'><strong>palmis</strong></span> <span class='ocrx_word' id='word_1_276' title='bbox 2013 3533 2069 3587; x_wconf 88' lang='lat' dir='ltr'><strong>in</strong></span> <span class='ocrx_word' id='word_1_277' title='bbox 2096 3533 2213 3604; x_wconf 84' lang='lat' dir='ltr'><strong>ipsa</strong></span> 
     </span>
    </p>
   </div>
   <div class='ocr_carea' id='block_1_38' title="bbox 604 3624 2212 3693">
    <p class='ocr_par' dir='ltr' id='par_1_38' title="bbox 604 3624 2212 3693">
     <span class='ocr_line' id='line_1_38' title="bbox 604 3624 2212 3693; baseline 0.002 -16"><span class='ocrx_word' id='word_1_278' title='bbox 604 3626 712 3682; x_wconf 77' lang='lat' dir='ltr'><strong>.die</strong></span> <span class='ocrx_word' id='word_1_279' title='bbox 748 3625 1039 3681; x_wconf 85' lang='lat' dir='ltr'><strong>Dominica</strong></span> <span class='ocrx_word' id='word_1_280' title='bbox 1087 3626 1160 3681; x_wconf 91' lang='lat' dir='ltr'><strong>ibi</strong></span> <span class='ocrx_word' id='word_1_281' title='bbox 1210 3626 1402 3693; x_wconf 91' lang='lat' dir='ltr'><strong>ﬁeret,</strong></span> <span class='ocrx_word' id='word_1_282' title='bbox 1444 3641 1546 3680; x_wconf 90' lang='lat' dir='ltr'><strong>nec</strong></span> <span class='ocrx_word' id='word_1_283' title='bbox 1584 3626 1641 3680; x_wconf 89' lang='lat' dir='ltr'><strong>in</strong></span> <span class='ocrx_word' id='word_1_284' title='bbox 1667 3624 1758 3680; x_wconf 92' lang='lat' dir='ltr'><strong>die</strong></span> <span class='ocrx_word' id='word_1_285' title='bbox 1784 3624 1970 3681; x_wconf 73' lang='lat' dir='ltr'><strong>C(ena:</strong></span> <span class='ocrx_word' id='word_1_286' title='bbox 1997 3624 2212 3681; x_wconf 89' lang='lat' dir='ltr'><strong>Domini</strong></span> 
     </span>
    </p>
   </div>
   <div class='ocr_carea' id='block_1_39' title="bbox 604 3714 2211 3783">
    <p class='ocr_par' dir='ltr' id='par_1_39' title="bbox 604 3714 2211 3783">
     <span class='ocr_line' id='line_1_39' title="bbox 604 3714 2211 3783; baseline 0.001 -12"><span class='ocrx_word' id='word_1_287' title='bbox 604 3714 809 3771; x_wconf 55' lang='lat' dir='ltr'><strong>[Storia</strong></span> <span class='ocrx_word' id='word_1_288' title='bbox 828 3718 885 3771; x_wconf 80' lang='lat' dir='ltr'><strong>in</strong></span> <span class='ocrx_word' id='word_1_289' title='bbox 906 3716 1130 3772; x_wconf 63' lang='lat' dir='ltr'><strong>excelsis</strong></span> <span class='ocrx_word' id='word_1_290' title='bbox 1162 3714 1268 3771; x_wconf 87' lang='lat' dir='ltr'><strong>Deo</strong></span> <span class='ocrx_word' id='word_1_291' title='bbox 1293 3716 1585 3783; x_wconf 87' lang='lat' dir='ltr'><strong>diceretur,</strong></span> <span class='ocrx_word' id='word_1_292' title='bbox 1610 3726 1664 3773; x_wconf 93' lang='lat' dir='ltr'><strong>et</strong></span> <span class='ocrx_word' id='word_1_293' title='bbox 1692 3716 1747 3771; x_wconf 92' lang='lat' dir='ltr'><strong>in</strong></span> <span class='ocrx_word' id='word_1_294' title='bbox 1778 3715 2079 3773; x_wconf 90' lang='lat' dir='ltr'><strong>Parasceve</strong></span> <span class='ocrx_word' id='word_1_295' title='bbox 2102 3734 2211 3773; x_wconf 90' lang='lat' dir='ltr'><strong>non</strong></span> 
     </span>
    </p>
   </div>
   <div class='ocr_carea' id='block_1_40' title="bbox 599 3808 2203 3876">
    <p class='ocr_par' dir='ltr' id='par_1_40' title="bbox 599 3808 2203 3876">
     <span class='ocr_line' id='line_1_40' title="bbox 599 3808 2203 3876; baseline 0.001 -13"><span class='ocrx_word' id='word_1_296' title='bbox 599 3818 731 3863; x_wconf 87' lang='lat' dir='ltr'><strong>.tam</strong></span> <span class='ocrx_word' id='word_1_297' title='bbox 759 3818 1088 3875; x_wconf 90' lang='lat' dir='ltr'><strong>reverenter,</strong></span> <span class='ocrx_word' id='word_1_298' title='bbox 1122 3817 1184 3864; x_wconf 92' lang='lat' dir='ltr'><strong>ut</strong></span> <span class='ocrx_word' id='word_1_299' title='bbox 1212 3808 1456 3874; x_wconf 87' lang='lat' dir='ltr'><strong>decebat,</strong></span> <span class='ocrx_word' id='word_1_300' title='bbox 1488 3808 1725 3865; x_wconf 82' lang='lat' dir='ltr'><strong>ollicium</strong></span> <span class='ocrx_word' id='word_1_301' title='bbox 1756 3808 1831 3863; x_wconf 89' lang='lat' dir='ltr'><strong>ibi</strong></span> <span class='ocrx_word' id='word_1_302' title='bbox 1858 3809 2053 3876; x_wconf 88' lang='lat' dir='ltr'><strong>ﬁebat;</strong></span> <span class='ocrx_word' id='word_1_303' title='bbox 2079 3827 2203 3865; x_wconf 88' lang='lat' dir='ltr'><strong>con-</strong></span> 
     </span>
    </p>
   </div>
   <div class='ocr_carea' id='block_1_41' title="bbox 600 3899 2210 3971">
    <p class='ocr_par' dir='ltr' id='par_1_41' title="bbox 600 3899 2210 3971">
     <span class='ocr_line' id='line_1_41' title="bbox 600 3899 2210 3971; baseline 0.001 -16"><span class='ocrx_word' id='word_1_304' title='bbox 600 3899 894 3956; x_wconf 80' lang='lat' dir='ltr'><strong>.doluimus</strong></span> <span class='ocrx_word' id='word_1_305' title='bbox 919 3941 935 3967; x_wconf 94' lang='lat'><strong>,</strong></span> <span class='ocrx_word' id='word_1_306' title='bbox 974 3907 1029 3955; x_wconf 89' lang='lat' dir='ltr'><strong>et</strong></span> <span class='ocrx_word' id='word_1_307' title='bbox 1071 3900 1362 3956; x_wconf 89' lang='lat' dir='ltr'><strong>meliorare</strong></span> <span class='ocrx_word' id='word_1_308' title='bbox 1404 3901 1510 3956; x_wconf 87' lang='lat' dir='ltr'><strong>hoc</strong></span> <span class='ocrx_word' id='word_1_309' title='bbox 1543 3901 1825 3971; x_wconf 87' lang='lat' dir='ltr'><strong>cupientes</strong></span> <span class='ocrx_word' id='word_1_310' title='bbox 1860 3917 1956 3971; x_wconf 86' lang='lat' dir='ltr'><strong>per</strong></span> <span class='ocrx_word' id='word_1_311' title='bbox 1990 3916 2088 3957; x_wconf 90' lang='lat' dir='ltr'><strong>vos</strong></span> <span class='ocrx_word' id='word_1_312' title='bbox 2115 3917 2210 3957; x_wconf 86' lang='lat' dir='ltr'><strong>ve-</strong></span> 
     </span>
    </p>
   </div>
   <div class='ocr_carea' id='block_1_42' title="bbox 617 3992 2210 4063">
    <p class='ocr_par' dir='ltr' id='par_1_42' title="bbox 617 3992 2210 4063">
     <span class='ocr_line' id='line_1_42' title="bbox 617 3992 2210 4063; baseline 0.001 -14"><span class='ocrx_word' id='word_1_313' title='bbox 617 4000 876 4063; x_wconf 77' lang='lat' dir='ltr'><strong>strosque</strong></span> <span class='ocrx_word' id='word_1_314' title='bbox 911 4007 1260 4048; x_wconf 88' lang='lat' dir='ltr'><strong>successores</strong></span> <span class='ocrx_word' id='word_1_315' title='bbox 1296 3992 1613 4059; x_wconf 79' lang='lat' dir='ltr'><strong>statuimus,</strong></span> <span class='ocrx_word' id='word_1_316' title='bbox 1664 3992 1809 4049; x_wconf 83' lang='lat' dir='ltr'><strong>sicut</strong></span> <span class='ocrx_word' id='word_1_317' title='bbox 1849 4001 2117 4049; x_wconf 87' lang='lat' dir='ltr'><strong>statutum</strong></span> <span class='ocrx_word' id='word_1_318' title='bbox 2154 4002 2210 4050; x_wconf 91' lang='lat' dir='ltr'><strong>et</strong></span> 
     </span>
    </p>
   </div>
   <div class='ocr_carea' id='block_1_43' title="bbox 604 4084 2208 4157">
    <p class='ocr_par' dir='ltr' id='par_1_43' title="bbox 604 4084 2208 4157">
     <span class='ocr_line' id='line_1_43' title="bbox 604 4084 2208 4157; baseline 0.005 -22"><span class='ocrx_word' id='word_1_319' title='bbox 604 4098 943 4140; x_wconf 82' lang='lat' dir='ltr'><strong>concessum</strong></span> <span class='ocrx_word' id='word_1_320' title='bbox 969 4095 1023 4140; x_wconf 89' lang='lat' dir='ltr'><strong>ct</strong></span> <span class='ocrx_word' id='word_1_321' title='bbox 1054 4084 1437 4140; x_wconf 86' lang='lat' dir='ltr'><strong>conﬁrmatum</strong></span> <span class='ocrx_word' id='word_1_322' title='bbox 1462 4084 1617 4141; x_wconf 86' lang='lat' dir='ltr'><strong>vobis</strong></span> <span class='ocrx_word' id='word_1_323' title='bbox 1638 4094 1721 4140; x_wconf 87' lang='lat' dir='ltr'><strong>est</strong></span> <span class='ocrx_word' id='word_1_324' title='bbox 1762 4085 1831 4139; x_wconf 90' lang='lat' dir='ltr'><strong>ab</strong></span> <span class='ocrx_word' id='word_1_325' title='bbox 1854 4084 2045 4141; x_wconf 91' lang='lat' dir='ltr'><strong>eodem</strong></span> <span class='ocrx_word' id='word_1_326' title='bbox 2070 4101 2208 4157; x_wconf 68' lang='lat' dir='ltr'><strong>pra:-</strong></span> 
     </span>
    </p>
   </div>
   <div class='ocr_carea' id='block_1_44' title="bbox 606 4175 2206 4242">
    <p class='ocr_par' dir='ltr' id='par_1_44' title="bbox 606 4175 2206 4242">
     <span class='ocr_line' id='line_1_44' title="bbox 606 4175 2206 4242; baseline 0.001 -10"><span class='ocrx_word' id='word_1_327' title='bbox 606 4177 907 4232; x_wconf 77' lang='lat' dir='ltr'><strong>decessore</strong></span> <span class='ocrx_word' id='word_1_328' title='bbox 930 4185 1140 4242; x_wconf 87' lang='lat' dir='ltr'><strong>nostro,</strong></span> <span class='ocrx_word' id='word_1_329' title='bbox 1157 4185 1218 4231; x_wconf 88' lang='lat' dir='ltr'><strong>ut</strong></span> <span class='ocrx_word' id='word_1_330' title='bbox 1238 4177 1389 4231; x_wconf 88' lang='lat' dir='ltr'><strong>omni</strong></span> <span class='ocrx_word' id='word_1_331' title='bbox 1409 4192 1556 4232; x_wconf 91' lang='lat' dir='ltr'><strong>anno</strong></span> <span class='ocrx_word' id='word_1_332' title='bbox 1575 4176 1664 4231; x_wconf 91' lang='lat' dir='ltr'><strong>die</strong></span> <span class='ocrx_word' id='word_1_333' title='bbox 1689 4176 1968 4232; x_wconf 87' lang='lat' dir='ltr'><strong>Dominica</strong></span> <span class='ocrx_word' id='word_1_334' title='bbox 1991 4175 2206 4233; x_wconf 89' lang='lat' dir='ltr'><strong>Palma-</strong></span> 
     </span>
    </p>
   </div>
   <div class='ocr_carea' id='block_1_45' title="bbox 606 4265 2202 4337">
    <p class='ocr_par' dir='ltr' id='par_1_45' title="bbox 606 4265 2202 4337">
     <span class='ocr_line' id='line_1_45' title="bbox 606 4265 2202 4337; baseline -0.001 -15"><span class='ocrx_word' id='word_1_335' title='bbox 606 4281 741 4323; x_wconf 81' lang='lat' dir='ltr'><strong>.rnm</strong></span> <span class='ocrx_word' id='word_1_336' title='bbox 764 4282 890 4321; x_wconf 91' lang='lat' dir='ltr'><strong>cum</strong></span> <span class='ocrx_word' id='word_1_337' title='bbox 916 4268 1269 4337; x_wconf 88' lang='lat' dir='ltr'><strong>processione</strong></span> <span class='ocrx_word' id='word_1_338' title='bbox 1303 4268 1374 4322; x_wconf 91' lang='lat' dir='ltr'><strong>ab</strong></span> <span class='ocrx_word' id='word_1_339' title='bbox 1395 4267 1626 4323; x_wconf 84' lang='lat' dir='ltr'><strong>ecclesia</strong></span> <span class='ocrx_word' id='word_1_340' title='bbox 1651 4265 1708 4321; x_wconf 91' lang='grc'><strong>8.</strong></span> <span class='ocrx_word' id='word_1_341' title='bbox 1734 4265 1917 4321; x_wconf 65' lang='lat' dir='ltr'><strong>Mariae</strong></span> <span class='ocrx_word' id='word_1_342' title='bbox 1941 4267 1995 4321; x_wconf 89' lang='lat' dir='ltr'><strong>in</strong></span> <span class='ocrx_word' id='word_1_343' title='bbox 2028 4266 2202 4323; x_wconf 88' lang='lat' dir='ltr'><strong>Ther-</strong></span> 
     </span>
    </p>
   </div>
   <div class='ocr_carea' id='block_1_46' title="bbox 616 4354 2200 4428">
    <p class='ocr_par' dir='ltr' id='par_1_46' title="bbox 616 4354 2200 4428">
     <span class='ocr_line' id='line_1_46' title="bbox 616 4354 2200 4428; baseline 0.001 -19"><span class='ocrx_word' id='word_1_344' title='bbox 616 4354 727 4411; x_wconf 84' lang='lat' dir='ltr'><strong>mis</strong></span> <span class='ocrx_word' id='word_1_345' title='bbox 749 4355 978 4420; x_wconf 78' lang='lat' dir='ltr'><strong>excatis,</strong></span> <span class='ocrx_word' id='word_1_346' title='bbox 1005 4364 1057 4411; x_wconf 91' lang='lat' dir='ltr'><strong>et</strong></span> <span class='ocrx_word' id='word_1_347' title='bbox 1091 4354 1374 4411; x_wconf 82' lang='lat' dir='ltr'><strong>venientes</strong></span> <span class='ocrx_word' id='word_1_348' title='bbox 1394 4356 1462 4410; x_wconf 91' lang='lat' dir='ltr'><strong>ad</strong></span> <span class='ocrx_word' id='word_1_349' title='bbox 1486 4372 1745 4428; x_wconf 82' lang='lat' dir='ltr'><strong>magnum</strong></span> <span class='ocrx_word' id='word_1_350' title='bbox 1767 4356 1938 4412; x_wconf 83' lang='lat' dir='ltr'><strong>altare</strong></span> <span class='ocrx_word' id='word_1_351' title='bbox 1970 4356 2027 4411; x_wconf 87' lang='grc'><strong>8.</strong></span> <span class='ocrx_word' id='word_1_352' title='bbox 2055 4355 2200 4415; x_wconf 87' lang='lat' dir='ltr'><strong>Petri</strong></span> 
     </span>
    </p>
   </div>
   <div class='ocr_carea' id='block_1_47' title="bbox 610 4447 2201 4507">
    <p class='ocr_par' dir='ltr' id='par_1_47' title="bbox 610 4447 2201 4507">
     <span class='ocr_line' id='line_1_47' title="bbox 610 4447 2201 4507; baseline -0.001 0"><span class='ocrx_word' id='word_1_353' title='bbox 610 4448 843 4507; x_wconf 77' lang='lat' dir='ltr'><strong>missam</strong></span> <span class='ocrx_word' id='word_1_354' title='bbox 887 4449 1194 4505; x_wconf 88' lang='lat' dir='ltr'><strong>celebretis.</strong></span> <span class='ocrx_word' id='word_1_355' title='bbox 1268 4447 1532 4505; x_wconf 88' lang='lat' dir='ltr'><strong>Similiter</strong></span> <span class='ocrx_word' id='word_1_356' title='bbox 1584 4458 1640 4506; x_wconf 91' lang='lat' dir='ltr'><strong>et</strong></span> <span class='ocrx_word' id='word_1_357' title='bbox 1699 4450 1847 4506; x_wconf 92' lang='lat' dir='ltr'><strong>omni</strong></span> <span class='ocrx_word' id='word_1_358' title='bbox 1913 4465 2059 4506; x_wconf 89' lang='lat' dir='ltr'><strong>anno</strong></span> <span class='ocrx_word' id='word_1_359' title='bbox 2112 4450 2201 4506; x_wconf 89' lang='lat' dir='ltr'><strong>die</strong></span> 
     </span>
    </p>
   </div>
   <div class='ocr_carea' id='block_1_48' title="bbox 2337 594 3873 670">
    <p class='ocr_par' dir='ltr' id='par_1_48' title="bbox 2337 594 3873 670">
     <span class='ocr_line' id='line_1_48' title="bbox 2337 594 3873 670; baseline 0.007 -25"><span class='ocrx_word' id='word_1_360' title='bbox 2337 594 2647 664; x_wconf 82' lang='lat' dir='ltr'><strong>vestrisque</strong></span> <span class='ocrx_word' id='word_1_361' title='bbox 2666 594 3077 649; x_wconf 85' lang='lat' dir='ltr'><strong>successoribus</strong></span> <span class='ocrx_word' id='word_1_362' title='bbox 3112 594 3246 649; x_wconf 80' lang='lat' dir='ltr'><strong>utile</strong></span> <span class='ocrx_word' id='word_1_363' title='bbox 3274 595 3455 650; x_wconf 90' lang='lat' dir='ltr'><strong>visum</strong></span> <span class='ocrx_word' id='word_1_364' title='bbox 3483 594 3647 651; x_wconf 88' lang='lat' dir='ltr'><strong>fuerit</strong></span> <span class='ocrx_word' id='word_1_365' title='bbox 3676 599 3873 670; x_wconf 75' lang='lat' dir='ltr'><strong>aliquem</strong></span> 
     </span>
    </p>
   </div>
   <div class='ocr_carea' id='block_1_49' title="bbox 2335 683 3877 747">
    <p class='ocr_par' dir='ltr' id='par_1_49' title="bbox 2335 683 3877 747">
     <span class='ocr_line' id='line_1_49' title="bbox 2335 683 3877 747; baseline 0.005 -8"><span class='ocrx_word' id='word_1_366' title='bbox 2335 683 2693 739; x_wconf 89' lang='lat' dir='ltr'><strong>diaconorum</strong></span> <span class='ocrx_word' id='word_1_367' title='bbox 2758 692 3075 739; x_wconf 86' lang='lat' dir='ltr'><strong>nostrorum</strong></span> <span class='ocrx_word' id='word_1_368' title='bbox 3141 685 3459 742; x_wconf 83' lang='lat' dir='ltr'><strong>ministrare</strong></span> <span class='ocrx_word' id='word_1_369' title='bbox 3524 688 3597 743; x_wconf 90' lang='lat' dir='ltr'><strong>ob</strong></span> <span class='ocrx_word' id='word_1_370' title='bbox 3652 689 3877 747; x_wconf 68' lang='lat' dir='ltr'><strong>honorem</strong></span> 
     </span>
    </p>
   </div>
   <div class='ocr_carea' id='block_1_50' title="bbox 2339 773 3875 850">
    <p class='ocr_par' dir='ltr' id='par_1_50' title="bbox 2339 773 3875 850">
     <span class='ocr_line' id='line_1_50' title="bbox 2339 773 3875 850; baseline 0.005 -21"><span class='ocrx_word' id='word_1_371' title='bbox 2339 773 2397 829; x_wconf 91' lang='lat' dir='ltr'><strong>S.</strong></span> <span class='ocrx_word' id='word_1_372' title='bbox 2421 773 2569 831; x_wconf 89' lang='lat' dir='ltr'><strong>Petri</strong></span> <span class='ocrx_word' id='word_1_373' title='bbox 2593 783 2647 831; x_wconf 91' lang='lat' dir='ltr'><strong>et</strong></span> <span class='ocrx_word' id='word_1_374' title='bbox 2666 786 2906 831; x_wconf 79' lang='lat' dir='ltr'><strong>vestram</strong></span> <span class='ocrx_word' id='word_1_375' title='bbox 2925 778 3570 838; x_wconf 82' lang='lat' dir='ltr'><strong>reverentiam.volumus</strong></span> <span class='ocrx_word' id='word_1_376' title='bbox 3586 787 3774 850; x_wconf 85' lang='lat' dir='ltr'><strong>petere.</strong></span> <span class='ocrx_word' id='word_1_377' title='bbox 3791 780 3875 837; x_wconf 84' lang='lat' dir='ltr'><strong>Po-</strong></span> 
     </span>
    </p>
   </div>
   <div class='ocr_carea' id='block_1_51' title="bbox 2288 868 3875 943">
    <p class='ocr_par' dir='ltr' id='par_1_51' title="bbox 2288 868 3875 943">
     <span class='ocr_line' id='line_1_51' title="bbox 2288 868 3875 943; baseline 0.004 -22"><span class='ocrx_word' id='word_1_378' title='bbox 2288 922 2294 927; x_wconf 66' lang='lat'><strong>,</strong></span> <span class='ocrx_word' id='word_1_379' title='bbox 2336 874 2587 922; x_wconf 74' lang='lat' dir='ltr'><strong>testatem</strong></span> <span class='ocrx_word' id='word_1_380' title='bbox 2624 874 2809 923; x_wconf 88' lang='lat' dir='ltr'><strong>autem</strong></span> <span class='ocrx_word' id='word_1_381' title='bbox 2831 868 3076 939; x_wconf 85' lang='lat' dir='ltr'><strong>ejusdem</strong></span> <span class='ocrx_word' id='word_1_382' title='bbox 3100 869 3348 925; x_wconf 74' lang='lat' dir='ltr'><strong>ecclesia:</strong></span> <span class='ocrx_word' id='word_1_383' title='bbox 3371 868 3429 925; x_wconf 91' lang='grc'><strong>8.</strong></span> <span class='ocrx_word' id='word_1_384' title='bbox 3460 868 3604 925; x_wconf 86' lang='lat' dir='ltr'><strong>Petri</strong></span> <span class='ocrx_word' id='word_1_385' title='bbox 3632 880 3684 927; x_wconf 91' lang='lat' dir='ltr'><strong>et</strong></span> <span class='ocrx_word' id='word_1_386' title='bbox 3714 888 3875 943; x_wconf 81' lang='lat' dir='ltr'><strong>supra-</strong></span> 
     </span>
    </p>
   </div>
   <div class='ocr_carea' id='block_1_52' title="bbox 2334 960 3876 1019">
    <p class='ocr_par' dir='ltr' id='par_1_52' title="bbox 2334 960 3876 1019">
     <span class='ocr_line' id='line_1_52' title="bbox 2334 960 3876 1019; baseline 0.002 -4"><span class='ocrx_word' id='word_1_387' title='bbox 2334 960 2606 1015; x_wconf 88' lang='lat' dir='ltr'><strong>dictorum</strong></span> <span class='ocrx_word' id='word_1_388' title='bbox 2648 975 2876 1015; x_wconf 89' lang='lat' dir='ltr'><strong>suorum</strong></span> <span class='ocrx_word' id='word_1_389' title='bbox 2922 961 3383 1016; x_wconf 88' lang='lat' dir='ltr'><strong>monasteriorum</strong></span> <span class='ocrx_word' id='word_1_390' title='bbox 3422 971 3477 1017; x_wconf 92' lang='lat' dir='ltr'><strong>et</strong></span> <span class='ocrx_word' id='word_1_391' title='bbox 3517 964 3876 1019; x_wconf 85' lang='lat' dir='ltr'><strong>mansionario-</strong></span> 
     </span>
    </p>
   </div>
   <div class='ocr_carea' id='block_1_53' title="bbox 2334 1051 3875 1120">
    <p class='ocr_par' dir='ltr' id='par_1_53' title="bbox 2334 1051 3875 1120">
     <span class='ocr_line' id='line_1_53' title="bbox 2334 1051 3875 1120; baseline 0.002 -13"><span class='ocrx_word' id='word_1_392' title='bbox 2334 1068 2458 1107; x_wconf 89' lang='lat' dir='ltr'><strong>rum</strong></span> <span class='ocrx_word' id='word_1_393' title='bbox 2491 1052 2740 1106; x_wconf 87' lang='lat' dir='ltr'><strong>omnium</strong></span> <span class='ocrx_word' id='word_1_394' title='bbox 2774 1051 3124 1108; x_wconf 79' lang='lat' dir='ltr'><strong>mansionum</strong></span> <span class='ocrx_word' id='word_1_395' title='bbox 3161 1051 3221 1107; x_wconf 91' lang='grc'><strong>8.</strong></span> <span class='ocrx_word' id='word_1_396' title='bbox 3246 1052 3415 1120; x_wconf 89' lang='lat' dir='ltr'><strong>Petri,</strong></span> <span class='ocrx_word' id='word_1_397' title='bbox 3451 1069 3547 1109; x_wconf 78' lang='lat' dir='ltr'><strong>seu</strong></span> <span class='ocrx_word' id='word_1_398' title='bbox 3577 1055 3738 1111; x_wconf 80' lang='lat' dir='ltr'><strong>totius</strong></span> <span class='ocrx_word' id='word_1_399' title='bbox 3769 1056 3875 1111; x_wconf 85' lang='lat' dir='ltr'><strong>civi-</strong></span> 
     </span>
    </p>
   </div>
   <div class='ocr_carea' id='block_1_54' title="bbox 2334 1142 3876 1215">
    <p class='ocr_par' dir='ltr' id='par_1_54' title="bbox 2334 1142 3876 1215">
     <span class='ocr_line' id='line_1_54' title="bbox 2334 1142 3876 1215; baseline 0.002 -18"><span class='ocrx_word' id='word_1_400' title='bbox 2334 1144 2466 1199; x_wconf 89' lang='lat' dir='ltr'><strong>tatis</strong></span> <span class='ocrx_word' id='word_1_401' title='bbox 2514 1142 2774 1199; x_wconf 74' lang='lat' dir='ltr'><strong>Leonina:</strong></span> <span class='ocrx_word' id='word_1_402' title='bbox 2810 1143 2967 1199; x_wconf 87' lang='lat' dir='ltr'><strong>vobis</strong></span> <span class='ocrx_word' id='word_1_403' title='bbox 2992 1144 3298 1215; x_wconf 82' lang='lat' dir='ltr'><strong>vestrisque</strong></span> <span class='ocrx_word' id='word_1_404' title='bbox 3331 1145 3737 1202; x_wconf 78' lang='lat' dir='ltr'><strong>successoribus</strong></span> <span class='ocrx_word' id='word_1_405' title='bbox 3772 1161 3876 1200; x_wconf 78' lang='lat' dir='ltr'><strong>eon-</strong></span> 
     </span>
    </p>
   </div>
   <div class='ocr_carea' id='block_1_55' title="bbox 2332 1234 3873 1303">
    <p class='ocr_par' dir='ltr' id='par_1_55' title="bbox 2332 1234 3873 1303">
     <span class='ocr_line' id='line_1_55' title="bbox 2332 1234 3873 1303; baseline 0 -12"><span class='ocrx_word' id='word_1_406' title='bbox 2332 1235 2579 1291; x_wconf 86' lang='lat' dir='ltr'><strong>cedimus</strong></span> <span class='ocrx_word' id='word_1_407' title='bbox 2620 1243 2676 1290; x_wconf 92' lang='lat' dir='ltr'><strong>et</strong></span> <span class='ocrx_word' id='word_1_408' title='bbox 2723 1234 3137 1303; x_wconf 87' lang='lat' dir='ltr'><strong>conﬁrmamus,</strong></span> <span class='ocrx_word' id='word_1_409' title='bbox 3182 1236 3554 1291; x_wconf 85' lang='lat' dir='ltr'><strong>intbronizare</strong></span> <span class='ocrx_word' id='word_1_410' title='bbox 3588 1245 3642 1291; x_wconf 90' lang='lat' dir='ltr'><strong>et</strong></span> <span class='ocrx_word' id='word_1_411' title='bbox 3667 1236 3873 1292; x_wconf 58' lang='lat' dir='ltr'><strong>incatbe</strong></span> 
     </span>
    </p>
   </div>
   <div class='ocr_carea' id='block_1_56' title="bbox 2330 1326 3875 1399">
    <p class='ocr_par' dir='ltr' id='par_1_56' title="bbox 2330 1326 3875 1399">
     <span class='ocr_line' id='line_1_56' title="bbox 2330 1326 3875 1399; baseline 0.002 -17"><span class='ocrx_word' id='word_1_412' title='bbox 2330 1327 2492 1383; x_wconf 89' lang='lat' dir='ltr'><strong>drare</strong></span> <span class='ocrx_word' id='word_1_413' title='bbox 2522 1328 2837 1398; x_wconf 86' lang='lat' dir='ltr'><strong>pontiﬁcem</strong></span> <span class='ocrx_word' id='word_1_414' title='bbox 2880 1326 3188 1384; x_wconf 78' lang='lat' dir='ltr'><strong>Romanum</strong></span> <span class='ocrx_word' id='word_1_415' title='bbox 3225 1328 3282 1383; x_wconf 88' lang='lat' dir='ltr'><strong>in</strong></span> <span class='ocrx_word' id='word_1_416' title='bbox 3305 1328 3608 1399; x_wconf 86' lang='lat' dir='ltr'><strong>apostolica</strong></span> <span class='ocrx_word' id='word_1_417' title='bbox 3638 1330 3772 1395; x_wconf 85' lang='lat' dir='ltr'><strong>sede,</strong></span> <span class='ocrx_word' id='word_1_418' title='bbox 3799 1345 3875 1385; x_wconf 84' lang='lat' dir='ltr'><strong>vo-</strong></span> 
     </span>
    </p>
   </div>
   <div class='ocr_carea' id='block_1_57' title="bbox 2329 1419 3873 1493">
    <p class='ocr_par' dir='ltr' id='par_1_57' title="bbox 2329 1419 3873 1493">
     <span class='ocr_line' id='line_1_57' title="bbox 2329 1419 3873 1493; baseline 0.001 -17"><span class='ocrx_word' id='word_1_419' title='bbox 2329 1420 2436 1488; x_wconf 85' lang='lat' dir='ltr'><strong>bis,</strong></span> <span class='ocrx_word' id='word_1_420' title='bbox 2468 1422 2564 1493; x_wconf 90' lang='lat' dir='ltr'><strong>qui</strong></span> <span class='ocrx_word' id='word_1_421' title='bbox 2595 1420 2901 1492; x_wconf 87' lang='lat' dir='ltr'><strong>quotidiani</strong></span> <span class='ocrx_word' id='word_1_422' title='bbox 2934 1421 3073 1477; x_wconf 84' lang='lat' dir='ltr'><strong>estis</strong></span> <span class='ocrx_word' id='word_1_423' title='bbox 3100 1421 3158 1475; x_wconf 93' lang='lat' dir='ltr'><strong>in</strong></span> <span class='ocrx_word' id='word_1_424' title='bbox 3194 1421 3417 1477; x_wconf 84' lang='lat' dir='ltr'><strong>servitio</strong></span> <span class='ocrx_word' id='word_1_425' title='bbox 3457 1420 3515 1475; x_wconf 89' lang='grc'><strong>8.</strong></span> <span class='ocrx_word' id='word_1_426' title='bbox 3552 1419 3716 1488; x_wconf 88' lang='lat' dir='ltr'><strong>Petri,</strong></span> <span class='ocrx_word' id='word_1_427' title='bbox 3752 1437 3873 1477; x_wconf 81' lang='lat' dir='ltr'><strong>eom-</strong></span> 
     </span>
    </p>
   </div>
   <div class='ocr_carea' id='block_1_58' title="bbox 2328 1513 3874 1583">
    <p class='ocr_par' dir='ltr' id='par_1_58' title="bbox 2328 1513 3874 1583">
     <span class='ocr_line' id='line_1_58' title="bbox 2328 1513 3874 1583; baseline 0.004 -15"><span class='ocrx_word' id='word_1_428' title='bbox 2328 1513 2625 1583; x_wconf 87' lang='lat' dir='ltr'><strong>mittimus,</strong></span> <span class='ocrx_word' id='word_1_429' title='bbox 2651 1531 2752 1572; x_wconf 86' lang='lat' dir='ltr'><strong>nee</strong></span> <span class='ocrx_word' id='word_1_430' title='bbox 2775 1532 2884 1572; x_wconf 84' lang='lat' dir='ltr'><strong>non</strong></span> <span class='ocrx_word' id='word_1_431' title='bbox 2914 1516 2984 1571; x_wconf 86' lang='lat' dir='ltr'><strong>ad</strong></span> <span class='ocrx_word' id='word_1_432' title='bbox 3023 1517 3455 1574; x_wconf 84' lang='lat' dir='ltr'><strong>benedicendum</strong></span> <span class='ocrx_word' id='word_1_433' title='bbox 3486 1534 3615 1574; x_wconf 86' lang='lat' dir='ltr'><strong>cum</strong></span> <span class='ocrx_word' id='word_1_434' title='bbox 3660 1519 3771 1574; x_wconf 89' lang='lat' dir='ltr'><strong>aliis</strong></span> <span class='ocrx_word' id='word_1_435' title='bbox 3796 1533 3874 1574; x_wconf 83' lang='lat' dir='ltr'><strong>vos</strong></span> 
     </span>
    </p>
   </div>
   <div class='ocr_carea' id='block_1_59' title="bbox 2327 1602 3873 1680">
    <p class='ocr_par' dir='ltr' id='par_1_59' title="bbox 2327 1602 3873 1680">
     <span class='ocr_line' id='line_1_59' title="bbox 2327 1602 3873 1680; baseline 0.005 -24"><span class='ocrx_word' id='word_1_436' title='bbox 2327 1602 2637 1672; x_wconf 82' lang='lat' dir='ltr'><strong>specialiter</strong></span> <span class='ocrx_word' id='word_1_437' title='bbox 2661 1619 3055 1673; x_wconf 86' lang='lat' dir='ltr'><strong>convocamus;</strong></span> <span class='ocrx_word' id='word_1_438' title='bbox 3086 1606 3365 1677; x_wconf 83' lang='lat' dir='ltr'><strong>similique</strong></span> <span class='ocrx_word' id='word_1_439' title='bbox 3394 1608 3562 1663; x_wconf 86' lang='lat' dir='ltr'><strong>modo</strong></span> <span class='ocrx_word' id='word_1_440' title='bbox 3598 1608 3665 1663; x_wconf 89' lang='lat' dir='ltr'><strong>ad</strong></span> <span class='ocrx_word' id='word_1_441' title='bbox 3701 1624 3873 1680; x_wconf 76' lang='lat' dir='ltr'><strong>ungen-</strong></span> 
     </span>
    </p>
   </div>
   <div class='ocr_carea' id='block_1_60' title="bbox 2326 1694 3872 1772">
    <p class='ocr_par' dir='ltr' id='par_1_60' title="bbox 2326 1694 3872 1772">
     <span class='ocr_line' id='line_1_60' title="bbox 2326 1694 3872 1772; baseline 0.004 -22"><span class='ocrx_word' id='word_1_442' title='bbox 2326 1694 2458 1750; x_wconf 91' lang='lat' dir='ltr'><strong>dum</strong></span> <span class='ocrx_word' id='word_1_443' title='bbox 2506 1704 2562 1752; x_wconf 90' lang='lat' dir='ltr'><strong>et</strong></span> <span class='ocrx_word' id='word_1_444' title='bbox 2608 1698 3044 1754; x_wconf 83' lang='lat' dir='ltr'><strong>consecrandum</strong></span> <span class='ocrx_word' id='word_1_445' title='bbox 3090 1699 3497 1769; x_wconf 85' lang='lat' dir='ltr'><strong>imperatorem,</strong></span> <span class='ocrx_word' id='word_1_446' title='bbox 3542 1702 3765 1772; x_wconf 79' lang='lat' dir='ltr'><strong>primum</strong></span> <span class='ocrx_word' id='word_1_447' title='bbox 3797 1717 3872 1756; x_wconf 86' lang='lat' dir='ltr'><strong>vc-</strong></span> 
     </span>
    </p>
   </div>
   <div class='ocr_carea' id='block_1_61' title="bbox 2326 1792 3868 1863">
    <p class='ocr_par' dir='ltr' id='par_1_61' title="bbox 2326 1792 3868 1863">
     <span class='ocr_line' id='line_1_61' title="bbox 2326 1792 3868 1863; baseline 0 -18"><span class='ocrx_word' id='word_1_448' title='bbox 2326 1799 2499 1845; x_wconf 86' lang='lat' dir='ltr'><strong>stram</strong></span> <span class='ocrx_word' id='word_1_449' title='bbox 2516 1798 2934 1861; x_wconf 84' lang='lat' dir='ltr'><strong>vestrorumque</strong></span> <span class='ocrx_word' id='word_1_450' title='bbox 2965 1806 3346 1847; x_wconf 85' lang='lat' dir='ltr'><strong>successorum</strong></span> <span class='ocrx_word' id='word_1_451' title='bbox 3376 1792 3749 1863; x_wconf 87' lang='lat' dir='ltr'><strong>episcoporum</strong></span> <span class='ocrx_word' id='word_1_452' title='bbox 3778 1792 3868 1846; x_wconf 79' lang='lat' dir='ltr'><strong>fra-</strong></span> 
     </span>
    </p>
   </div>
   <div class='ocr_carea' id='block_1_62' title="bbox 2323 1880 3867 1955">
    <p class='ocr_par' dir='ltr' id='par_1_62' title="bbox 2323 1880 3867 1955">
     <span class='ocr_line' id='line_1_62' title="bbox 2323 1880 3867 1955; baseline 0.003 -20"><span class='ocrx_word' id='word_1_453' title='bbox 2323 1880 2633 1936; x_wconf 86' lang='lat' dir='ltr'><strong>ternitatem</strong></span> <span class='ocrx_word' id='word_1_454' title='bbox 2686 1897 3077 1948; x_wconf 89' lang='lat' dir='ltr'><strong>eonvocamus,</strong></span> <span class='ocrx_word' id='word_1_455' title='bbox 3119 1891 3180 1937; x_wconf 92' lang='lat' dir='ltr'><strong>ut</strong></span> <span class='ocrx_word' id='word_1_456' title='bbox 3217 1883 3420 1954; x_wconf 86' lang='lat' dir='ltr'><strong>quibus</strong></span> <span class='ocrx_word' id='word_1_457' title='bbox 3466 1885 3702 1955; x_wconf 71' lang='lat' dir='ltr'><strong>regimen</strong></span> <span class='ocrx_word' id='word_1_458' title='bbox 3731 1884 3867 1939; x_wconf 83' lang='lat' dir='ltr'><strong>totius</strong></span> 
     </span>
    </p>
   </div>
   <div class='ocr_carea' id='block_1_63' title="bbox 2322 1972 3866 2033">
    <p class='ocr_par' dir='ltr' id='par_1_63' title="bbox 2322 1972 3866 2033">
     <span class='ocr_line' id='line_1_63' title="bbox 2322 1972 3866 2033; baseline 0.002 -6"><span class='ocrx_word' id='word_1_459' title='bbox 2322 1973 2568 2029; x_wconf 58' lang='lat' dir='ltr'><strong>ecclesia</strong></span> <span class='ocrx_word' id='word_1_460' title='bbox 2614 1972 2671 2028; x_wconf 89' lang='grc'><strong>8.</strong></span> <span class='ocrx_word' id='word_1_461' title='bbox 2695 1972 2863 2029; x_wconf 89' lang='lat' dir='ltr'><strong>’Petri</strong></span> <span class='ocrx_word' id='word_1_462' title='bbox 2897 1983 2951 2029; x_wconf 91' lang='lat' dir='ltr'><strong>et</strong></span> <span class='ocrx_word' id='word_1_463' title='bbox 2991 1974 3229 2030; x_wconf 85' lang='lat' dir='ltr'><strong>civitatis</strong></span> <span class='ocrx_word' id='word_1_464' title='bbox 3261 1974 3522 2033; x_wconf 75' lang='lat' dir='ltr'><strong>Lceninte</strong></span> <span class='ocrx_word' id='word_1_465' title='bbox 3554 1978 3866 2031; x_wconf 83' lang='lat' dir='ltr'><strong>commissum</strong></span> 
     </span>
    </p>
   </div>
   <div class='ocr_carea' id='block_1_64' title="bbox 2318 2066 3867 2137">
    <p class='ocr_par' dir='ltr' id='par_1_64' title="bbox 2318 2066 3867 2137">
     <span class='ocr_line' id='line_1_64' title="bbox 2318 2066 3867 2137; baseline 0 -16"><span class='ocrx_word' id='word_1_466' title='bbox 2318 2074 2425 2133; x_wconf 90' lang='lat' dir='ltr'><strong>cst,</strong></span> <span class='ocrx_word' id='word_1_467' title='bbox 2460 2066 2642 2121; x_wconf 86' lang='lat' dir='ltr'><strong>abhis</strong></span> <span class='ocrx_word' id='word_1_468' title='bbox 2674 2067 2911 2137; x_wconf 86' lang='lat' dir='ltr'><strong>primum</strong></span> <span class='ocrx_word' id='word_1_469' title='bbox 2952 2067 3024 2122; x_wconf 85' lang='lat' dir='ltr'><strong>sit</strong></span> <span class='ocrx_word' id='word_1_470' title='bbox 3057 2067 3400 2134; x_wconf 85' lang='lat' dir='ltr'><strong>benedictus,</strong></span> <span class='ocrx_word' id='word_1_471' title='bbox 3439 2084 3544 2123; x_wconf 89' lang='lat' dir='ltr'><strong>nec</strong></span> <span class='ocrx_word' id='word_1_472' title='bbox 3574 2084 3678 2123; x_wconf 88' lang='lat' dir='ltr'><strong>non</strong></span> <span class='ocrx_word' id='word_1_473' title='bbox 3708 2076 3867 2122; x_wconf 81' lang='lat' dir='ltr'><strong>cuncta</strong></span> 
     </span>
    </p>
   </div>
   <div class='ocr_carea' id='block_1_65' title="bbox 2319 2156 3867 2230">
    <p class='ocr_par' dir='ltr' id='par_1_65' title="bbox 2319 2156 3867 2230">
     <span class='ocr_line' id='line_1_65' title="bbox 2319 2156 3867 2230; baseline 0.001 -17"><span class='ocrx_word' id='word_1_474' title='bbox 2319 2172 2477 2213; x_wconf 86' lang='lat' dir='ltr'><strong>sacra</strong></span> <span class='ocrx_word' id='word_1_475' title='bbox 2499 2156 2695 2225; x_wconf 86' lang='lat' dir='ltr'><strong>ollicia,</strong></span> <span class='ocrx_word' id='word_1_476' title='bbox 2724 2174 2820 2214; x_wconf 90' lang='lat' dir='ltr'><strong>seu</strong></span> <span class='ocrx_word' id='word_1_477' title='bbox 2845 2158 3151 2215; x_wconf 86' lang='lat' dir='ltr'><strong>ministeria</strong></span> <span class='ocrx_word' id='word_1_478' title='bbox 3171 2176 3298 2230; x_wconf 76' lang='lat' dir='ltr'><strong>qua:</strong></span> <span class='ocrx_word' id='word_1_479' title='bbox 3331 2176 3432 2215; x_wconf 90' lang='lat' dir='ltr'><strong>nos</strong></span> <span class='ocrx_word' id='word_1_480' title='bbox 3474 2168 3531 2216; x_wconf 83' lang='lat' dir='ltr'><strong>et</strong></span> <span class='ocrx_word' id='word_1_481' title='bbox 3563 2176 3867 2216; x_wconf 74' lang='lat' dir='ltr'><strong>successores</strong></span> 
     </span>
    </p>
   </div>
   <div class='ocr_carea' id='block_1_66' title="bbox 2319 2247 3864 2323">
    <p class='ocr_par' dir='ltr' id='par_1_66' title="bbox 2319 2247 3864 2323">
     <span class='ocr_line' id='line_1_66' title="bbox 2319 2247 3864 2323; baseline 0.001 -20"><span class='ocrx_word' id='word_1_482' title='bbox 2319 2248 2494 2304; x_wconf 67' lang='lat' dir='ltr'><strong>nostri</strong></span> <span class='ocrx_word' id='word_1_483' title='bbox 2517 2247 2697 2305; x_wconf 89' lang='lat' dir='ltr'><strong>facere</strong></span> <span class='ocrx_word' id='word_1_484' title='bbox 2726 2249 3007 2317; x_wconf 87' lang='lat' dir='ltr'><strong>debemus,</strong></span> <span class='ocrx_word' id='word_1_485' title='bbox 3037 2251 3084 2307; x_wconf 87' lang='lat' dir='ltr'><strong>si</strong></span> <span class='ocrx_word' id='word_1_486' title='bbox 3107 2252 3431 2323; x_wconf 58' lang='lat' dir='ltr'><strong>aegritudine</strong></span> <span class='ocrx_word' id='word_1_487' title='bbox 3460 2252 3549 2308; x_wconf 84' lang='lat' dir='ltr'><strong>vel</strong></span> <span class='ocrx_word' id='word_1_488' title='bbox 3571 2252 3742 2322; x_wconf 85' lang='lat' dir='ltr'><strong>aliqua</strong></span> <span class='ocrx_word' id='word_1_489' title='bbox 3762 2267 3864 2307; x_wconf 80' lang='lat' dir='ltr'><strong>cura</strong></span> 
     </span>
    </p>
   </div>
   <div class='ocr_carea' id='block_1_67' title="bbox 2318 2339 3863 2414">
    <p class='ocr_par' dir='ltr' id='par_1_67' title="bbox 2318 2339 3863 2414">
     <span class='ocr_line' id='line_1_67' title="bbox 2318 2339 3863 2414; baseline 0.001 -19"><span class='ocrx_word' id='word_1_490' title='bbox 2318 2339 2568 2411; x_wconf 86' lang='lat' dir='ltr'><strong>impediti</strong></span> <span class='ocrx_word' id='word_1_491' title='bbox 2610 2340 2791 2397; x_wconf 91' lang='lat' dir='ltr'><strong>facere</strong></span> <span class='ocrx_word' id='word_1_492' title='bbox 2830 2359 2938 2398; x_wconf 92' lang='lat' dir='ltr'><strong>non</strong></span> <span class='ocrx_word' id='word_1_493' title='bbox 2980 2359 3300 2414; x_wconf 86' lang='lat' dir='ltr'><strong>possumus,</strong></span> <span class='ocrx_word' id='word_1_494' title='bbox 3343 2354 3455 2400; x_wconf 87' lang='lat' dir='ltr'><strong>tam</strong></span> <span class='ocrx_word' id='word_1_495' title='bbox 3500 2346 3557 2400; x_wconf 91' lang='lat' dir='ltr'><strong>in</strong></span> <span class='ocrx_word' id='word_1_496' title='bbox 3597 2343 3863 2414; x_wconf 79' lang='lat' dir='ltr'><strong>supradicta</strong></span> 
     </span>
    </p>
   </div>
   <div class='ocr_carea' id='block_1_68' title="bbox 2317 2433 3863 2503">
    <p class='ocr_par' dir='ltr' id='par_1_68' title="bbox 2317 2433 3863 2503">
     <span class='ocr_line' id='line_1_68' title="bbox 2317 2433 3863 2503; baseline 0.002 -18"><span class='ocrx_word' id='word_1_497' title='bbox 2317 2433 2619 2488; x_wconf 81' lang='lat' dir='ltr'><strong>venerabili</strong></span> <span class='ocrx_word' id='word_1_498' title='bbox 2659 2433 2894 2489; x_wconf 88' lang='lat' dir='ltr'><strong>ecclesia</strong></span> <span class='ocrx_word' id='word_1_499' title='bbox 2942 2433 3003 2489; x_wconf 40' lang='lat' dir='ltr'><strong>S.’</strong></span> <span class='ocrx_word' id='word_1_500' title='bbox 3046 2434 3222 2503; x_wconf 86' lang='lat' dir='ltr'><strong>Petri,</strong></span> <span class='ocrx_word' id='word_1_501' title='bbox 3260 2444 3314 2491; x_wconf 91' lang='lat' dir='ltr'><strong>ct</strong></span> <span class='ocrx_word' id='word_1_502' title='bbox 3362 2436 3708 2491; x_wconf 79' lang='lat' dir='ltr'><strong>monasteriis</strong></span> <span class='ocrx_word' id='word_1_503' title='bbox 3745 2434 3863 2495; x_wconf 84' lang='lat' dir='ltr'><strong>suis,</strong></span> 
     </span>
    </p>
   </div>
   <div class='ocr_carea' id='block_1_69' title="bbox 2317 2514 3865 2598">
    <p class='ocr_par' dir='ltr' id='par_1_69' title="bbox 2317 2514 3865 2598">
     <span class='ocr_line' id='line_1_69' title="bbox 2317 2514 3865 2598; baseline 0.001 -20"><span class='ocrx_word' id='word_1_504' title='bbox 2317 2539 2484 2595; x_wconf 90' lang='lat' dir='ltr'><strong>quam</strong></span> <span class='ocrx_word' id='word_1_505' title='bbox 2522 2539 2621 2596; x_wconf 89' lang='lat' dir='ltr'><strong>per</strong></span> <span class='ocrx_word' id='word_1_506' title='bbox 2657 2514 2826 2580; x_wconf 86' lang='lat' dir='ltr'><strong>totam</strong></span> <span class='ocrx_word' id='word_1_507' title='bbox 2864 2525 3140 2582; x_wconf 88' lang='lat' dir='ltr'><strong>civitatem</strong></span> <span class='ocrx_word' id='word_1_508' title='bbox 3177 2525 3502 2593; x_wconf 88' lang='lat' dir='ltr'><strong>Leoninam,</strong></span> <span class='ocrx_word' id='word_1_509' title='bbox 3533 2543 3628 2598; x_wconf 87' lang='lat' dir='ltr'><strong>per</strong></span> <span class='ocrx_word' id='word_1_510' title='bbox 3655 2540 3745 2581; x_wconf 81' lang='lat' dir='ltr'><strong>vos</strong></span> <span class='ocrx_word' id='word_1_511' title='bbox 3772 2541 3865 2580; x_wconf 82' lang='lat' dir='ltr'><strong>vcs-</strong></span> 
     </span>
    </p>
   </div>
   <div class='ocr_carea' id='block_1_70' title="bbox 2320 2615 3863 2688">
    <p class='ocr_par' dir='ltr' id='par_1_70' title="bbox 2320 2615 3863 2688">
     <span class='ocr_line' id='line_1_70' title="bbox 2320 2615 3863 2688; baseline 0.001 -21"><span class='ocrx_word' id='word_1_512' title='bbox 2320 2622 2545 2686; x_wconf 87' lang='lat' dir='ltr'><strong>trosque</strong></span> <span class='ocrx_word' id='word_1_513' title='bbox 2581 2630 2931 2671; x_wconf 85' lang='lat' dir='ltr'><strong>successores</strong></span> <span class='ocrx_word' id='word_1_514' title='bbox 2967 2616 3086 2672; x_wconf 84' lang='lat' dir='ltr'><strong>ﬁeri</strong></span> <span class='ocrx_word' id='word_1_515' title='bbox 3127 2619 3424 2688; x_wconf 83' lang='lat' dir='ltr'><strong>apostolica</strong></span> <span class='ocrx_word' id='word_1_516' title='bbox 3462 2618 3767 2673; x_wconf 86' lang='lat' dir='ltr'><strong>auctoritate</strong></span> <span class='ocrx_word' id='word_1_517' title='bbox 3786 2615 3863 2668; x_wconf 85' lang='lat' dir='ltr'><strong>de-</strong></span> 
     </span>
    </p>
   </div>
   <div class='ocr_carea' id='block_1_71' title="bbox 2316 2706 3860 2765">
    <p class='ocr_par' dir='ltr' id='par_1_71' title="bbox 2316 2706 3860 2765">
     <span class='ocr_line' id='line_1_71' title="bbox 2316 2706 3860 2765; baseline -0.004 -1"><span class='ocrx_word' id='word_1_518' title='bbox 2316 2710 2611 2765; x_wconf 89' lang='lat' dir='ltr'><strong>crevimus.</strong></span> <span class='ocrx_word' id='word_1_519' title='bbox 2640 2707 3125 2764; x_wconf 82' lang='lat' dir='ltr'><strong>Consecrationem</strong></span> <span class='ocrx_word' id='word_1_520' title='bbox 3158 2724 3290 2764; x_wconf 87' lang='lat' dir='ltr'><strong>vero</strong></span> <span class='ocrx_word' id='word_1_521' title='bbox 3313 2708 3574 2763; x_wconf 84' lang='lat' dir='ltr'><strong>altarium</strong></span> <span class='ocrx_word' id='word_1_522' title='bbox 3597 2707 3654 2762; x_wconf 91' lang='grc'><strong>8.</strong></span> <span class='ocrx_word' id='word_1_523' title='bbox 3674 2706 3799 2761; x_wconf 71' lang='lat' dir='ltr'><strong>Petri</strong></span> <span class='ocrx_word' id='word_1_524' title='bbox 3821 2714 3860 2759; x_wconf 84' lang='lat' dir='ltr'><strong>et</strong></span> 
     </span>
    </p>
   </div>
   <div class='ocr_carea' id='block_1_72' title="bbox 2319 2793 3858 2875">
    <p class='ocr_par' dir='ltr' id='par_1_72' title="bbox 2319 2793 3858 2875">
     <span class='ocr_line' id='line_1_72' title="bbox 2319 2793 3858 2875; baseline -0.006 -21"><span class='ocrx_word' id='word_1_525' title='bbox 2319 2813 2545 2854; x_wconf 91' lang='lat' dir='ltr'><strong>suorum</strong></span> <span class='ocrx_word' id='word_1_526' title='bbox 2588 2797 3071 2864; x_wconf 76' lang='lat' dir='ltr'><strong>monasteriorum,</strong></span> <span class='ocrx_word' id='word_1_527' title='bbox 3113 2812 3221 2875; x_wconf 88' lang='lat' dir='ltr'><strong>nec</strong></span> <span class='ocrx_word' id='word_1_528' title='bbox 3273 2811 3381 2851; x_wconf 88' lang='lat' dir='ltr'><strong>non</strong></span> <span class='ocrx_word' id='word_1_529' title='bbox 3437 2793 3858 2850; x_wconf 71' lang='lat' dir='ltr'><strong>consecrationem</strong></span> 
     </span>
    </p>
   </div>
   <div class='ocr_carea' id='block_1_73' title="bbox 2316 2888 3858 2957">
    <p class='ocr_par' dir='ltr' id='par_1_73' title="bbox 2316 2888 3858 2957">
     <span class='ocr_line' id='line_1_73' title="bbox 2316 2888 3858 2957; baseline -0.005 -11"><span class='ocrx_word' id='word_1_530' title='bbox 2316 2891 2693 2957; x_wconf 79' lang='lat' dir='ltr'><strong>ecclesiarum,</strong></span> <span class='ocrx_word' id='word_1_531' title='bbox 2719 2890 2999 2957; x_wconf 89' lang='lat' dir='ltr'><strong>altarium,</strong></span> <span class='ocrx_word' id='word_1_532' title='bbox 3023 2890 3392 2953; x_wconf 86' lang='lat' dir='ltr'><strong>sacerdotum,</strong></span> <span class='ocrx_word' id='word_1_533' title='bbox 3425 2888 3758 2956; x_wconf 85' lang='lat' dir='ltr'><strong>clericorum,</strong></span> <span class='ocrx_word' id='word_1_534' title='bbox 3783 2899 3858 2938; x_wconf 83' lang='lat' dir='ltr'><strong>sel</strong></span> 
     </span>
    </p>
   </div>
   <div class='ocr_carea' id='block_1_74' title="bbox 2316 2976 3860 3045">
    <p class='ocr_par' dir='ltr' id='par_1_74' title="bbox 2316 2976 3860 3045">
     <span class='ocr_line' id='line_1_74' title="bbox 2316 2976 3860 3045; baseline -0.006 -8"><span class='ocrx_word' id='word_1_535' title='bbox 2316 2980 2747 3037; x_wconf 88' lang='lat' dir='ltr'><strong>diaconistarum</strong></span> <span class='ocrx_word' id='word_1_536' title='bbox 2772 2982 2942 3037; x_wconf 87' lang='lat' dir='ltr'><strong>totius</strong></span> <span class='ocrx_word' id='word_1_537' title='bbox 2955 2981 3195 3037; x_wconf 86' lang='lat' dir='ltr'><strong>civitatis</strong></span> <span class='ocrx_word' id='word_1_538' title='bbox 3217 2980 3498 3045; x_wconf 73' lang='lat' dir='ltr'><strong>Leoninze,</strong></span> <span class='ocrx_word' id='word_1_539' title='bbox 3514 2979 3669 3035; x_wconf 84' lang='lat' dir='ltr'><strong>vobis</strong></span> <span class='ocrx_word' id='word_1_540' title='bbox 3682 2976 3860 3031; x_wconf 82' lang='lat' dir='ltr'><strong>vestris-</strong></span> 
     </span>
    </p>
   </div>
   <div class='ocr_carea' id='block_1_75' title="bbox 2303 3069 3855 3144">
    <p class='ocr_par' dir='ltr' id='par_1_75' title="bbox 2303 3069 3855 3144">
     <span class='ocr_line' id='line_1_75' title="bbox 2303 3069 3855 3144; baseline -0.005 -17"><span class='ocrx_word' id='word_1_541' title='bbox 2303 3088 2423 3142; x_wconf 85' lang='lat' dir='ltr'><strong>~que</strong></span> <span class='ocrx_word' id='word_1_542' title='bbox 2467 3072 2883 3128; x_wconf 88' lang='lat' dir='ltr'><strong>successoribus</strong></span> <span class='ocrx_word' id='word_1_543' title='bbox 2922 3073 2978 3127; x_wconf 92' lang='lat' dir='ltr'><strong>in</strong></span> <span class='ocrx_word' id='word_1_544' title='bbox 3014 3081 3362 3144; x_wconf 86' lang='lat' dir='ltr'><strong>perpetuum,</strong></span> <span class='ocrx_word' id='word_1_545' title='bbox 3394 3071 3543 3126; x_wconf 90' lang='lat' dir='ltr'><strong>sicut</strong></span> <span class='ocrx_word' id='word_1_546' title='bbox 3566 3069 3855 3140; x_wconf 68' lang='lat' dir='ltr'><strong>prazlibatum</strong></span> 
     </span>
    </p>
   </div>
   <div class='ocr_carea' id='block_1_76' title="bbox 2316 3161 3855 3232">
    <p class='ocr_par' dir='ltr' id='par_1_76' title="bbox 2316 3161 3855 3232">
     <span class='ocr_line' id='line_1_76' title="bbox 2316 3161 3855 3232; baseline -0.006 -13"><span class='ocrx_word' id='word_1_547' title='bbox 2316 3172 2422 3231; x_wconf 91' lang='lat' dir='ltr'><strong>est,</strong></span> <span class='ocrx_word' id='word_1_548' title='bbox 2474 3164 2833 3220; x_wconf 87' lang='lat' dir='ltr'><strong>concedimus</strong></span> <span class='ocrx_word' id='word_1_549' title='bbox 2868 3172 2925 3221; x_wconf 91' lang='lat' dir='ltr'><strong>et</strong></span> <span class='ocrx_word' id='word_1_550' title='bbox 2965 3163 3377 3220; x_wconf 88' lang='lat' dir='ltr'><strong>conﬁrmamus.</strong></span> <span class='ocrx_word' id='word_1_551' title='bbox 3421 3161 3660 3232; x_wconf 64' lang='lat' dir='ltr'><strong>Quaeque</strong></span> <span class='ocrx_word' id='word_1_552' title='bbox 3714 3169 3855 3214; x_wconf 70' lang='lat' dir='ltr'><strong>autem</strong></span> 
     </span>
    </p>
   </div>
   <div class='ocr_carea' id='block_1_77' title="bbox 2318 3250 3856 3320">
    <p class='ocr_par' dir='ltr' id='par_1_77' title="bbox 2318 3250 3856 3320">
     <span class='ocr_line' id='line_1_77' title="bbox 2318 3250 3856 3320; baseline -0.007 -7"><span class='ocrx_word' id='word_1_553' title='bbox 2318 3260 2583 3315; x_wconf 89' lang='lat' dir='ltr'><strong>usualiter</strong></span> <span class='ocrx_word' id='word_1_554' title='bbox 2634 3258 2793 3314; x_wconf 90' lang='lat' dir='ltr'><strong>vobis</strong></span> <span class='ocrx_word' id='word_1_555' title='bbox 2846 3273 2877 3313; x_wconf 87' lang='lat' dir='ltr'><strong>a</strong></span> <span class='ocrx_word' id='word_1_556' title='bbox 2927 3256 3379 3311; x_wconf 85' lang='lat' dir='ltr'><strong>ministerialibus</strong></span> <span class='ocrx_word' id='word_1_557' title='bbox 3438 3255 3630 3309; x_wconf 82' lang='lat' dir='ltr'><strong>altaris</strong></span> <span class='ocrx_word' id='word_1_558' title='bbox 3675 3250 3856 3320; x_wconf 78' lang='lat' dir='ltr'><strong>majoris</strong></span> 
     </span>
    </p>
   </div>
   <div class='ocr_carea' id='block_1_78' title="bbox 2316 3347 3855 3423">
    <p class='ocr_par' dir='ltr' id='par_1_78' title="bbox 2316 3347 3855 3423">
     <span class='ocr_line' id='line_1_78' title="bbox 2316 3347 3855 3423; baseline -0.007 -16"><span class='ocrx_word' id='word_1_559' title='bbox 2316 3359 2653 3423; x_wconf 87' lang='lat' dir='ltr'><strong>competunt,</strong></span> <span class='ocrx_word' id='word_1_560' title='bbox 2689 3350 2795 3406; x_wconf 85' lang='lat' dir='ltr'><strong>hoc</strong></span> <span class='ocrx_word' id='word_1_561' title='bbox 2842 3349 3047 3420; x_wconf 89' lang='lat' dir='ltr'><strong>scripto</strong></span> <span class='ocrx_word' id='word_1_562' title='bbox 3080 3349 3234 3403; x_wconf 89' lang='lat' dir='ltr'><strong>vobis</strong></span> <span class='ocrx_word' id='word_1_563' title='bbox 3270 3347 3584 3417; x_wconf 84' lang='lat' dir='ltr'><strong>vestrisque</strong></span> <span class='ocrx_word' id='word_1_564' title='bbox 3622 3356 3855 3402; x_wconf 80' lang='lat' dir='ltr'><strong>successo-</strong></span> 
     </span>
    </p>
   </div>
   <div class='ocr_carea' id='block_1_79' title="bbox 2315 3438 3852 3504">
    <p class='ocr_par' dir='ltr' id='par_1_79' title="bbox 2315 3438 3852 3504">
     <span class='ocr_line' id='line_1_79' title="bbox 2315 3438 3852 3504; baseline -0.005 -6"><span class='ocrx_word' id='word_1_565' title='bbox 2315 3445 2471 3499; x_wconf 89' lang='lat' dir='ltr'><strong>ribus</strong></span> <span class='ocrx_word' id='word_1_566' title='bbox 2513 3442 2927 3499; x_wconf 89' lang='lat' dir='ltr'><strong>conﬁrmamus.</strong></span> <span class='ocrx_word' id='word_1_567' title='bbox 2985 3441 3132 3496; x_wconf 85' lang='lat' dir='ltr'><strong>idem</strong></span> <span class='ocrx_word' id='word_1_568' title='bbox 3176 3441 3232 3495; x_wconf 91' lang='lat' dir='ltr'><strong>in</strong></span> <span class='ocrx_word' id='word_1_569' title='bbox 3281 3438 3528 3495; x_wconf 85' lang='lat' dir='ltr'><strong>Sabbato</strong></span> <span class='ocrx_word' id='word_1_570' title='bbox 3573 3446 3746 3494; x_wconf 87' lang='lat' dir='ltr'><strong>sancto</strong></span> <span class='ocrx_word' id='word_1_571' title='bbox 3781 3448 3852 3504; x_wconf 82' lang='lat' dir='ltr'><strong>pro</strong></span> 
     </span>
    </p>
   </div>
   <div class='ocr_carea' id='block_1_80' title="bbox 2315 3533 3853 3602">
    <p class='ocr_par' dir='ltr' id='par_1_80' title="bbox 2315 3533 3853 3602">
     <span class='ocr_line' id='line_1_80' title="bbox 2315 3533 3853 3602; baseline -0.008 -12"><span class='ocrx_word' id='word_1_572' title='bbox 2315 3550 2471 3591; x_wconf 65' lang='lat' dir='ltr'><strong>coena</strong></span> <span class='ocrx_word' id='word_1_573' title='bbox 2509 3535 2717 3592; x_wconf 79' lang='lat' dir='ltr'><strong>solidos</strong></span> <span class='ocrx_word' id='word_1_574' title='bbox 2768 3534 3053 3591; x_wconf 88' lang='lat' dir='ltr'><strong>duodecim</strong></span> <span class='ocrx_word' id='word_1_575' title='bbox 3097 3533 3356 3589; x_wconf 80' lang='lat' dir='ltr'><strong>denarios</strong></span> <span class='ocrx_word' id='word_1_576' title='bbox 3396 3533 3593 3602; x_wconf 85' lang='lat' dir='ltr'><strong>quales</strong></span> <span class='ocrx_word' id='word_1_577' title='bbox 3629 3546 3717 3600; x_wconf 84' lang='lat' dir='ltr'><strong>per</strong></span> <span class='ocrx_word' id='word_1_578' title='bbox 3748 3536 3853 3581; x_wconf 69' lang='lat' dir='ltr'><strong>teut-</strong></span> 
     </span>
    </p>
   </div>
   <div class='ocr_carea' id='block_1_81' title="bbox 2314 3622 3850 3697">
    <p class='ocr_par' dir='ltr' id='par_1_81' title="bbox 2314 3622 3850 3697">
     <span class='ocr_line' id='line_1_81' title="bbox 2314 3622 3850 3697; baseline -0.008 -15"><span class='ocrx_word' id='word_1_579' title='bbox 2314 3642 2447 3697; x_wconf 84' lang='lat' dir='ltr'><strong>pora</strong></span> <span class='ocrx_word' id='word_1_580' title='bbox 2482 3635 2831 3682; x_wconf 69' lang='lat' dir='ltr'><strong>cucurrerunt</strong></span> <span class='ocrx_word' id='word_1_581' title='bbox 2855 3625 3258 3697; x_wconf 80' lang='lat' dir='ltr'><strong>percipiendas,</strong></span> <span class='ocrx_word' id='word_1_582' title='bbox 3293 3632 3348 3679; x_wconf 88' lang='lat' dir='ltr'><strong>et</strong></span> <span class='ocrx_word' id='word_1_583' title='bbox 3374 3625 3623 3694; x_wconf 84' lang='lat' dir='ltr'><strong>quinque</strong></span> <span class='ocrx_word' id='word_1_584' title='bbox 3663 3622 3712 3675; x_wconf 91' lang='lat' dir='ltr'><strong>in</strong></span> <span class='ocrx_word' id='word_1_585' title='bbox 3745 3633 3850 3673; x_wconf 88' lang='lat' dir='ltr'><strong>uno-</strong></span> 
     </span>
    </p>
   </div>
   <div class='ocr_carea' id='block_1_82' title="bbox 2313 3712 3850 3787">
    <p class='ocr_par' dir='ltr' id='par_1_82' title="bbox 2313 3712 3850 3787">
     <span class='ocr_line' id='line_1_82' title="bbox 2313 3712 3850 3787; baseline -0.006 -17"><span class='ocrx_word' id='word_1_586' title='bbox 2313 3731 2535 3787; x_wconf 90' lang='lat' dir='ltr'><strong>quoque</strong></span> <span class='ocrx_word' id='word_1_587' title='bbox 2560 3715 2802 3771; x_wconf 87' lang='lat' dir='ltr'><strong>Sabbato</strong></span> <span class='ocrx_word' id='word_1_588' title='bbox 2832 3716 3081 3783; x_wconf 80' lang='lat' dir='ltr'><strong>Quatuor</strong></span> <span class='ocrx_word' id='word_1_589' title='bbox 3112 3714 3469 3785; x_wconf 86' lang='lat' dir='ltr'><strong>Temporum,</strong></span> <span class='ocrx_word' id='word_1_590' title='bbox 3505 3722 3562 3768; x_wconf 89' lang='lat' dir='ltr'><strong>et</strong></span> <span class='ocrx_word' id='word_1_591' title='bbox 3595 3712 3723 3766; x_wconf 83' lang='lat' dir='ltr'><strong>duos</strong></span> <span class='ocrx_word' id='word_1_592' title='bbox 3754 3723 3850 3763; x_wconf 81' lang='lat' dir='ltr'><strong>eum</strong></span> 
     </span>
    </p>
   </div>
   <div class='ocr_carea' id='block_1_83' title="bbox 2313 3802 3851 3879">
    <p class='ocr_par' dir='ltr' id='par_1_83' title="bbox 2313 3802 3851 3879">
     <span class='ocr_line' id='line_1_83' title="bbox 2313 3802 3851 3879; baseline -0.008 -13"><span class='ocrx_word' id='word_1_593' title='bbox 2313 3810 2538 3866; x_wconf 85' lang='lat' dir='ltr'><strong>candela</strong></span> <span class='ocrx_word' id='word_1_594' title='bbox 2570 3809 2701 3875; x_wconf 90' lang='lat' dir='ltr'><strong>olei,</strong></span> <span class='ocrx_word' id='word_1_595' title='bbox 2727 3818 2781 3864; x_wconf 89' lang='lat' dir='ltr'><strong>et</strong></span> <span class='ocrx_word' id='word_1_596' title='bbox 2806 3810 2978 3863; x_wconf 90' lang='lat' dir='ltr'><strong>cereis</strong></span> <span class='ocrx_word' id='word_1_597' title='bbox 2999 3824 3097 3879; x_wconf 88' lang='lat' dir='ltr'><strong>per</strong></span> <span class='ocrx_word' id='word_1_598' title='bbox 3118 3824 3283 3863; x_wconf 87' lang='lat' dir='ltr'><strong>unam</strong></span> <span class='ocrx_word' id='word_1_599' title='bbox 3321 3821 3604 3877; x_wconf 85' lang='lat' dir='ltr'><strong>quamque</strong></span> <span class='ocrx_word' id='word_1_600' title='bbox 3637 3802 3851 3859; x_wconf 82' lang='lat' dir='ltr'><strong>festivita-</strong></span> 
     </span>
    </p>
   </div>
   <div class='ocr_carea' id='block_1_84' title="bbox 2311 3894 3848 3970">
    <p class='ocr_par' dir='ltr' id='par_1_84' title="bbox 2311 3894 3848 3970">
     <span class='ocr_line' id='line_1_84' title="bbox 2311 3894 3848 3970; baseline -0.007 -16"><span class='ocrx_word' id='word_1_601' title='bbox 2311 3910 2442 3964; x_wconf 88' lang='lat' dir='ltr'><strong>tem,</strong></span> <span class='ocrx_word' id='word_1_602' title='bbox 2470 3900 2526 3954; x_wconf 90' lang='lat' dir='ltr'><strong>in</strong></span> <span class='ocrx_word' id='word_1_603' title='bbox 2563 3900 2767 3970; x_wconf 86' lang='lat' dir='ltr'><strong>quibus</strong></span> <span class='ocrx_word' id='word_1_604' title='bbox 2794 3897 2994 3954; x_wconf 89' lang='lat' dir='ltr'><strong>ibidem</strong></span> <span class='ocrx_word' id='word_1_605' title='bbox 3015 3906 3338 3968; x_wconf 73' lang='lat' dir='ltr'><strong>pernoctare</strong></span> <span class='ocrx_word' id='word_1_606' title='bbox 3374 3898 3592 3953; x_wconf 77' lang='lat' dir='ltr'><strong>debetis</strong></span> <span class='ocrx_word' id='word_1_607' title='bbox 3647 3895 3771 3951; x_wconf 70' lang='lat' dir='ltr'><strong>idem</strong></span> <span class='ocrx_word' id='word_1_608' title='bbox 3807 3894 3848 3945; x_wconf 83' lang='lat' dir='ltr'><strong>in</strong></span> 
     </span>
    </p>
   </div>
   <div class='ocr_carea' id='block_1_85' title="bbox 2310 3989 3849 4057">
    <p class='ocr_par' dir='ltr' id='par_1_85' title="bbox 2310 3989 3849 4057">
     <span class='ocr_line' id='line_1_85' title="bbox 2310 3989 3849 4057; baseline -0.005 -10"><span class='ocrx_word' id='word_1_609' title='bbox 2310 3990 2605 4047; x_wconf 79' lang='lat' dir='ltr'><strong>festivitate</strong></span> <span class='ocrx_word' id='word_1_610' title='bbox 2641 3990 2698 4045; x_wconf 91' lang='grc'><strong>8.</strong></span> <span class='ocrx_word' id='word_1_611' title='bbox 2739 3990 2906 4057; x_wconf 87' lang='lat' dir='ltr'><strong>Petri,</strong></span> <span class='ocrx_word' id='word_1_612' title='bbox 2934 4000 2988 4046; x_wconf 87' lang='lat' dir='ltr'><strong>et</strong></span> <span class='ocrx_word' id='word_1_613' title='bbox 3011 3991 3065 4044; x_wconf 88' lang='lat' dir='ltr'><strong>in</strong></span> <span class='ocrx_word' id='word_1_614' title='bbox 3106 3991 3315 4046; x_wconf 83' lang='lat' dir='ltr'><strong>octavis</strong></span> <span class='ocrx_word' id='word_1_615' title='bbox 3338 3990 3392 4044; x_wconf 78' lang='lat' dir='ltr'><strong>in</strong></span> <span class='ocrx_word' id='word_1_616' title='bbox 3420 3989 3705 4046; x_wconf 86' lang='lat' dir='ltr'><strong>Dominica</strong></span> <span class='ocrx_word' id='word_1_617' title='bbox 3748 4001 3849 4057; x_wconf 77' lang='lat' dir='ltr'><strong>gau-</strong></span> 
     </span>
    </p>
   </div>
   <div class='ocr_carea' id='block_1_86' title="bbox 2307 4080 3845 4152">
    <p class='ocr_par' dir='ltr' id='par_1_86' title="bbox 2307 4080 3845 4152">
     <span class='ocr_line' id='line_1_86' title="bbox 2307 4080 3845 4152; baseline -0.004 -14"><span class='ocrx_word' id='word_1_618' title='bbox 2307 4084 2451 4150; x_wconf 86' lang='lat' dir='ltr'><strong>dete,</strong></span> <span class='ocrx_word' id='word_1_619' title='bbox 2483 4084 2538 4138; x_wconf 92' lang='lat' dir='ltr'><strong>in</strong></span> <span class='ocrx_word' id='word_1_620' title='bbox 2576 4082 2734 4138; x_wconf 87' lang='lat' dir='ltr'><strong>festis</strong></span> <span class='ocrx_word' id='word_1_621' title='bbox 2774 4082 2834 4136; x_wconf 86' lang='grc'><strong>8.</strong></span> <span class='ocrx_word' id='word_1_622' title='bbox 2868 4082 3120 4148; x_wconf 65' lang='lat' dir='ltr'><strong>Andreae,</strong></span> <span class='ocrx_word' id='word_1_623' title='bbox 3156 4082 3209 4136; x_wconf 90' lang='lat' dir='ltr'><strong>in</strong></span> <span class='ocrx_word' id='word_1_624' title='bbox 3233 4080 3574 4152; x_wconf 63' lang='lat' dir='ltr'><strong>Epiphania,</strong></span> <span class='ocrx_word' id='word_1_625' title='bbox 3608 4081 3662 4135; x_wconf 89' lang='lat' dir='ltr'><strong>in</strong></span> <span class='ocrx_word' id='word_1_626' title='bbox 3689 4080 3845 4135; x_wconf 76' lang='lat' dir='ltr'><strong>Ascen-</strong></span> 
     </span>
    </p>
   </div>
   <div class='ocr_carea' id='block_1_87' title="bbox 2308 4171 3844 4241">
    <p class='ocr_par' dir='ltr' id='par_1_87' title="bbox 2308 4171 3844 4241">
     <span class='ocr_line' id='line_1_87' title="bbox 2308 4171 3844 4241; baseline -0.005 -11"><span class='ocrx_word' id='word_1_627' title='bbox 2308 4175 2486 4241; x_wconf 89' lang='lat' dir='ltr'><strong>sione,</strong></span> <span class='ocrx_word' id='word_1_628' title='bbox 2524 4176 2579 4230; x_wconf 91' lang='lat' dir='ltr'><strong>in</strong></span> <span class='ocrx_word' id='word_1_629' title='bbox 2624 4174 2967 4239; x_wconf 83' lang='lat' dir='ltr'><strong>Pentecoste,</strong></span> <span class='ocrx_word' id='word_1_630' title='bbox 3010 4174 3068 4228; x_wconf 90' lang='lat' dir='ltr'><strong>in</strong></span> <span class='ocrx_word' id='word_1_631' title='bbox 3111 4173 3269 4230; x_wconf 86' lang='lat' dir='ltr'><strong>festis</strong></span> <span class='ocrx_word' id='word_1_632' title='bbox 3311 4173 3371 4228; x_wconf 88' lang='grc'><strong>8.</strong></span> <span class='ocrx_word' id='word_1_633' title='bbox 3416 4173 3631 4229; x_wconf 62' lang='lat' dir='ltr'><strong>Ruﬁna</strong></span> <span class='ocrx_word' id='word_1_634' title='bbox 3668 4171 3844 4240; x_wconf 72' lang='lat' dir='ltr'><strong>triginta</strong></span> 
     </span>
    </p>
   </div>
   <div class='ocr_carea' id='block_1_88' title="bbox 2306 4263 3844 4337">
    <p class='ocr_par' dir='ltr' id='par_1_88' title="bbox 2306 4263 3844 4337">
     <span class='ocr_line' id='line_1_88' title="bbox 2306 4263 3844 4337; baseline -0.007 -15"><span class='ocrx_word' id='word_1_635' title='bbox 2306 4268 2472 4322; x_wconf 89' lang='lat' dir='ltr'><strong>libras</strong></span> <span class='ocrx_word' id='word_1_636' title='bbox 2492 4283 2649 4334; x_wconf 74' lang='lat' dir='ltr'><strong>certe;</strong></span> <span class='ocrx_word' id='word_1_637' title='bbox 2671 4276 2726 4322; x_wconf 90' lang='lat' dir='ltr'><strong>et</strong></span> <span class='ocrx_word' id='word_1_638' title='bbox 2759 4267 2869 4322; x_wconf 90' lang='lat' dir='ltr'><strong>duo</strong></span> <span class='ocrx_word' id='word_1_639' title='bbox 2899 4266 3181 4337; x_wconf 78' lang='lat' dir='ltr'><strong>congiaria</strong></span> <span class='ocrx_word' id='word_1_640' title='bbox 3207 4266 3275 4320; x_wconf 85' lang='lat' dir='ltr'><strong>de</strong></span> <span class='ocrx_word' id='word_1_641' title='bbox 3303 4267 3446 4331; x_wconf 89' lang='lat' dir='ltr'><strong>oleo,</strong></span> <span class='ocrx_word' id='word_1_642' title='bbox 3481 4276 3539 4322; x_wconf 86' lang='lat' dir='ltr'><strong>et</strong></span> <span class='ocrx_word' id='word_1_643' title='bbox 3562 4266 3692 4321; x_wconf 85' lang='lat' dir='ltr'><strong>duas</strong></span> <span class='ocrx_word' id='word_1_644' title='bbox 3716 4263 3844 4318; x_wconf 73' lang='lat' dir='ltr'><strong>libras</strong></span> 
     </span>
    </p>
   </div>
   <div class='ocr_carea' id='block_1_89' title="bbox 2304 4357 3842 4431">
    <p class='ocr_par' dir='ltr' id='par_1_89' title="bbox 2304 4357 3842 4431">
     <span class='ocr_line' id='line_1_89' title="bbox 2304 4357 3842 4431; baseline -0.006 -17"><span class='ocrx_word' id='word_1_645' title='bbox 2304 4360 2372 4414; x_wconf 93' lang='lat' dir='ltr'><strong>de</strong></span> <span class='ocrx_word' id='word_1_646' title='bbox 2398 4359 2649 4425; x_wconf 90' lang='lat' dir='ltr'><strong>olibano;</strong></span> <span class='ocrx_word' id='word_1_647' title='bbox 2683 4359 2938 4414; x_wconf 87' lang='lat' dir='ltr'><strong>candelas</strong></span> <span class='ocrx_word' id='word_1_648' title='bbox 2967 4372 3096 4412; x_wconf 81' lang='lat' dir='ltr'><strong>vero</strong></span> <span class='ocrx_word' id='word_1_649' title='bbox 3120 4357 3416 4431; x_wconf 85' lang='lat' dir='ltr'><strong>pendentes</strong></span> <span class='ocrx_word' id='word_1_650' title='bbox 3450 4374 3580 4413; x_wconf 88' lang='lat' dir='ltr'><strong>cum</strong></span> <span class='ocrx_word' id='word_1_651' title='bbox 3604 4357 3842 4413; x_wconf 51' lang='lat' dir='ltr'><strong>elamastao</strong></span> 
     </span>
    </p>
   </div>
   <div class='ocr_carea' id='block_1_90' title="bbox 2304 4448 3841 4517">
    <p class='ocr_par' dir='ltr' id='par_1_90' title="bbox 2304 4448 3841 4517">
     <span class='ocr_line' id='line_1_90' title="bbox 2304 4448 3841 4517; baseline -0.006 -12"><span class='ocrx_word' id='word_1_652' title='bbox 2304 4450 2434 4517; x_wconf 89' lang='lat' dir='ltr'><strong>riis,</strong></span> <span class='ocrx_word' id='word_1_653' title='bbox 2481 4459 2535 4505; x_wconf 89' lang='lat' dir='ltr'><strong>ct</strong></span> <span class='ocrx_word' id='word_1_654' title='bbox 2575 4449 2893 4505; x_wconf 87' lang='lat' dir='ltr'><strong>cicindellas</strong></span> <span class='ocrx_word' id='word_1_655' title='bbox 2932 4448 3001 4503; x_wconf 88' lang='lat' dir='ltr'><strong>ad</strong></span> <span class='ocrx_word' id='word_1_656' title='bbox 3043 4448 3446 4512; x_wconf 76' lang='lat' dir='ltr'><strong>sufﬁcientiam,</strong></span> <span class='ocrx_word' id='word_1_657' title='bbox 3484 4448 3642 4504; x_wconf 91' lang='lat' dir='ltr'><strong>sicuti</strong></span> <span class='ocrx_word' id='word_1_658' title='bbox 3676 4455 3841 4510; x_wconf 67' lang='lat' dir='ltr'><strong>semper</strong></span> 
     </span>
    </p>
   </div>
   <div class='ocr_carea' id='block_1_91' title="bbox 604 4535 3837 4615">
    <p class='ocr_par' dir='ltr' id='par_1_91' title="bbox 604 4535 3837 4615">
     <span class='ocr_line' id='line_1_91' title="bbox 604 4535 3837 4615; baseline -0.001 -17"><span class='ocrx_word' id='word_1_659' title='bbox 604 4542 799 4598; x_wconf 53' lang='lat' dir='ltr'><strong>ﬂama:</strong></span> <span class='ocrx_word' id='word_1_660' title='bbox 828 4540 1047 4599; x_wconf 90' lang='lat' dir='ltr'><strong>Domini</strong></span> <span class='ocrx_word' id='word_1_661' title='bbox 1082 4559 1178 4614; x_wconf 88' lang='lat' dir='ltr'><strong>per</strong></span> <span class='ocrx_word' id='word_1_662' title='bbox 1212 4559 1310 4599; x_wconf 84' lang='lat' dir='ltr'><strong>vos</strong></span> <span class='ocrx_word' id='word_1_663' title='bbox 1341 4553 1661 4615; x_wconf 86' lang='lat' dir='ltr'><strong>vestrosque</strong></span> <span class='ocrx_word' id='word_1_664' title='bbox 1692 4560 2041 4601; x_wconf 88' lang='lat' dir='ltr'><strong>successores</strong></span> <span class='ocrx_word' id='word_1_665' title='bbox 2065 4545 2199 4600; x_wconf 86' lang='lat' dir='ltr'><strong>mis-</strong></span> <span class='ocrx_word' id='word_1_666' title='bbox 2234 4561 2278 4615; x_wconf 72' lang='grc' dir='ltr'><strong>ι)</strong></span> <span class='ocrx_word' id='word_1_667' title='bbox 2304 4542 2425 4599; x_wconf 91' lang='lat' dir='ltr'><strong>fuit.</strong></span> <span class='ocrx_word' id='word_1_668' title='bbox 2460 4538 2537 4597; x_wconf 60' lang='lat' dir='ltr'><strong>In‘</strong></span> <span class='ocrx_word' id='word_1_669' title='bbox 2564 4542 2803 4598; x_wconf 88' lang='lat' dir='ltr'><strong>secunda</strong></span> <span class='ocrx_word' id='word_1_670' title='bbox 2847 4540 2984 4596; x_wconf 86' lang='lat' dir='ltr'><strong>feria</strong></span> <span class='ocrx_word' id='word_1_671' title='bbox 3019 4540 3251 4596; x_wconf 65' lang='lat' dir='ltr'><strong>Pascha:</strong></span> <span class='ocrx_word' id='word_1_672' title='bbox 3284 4540 3554 4611; x_wconf 88' lang='lat' dir='ltr'><strong>quoniam</strong></span> <span class='ocrx_word' id='word_1_673' title='bbox 3592 4535 3837 4596; x_wconf 70' lang='lat' dir='ltr'><strong>secundum</strong></span> 
     </span>
    </p>
   </div>
   <div class='ocr_carea' id='block_1_92' title="bbox 607 4638 2201 4709">
    <p class='ocr_par' dir='ltr' id='par_1_92' title="bbox 607 4638 2201 4709">
     <span class='ocr_line' id='line_1_92' title="bbox 607 4638 2201 4709; baseline 0.003 -17"><span class='ocrx_word' id='word_1_674' title='bbox 607 4654 732 4693; x_wconf 73' lang='lat' dir='ltr'><strong>sam</strong></span> <span class='ocrx_word' id='word_1_675' title='bbox 757 4654 920 4709; x_wconf 86' lang='lat' dir='ltr'><strong>supra</strong></span> <span class='ocrx_word' id='word_1_676' title='bbox 941 4639 1113 4694; x_wconf 88' lang='lat' dir='ltr'><strong>altare</strong></span> <span class='ocrx_word' id='word_1_677' title='bbox 1138 4639 1195 4694; x_wconf 88' lang='grc'><strong>8.</strong></span> <span class='ocrx_word' id='word_1_678' title='bbox 1222 4638 1369 4695; x_wconf 88' lang='lat' dir='ltr'><strong>Petri</strong></span> <span class='ocrx_word' id='word_1_679' title='bbox 1403 4641 1700 4708; x_wconf 88' lang='lat' dir='ltr'><strong>celebrare,</strong></span> <span class='ocrx_word' id='word_1_680' title='bbox 1727 4639 1913 4695; x_wconf 84' lang='lat' dir='ltr'><strong>Gloria</strong></span> <span class='ocrx_word' id='word_1_681' title='bbox 1945 4642 2002 4695; x_wconf 80' lang='lat' dir='ltr'><strong>in</strong></span> <span class='ocrx_word' id='word_1_682' title='bbox 2026 4642 2201 4697; x_wconf 78' lang='lat' dir='ltr'><strong>excel-</strong></span> 
     </span>
    </p>
   </div>
   <div class='ocr_carea' id='block_1_93' title="bbox 612 4731 2202 4805">
    <p class='ocr_par' dir='ltr' id='par_1_93' title="bbox 612 4731 2202 4805">
     <span class='ocr_line' id='line_1_93' title="bbox 612 4731 2202 4805; baseline 0.002 -19"><span class='ocrx_word' id='word_1_683' title='bbox 612 4734 697 4787; x_wconf 79' lang='lat' dir='ltr'><strong>u‘s</strong></span> <span class='ocrx_word' id='word_1_684' title='bbox 716 4731 827 4787; x_wconf 83' lang='lat' dir='ltr'><strong>Deo</strong></span> <span class='ocrx_word' id='word_1_685' title='bbox 848 4733 1049 4796; x_wconf 83' lang='lat' dir='ltr'><strong>dicere,</strong></span> <span class='ocrx_word' id='word_1_686' title='bbox 1080 4734 1136 4787; x_wconf 88' lang='grc'><strong>8.</strong></span> <span class='ocrx_word' id='word_1_687' title='bbox 1161 4733 1405 4790; x_wconf 87' lang='lat' dir='ltr'><strong>chrisma</strong></span> <span class='ocrx_word' id='word_1_688' title='bbox 1441 4734 1729 4801; x_wconf 90' lang='lat' dir='ltr'><strong>conﬁcere,</strong></span> <span class='ocrx_word' id='word_1_689' title='bbox 1761 4742 1816 4789; x_wconf 90' lang='lat' dir='ltr'><strong>et</strong></span> <span class='ocrx_word' id='word_1_690' title='bbox 1843 4750 1965 4805; x_wconf 74' lang='lat' dir='ltr'><strong>qua:</strong></span> <span class='ocrx_word' id='word_1_691' title='bbox 1994 4733 2061 4789; x_wconf 90' lang='lat' dir='ltr'><strong>ad</strong></span> <span class='ocrx_word' id='word_1_692' title='bbox 2083 4735 2202 4805; x_wconf 85' lang='lat' dir='ltr'><strong>epi-</strong></span> 
     </span>
    </p>
   </div>
   <div class='ocr_carea' id='block_1_94' title="bbox 610 4823 2202 4895">
    <p class='ocr_par' dir='ltr' id='par_1_94' title="bbox 610 4823 2202 4895">
     <span class='ocr_line' id='line_1_94' title="bbox 610 4823 2202 4895; baseline -0.001 -13"><span class='ocrx_word' id='word_1_693' title='bbox 610 4838 839 4895; x_wconf 74' lang='lat' dir='ltr'><strong>scopum</strong></span> <span class='ocrx_word' id='word_1_694' title='bbox 900 4824 1177 4893; x_wconf 89' lang='lat' dir='ltr'><strong>pertinent</strong></span> <span class='ocrx_word' id='word_1_695' title='bbox 1226 4839 1387 4895; x_wconf 78' lang='lat' dir='ltr'><strong>agere</strong></span> <span class='ocrx_word' id='word_1_696' title='bbox 1409 4824 1685 4880; x_wconf 89' lang='lat' dir='ltr'><strong>volumus.</strong></span> <span class='ocrx_word' id='word_1_697' title='bbox 1732 4823 1841 4879; x_wconf 91' lang='lat' dir='ltr'><strong>Seu</strong></span> <span class='ocrx_word' id='word_1_698' title='bbox 1884 4825 2034 4878; x_wconf 91' lang='lat' dir='ltr'><strong>omni</strong></span> <span class='ocrx_word' id='word_1_699' title='bbox 2057 4841 2202 4880; x_wconf 90' lang='lat' dir='ltr'><strong>anno</strong></span> 
     </span>
    </p>
   </div>
   <div class='ocr_carea' id='block_1_95' title="bbox 607 4915 2202 4987">
    <p class='ocr_par' dir='ltr' id='par_1_95' title="bbox 607 4915 2202 4987">
     <span class='ocr_line' id='line_1_95' title="bbox 607 4915 2202 4987; baseline 0 -15"><span class='ocrx_word' id='word_1_700' title='bbox 607 4918 702 4972; x_wconf 82' lang='lat' dir='ltr'><strong>die</strong></span> <span class='ocrx_word' id='word_1_701' title='bbox 740 4915 1043 4971; x_wconf 86' lang='lat' dir='ltr'><strong>Parasceve</strong></span> <span class='ocrx_word' id='word_1_702' title='bbox 1078 4931 1241 4986; x_wconf 87' lang='lat' dir='ltr'><strong>supra</strong></span> <span class='ocrx_word' id='word_1_703' title='bbox 1285 4917 1466 4986; x_wconf 88' lang='lat' dir='ltr'><strong>ipsum</strong></span> <span class='ocrx_word' id='word_1_704' title='bbox 1508 4917 1682 4973; x_wconf 88' lang='lat' dir='ltr'><strong>altare</strong></span> <span class='ocrx_word' id='word_1_705' title='bbox 1726 4918 1908 4987; x_wconf 91' lang='lat' dir='ltr'><strong>majus</strong></span> <span class='ocrx_word' id='word_1_706' title='bbox 1955 4915 2013 4972; x_wconf 92' lang='lat' dir='ltr'><strong>S.</strong></span> <span class='ocrx_word' id='word_1_707' title='bbox 2057 4916 2202 4972; x_wconf 81' lang='lat' dir='ltr'><strong>Petri</strong></span> 
     </span>
    </p>
   </div>
   <div class='ocr_carea' id='block_1_96' title="bbox 545 5007 2197 5091">
    <p class='ocr_par' dir='ltr' id='par_1_96' title="bbox 545 5007 2197 5091">
     <span class='ocr_line' id='line_1_96' title="bbox 545 5007 2197 5091; baseline 0 -26"><span class='ocrx_word' id='word_1_708' title='bbox 545 5081 553 5091; x_wconf 84' lang='lat'><em>_</em></span> <span class='ocrx_word' id='word_1_709' title='bbox 608 5018 790 5068; x_wconf 76' lang='lat' dir='ltr'><strong>totum</strong></span> <span class='ocrx_word' id='word_1_710' title='bbox 823 5007 1063 5066; x_wconf 71' lang='lat' dir='ltr'><strong>oﬂcium</strong></span> <span class='ocrx_word' id='word_1_711' title='bbox 1098 5018 1427 5074; x_wconf 79' lang='lat' dir='ltr'><strong>reverenter,</strong></span> <span class='ocrx_word' id='word_1_712' title='bbox 1460 5018 1523 5065; x_wconf 91' lang='lat' dir='ltr'><strong>ut</strong></span> <span class='ocrx_word' id='word_1_713' title='bbox 1548 5025 1648 5065; x_wconf 88' lang='lat' dir='ltr'><strong>vos</strong></span> <span class='ocrx_word' id='word_1_714' title='bbox 1678 5008 1836 5065; x_wconf 86' lang='lat' dir='ltr'><strong>decet</strong></span> <span class='ocrx_word' id='word_1_715' title='bbox 1874 5017 2197 5079; x_wconf 85' lang='lat' dir='ltr'><strong>vestrosque</strong></span> 
     </span>
    </p>
   </div>
   <div class='ocr_carea' id='block_1_97' title="bbox 532 5099 2194 5173">
    <p class='ocr_par' dir='ltr' id='par_1_97' title="bbox 532 5099 2194 5173">
     <span class='ocr_line' id='line_1_97' title="bbox 532 5099 2194 5173; baseline -0.002 -12"><span class='ocrx_word' id='word_1_716' title='bbox 532 5158 535 5161; x_wconf 36' lang='grc' dir='ltr'><strong><em>λ</em></strong></span> <span class='ocrx_word' id='word_1_717' title='bbox 608 5116 981 5166; x_wconf 82' lang='lat' dir='ltr'><strong>successores,</strong></span> <span class='ocrx_word' id='word_1_718' title='bbox 1006 5099 1244 5167; x_wconf 80' lang='lat' dir='ltr'><strong>faciatis,</strong></span> <span class='ocrx_word' id='word_1_719' title='bbox 1271 5101 1326 5158; x_wconf 91' lang='lat' dir='ltr'><strong>in</strong></span> <span class='ocrx_word' id='word_1_720' title='bbox 1351 5101 1551 5173; x_wconf 89' lang='lat' dir='ltr'><strong>quibus</strong></span> <span class='ocrx_word' id='word_1_721' title='bbox 1574 5102 1751 5157; x_wconf 90' lang='lat' dir='ltr'><strong>tribus</strong></span> <span class='ocrx_word' id='word_1_722' title='bbox 1784 5101 1994 5166; x_wconf 85' lang='lat' dir='ltr'><strong>missis,</strong></span> <span class='ocrx_word' id='word_1_723' title='bbox 2019 5102 2194 5171; x_wconf 89' lang='lat' dir='ltr'><strong>prima</strong></span> 
     </span>
    </p>
   </div>
   <div class='ocr_carea' id='block_1_98' title="bbox 530 5176 2199 5260">
    <p class='ocr_par' dir='ltr' id='par_1_98' title="bbox 530 5176 2199 5260">
     <span class='ocr_line' id='line_1_98' title="bbox 530 5176 2199 5260; baseline 0.002 -13"><span class='ocrx_word' id='word_1_724' title='bbox 606 5193 666 5247; x_wconf 90' lang='lat' dir='ltr'><strong>in</strong></span> <span class='ocrx_word' id='word_1_725' title='bbox 689 5192 860 5248; x_wconf 85' lang='lat' dir='ltr'><strong>missa</strong></span> <span class='ocrx_word' id='word_1_726' title='bbox 891 5192 1230 5259; x_wconf 86' lang='lat' dir='ltr'><strong>Palmarum,</strong></span> <span class='ocrx_word' id='word_1_727' title='bbox 1260 5199 1358 5247; x_wconf 84' lang='lat' dir='ltr'><strong>seu</strong></span> <span class='ocrx_word' id='word_1_728' title='bbox 1383 5194 1438 5247; x_wconf 91' lang='lat' dir='ltr'><strong>in</strong></span> <span class='ocrx_word' id='word_1_729' title='bbox 1464 5192 1632 5248; x_wconf 79' lang='lat' dir='ltr'><strong>missa</strong></span> <span class='ocrx_word' id='word_1_730' title='bbox 1665 5192 1852 5247; x_wconf 72' lang='lat' dir='ltr'><strong>Cmnre</strong></span> <span class='ocrx_word' id='word_1_731' title='bbox 1877 5191 2114 5260; x_wconf 91' lang='lat' dir='ltr'><strong>Domini,</strong></span> <span class='ocrx_word' id='word_1_732' title='bbox 2142 5204 2199 5250; x_wconf 90' lang='lat' dir='ltr'><strong>et</strong></span> 
     </span>
    </p>
   </div>
   <div class='ocr_carea' id='block_1_99' title="bbox 531 5281 2189 5355">
    <p class='ocr_par' dir='ltr' id='par_1_99' title="bbox 531 5281 2189 5355">
     <span class='ocr_line' id='line_1_99' title="bbox 531 5281 2189 5355; baseline 0.002 -19"><span class='ocrx_word' id='word_1_733' title='bbox 531 5297 552 5307; x_wconf 58' lang='grc'><strong>’“</strong></span> <span class='ocrx_word' id='word_1_734' title='bbox 604 5284 666 5337; x_wconf 89' lang='lat' dir='ltr'><strong>in</strong></span> <span class='ocrx_word' id='word_1_735' title='bbox 702 5281 881 5341; x_wconf 71' lang='lat' dir='ltr'><strong>ofﬁcio</strong></span> <span class='ocrx_word' id='word_1_736' title='bbox 911 5281 1233 5348; x_wconf 87' lang='lat' dir='ltr'><strong>Parasceve,</strong></span> <span class='ocrx_word' id='word_1_737' title='bbox 1258 5283 1526 5353; x_wconf 87' lang='lat' dir='ltr'><strong>quidquid</strong></span> <span class='ocrx_word' id='word_1_738' title='bbox 1558 5283 1678 5337; x_wconf 85' lang='lat' dir='ltr'><strong>auri</strong></span> <span class='ocrx_word' id='word_1_739' title='bbox 1725 5282 1809 5337; x_wconf 89' lang='lat' dir='ltr'><strong>vel</strong></span> <span class='ocrx_word' id='word_1_740' title='bbox 1841 5284 2043 5354; x_wconf 82' lang='lat' dir='ltr'><strong>agenti,</strong></span> <span class='ocrx_word' id='word_1_741' title='bbox 2081 5286 2189 5355; x_wconf 87' lang='lat' dir='ltr'><strong>pal-</strong></span> 
     </span>
    </p>
   </div>
   <div class='ocr_carea' id='block_1_100' title="bbox 530 5372 2196 5444">
    <p class='ocr_par' dir='ltr' id='par_1_100' title="bbox 530 5372 2196 5444">
     <span class='ocr_line' id='line_1_100' title="bbox 530 5372 2196 5444; baseline 0.002 -16"><span class='ocrx_word' id='word_1_742' title='bbox 530 5430 536 5441; x_wconf 29' lang='grc' dir='ltr'><strong>α</strong></span> <span class='ocrx_word' id='word_1_743' title='bbox 607 5372 689 5439; x_wconf 85' lang='lat' dir='ltr'><strong>lii,</strong></span> <span class='ocrx_word' id='word_1_744' title='bbox 733 5387 833 5430; x_wconf 88' lang='lat' dir='ltr'><strong>seu</strong></span> <span class='ocrx_word' id='word_1_745' title='bbox 878 5388 1038 5440; x_wconf 77' lang='lat' dir='ltr'><strong>certe,</strong></span> <span class='ocrx_word' id='word_1_746' title='bbox 1074 5372 1159 5428; x_wconf 90' lang='lat' dir='ltr'><strong>vel</strong></span> <span class='ocrx_word' id='word_1_747' title='bbox 1199 5373 1430 5428; x_wconf 90' lang='lat' dir='ltr'><strong>aliarum</strong></span> <span class='ocrx_word' id='word_1_748' title='bbox 1472 5388 1654 5428; x_wconf 89' lang='lat' dir='ltr'><strong>rerum</strong></span> <span class='ocrx_word' id='word_1_749' title='bbox 1698 5388 1864 5444; x_wconf 61' lang='lat' dir='ltr'><strong>septa</strong></span> <span class='ocrx_word' id='word_1_750' title='bbox 1889 5374 2006 5444; x_wconf 91' lang='lat' dir='ltr'><strong>jam</strong></span> <span class='ocrx_word' id='word_1_751' title='bbox 2046 5374 2196 5432; x_wconf 83' lang='lat' dir='ltr'><strong>dicto</strong></span> 
     </span>
    </p>
   </div>
   <div class='ocr_carea' id='block_1_101' title="bbox 606 5463 2195 5537">
    <p class='ocr_par' dir='ltr' id='par_1_101' title="bbox 606 5463 2195 5537">
     <span class='ocr_line' id='line_1_101' title="bbox 606 5463 2195 5537; baseline 0.001 -17"><span class='ocrx_word' id='word_1_752' title='bbox 606 5465 768 5521; x_wconf 80' lang='lat' dir='ltr'><strong>altari</strong></span> <span class='ocrx_word' id='word_1_753' title='bbox 799 5463 857 5520; x_wconf 93' lang='grc'><strong>8.</strong></span> <span class='ocrx_word' id='word_1_754' title='bbox 889 5464 1058 5533; x_wconf 89' lang='lat' dir='ltr'><strong>Petri,</strong></span> <span class='ocrx_word' id='word_1_755' title='bbox 1094 5466 1210 5521; x_wconf 88' lang='lat' dir='ltr'><strong>sive</strong></span> <span class='ocrx_word' id='word_1_756' title='bbox 1233 5464 1289 5519; x_wconf 92' lang='lat' dir='ltr'><strong>in</strong></span> <span class='ocrx_word' id='word_1_757' title='bbox 1333 5463 1680 5521; x_wconf 85' lang='lat' dir='ltr'><strong>confessione</strong></span> <span class='ocrx_word' id='word_1_758' title='bbox 1709 5467 1950 5536; x_wconf 90' lang='lat' dir='ltr'><strong>positum</strong></span> <span class='ocrx_word' id='word_1_759' title='bbox 1985 5477 2082 5521; x_wconf 88' lang='lat' dir='ltr'><strong>aut</strong></span> <span class='ocrx_word' id='word_1_760' title='bbox 2108 5468 2195 5537; x_wconf 81' lang='lat' dir='ltr'><strong>ja-</strong></span> 
     </span>
    </p>
   </div>
   <div class='ocr_carea' id='block_1_102' title="bbox 609 5553 2194 5627">
    <p class='ocr_par' dir='ltr' id='par_1_102' title="bbox 609 5553 2194 5627">
     <span class='ocr_line' id='line_1_102' title="bbox 609 5553 2194 5627; baseline 0.003 -19"><span class='ocrx_word' id='word_1_761' title='bbox 609 5563 816 5610; x_wconf 80' lang='lat' dir='ltr'><strong>ctatum</strong></span> <span class='ocrx_word' id='word_1_762' title='bbox 847 5553 1034 5621; x_wconf 88' lang='lat' dir='ltr'><strong>fuerit,</strong></span> <span class='ocrx_word' id='word_1_763' title='bbox 1057 5556 1140 5612; x_wconf 88' lang='lat' dir='ltr'><strong>vel</strong></span> <span class='ocrx_word' id='word_1_764' title='bbox 1168 5555 1323 5610; x_wconf 89' lang='lat' dir='ltr'><strong>vobis</strong></span> <span class='ocrx_word' id='word_1_765' title='bbox 1363 5554 1608 5610; x_wconf 90' lang='lat' dir='ltr'><strong>oblatum</strong></span> <span class='ocrx_word' id='word_1_766' title='bbox 1647 5555 1717 5609; x_wconf 86' lang='lat' dir='ltr'><strong>ab</strong></span> <span class='ocrx_word' id='word_1_767' title='bbox 1756 5555 1891 5610; x_wconf 81' lang='lat' dir='ltr'><strong>hora</strong></span> <span class='ocrx_word' id='word_1_768' title='bbox 1929 5570 2036 5625; x_wconf 89' lang='lat' dir='ltr'><strong>qua</strong></span> <span class='ocrx_word' id='word_1_769' title='bbox 2062 5556 2194 5627; x_wconf 68' lang='lat' dir='ltr'><strong>ipsae</strong></span> 
     </span>
    </p>
   </div>
   <div class='ocr_carea' id='block_1_103' title="bbox 608 5645 2195 5719">
    <p class='ocr_par' dir='ltr' id='par_1_103' title="bbox 608 5645 2195 5719">
     <span class='ocr_line' id='line_1_103' title="bbox 608 5645 2195 5719; baseline 0.001 -18"><span class='ocrx_word' id='word_1_770' title='bbox 608 5646 795 5703; x_wconf 64' lang='lat' dir='ltr'><strong>missa:</strong></span> <span class='ocrx_word' id='word_1_771' title='bbox 831 5655 888 5702; x_wconf 88' lang='lat' dir='ltr'><strong>et</strong></span> <span class='ocrx_word' id='word_1_772' title='bbox 934 5646 1108 5702; x_wconf 76' lang='lat' dir='ltr'><strong>ofﬁcia</strong></span> <span class='ocrx_word' id='word_1_773' title='bbox 1158 5647 1414 5702; x_wconf 83' lang='lat' dir='ltr'><strong>inchoata</strong></span> <span class='ocrx_word' id='word_1_774' title='bbox 1461 5645 1666 5701; x_wconf 79' lang='lat' dir='ltr'><strong>fuerint</strong></span> <span class='ocrx_word' id='word_1_775' title='bbox 1707 5655 1763 5702; x_wconf 87' lang='lat' dir='ltr'><strong>et</strong></span> <span class='ocrx_word' id='word_1_776' title='bbox 1804 5648 2040 5718; x_wconf 78' lang='lat' dir='ltr'><strong>expleta,</strong></span> <span class='ocrx_word' id='word_1_777' title='bbox 2096 5664 2195 5719; x_wconf 88' lang='lat' dir='ltr'><strong>per</strong></span> 
     </span>
    </p>
   </div>
   <div class='ocr_carea' id='block_1_104' title="bbox 606 5739 2194 5809">
    <p class='ocr_par' dir='ltr' id='par_1_104' title="bbox 606 5739 2194 5809">
     <span class='ocr_line' id='line_1_104' title="bbox 606 5739 2194 5809; baseline 0.003 -17"><span class='ocrx_word' id='word_1_778' title='bbox 606 5747 821 5793; x_wconf 84' lang='lat' dir='ltr'><strong>vestros</strong></span> <span class='ocrx_word' id='word_1_779' title='bbox 846 5739 1098 5794; x_wconf 79' lang='lat' dir='ltr'><strong>custodes</strong></span> <span class='ocrx_word' id='word_1_780' title='bbox 1127 5739 1183 5793; x_wconf 93' lang='lat' dir='ltr'><strong>in</strong></span> <span class='ocrx_word' id='word_1_781' title='bbox 1207 5748 1441 5794; x_wconf 86' lang='lat' dir='ltr'><strong>vestram</strong></span> <span class='ocrx_word' id='word_1_782' title='bbox 1464 5749 1885 5809; x_wconf 86' lang='lat' dir='ltr'><strong>vestrorumque</strong></span> <span class='ocrx_word' id='word_1_783' title='bbox 1907 5755 2194 5797; x_wconf 88' lang='lat' dir='ltr'><strong>successo-</strong></span> 
     </span>
    </p>
   </div>
   <div class='ocr_carea' id='block_1_105' title="bbox 608 5829 2191 5897">
    <p class='ocr_par' dir='ltr' id='par_1_105' title="bbox 608 5829 2191 5897">
     <span class='ocr_line' id='line_1_105' title="bbox 608 5829 2191 5897; baseline 0.002 -9"><span class='ocrx_word' id='word_1_784' title='bbox 608 5844 752 5897; x_wconf 80' lang='lat' dir='ltr'><strong>rum,</strong></span> <span class='ocrx_word' id='word_1_785' title='bbox 792 5829 1045 5887; x_wconf 69' lang='lat' dir='ltr'><strong>similiter</strong></span> <span class='ocrx_word' id='word_1_786' title='bbox 1079 5839 1288 5889; x_wconf 77' lang='lat' dir='ltr'><strong>remota</strong></span> <span class='ocrx_word' id='word_1_787' title='bbox 1331 5831 1481 5889; x_wconf 90' lang='lat' dir='ltr'><strong>omni</strong></span> <span class='ocrx_word' id='word_1_788' title='bbox 1524 5829 1979 5889; x_wconf 87' lang='lat' dir='ltr'><strong>contradictione.</strong></span> <span class='ocrx_word' id='word_1_789' title='bbox 2031 5833 2191 5891; x_wconf 81' lang='lat' dir='ltr'><strong>deve-</strong></span> 
     </span>
    </p>
   </div>
   <div class='ocr_carea' id='block_1_106' title="bbox 2072 6074 2098 6104">
    <p class='ocr_par' dir='ltr' id='par_1_106' title="bbox 2072 6074 2098 6104">
     <span class='ocr_line' id='line_1_106' title="bbox 2072 6074 2098 6104; baseline 0 0"><span class='ocrx_word' id='word_1_790' title='bbox 2072 6074 2098 6104; x_wconf 67' lang='grc' dir='ltr'>δ</span> 
     </span>
    </p>
   </div>
   <div class='ocr_carea' id='block_1_107' title="bbox 2304 4630 3838 4706">
    <p class='ocr_par' dir='ltr' id='par_1_107' title="bbox 2304 4630 3838 4706">
     <span class='ocr_line' id='line_1_107' title="bbox 2304 4630 3838 4706; baseline -0.005 -14"><span class='ocrx_word' id='word_1_791' title='bbox 2304 4636 2589 4706; x_wconf 85' lang='lat' dir='ltr'><strong>antiquum</strong></span> <span class='ocrx_word' id='word_1_792' title='bbox 2617 4644 2825 4690; x_wconf 81' lang='lat' dir='ltr'><strong>murem</strong></span> <span class='ocrx_word' id='word_1_793' title='bbox 2856 4634 2924 4689; x_wconf 89' lang='lat' dir='ltr'><strong>ad</strong></span> <span class='ocrx_word' id='word_1_794' title='bbox 2955 4632 3236 4700; x_wconf 85' lang='lat' dir='ltr'><strong>Staﬁilem,</strong></span> <span class='ocrx_word' id='word_1_795' title='bbox 3274 4634 3369 4688; x_wconf 86' lang='lat' dir='ltr'><strong>ubi</strong></span> <span class='ocrx_word' id='word_1_796' title='bbox 3390 4633 3461 4688; x_wconf 87' lang='lat' dir='ltr'><strong>de</strong></span> <span class='ocrx_word' id='word_1_797' title='bbox 3499 4647 3643 4703; x_wconf 89' lang='lat' dir='ltr'><strong>equo</strong></span> <span class='ocrx_word' id='word_1_798' title='bbox 3660 4630 3838 4685; x_wconf 76' lang='lat' dir='ltr'><strong>descen-</strong></span> 
     </span>
    </p>
   </div>
   <div class='ocr_carea' id='block_1_108' title="bbox 2302 4720 3837 4797">
    <p class='ocr_par' dir='ltr' id='par_1_108' title="bbox 2302 4720 3837 4797">
     <span class='ocr_line' id='line_1_108' title="bbox 2302 4720 3837 4797; baseline -0.008 -12"><span class='ocrx_word' id='word_1_799' title='bbox 2302 4729 2506 4792; x_wconf 88' lang='lat' dir='ltr'><strong>dimus,</strong></span> <span class='ocrx_word' id='word_1_800' title='bbox 2533 4743 2636 4783; x_wconf 88' lang='lat' dir='ltr'><strong>nos</strong></span> <span class='ocrx_word' id='word_1_801' title='bbox 2669 4735 3001 4797; x_wconf 86' lang='lat' dir='ltr'><strong>nostrosque</strong></span> <span class='ocrx_word' id='word_1_802' title='bbox 3031 4740 3382 4782; x_wconf 86' lang='lat' dir='ltr'><strong>successores</strong></span> <span class='ocrx_word' id='word_1_803' title='bbox 3415 4724 3674 4795; x_wconf 88' lang='lat' dir='ltr'><strong>recipitis,</strong></span> <span class='ocrx_word' id='word_1_804' title='bbox 3697 4720 3837 4776; x_wconf 85' lang='lat' dir='ltr'><strong>chiro-</strong></span> 
     </span>
    </p>
   </div>
   <div class='ocr_carea' id='block_1_109' title="bbox 2303 4806 3925 4891">
    <p class='ocr_par' dir='ltr' id='par_1_109' title="bbox 2303 4806 3925 4891">
     <span class='ocr_line' id='line_1_109' title="bbox 2303 4806 3925 4891; baseline -0.009 -15"><span class='ocrx_word' id='word_1_805' title='bbox 2303 4822 2512 4887; x_wconf 87' lang='lat' dir='ltr'><strong>thecas,</strong></span> <span class='ocrx_word' id='word_1_806' title='bbox 2550 4820 2753 4891; x_wconf 88' lang='lat' dir='ltr'><strong>quibus</strong></span> <span class='ocrx_word' id='word_1_807' title='bbox 2775 4820 2941 4875; x_wconf 85' lang='lat' dir='ltr'><strong>etiam</strong></span> <span class='ocrx_word' id='word_1_808' title='bbox 2966 4820 3036 4874; x_wconf 90' lang='lat' dir='ltr'><strong>ad</strong></span> <span class='ocrx_word' id='word_1_809' title='bbox 3058 4820 3284 4874; x_wconf 87' lang='lat' dir='ltr'><strong>missam</strong></span> <span class='ocrx_word' id='word_1_810' title='bbox 3318 4820 3399 4874; x_wconf 90' lang='lat' dir='ltr'><strong>uti</strong></span> <span class='ocrx_word' id='word_1_811' title='bbox 3425 4818 3577 4874; x_wconf 91' lang='lat' dir='ltr'><strong>soliti</strong></span> <span class='ocrx_word' id='word_1_812' title='bbox 3607 4817 3759 4872; x_wconf 86' lang='lat' dir='ltr'><strong>simus</strong></span> <span class='ocrx_word' id='word_1_813' title='bbox 3786 4806 3833 4862; x_wconf 77' lang='lat' dir='ltr'><strong>ad</strong></span> <span class='ocrx_word' id='word_1_814' title='bbox 3924 4856 3925 4859; x_wconf 47' lang='grc' dir='ltr'><strong>η</strong></span> 
     </span>
    </p>
   </div>
   <div class='ocr_carea' id='block_1_110' title="bbox 2303 4904 3923 4993">
    <p class='ocr_par' dir='ltr' id='par_1_110' title="bbox 2303 4904 3923 4993">
     <span class='ocr_line' id='line_1_110' title="bbox 2303 4904 3923 4993; baseline -0.007 -22"><span class='ocrx_word' id='word_1_815' title='bbox 2303 4916 2625 4971; x_wconf 88' lang='lat' dir='ltr'><strong>memoriam</strong></span> <span class='ocrx_word' id='word_1_816' title='bbox 2657 4915 2867 4972; x_wconf 86' lang='lat' dir='ltr'><strong>servitii</strong></span> <span class='ocrx_word' id='word_1_817' title='bbox 2910 4916 3110 4981; x_wconf 83' lang='lat' dir='ltr'><strong>nostri,</strong></span> <span class='ocrx_word' id='word_1_818' title='bbox 3147 4915 3244 4985; x_wconf 90' lang='lat' dir='ltr'><strong>qui</strong></span> <span class='ocrx_word' id='word_1_819' title='bbox 3289 4929 3505 4983; x_wconf 81' lang='lat' dir='ltr'><strong>semper</strong></span> <span class='ocrx_word' id='word_1_820' title='bbox 3544 4927 3672 4983; x_wconf 84' lang='lat' dir='ltr'><strong>pare</strong></span> <span class='ocrx_word' id='word_1_821' title='bbox 3709 4906 3754 4961; x_wconf 89' lang='lat' dir='ltr'><strong>S.</strong></span> <span class='ocrx_word' id='word_1_822' title='bbox 3783 4904 3827 4956; x_wconf 80' lang='lat' dir='ltr'><strong>ll.</strong></span> 
     </span>
    </p>
   </div>
   <div class='ocr_carea' id='block_1_111' title="bbox 2303 4995 3921 5077">
    <p class='ocr_par' dir='ltr' id='par_1_111' title="bbox 2303 4995 3921 5077">
     <span class='ocr_line' id='line_1_111' title="bbox 2303 4995 3921 5077; baseline -0.004 -13"><span class='ocrx_word' id='word_1_823' title='bbox 2303 5006 2559 5065; x_wconf 52' lang='lat' dir='ltr'><strong>Ecclesia.</strong></span> <span class='ocrx_word' id='word_1_824' title='bbox 2581 5006 2795 5064; x_wconf 84' lang='lat' dir='ltr'><strong>fecistis</strong></span> <span class='ocrx_word' id='word_1_825' title='bbox 2821 5006 3089 5077; x_wconf 83' lang='lat' dir='ltr'><strong>nobisque</strong></span> <span class='ocrx_word' id='word_1_826' title='bbox 3125 5015 3180 5061; x_wconf 92' lang='lat' dir='ltr'><strong>et</strong></span> <span class='ocrx_word' id='word_1_827' title='bbox 3205 5005 3648 5061; x_wconf 84' lang='lat' dir='ltr'><strong>antecessoribus</strong></span> <span class='ocrx_word' id='word_1_828' title='bbox 3676 4995 3828 5055; x_wconf 63' lang='lat' dir='ltr'><strong>nosuis</strong></span> <span class='ocrx_word' id='word_1_829' title='bbox 3918 4996 3921 5077; x_wconf 43' lang='grc' dir='ltr'>ᾖ</span> 
     </span>
    </p>
   </div>
   <div class='ocr_carea' id='block_1_112' title="bbox 2305 5060 3919 5163">
    <p class='ocr_par' dir='ltr' id='par_1_112' title="bbox 2305 5060 3919 5163">
     <span class='ocr_line' id='line_1_112' title="bbox 2305 5060 3919 5163; baseline -0.007 -9"><span class='ocrx_word' id='word_1_830' title='bbox 2305 5115 2418 5154; x_wconf 72' lang='lat' dir='ltr'><strong>ton</strong></span> <span class='ocrx_word' id='word_1_831' title='bbox 2443 5100 2622 5156; x_wconf 90' lang='lat' dir='ltr'><strong>solum</strong></span> <span class='ocrx_word' id='word_1_832' title='bbox 2664 5108 2737 5163; x_wconf 88' lang='lat' dir='ltr'><strong>te,</strong></span> <span class='ocrx_word' id='word_1_833' title='bbox 2778 5099 2872 5154; x_wconf 88' lang='lat' dir='ltr'><strong>sed</strong></span> <span class='ocrx_word' id='word_1_834' title='bbox 2903 5114 3101 5154; x_wconf 90' lang='lat' dir='ltr'><strong>omnes</strong></span> <span class='ocrx_word' id='word_1_835' title='bbox 3130 5106 3259 5153; x_wconf 92' lang='lat' dir='ltr'><strong>tuos</strong></span> <span class='ocrx_word' id='word_1_836' title='bbox 3291 5112 3635 5153; x_wconf 87' lang='lat' dir='ltr'><strong>successores</strong></span> <span class='ocrx_word' id='word_1_837' title='bbox 3662 5092 3824 5162; x_wconf 78' lang='lat' dir='ltr'><strong>episco-</strong></span> 
     </span>
    </p>
   </div>
   <div class='ocr_carea' id='block_1_113' title="bbox 2303 5189 3820 5263">
    <p class='ocr_par' dir='ltr' id='par_1_113' title="bbox 2303 5189 3820 5263">
     <span class='ocr_line' id='line_1_113' title="bbox 2303 5189 3820 5263; baseline -0.005 -15"><span class='ocrx_word' id='word_1_838' title='bbox 2303 5207 2426 5263; x_wconf 89' lang='lat' dir='ltr'><strong>pos,</strong></span> <span class='ocrx_word' id='word_1_839' title='bbox 2485 5189 2933 5247; x_wconf 82' lang='lat' dir='ltr'><strong>bibliothecarios</strong></span> <span class='ocrx_word' id='word_1_840' title='bbox 2991 5190 3135 5246; x_wconf 90' lang='lat' dir='ltr'><strong>sedis</strong></span> <span class='ocrx_word' id='word_1_841' title='bbox 3192 5198 3397 5245; x_wconf 65' lang='lat' dir='ltr'><strong>nost‘te</strong></span> <span class='ocrx_word' id='word_1_842' title='bbox 3448 5203 3572 5245; x_wconf 86' lang='lat' dir='ltr'><strong>esse</strong></span> <span class='ocrx_word' id='word_1_843' title='bbox 3619 5192 3820 5257; x_wconf 73' lang='lat' dir='ltr'><strong>peper</strong></span> 
     </span>
    </p>
   </div>
   <div class='ocr_carea' id='block_1_114' title="bbox 2303 5271 3913 5377">
    <p class='ocr_par' dir='ltr' id='par_1_114' title="bbox 2303 5271 3913 5377">
     <span class='ocr_line' id='line_1_114' title="bbox 2303 5271 3913 5377; baseline -0.004 -38"><span class='ocrx_word' id='word_1_844' title='bbox 2303 5284 2599 5354; x_wconf 85' lang='lat' dir='ltr'><strong>apostolica</strong></span> <span class='ocrx_word' id='word_1_845' title='bbox 2652 5283 2978 5339; x_wconf 86' lang='lat' dir='ltr'><strong>auctoritate</strong></span> <span class='ocrx_word' id='word_1_846' title='bbox 3020 5298 3331 5346; x_wconf 86' lang='lat' dir='ltr'><strong>censemus,</strong></span> <span class='ocrx_word' id='word_1_847' title='bbox 3371 5291 3427 5337; x_wconf 89' lang='lat' dir='ltr'><strong>et</strong></span> <span class='ocrx_word' id='word_1_848' title='bbox 3456 5282 3662 5344; x_wconf 65' lang='lat' dir='ltr'><strong>mexito,</strong></span> <span class='ocrx_word' id='word_1_849' title='bbox 3687 5271 3816 5371; x_wconf 51' lang='lat' dir='ltr'><strong>quiin</strong></span> <span class='ocrx_word' id='word_1_850' title='bbox 3912 5310 3913 5377; x_wconf 33' lang='grc' dir='ltr'>ι</span> 
     </span>
    </p>
   </div>
   <div class='ocr_carea' id='block_1_115' title="bbox 2306 5372 3813 5447">
    <p class='ocr_par' dir='ltr' id='par_1_115' title="bbox 2306 5372 3813 5447">
     <span class='ocr_line' id='line_1_115' title="bbox 2306 5372 3813 5447; baseline -0.008 -15"><span class='ocrx_word' id='word_1_851' title='bbox 2306 5378 2604 5447; x_wconf 88' lang='lat' dir='ltr'><strong>apostolica</strong></span> <span class='ocrx_word' id='word_1_852' title='bbox 2647 5374 2889 5432; x_wconf 85' lang='lat' dir='ltr'><strong>Ecclesia</strong></span> <span class='ocrx_word' id='word_1_853' title='bbox 2931 5375 3234 5439; x_wconf 82' lang='lat' dir='ltr'><strong>desudatis,</strong></span> <span class='ocrx_word' id='word_1_854' title='bbox 3277 5376 3334 5429; x_wconf 81' lang='lat' dir='ltr'><strong>in</strong></span> <span class='ocrx_word' id='word_1_855' title='bbox 3373 5372 3677 5444; x_wconf 85' lang='lat' dir='ltr'><strong>apostolicis</strong></span> <span class='ocrx_word' id='word_1_856' title='bbox 3714 5377 3813 5421; x_wconf 77' lang='lat' dir='ltr'><strong>sm-</strong></span> 
     </span>
    </p>
   </div>
   <div class='ocr_carea' id='block_1_116' title="bbox 2300 5463 3810 5540">
    <p class='ocr_par' dir='ltr' id='par_1_116' title="bbox 2300 5463 3810 5540">
     <span class='ocr_line' id='line_1_116' title="bbox 2300 5463 3810 5540; baseline -0.011 -16"><span class='ocrx_word' id='word_1_857' title='bbox 2300 5470 2409 5540; x_wconf 87' lang='lat' dir='ltr'><strong>ptis</strong></span> <span class='ocrx_word' id='word_1_858' title='bbox 2431 5468 2618 5524; x_wconf 89' lang='lat' dir='ltr'><strong>ﬁdeles</strong></span> <span class='ocrx_word' id='word_1_859' title='bbox 2671 5475 2841 5524; x_wconf 87' lang='lat' dir='ltr'><strong>testes</strong></span> <span class='ocrx_word' id='word_1_860' title='bbox 2869 5482 3083 5537; x_wconf 88' lang='lat' dir='ltr'><strong>semper</strong></span> <span class='ocrx_word' id='word_1_861' title='bbox 3128 5465 3396 5521; x_wconf 81' lang='lat' dir='ltr'><strong>existatis.</strong></span> <span class='ocrx_word' id='word_1_862' title='bbox 3444 5463 3688 5519; x_wconf 69' lang='lat' dir='ltr'><strong>Pnedicta</strong></span> <span class='ocrx_word' id='word_1_863' title='bbox 3721 5468 3810 5509; x_wconf 71' lang='lat' dir='ltr'><strong>ven</strong></span> 
     </span>
    </p>
   </div>
   <div class='ocr_carea' id='block_1_117' title="bbox 2301 5545 3807 5631">
    <p class='ocr_par' dir='ltr' id='par_1_117' title="bbox 2301 5545 3807 5631">
     <span class='ocr_line' id='line_1_117' title="bbox 2301 5545 3807 5631; baseline -0.009 -13"><span class='ocrx_word' id='word_1_864' title='bbox 2301 5562 2485 5618; x_wconf 86' lang='lat' dir='ltr'><strong>omnia</strong></span> <span class='ocrx_word' id='word_1_865' title='bbox 2510 5561 2656 5617; x_wconf 90' lang='lat' dir='ltr'><strong>sicut</strong></span> <span class='ocrx_word' id='word_1_866' title='bbox 2676 5560 2932 5631; x_wconf 88' lang='lat' dir='ltr'><strong>superius</strong></span> <span class='ocrx_word' id='word_1_867' title='bbox 2952 5559 3100 5615; x_wconf 87' lang='lat' dir='ltr'><strong>dicta</strong></span> <span class='ocrx_word' id='word_1_868' title='bbox 3144 5567 3275 5615; x_wconf 90' lang='lat' dir='ltr'><strong>sunt</strong></span> <span class='ocrx_word' id='word_1_869' title='bbox 3305 5574 3336 5613; x_wconf 92' lang='lat' dir='ltr'><strong>a</strong></span> <span class='ocrx_word' id='word_1_870' title='bbox 3363 5558 3610 5629; x_wconf 58' lang='lat' dir='ltr'><strong>pradicta</strong></span> <span class='ocrx_word' id='word_1_871' title='bbox 3637 5570 3681 5608; x_wconf 79' lang='lat' dir='ltr'><strong>vi</strong></span> <span class='ocrx_word' id='word_1_872' title='bbox 3709 5545 3807 5603; x_wconf 76' lang='lat' dir='ltr'><strong>iui-</strong></span> 
     </span>
    </p>
   </div>
   <div class='ocr_carea' id='block_1_118' title="bbox 2299 5647 3803 5722">
    <p class='ocr_par' dir='ltr' id='par_1_118' title="bbox 2299 5647 3803 5722">
     <span class='ocr_line' id='line_1_118' title="bbox 2299 5647 3803 5722; baseline -0.007 -13"><span class='ocrx_word' id='word_1_873' title='bbox 2299 5656 2504 5721; x_wconf 90' lang='lat' dir='ltr'><strong>ctione,</strong></span> <span class='ocrx_word' id='word_1_874' title='bbox 2555 5669 2662 5708; x_wconf 90' lang='lat' dir='ltr'><strong>una</strong></span> <span class='ocrx_word' id='word_1_875' title='bbox 2702 5668 2831 5709; x_wconf 79' lang='lat' dir='ltr'><strong>cum</strong></span> <span class='ocrx_word' id='word_1_876' title='bbox 2874 5668 2969 5706; x_wconf 79' lang='lat' dir='ltr'><strong>sex</strong></span> <span class='ocrx_word' id='word_1_877' title='bbox 3012 5651 3263 5722; x_wconf 87' lang='lat' dir='ltr'><strong>partibus</strong></span> <span class='ocrx_word' id='word_1_878' title='bbox 3312 5651 3526 5706; x_wconf 84' lang='lat' dir='ltr'><strong>ﬁlorum</strong></span> <span class='ocrx_word' id='word_1_879' title='bbox 3574 5647 3803 5703; x_wconf 67' lang='lat' dir='ltr'><strong>saliuam-</strong></span> 
     </span>
    </p>
   </div>
   <div class='ocr_carea' id='block_1_119' title="bbox 2298 5734 3799 5817">
    <p class='ocr_par' dir='ltr' id='par_1_119' title="bbox 2298 5734 3799 5817">
     <span class='ocr_line' id='line_1_119' title="bbox 2298 5734 3799 5817; baseline -0.006 -15"><span class='ocrx_word' id='word_1_880' title='bbox 2298 5747 2494 5817; x_wconf 64' lang='lat' dir='ltr'><strong>positis</strong></span> <span class='ocrx_word' id='word_1_881' title='bbox 2541 5745 2597 5799; x_wconf 83' lang='lat' dir='ltr'><strong>in</strong></span> <span class='ocrx_word' id='word_1_882' title='bbox 2639 5744 2826 5814; x_wconf 85' lang='lat' dir='ltr'><strong>pedica</strong></span> <span class='ocrx_word' id='word_1_883' title='bbox 2870 5759 3011 5798; x_wconf 82' lang='lat' dir='ltr'><strong>nova</strong></span> <span class='ocrx_word' id='word_1_884' title='bbox 3057 5743 3289 5797; x_wconf 84' lang='lat' dir='ltr'><strong>invicem</strong></span> <span class='ocrx_word' id='word_1_885' title='bbox 3329 5742 3432 5797; x_wconf 79' lang='lat' dir='ltr'><strong>sibi</strong></span> <span class='ocrx_word' id='word_1_886' title='bbox 3454 5734 3799 5795; x_wconf 50' lang='lat' dir='ltr'><strong>cohaerentius</strong></span> 
     </span>
    </p>
   </div>
   <div class='ocr_carea' id='block_1_120' title="bbox 2293 5822 3797 5910">
    <p class='ocr_par' dir='ltr' id='par_1_120' title="bbox 2293 5822 3797 5910">
     <span class='ocr_line' id='line_1_120' title="bbox 2293 5822 3797 5910; baseline -0.011 -15"><span class='ocrx_word' id='word_1_887' title='bbox 2293 5840 2448 5910; x_wconf 74' lang='lat' dir='ltr'><strong>juxta</strong></span> <span class='ocrx_word' id='word_1_888' title='bbox 2492 5837 2613 5894; x_wconf 81' lang='lat' dir='ltr'><strong>ﬁlos</strong></span> <span class='ocrx_word' id='word_1_889' title='bbox 2660 5837 2932 5893; x_wconf 66' lang='lat' dir='ltr'><strong>btet-edunt</strong></span> <span class='ocrx_word' id='word_1_890' title='bbox 2986 5835 3215 5893; x_wconf 63' lang='lat' dir='ltr'><strong>’Juannis</strong></span> <span class='ocrx_word' id='word_1_891' title='bbox 3255 5835 3376 5907; x_wconf 74' lang='lat' dir='ltr'><strong>We,</strong></span> <span class='ocrx_word' id='word_1_892' title='bbox 3412 5851 3504 5891; x_wconf 86' lang='lat' dir='ltr'><strong>seu</strong></span> <span class='ocrx_word' id='word_1_893' title='bbox 3541 5832 3666 5889; x_wconf 74' lang='lat' dir='ltr'><strong>Pcti</strong></span> <span class='ocrx_word' id='word_1_894' title='bbox 3694 5822 3797 5881; x_wconf 66' lang='lat' dir='ltr'><strong>carl.</strong></span> 
     </span>
    </p>
   </div>
  </div>
