4038 6384
258 326 361 384 337

1379 323 1738 382 EPISTOLIE
1775 323 1861 378 ET
1904 320 2320 379 DlPLOMATA.

3352 322 3491 394 ηδε

220 447 379 502 vobis
403 441 706 514 vestrisque
729 442 1147 500 successoribus
1178 441 1472 514 episcopis,
1502 451 1807 511 vestraeque
1835 452 1881 498 Α
1907 440 2128 496 rissimo
2162 439 2321 494 nobis
2354 437 2408 492 in
2436 435 2667 492 Domino
2695 431 2824 489 Jesu
2846 430 3066 488 Clu-isto
3095 432 3204 487 tilio
3230 431 3493 492 Riemann

216 540 387 596 etiam
422 536 665 593 ecclesia:
706 534 807 592 SS.
840 535 1054 593 Ruﬁnae
1101 544 1156 592 et
1196 535 1461 591 Secundae
1508 534 1568 607 in
1610 548 1803 603 perue-

218 640 377 687 tuum
396 630 686 696 donamus,
709 630 996 701 largimur,
1026 629 1379 685 concedimus
1419 635 1474 683 et
1507 626 1802 682 conﬁrma-

219 738 365 788 mus,
388 729 551 791 atque
571 720 883 777 stabilimus
904 720 960 775 in
992 736 1098 776 usu
1126 728 1181 775 et
1215 719 1334 774 utili
1375 718 1552 789 ipsius
1574 732 1804 772 venera-

219 812 346 867 bilis
385 809 678 882 episcopii,
736 816 793 865 et
832 809 1084 865 omnium
1118 809 1501 880 episcoporum
1543 822 1799 872 suorum,

216 904 315 975 qui
360 919 456 973 per
509 910 752 972 tempera
794 902 1070 958 tenuerint
1115 901 1428 972 praedictam
1476 899 1799 964 Ecclesium,

215 1003 523 1051 statuentes
557 996 757 1066 quippe
788 986 1090 1066 apostolica
1115 1009 1367 1060 censura,
1392 993 1497 1048 sub
1526 992 1693 1047 divini
1712 992 1802 1062 ju-

214 1089 349 1144 dicii
370 1088 737 1145 obtestatione
769 1100 823 1143 et
847 1088 1215 1144 anathematis
1247 1087 1557 1152 interdicto,
1585 1094 1645 1141 ut
1666 1086 1800 1141 nulli

215 1194 462 1251 unquam
514 1187 831 1235 nostrorum
880 1194 1264 1236 successorum
1318 1178 1673 1249 pontiﬁcum,
1717 1178 1801 1232 vel

214 1271 313 1341 qui
344 1270 564 1341 publica
594 1267 769 1326 functi
803 1269 1008 1326 fuerint
1047 1270 1293 1333 actione,
1311 1268 1396 1323 vel
1426 1268 1533 1322 alia
1558 1269 1803 1339 qualibet

215 1377 416 1434 magna
446 1376 725 1432 parvaque
759 1375 994 1431 persona
1017 1361 1084 1415 de
1115 1359 1373 1414 omnibus
1399 1375 1521 1429 quae
1548 1359 1801 1429 superius

213 1452 564 1507 continentur
594 1460 787 1507 contra
823 1452 929 1507 hoc
960 1459 1211 1507 nostrum
1240 1449 1549 1520 pontificale
1582 1451 1802 1519 privile—

213 1544 365 1615 gium
399 1559 578 1615 agere,
604 1543 687 1598 vel
710 1543 970 1610 alienare,
1001 1551 1097 1598 aut
1120 1541 1354 1609 auferre,
1387 1542 1472 1597 vel
1496 1541 1801 1598 diminuere

213 1637 415 1693 audeat
442 1637 525 1691 vel
564 1643 878 1706 prtesumat,
908 1636 1003 1693 sed
1053 1636 1237 1706 potius
1272 1636 1430 1690 ﬁrma
1473 1644 1527 1691 et
1581 1637 1799 1692 stabilia

214 1728 492 1800 perpetuis
531 1728 891 1798 temporibus,
939 1727 1105 1783 sicuti
1145 1743 1177 1782 a
1221 1727 1380 1782 nobis
1413 1726 1706 1783 constituta
1746 1737 1800 1785 et

212 1822 537 1879 conﬁrmata
579 1830 709 1877 sunt
755 1820 1100 1877 decernimus
1136 1819 1536 1891 permanenda;
1580 1821 1625 1876 si
1669 1822 1796 1892 quis

214 1921 419 1977 autem,
459 1911 605 1982 quod
645 1926 754 1966 non
798 1919 1076 1981 optamus,
1106 1911 1398 1965 temerario
1429 1926 1569 1966 ausu
1607 1920 1797 1968 contra

216 2003 324 2058 hoc
385 2012 640 2058 nostrum
699 2002 1060 2073 apostolicum
1111 2002 1455 2073 privilegium
1509 2003 1565 2057 in
1614 2004 1798 2074 aliquo

214 2094 513 2161 contraire,
556 2103 611 2150 et
652 2103 1025 2165 transgressor
1058 2110 1183 2150 esse
1223 2096 1662 2165 praesumpserit,
1713 2097 1799 2151 vel

215 2185 462 2258 frangere
507 2203 678 2243 ausus
725 2186 909 2255 fuerit,
951 2196 1005 2243 et
1045 2187 1098 2241 in
1135 2187 1392 2242 omnibus
1433 2187 1715 2251 obediens,
1746 2198 1802 2243 et

214 2278 539 2335 observator
577 2294 700 2335 esse
746 2280 1006 2350 noluerit,
1042 2279 1181 2335 sciat
1225 2295 1286 2334 se
1331 2281 1654 2335 auctoritate
1705 2281 1799 2337 Dei

214 2371 607 2442 omnipotentis
632 2371 849 2427 Domini
885 2372 1082 2438 nostri,
1111 2382 1164 2427 et
1194 2373 1566 2442 apostolorum
1591 2374 1798 2444 princi-

214 2463 301 2537 pis
320 2462 489 2531 Petri,
523 2464 612 2519 cui
640 2464 771 2520 licet
798 2464 1089 2531 immerite,
1117 2463 1212 2518 Dei
1240 2476 1422 2519 tamen
1462 2465 1797 2536 dignatione,

212 2554 457 2626 gerimus
490 2554 689 2622 vicem,
723 2555 1091 2610 anathematis
1126 2555 1347 2610 vinculo
1380 2554 1724 2623 innodatum,
1747 2567 1802 2612 et

210 2662 246 2700 a
292 2660 460 2717 regno
500 2645 596 2701 Dei
660 2647 920 2713 alienum,
976 2655 1142 2717 atque
1185 2663 1312 2702 cum
1358 2645 1497 2702 Juda
1539 2648 1801 2705 traditore

212 2736 432 2792 Domini
463 2738 639 2793 nostri
665 2737 793 2794 Jesu
824 2737 1052 2804 Christi,
1081 2746 1135 2793 et
1177 2739 1434 2795 omnibus
1476 2739 1662 2810 impiis
1703 2757 1797 2796 se-

212 2825 336 2881 cius
371 2825 442 2881 sit
475 2826 531 2880 in
574 2826 808 2882 inferno.
849 2825 954 2893 Qui
982 2842 1113 2882 vero
1146 2827 1237 2897 pio
1277 2828 1478 2882 intuitu
1516 2839 1702 2885 custos
1744 2840 1800 2887 et

208 2919 532 2974 observator
561 2919 727 2990 hujus
750 2919 921 2975 nostri
948 2920 1233 2989 apostolici
1275 2920 1546 2993 privilegii
1571 2923 1797 2979 exstite-

208 3011 314 3076 rit,
356 3011 566 3067 merit-is
613 3021 778 3082 atque
819 3012 1076 3083 precibus
1123 3011 1182 3066 Β.
1231 3011 1378 3068 Petri
1422 3015 1793 3083 apostolorum

1829 1786 1873 1842 B

207 3103 497 3174 principis,
537 3114 592 3159 et
622 3103 721 3158 SS.
760 3115 1064 3176 martyrum
1106 3103 1318 3161 Ruﬁna:
1357 3114 1412 3160 et
1443 3105 1708 3163 Secunda:
1736 3108 1789 3162 in
1822 3143 1863 3199 C

207 3196 461 3253 aethereis
501 3197 723 3252 arcibus
765 3197 987 3266 praemia
1031 3204 1087 3252 et
1125 3196 1522 3253 benedictionis
1562 3200 1790 3270 gratiam

207 3293 377 3355 atque
420 3285 858 3342 misericordiam
909 3301 940 3340 a
985 3286 1138 3356 justo
1171 3287 1357 3356 judice
1403 3287 1635 3343 Domino
1683 3288 1792 3345 Deo

207 3386 421 3445 nostro,
453 3378 732 3449 vitamque
753 3387 1012 3433 aeternam
1042 3378 1320 3449 percipere
1341 3389 1394 3434 et
1418 3379 1662 3437 invenire
1685 3397 1793 3436 nte-

206 3477 394 3527 reatur
421 3470 477 3539 in
500 3471 697 3526 sazeula
722 3471 1069 3527 saeculorum.
1101 3470 1293 3526 Amen.

282 3559 558 3633 Scriptum
599 3577 694 3633 per
730 3578 931 3619 manus
976 3561 1151 3635 Sergi:
1189 3562 1461 3619 scriniarii
1500 3573 1553 3619 et
1595 3567 1790 3620 notarii

208 3653 352 3708 sacri
389 3653 562 3708 nostri
603 3653 827 3724 palatii,
872 3670 1061 3711 mense
1106 3653 1451 3723 Novembris,
1497 3656 1792 3714 indictione

209 3744 584 3815 suprascripta
610 3762 683 3799 vt.
710 3744 855 3802 Bene
888 3747 1081 3802 valete.

280 3834 606 3891 Benedictus
643 3834 701 3891 S.
749 3835 1095 3891 Fallaritanae
1133 3844 1189 3890 et
1220 3834 1544 3892 Castellauze
1581 3837 1787 3907 cpisco-

208 3942 333 3996 pus.
379 3926 491 3998 Ego
529 3926 824 3997 Gregorius
874 3926 931 3981 S.
966 3926 1032 3981 Ii.
1084 3923 1342 3983 Ecclesiae
1376 3927 1694 3998 designatus
1734 3929 1790 3982 in

210 4017 476 4088 regimine
530 4016 588 4072 S.
627 4017 937 4074 Tudertinae
989 4018 1254 4074 ecclesiae.
1301 4017 1417 4090 Ego
1468 4018 1577 4074 Leo
1605 4020 1791 4075 diaco-

210 4126 315 4165 nus
358 4108 415 4164 S.
459 4110 525 4164 R.
558 4111 822 4167 ecclesiae.
875 4110 1198 4167 Benedictus
1229 4112 1644 4185 oblationarius.
1690 4113 1790 4169 Be-

211 4199 459 4254 nedictus
489 4199 782 4256 cardinalis
806 4202 947 4256 tituli
978 4201 1203 4274 Equitii.
1238 4202 1446 4258 Bonizo
1487 4205 1786 4276 presbyter,

206 4298 264 4345 et
291 4290 663 4348 viccdominus
688 4291 746 4347 S.
776 4292 1004 4358 Ruﬁnre,
1045 4303 1099 4350 et
1128 4294 1446 4365 designatus
1474 4297 1646 4366 gratia
1690 4296 1785 4353 Dei

208 4382 495 4453 episcopus
508 4381 817 4440 Tuscanen.
833 4384 944 4456 Ego
955 4384 1309 4443 Crescentius
1332 4387 1703 4444 subdiaconus
1719 4391 1786 4445 de

1903 530 2202 588 venerabili
2237 538 2291 585 et
2312 529 2567 600 religioso
2603 525 2808 592 abbati,
2835 541 2865 580 a
2896 525 3055 582 nobis
3080 537 3403 582 consecrato
3437 538 3497 583 et

1904 624 2155 679 ordinato
2187 620 2543 678 sacratissimi
2568 618 2883 675 monasterii
2907 619 3048 673 beati
3070 616 3342 674 Benedicti
3366 627 3495 676 cor;-

1904 714 2132 772 fessoris
2155 713 2381 781 Christi,
2408 714 2497 770 siti
2528 714 2582 767 in
2618 720 2803 767 monte
2836 710 2932 782 qui
2972 714 3203 767 vocatur
3243 722 3501 779 castrum,

1903 806 2112 873 Casini,
2160 822 2382 877 sumque
2416 807 2574 860 almae
2620 802 3025 875 congregationi
3072 813 3391 874 perpetuam
3434 806 3488 860 in

1903 898 2137 955 Domino
2160 899 2412 954 salutem.
3464 884 3467 895 ’

1975 990 2032 1046 Si
2075 992 2241 1061 petita
2287 990 2585 1062 apostolica
2621 988 2878 1062 suﬁ'ragia
2913 988 3185 1044 universis
3208 980 3490 1055 ecclesxis,

1903 1092 2128 1154 cogente
2152 1083 2460 1138 ministerio
2506 1098 2617 1153 quo
2654 1082 2905 1136 videmur
2937 1081 3171 1151 praediti,
3218 1082 3487 1152 impertiri

1901 1175 2184 1242 debemus,
2225 1192 2348 1246 quae
2383 1175 2689 1246 specialiter
2734 1173 2802 1228 ad
2848 1182 3095 1228 nostrum
3143 1174 3487 1229 solummodo

1902 1269 2268 1337 apostolatqu
2314 1267 2658 1339 respiciunt,
2713 1275 2865 1321 tanto
2923 1266 3088 1321 citius
3127 1252 3486 1337 pleniusque},

1902 1369 2106 1430 quanto
2127 1370 2431 1431 opportune
2453 1361 2540 1416 bis
2563 1360 2804 1431 indigere
2828 1359 3232 1430 cognoscimus,
3259 1360 3488 1429 adipisci

1900 1452 2119 1518 debent,
2150 1463 2211 1507 ut
2237 1453 2385 1507 nulla
2413 1450 2742 1507 indemnitas
2766 1450 3171 1506 venerabilibus
3193 1452 3328 1506 locis
3361 1467 3490 1521 pro-

1900 1544 2088 1600 venire
2120 1545 2312 1616 possit,
2339 1546 2442 1601 sub
2471 1545 2702 1600 tuitione
2731 1543 3046 1614 apostolica:
3075 1544 3337 1614 recc-ptis,
3366 1559 3492 1614 quae

1900 1646 2092 1693 nostro
2116 1638 2343 1693 brachio
2371 1645 2739 1709 repugnante,
2774 1652 2885 1691 non
2931 1636 3341 1692 submoventur.
3386 1636 3491 1691 Ha-

1900 1746 2026 1785 rum
2054 1730 2290 1801 denique
2320 1739 2635 1787 nostrarum
2680 1728 3111 1785 sollicitudinum
3163 1744 3489 1799 recompen-

1898 1831 2134 1877 satorem
2160 1822 2331 1878 Deum
2357 1822 2601 1889 credere,
2622 1837 2786 1892 quem
2816 1821 2873 1876 in
2898 1821 3103 1876 eisdem
3134 1821 3271 1876 locis
3305 1820 3491 1890 quiete

1897 1915 2109 1970 laudari
2129 1924 2406 1986 optamus.
2438 1914 2574 1970 Nam
2600 1922 2756 1969 tanto
2780 1914 2914 1969 inibi
2939 1913 3249 1985 degentium
3295 1913 3486 1968 laudes

1896 2016 1951 2062 et
1973 2022 2161 2077 preces
2181 2016 2345 2063 erunt
2373 2007 2763 2078 acccptabiles,
2807 2014 3014 2077 quanto
3049 2014 3257 2061 mentes
3291 2020 3485 2061 eorum

1897 2099 1968 2154 ab
1989 2102 2138 2153 omni
2161 2100 2590 2169 perturbatione,
2614 2099 2772 2155 nobis
2803 2098 3250 2168 suifragantibus,
3284 2096 3493 2152 fuerint

1898 2191 2291 2261 alienzngitur
2318 2192 2446 2262 quia
2472 2191 2791 2263 postulastis
2812 2206 2843 2245 a
2880 2190 3038 2246 nobis
3066 2198 3338 2260 quatenus
3366 2199 3488 2244 mo—

1900 2284 2201 2340 nasterium
2233 2285 2421 2340 Sancti
2454 2283 2733 2340 Benedicti
2766 2284 2819 2338 in
2843 2292 3028 2338 monte
3056 2283 3260 2339 Casino
3289 2284 3487 2351 situm,

1899 2378 2060 2447 cujus
2095 2378 2311 2433 abbatis
2344 2377 2814 2434 consecrationem
2846 2391 3021 2446 nuper
3042 2391 3110 2431 ex
3135 2375 3280 2432 dono
3302 2376 3488 2446 piissi-

1900 2484 2116 2525 morum
2163 2469 2381 2526 Henrici
2411 2479 2466 2526 et
2499 2468 2761 2534 Conradi,
2788 2468 3176 2538 imperatorum
3207 2467 3488 2523 Romano-

1899 2578 2043 2628 rum,
2081 2563 2444 2633 suscepimus,
2471 2570 2527 2617 et
2554 2576 2651 2632 per
2680 2575 2782 2616 nos
2814 2568 2868 2615 et
2888 2575 3237 2616 successores
3266 2568 3484 2618 nostros

1901 2656 1955 2710 in
1984 2664 2329 2727 perpetuum,
2353 2671 2505 2710 more
2525 2664 2936 2710 antecessorum
2962 2662 3298 2720 nostrorum,
3324 2655 3491 2724 privi-

1898 2748 2042 2818 legio
2091 2748 2456 2814 muniremus,
2488 2755 2544 2801 et
2569 2747 2671 2802 sub
2710 2746 3091 2825 interdictione
3118 2748 3487 2803 anatbcniatis

1899 2839 2019 2895 loca
2056 2856 2154 2894 sua
2184 2839 2602 2895 defenderemus
2627 2847 2682 2894 et
2724 2834 3210 2907 conﬁrmaremus;
3239 2839 3488 2896 inclinati

1898 2932 2153 3002 precibus
2182 2932 2293 3010 ωδε
2319 2932 2639 3003 prtedictum
2684 2930 3078 2987 monasterium
3123 2931 3218 2987 tibi
3264 2946 3295 2985 a
3326 2932 3487 2987 nobis

1897 3034 2238 3090 consecrato,
2269 3024 2794 3094 suecessoribusque
2816 3024 2943 3091 tuis,
2978 3041 3009 3079 a
3032 3025 3193 3080 nobis
3238 3035 3293 3081 et
3319 3041 3350 3080 a
3385 3042 3487 3079 no-

1897 3121 2025 3171 stris
2055 3117 2466 3173 successoribus
2490 3117 2542 3171 in
2565 3125 2887 3187 perpetuum
2923 3116 3071 3171 nulla
3099 3117 3363 3187 pravitate
3393 3117 3486 3173 Si-

1894 3208 2143 3264 moniaca
2168 3210 2560 3264 interveniente
2582 3207 2991 3275 consecrandis,
3030 3210 3382 3265 concedimus
3429 3220 3487 3265 et

1892 3301 2307 3369 conﬁrmamus,
2342 3317 2467 3357 eum
2495 3301 2753 3356 omnibus
2777 3301 3043 3366 ecclesiis,
3076 3302 3247 3365 cellis,
3276 3303 3482 3358 castel-

1892 3391 1981 3458 lis,
2016 3400 2121 3447 etc.
2159 3390 2289 3447 Post
2316 3408 2446 3447 vero
2481 3392 2690 3447 obitum
2721 3401 2876 3446 tuum
2921 3407 3083 3447 nemo
3107 3392 3237 3448 inibi
3276 3395 3484 3448 consti-

1892 3491 2010 3539 tuat
2028 3483 2297 3550 abbatem,
2320 3483 2427 3539 nisi
2449 3499 2613 3555 quem
2633 3492 2933 3539 conventus
2965 3492 3020 3539 et
3046 3485 3298 3541 voluntas
3338 3500 3485 3540 com-

1891 3576 2077 3631 munis
2126 3575 2355 3632 fratrum
2407 3592 2474 3633 ex
2534 3577 2650 3648 ipsa
2693 3579 3116 3649 congregatione
3144 3579 3397 3650 elegerit;
3427 3589 3483 3633 et

1890 3668 2099 3723 electus
2150 3669 2216 3723 ad
2251 3684 2351 3725 nos
2390 3669 2473 3724 vel
2514 3683 2864 3725 successores
2894 3678 3114 3725 nostros
3148 3679 3481 3726 consecran-

1892 3762 1996 3817 dus
2027 3762 2227 3832 gratis,
2263 3771 2318 3817 et
2359 3763 2481 3818 sine
2525 3762 2700 3832 pretio
2738 3761 2950 3828 veniat;
2993 3762 3140 3833 quod
3179 3762 3225 3818 si
3260 3763 3480 3818 aliunde

1891 3854 2131 3918 venerit,
2162 3854 2246 3908 vel
2278 3853 2348 3907 ab
2378 3854 2486 3908 alio
2537 3854 2725 3924 aliquo
2768 3854 3181 3924 archiepiscopo
3230 3855 3315 3910 vel
3358 3856 3478 3927 epi-

1892 3960 2059 4015 scopo
2106 3946 2514 4001 consecrandus
2554 3947 2827 4011 maluerit,
2864 3955 2995 4001 tunc
3041 3956 3396 4003 consecrator
3422 3959 3483 4003 et

1891 4046 2244 4095 consecratus
2272 4039 2560 4093 anathema
2606 4039 2733 4095 sint.
2786 4038 2855 4093 Et
2882 4041 3046 4109 infra.
3086 4039 3311 4111 Insuper
3340 4056 3476 4112 apo-

1890 4130 2081 4185 stolica
2109 4145 2361 4195 censura,
2398 4145 2493 4185 seu
2521 4130 2690 4186 divini
2721 4131 2913 4201 judicii
2944 4131 3308 4188 obtestatione
3334 4148 3476 4204 prae-

1889 4222 2125 4293 cipimus
2155 4232 2212 4278 ut
2240 4222 2423 4278 nullus
2450 4223 2740 4294 episcopus
2769 4233 3065 4294 prazsumat
3094 4224 3148 4279 in
3169 4225 3284 4297 jam
3324 4226 3477 4282 dicto

1893 4316 2251 4383 monasterio,
2269 4317 2352 4371 vel
2383 4316 2437 4370 in
2460 4316 2706 4372 ecclesiis
2731 4316 2834 4372 sibi
2857 4316 2976 4388 subj
2997 4317 3115 4373 'ctis
3138 4318 3477 4375 sacerdotem

1892 4409 2390 4473 excommunieare,
2416 4409 2498 4465 vel
2530 4411 2598 4464 ad
2625 4409 2892 4481 synodum
2930 4424 3245 4480 provocare,
3282 4418 3386 4466 etc.
3417 4410 3477 4467 Si

206 4471 416 4529 Joanne
458 4475 524 4531 de
567 4474 834 4531 Romano.
862 4475 1218 4533 Decernimus
1260 4493 1410 4549 ergo,
1436 4487 1541 4534 etc.
1578 4478 1634 4535 Si
1663 4497 1786 4551 qua:

1895 4501 2013 4572 quis
2037 4509 2243 4568 autem,
2273 4502 2419 4571 quod
2461 4517 2593 4556 non-
2616 4511 2890 4570 optamus,
2930 4500 3142 4557 nefario
3173 4519 3312 4558 ausu
3337 4519 3476 4573 pra:-

207 4563 394 4636 igitur,
419 4574 523 4621 etc.
552 4565 780 4622 Cunctis
800 4578 1004 4631 autem,
1038 4576 1141 4623 etc.
1176 4566 1370 4623 Amen.

206 4725 521 4800 Benedictus
566 4727 649 4782 IX
687 4727 820 4800 bona
861 4730 1092 4800 juraque
1126 4731 1435 4785 monasterii
1477 4731 1785 4789 Casinonsis

190 4830 199 4833 -
276 4799 621 4874 confirmans
654 4799 805 4874 cujus
840 4799 1048 4874 abbatis
1077 4804 1551 4874 consecrationem,
1587 4804 1780 4874 inquit,

276 4883 440 4937 nuper
460 4884 526 4925 ea:
559 4869 695 4939 dono
715 4871 1075 4939 piissimarum
1102 4870 1323 4926 Henrici
1350 4881 1400 4926 et
1423 4869 1666 4928 Conradi'
1689 4869 1786 4928 int-

273 4938 973 5013 peratorunt_Rovnanorum
1000 4942 1345 5013 suscepimus.
1388 4962 1407 4995 ι
1437 4942 1782 5013 ’((Ῑιωιδηιηιη

274 5009 440 5091 editis.
486 5008 650 5091 ραιιω
698 5010 855 5079 hujus
909 5008 1183 5091 exemplis
1211 5008 1511 5084 appositam
1555 5032 1588 5091 a_
1620 5017 1783 5091 get-bo

279 5082 593 5152 (scripturn
626 5099 646 5131 ι
680 5098 842 5152 usque
870 5082 940 5152 ad
978 5102 995 5134 ι
1027 5082 1438 5138 τίεεεὺηὰήοηα
1469 5104 1488 5136 ι
1517 5085 1587 5138 ad
1611 5085 1781 5139 Bene-

275 5150 407 5235 ficii
449 5148 594 5235 γῃι
628 5148 864 5235 tabulam
890 5150 1076 5235 [supra
1112 5153 1394 5235 Benedicto
1430 5154 1601 5235 VIII,
1631 5172 1775 5235 nutri.

269 5219 365 5295 29]
392 5222 648 5295 pertinere
667 5219 911 5295 chetri
937 5219 1143 5295 Regest.
1172 5240 1232 5295 ηἑ
1255 5224 1529 5295 18,monet
1560 5219 1781 5280 Gettula

276 5289 420 5364 Hist.
449 5290 631 5346 Casia.
660 5293 782 5359 H9,
799 5309 899 5364 quo
924 5289 1048 5364 teste
1070 5294 1174 5347 ista
1194 5293 1466 5349 Benedicti
1493 5294 1574 5348 IX
1596 5299 1781 5351 ciarta

273 5361 356 5445 his
393 5363 707 5445 teriitinatur
725 5361 889 5446 verbis
913 5379 945 5446 :_
955 5384 978 5446 ξ
1008 5362 1289 5446 δσήριωῃ
1305 5381 1397 5446 per
1416 5381 1633 5446 manum

272 5433 347 5502 gii
379 5433 651 5486 scriniarii
686 5443 736 5487 et
771 5435 966 5488 notarii
993 5433 1135 5488 sacri
1175 5433 1342 5489 nostri
1383 5435 1602 5505 palatii,
1647 5435 1772 5491 Kal.

270 5501 432 5569 Julii,
455 5503 641 5557 indict.
680 5520 752 5559 iv.
778 5504 917 5559 Bene
937 5504 1146 5574 valete.)
1186 5524 1203 5558 ι

371 5520 432 5569 η,
455 5518 641 5557 ιηαιοτ.
680 5520 752 5559 ιγ.
778 5518 917 5559 uene
937 5518 1146 5569 valete.)
1186 5524 1203 5558 ι

794 5596 975 5668 (Anno
1008 5593 1189 5668 ωδε.)

452 5686 801 5762 (timeantur,
829 5687 1040 5743 Bullar.
1074 5686 1280 5756 Casiu.,
1310 5687 1375 5759 η,
1404 5688 1519 5762 79.]

271 5779 607 5837 BENEDICTL'S
630 5783 936 5854 episcopus,
966 5798 1157 5839 servus
1186 5797 1464 5839 servorum
1498 5783 1613 5852 Dei,
1639 5783 1772 5838 cha-

1889 4591 2186 4662 sumpserit
2207 4592 2323 4647 haec
2341 4607 2463 4663 quae
2484 4608 2513 4647 a
2538 4592 2694 4647 nobis
2723 4592 2789 4646 ad
2818 4593 3033 4648 laudem
3049 4592 3168 4658 Dei,
3186 4610 3284 4665 pro
3305 4597 3476 4651 stabi-

1885 4681 2037 4736 litate
2074 4681 2189 4751 jam
2217 4680 2344 4737 dicti
2390 4681 2707 4737 monasterii
2760 4691 2962 4738 statuta
2999 4693 3146 4751 sunt,
3189 4684 3471 4758 refragari,

1884 4782 1979 4829 aut
2002 4774 2056 4830 in
2085 4787 2413 4844 quocunque
2436 4772 2764 4844 transgredi,
2779 4774 2915 4829 sciat
2937 4775 3136 4842 se,nisi
3159 4777 3469 4847 resipuerit.

1885 4865 2249 4922 anathematis
2273 4864 2509 4921 vinculis
2531 4866 2848 4921 innodatum
2881 4875 2933 4921 et
2955 4882 2986 4921 a
3017 4882 3186 4938 regno
3207 4867 3302 4925 Dei
3338 4870 3472 4925 alie-

1885 4962 2018 5012 nu'm
2042 4976 2057 5018 :
2083 4965 2139 5011 et
2171 4972 2294 5012 cum
2334 4957 2551 5012 diabolo
2592 4966 2647 5012 et
2670 4957 2791 5028 ejus
2828 4959 3189 5016 atrocissimis
3233 4964 3469 5033 pompis,

1885 5058 2048 5121 atque
2076 5048 2215 5106 Juda
2253 5049 2518 5106 traditore
2550 5049 2767 5107 Domini
2799 5053 2973 5107 nostri
3010 5051 3140 5108 Jesu
3172 5054 3376 5111 Christi
3413 5056 3468 5110 ii
3543 5078 3549 5090 ι

1884 5142 2106 5199 aeternis
2158 5141 2424 5198 incendiis
2477 5152 2531 5198 et
2575 5142 2860 5214 suppliciis
2906 5146 3344 5203 concremandus
3397 5149 3471 5204 sit

1883 5235 2194 5304 deputatus.
2219 5233 2288 5288 At
2315 5249 2445 5289 vero
2467 5234 2561 5306 qui
2586 5236 2678 5306 pio
2701 5236 2901 5292 intuitu
2930 5248 3284 5295 conservator
3328 5250 3381 5297 et
3410 5243 3465 5296 in

1883 5325 2138 5383 omnibus
2167 5326 2480 5382 custodiens
2509 5327 2804 5396 exstiterit,
2841 5329 3007 5401 hujus
3052 5333 3333 5402 apostolici
3382 5335 3466 5389 in-

1883 5416 2079 5483 stituti,
2104 5426 2158 5472 et
2186 5417 2253 5472 ad
2270 5416 2488 5472 cultum
2528 5406 2624 5473 Dei
2654 5421 3094 5491 respicientibus,
3123 5423 3459 5480 benedictio-

1884 5506 1971 5562 nis
2005 5507 2233 5577 gratiam
2257 5521 2288 5562 a
2316 5506 2830 5565 misericordissima
2854 5509 3087 5566 Domino
3113 5512 3223 5568 Deo
3246 5524 3459 5582 nostro,

1881 5616 1979 5671 per
1992 5600 2438 5673 intercessionem
2455 5601 2598 5657 beati
2611 5600 2755 5657 Petri
2777 5606 3149 5675 apostolorum
3172 5608 3457 5678 principis,

1881 5692 2015 5749 etB.
2040 5691 2372 5749 confessoris
2382 5691 2655 5749 Benedicti
2679 5696 3048 5766 multipliciter
3068 5711 3456 5771 consequatur,

1879 5793 1932 5838 et
1958 5784 2083 5847 vitae
2119 5794 2337 5838 :eternae
2381 5783 2646 5858 particeps
2677 5801 2800 5843 esse
2844 5798 3136 5850 mereatur.
3182 5778 3455 5862 Scriptum
