4066 5330
1028 234 1099 245 η’,-

144 230 351 329 ’1361

1401 268 1762 330 EPISTOLE
1804 269 1892 329 ET
1930 268 2329 330 DIPLOMATA

3362 274 3509 334 1362⁵

196 386 482 441 universo
510 382 656 440 clero
686 383 1007 455 cunctisque
1035 386 1252 457 populis
1282 395 1393 442 tam
1425 388 1578 460 regni
1608 389 1810 445 Teuto-
1837 390 1884 446 Α
1910 398 2100 445 notum
2129 390 2213 445 his
2240 389 2436 444 litteris
2465 387 2699 443 facimus
2727 387 2857 459 quid
2888 404 2950 444 ex
2996 405 3069 447 ea'
3114 405 3173 446 re
3220 391 3503 449 censueri-

197 476 342 542 nici,
375 492 547 547 quam
577 476 741 531 etiam
773 492 1229 549 quarumcunque
1270 479 1552 535 nationum
1580 481 1664 535 vel
1701 481 1806 536 liu-

194 589 449 644 guarum
475 616 491 641 ,
540 574 770 631 salutem
824 574 1205 632 charissimam
1251 592 1377 632 cum
1431 577 1806 636 benedictione

193 666 539 735 apostolica.

270 761 495 817 Divina
523 762 825 834 majestatis
851 764 1234 821 inenarrabilis
1261 766 1559 822 auctoritas
1590 781 1806 836 semper

191 851 601 910 inenarrabilia
634 853 863 921 faciens,
894 855 1038 911 sicut
1068 856 1123 910 in
1148 856 1358 912 sanctis
1385 857 1502 912 suis
1534 857 1803 935 mirabilis
1840 856 1851 859 ’

189 947 564 1017 praedicatur,
591 950 665 1005 ita
694 958 748 1006 et
774 950 1030 1021 operibus
1058 950 1388 1019 declaratur,
1414 952 1552 1008 dans
1578 952 1659 1009 eis
1685 952 1800 1008 vir-

189 1048 378 1097 tutem
412 1050 470 1097 et
497 1040 869 1099 fortitudinem
918 1058 1115 1100 curare
1149 1059 1369 1100 omnem
1401 1044 1718 1118 languorem
1748 1053 1803 1101 et

187 1147 432 1189 omnem
460 1133 859 1191 inﬁmitatem.
907 1133 1068 1203 Quod
1114 1136 1433 1192 donativum
1483 1137 1599 1208 ipse
1632 1136 1797 1205 Deus,

189 1224 581 1294 spiritualium
610 1226 882 1283 donorum
934 1227 1259 1284 distributor
1300 1239 1354 1285 et
1386 1238 1580 1285 auctor
1608 1229 1799 1285 militi-

188 1314 301 1370 bis
333 1315 479 1383 suis,
512 1330 749 1387 quorum
799 1332 910 1376 non
958 1326 1043 1373 est
1090 1334 1376 1385 numerus,
1412 1319 1468 1373 in
1499 1319 1604 1374 hoc
1633 1318 1797 1374 etiam

191 1407 421 1462 mortali
452 1424 698 1480 corpore,
729 1410 861 1464 dum
888 1410 942 1465 in
966 1410 1168 1466 saeculo
1193 1410 1480 1483 degerent,
1511 1422 1798 1482 propterea

186 1498 513 1566 concessit,
540 1508 599 1555 ut
624 1509 679 1556 et
706 1500 868 1557 iidem
894 1501 997 1572 ipsi
1028 1518 1193 1573 super
1221 1518 1315 1574 spe
1340 1501 1537 1559 futurae
1564 1503 1799 1559 retribu-
1846 1564 1849 1565 ν

189 1589 368 1645 tionis
398 1590 667 1649 habentes
695 1594 873 1650 sancti
904 1593 1142 1665 Spiritus
1191 1595 1348 1651 fidele
1395 1597 1617 1668 pignus,
1658 1597 1798 1652 ﬁdu-

187 1686 398 1744 cialius
448 1696 507 1744 et
554 1688 751 1747 fortius
796 1692 1200 1760 inniterentur,
1249 1702 1304 1750 et
1350 1703 1577 1766 gentes,
1612 1694 1793 1750 divina

1910 497 2054 538 mus.
2086 480 2221 537 Nam
2246 481 2325 553 (4)
2352 481 2576 537 collecta
2604 478 2835 536 Romani
2856 482 3031 537 nostri
3060 482 3189 537 cleri
3217 484 3500 554 splendida

1908 571 2267 639 fraternitate,
2303 588 2429 629 cum
2459 580 2649 643 partus
2690 573 3081 630 sacratissima:
3110 574 3352 647 Virginis
3399 591 3499 631 an-

1907 678 2019 718 nuo
2044 680 2269 721 recursu
2299 680 2399 735 per
2428 664 2576 720 hunc
2603 665 2790 720 orbem
2820 665 3079 734 radiaret,
3110 668 3369 724 concordi
3396 668 3499 724 de-

1905 755 2225 812 liberatione
2252 756 2754 824 determinavimus,
2784 766 2839 813 et
2866 758 2976 813 alta
3002 759 3286 815 sententia:
3312 759 3501 815 radice

1906 845 2277 915 fundavimus,
2310 849 2563 905 eumdem
2593 849 2772 905 virum
2825 848 2919 905 Dei
2962 849 3297 922 Simeonem,
3330 868 3504 923 quem

1905 938 2170 996 Dominus
2213 942 2561 997 commendat
2605 952 2769 1013 atque
2820 943 3047 1013 probat,
3098 943 3508 1017 signiﬁcatione

1904 1042 2178 1089 tantarum
2206 1035 2471 1090 virtutum
2521 1036 2829 1092 sanctitatis
2853 1045 2909 1092 et
2938 1036 3125 1109 gratiae
3151 1038 3397 1107 plenum,
3425 1039 3508 1103 ab

1902 1126 2159 1182 omnibus
2188 1127 2404 1198 populis
2426 1169 2443 1195 ,
2490 1128 2745 1185 tribubus
2773 1138 2827 1184 et
2852 1128 3054 1200 linguis
3083 1138 3335 1185 sanctum
3362 1146 3493 1202 pro-

1902 1217 1990 1273 cul
2015 1217 2184 1275 dubio
2228 1233 2351 1274 esse
2399 1219 2815 1286 nominandum,
2846 1220 3076 1291 ejusque
3103 1221 3342 1276 natalem
3374 1221 3495 1277 sin-

1900 1310 2043 1381 gulis
2087 1312 2250 1368 annis
2299 1321 2674 1368 recurrentem
2712 1313 2920 1384 passim
2957 1312 3276 1369 solemniter
3304 1313 3507 1369 obser-

1899 1401 2137 1457 vandum
2186 1411 2241 1458 et
2287 1401 2551 1457 ferialiter
2586 1401 2970 1458 celebrandum
3002 1420 3068 1460 ac
3097 1403 3509 1468 venerandum,.

1898 1493 1968 1548 ad
2006 1493 2179 1550 instar
2203 1494 2311 1549 diei
2336 1494 2461 1551 festi
2494 1513 2507 1549 :
2537 1509 2739 1550 nomen
2766 1510 2985 1566 quoque
3022 1496 3197 1566 ipsius
3224 1493 3508 1567 Martyro~

1900 1584 2047 1657 logio
2076 1600 2200 1640 cum
2232 1584 2309 1655 (5)
2343 1584 2621 1640 sociorum
2664 1585 2984 1640 nominibus
3030 1600 3133 1641 suo
3183 1584 3306 1641 loco
3340 1584 3509 1639 insc-~

1899 1674 2151 1730 rendam.
2195 1673 2301 1730 Cui
2335 1675 2617 1730 sententias
2667 1675 2772 1730 hoc
2819 1676 2984 1732 etiam
3035 1674 3399 1741 subdidimus,
3432 1684 3497 1730 ut

191 1780 466 1851 mysteria
508 1782 802 1851 intuentes,
842 1785 993 1839 omni
1039 1755 1425 1856 ευρθέδιηίοῖω
1469 1755 1793 1858 ροέιροείω,
1828 1755 1871 1809 Β
1895 1765 2147 1836 quisquis
2171 1766 2337 1838 hujus
2364 1775 2568 1822 nostrae
2590 1766 2999 1858 constitutionis
3019 1767 3341 1822 temerarius
3358 1780 3493 1821 cons

188 1872 262 1927 ad
289 1871 446 1928 viam
474 1872 804 1933 Christianae
830 1878 1075 1934 veritatis
1109 1894 1177 1935 ex
1226 1878 1420 1935 intimo
1449 1881 1632 1936 cordis
1666 1896 1798 1938 con-

188 1971 580 2032 verterentur;
635 1968 775 2024 alios
810 1984 939 2025 vero
961 2011 977 2036 ,
1014 1985 1249 2040 quorum
1304 1971 1553 2027 similiter
1588 1973 1798 2028 incom-

190 2057 590 2126 prehensibilis
634 2068 720 2115 est
767 2061 1101 2130 multitudo,
1150 2072 1275 2134 post
1319 2063 1536 2120 vincula
1582 2073 1794 2120 tantum

189 2150 406 2219 carnis,
439 2151 528 2209 his
559 2154 817 2223 operibus
845 2155 1110 2212 virtutum
1141 2157 1366 2213 donavit
1391 2168 1555 2229 atque
1581 2160 1794 2232 magni-

192 2239 410 2310 ﬁcavit,
443 2252 527 2311 ut,
554 2247 833 2317 corporeis
860 2248 1074 2304 exuviis
1101 2249 1157 2304 in
1200 2250 1454 2320 sepulcro
1499 2252 1715 2323 positis,
1743 2261 1797 2307 et

191 2336 465 2391 membris
501 2337 556 2392 in
592 2338 806 2397 cineres
852 2357 921 2397 ac
950 2340 1165 2400 favillas
1198 2344 1476 2410 resolutis,
1508 2344 1793 2401 sentienti-

192 2425 297 2483 bus
325 2438 500 2500 atque
526 2431 840 2489 videntibus
867 2434 1139 2491 mirabilia
1180 2435 1313 2492 fides
1345 2436 1714 2493 iuculcarctur
1741 2446 1795 2492 et

190 2518 598 2587 cumularetur,
628 2536 725 2578 eos
751 2522 862 2579 illic
901 2522 1132 2580 feliciter
1177 2525 1377 2592 vivere,
1425 2526 1520 2582 ubi
1553 2542 1680 2582 vera
1710 2536 1796 2583 est

190 2616 247 2660 et
274 2616 485 2664 aeterna
513 2609 647 2677 vita,
677 2610 743 2666 ad
774 2627 940 2683 quam
971 2614 1176 2669 nemini
1227 2615 1485 2670 accedere
1511 2615 1656 2682 licet,
1689 2615 1792 2672 nisi

190 2695 317 2753 vitae
342 2701 668 2771 temporalis
698 2703 1096 2759 oblectamenta
1154 2720 1375 2772 exosus,
1404 2707 1474 2762 ad
1503 2707 1650 2761 illam
1679 2715 1791 2763 tota

191 2804 411 2862 semper
438 2794 642 2852 mentis
670 2794 975 2854 intentione
1026 2797 1287 2868 suspiret,
1325 2798 1371 2855 si
1423 2790 1645 2870 quando
1677 2815 1791 2855 me-

193 2891 379 2939 reatur
407 2885 482 2941 de
512 2888 950 2960 peregrinatione
996 2890 1065 2946 ad
1110 2891 1363 2962 patriam,
1389 2892 1457 2947 de
1489 2893 1682 2949 exsilio
1718 2894 1786 2950 ad

189 2976 595 3046 postliminium
624 2981 890 3038 revocari.
922 2980 1092 3054 Igitur
1119 2984 1378 3055 quoniam
1408 2985 1617 3041 crebris
1647 3003 1786 3041 nun-

190 3066 393 3124 tiorum
417 3069 660 3139 indiciis,
685 3073 1006 3146 crebrisque
1032 3075 1333 3131 litterarum
1358 3078 1786 3143 characteribus,

1901 1867 2136 1930 temptor
2163 1867 2217 1914 et
2240 1859 2552 1915 cervicosus
2579 1856 2883 1932 refragatur
2911 1860 3198 1925 exstiterit,
3226 1859 3404 1931 primo
3431 1873 3515 1914 se~

1899 1950 2112 2005 noverit
2142 1948 2435 2004 Dominum
2482 1949 2721 2022 graviter
2761 1949 3055 2017 offendere,
3086 1949 3284 2005 deinde
3310 1948 3493 2005 sancti

1898 2043 2046 2098 illius
2089 2042 2414 2113 patrocinia,
2446 2043 2557 2097 imo
2585 2042 2832 2098 omnium
2864 2052 3203 2109 sanctorum,
3250 2056 3511 2112 quorum

1898 2134 2259 2190 contubernio
2289 2134 2614 2206 gratulatur,
2646 2144 3003 2205 nostramque
3029 2135 3098 2190 de
3125 2143 3325 2189 caetero
3352 2146 3509 2203 apo-—

1899 2225 2147 2281 stolicam
2180 2227 2496 2283 nullatenus
2529 2226 2729 2282 debere
2754 2226 3187 2282 benedictionem
3219 2239 3443 2298 smmre
3469 2242 3493 2292 ;

1897 2319 2375 2374 conservatoribus
2420 2334 2484 2374 ea
2530 2319 2903 2389 multipliciter
2948 2318 3189 2385 donatis,
3220 2318 3276 2373 in
3302 2317 3489 2373 omnia

1896 2408 2097 2462 saecula
2122 2409 2471 2464 surculorum.
2502 2408 2695 2475 Amen,
2729 2424 2911 2476 amen,
2943 2424 3125 2467 amen.

2636 2538 2740 2596 VII.

1896 2651 2212 2709 Benedictus
2270 2652 2352 2708 IX
2399 2656 2453 2725 in
2505 2655 2707 2725 synodo
2745 2656 3142 2725 patriam-hctus
3198 2653 3486 2712 Gradensi.

1966 2724 2759 2797 integritatem_Iibertdtentque
2799 2727 3121 2797 ronﬁrmat,
3147 2726 3347 2797 L’rsone
3389 2745 3488 2797 pa-

1969 2794 2206 2869 triarcha
2235 2804 2283 2848 et
2324 2795 2602 2869 Dominico
2630 2794 2927 2851 Cbntareno
2962 2795 3257 2869 populoque
3294 2794 3503 2852 Venetae

1965 2880 2059 2933 per
2081 2864 2281 2936 legatos
2306 2866 2620 2936 petentibus.

2495 2957 2679 3029 (Anno
2705 2958 2890 3030 1044.)

2306 3049 2522 3122 [Maxsn
2553 3049 2757 3106 Concil.
2778 3050 2922 3118 XIX,
2943 3050 3096 3122 605.]

189 3159 400 3217 clamor
429 3179 669 3236 magnus
698 3176 1058 3239 strepensque
1087 3184 1280 3223 rumor
1331 3184 1399 3224 ex
1434 3168 1784 3226 Trevirorum
1817 3138 1860 3194 C
1965 3161 2305 3218 BENEDICTUS
2334 3162 2654 3234 episcopus,
2685 3155 2878 3219 εθένυδ
2907 3179 3189 3219 servorum
3224 3163 3339 3230 υρίν
3373 3162 3505 3220 Uli-

189 3254 440 3320 partibus
475 3250 652 3327 usque
688 3256 919 3314 Romam
947 3259 1014 3315 ad
1043 3275 1166 3328 nos,
1193 3260 1420 3333 jamque
1453 3263 1617 3318 etiam
1649 3264 1785 3320 ulte-

188 3344 304 3401 rius
332 3348 662 3417 pervolavit,
690 3365 812 3407 esse
840 3351 976 3407 inibi
1022 3351 1125 3407 viri
1174 3352 1459 3424 cujusdam
1512 3353 1787 3411 Simeonis

189 3436 514 3497 admirabile
542 3456 761 3513 corpus,
791 3443 965 3515 signis
992 3454 1047 3501 et
1092 3446 1377 3518 prodigiis,
1408 3448 1701 3504 virtutibus
1734 3458 1788 3504 et

162 3527 477 3593 \miraculis
505 3533 748 3599 radians,
779 3545 840 3590 ut
868 3536 949 3591 sol
978 3537 1206 3592 meridie
1249 3553 1446 3594 sereno
1474 3553 1627 3607 aere;
1672 3549 1785 3595 ter-

191 3633 308 3675 ram
339 3623 590 3693 strictius
617 3626 872 3692 osculati,
911 3626 1205 3683 Dominum
1252 3629 1632 3686 benediximus
1671 3638 1787 3686 toto

190 3713 375 3782 corde,
407 3724 526 3772 tota
550 3726 751 3787 mentae,
781 3720 910 3776 totis
936 3721 1167 3787 viribus,
1199 3722 1297 3793 qui
1334 3723 1539 3778 nostris
1572 3731 1783 3793 tempo-

193 3801 346 3859 ribus
377 3805 688 3878 dignanter,
719 3810 863 3866 intra
893 3821 1142 3868 sanctam
1175 3829 1335 3869 suum
1367 3829 1567 3884 corpus
1594 3813 1784 3871 Eccle-

193 3892 355 3962 siam,
381 3897 492 3955 hoc
518 3901 855 3972 praecipuum
886 3904 1194 3959 membrum
1223 3904 1409 3959 divino
1453 3905 1661 3960 lumine
1690 3920 1784 3960 ae-

193 3986 397 4056 cendit,
424 3999 488 4046 ut
515 3992 587 4047 sit
614 3992 838 4050 lucerna
884 3995 1106 4063 ardens,
1134 3996 1309 4067 posita
1342 4012 1507 4067 super
1533 3997 1787 4053 candela-

194 4072 352 4131 brum
380 4118 397 4144 ,
449 4096 574 4150 qua:
601 4082 780 4140 luceat
809 4085 1068 4141 omnibus
1119 4086 1215 4157 qui
1247 4096 1373 4142 sunt
1401 4086 1458 4141 in
1483 4086 1649 4143 demo
1679 4086 1785 4143 Do-

194 4163 351 4221 mini.
384 4167 465 4240 (5)
496 4168 682 4241 Itaque
709 4174 960 4229 conveuti
985 4182 1149 4246 atque
1175 4175 1376 4246 pulsati
1404 4192 1434 4231 a
1462 4176 1787 4232 charissimo

196 4248 362 4311 fratre
390 4268 584 4319 nostro
604 4260 665 4316 D.
692 4260 949 4334 Poppone
975 4263 1219 4335 ejusdem
1247 4264 1487 4321 Treviris
1513 4265 1786 4336 archiepi-

198 4359 383 4418 scopo,
415 4362 496 4418 ut,
529 4354 675 4425 quod
707 4355 866 4412 nobis
893 4358 1073 4412 visum
1102 4355 1303 4413 fuisset
1323 4357 1391 4412 de
1422 4357 1790 4413 celebratione

196 4434 441 4505 ejusdem
471 4445 807 4502 sanctissimi
832 4446 957 4513 viri,
988 4447 1195 4503 salubri
1223 4447 1538 4503 deﬁnitione
1584 4456 1788 4503 nostrae

1892 3268 2010 3309 sem
2036 3253 2300 3309 Gradensi
2325 3254 2651 3325 patriarcha:
2671 3262 2987 3324 perpetuam
3011 3255 3066 3308 in
3090 3253 3324 3311 Domino
3353 3254 3497 3311 Iesu.

1888 3344 2113 3401 Christo
2142 3346 2393 3402 salutem.

1960 3436 2116 3494 Sicut
2141 3438 2434 3509 plurimum
2468 3438 2771 3511 gaudemus
2800 3439 2855 3493 in
2885 3438 3139 3507 Domino,
3167 3448 3220 3495 et
3246 3440 3301 3495 in
3340 3440 3499 3496 dono

1890 3531 2077 3609 gratiae
2106 3531 2279 3602 ipsius
2312 3532 2632 3603 gloriamur,
2659 3532 2704 3587 si
2732 3539 2923 3587 sancta
2949 3530 3196 3589 Ecclesia
3222 3547 3320 3604 per
3339 3531 3489 3587 bona

1890 3637 2055 3692 opera
2081 3622 2281 3680 crescit
2305 3623 2593 3695 magniﬁce
2622 3632 2676 3679 et
2699 3622 2964 3679 dilatatur
3005 3624 3363 3695 amplissime,
3407 3623 3501 3678 ita;

1890 3714 2121 3770 nimium
2148 3715 2441 3788 afﬂigimur
2462 3725 2517 3771 et
2532 3715 2861 3771 tribulamur
2880 3715 2947 3771 de
2960 3716 3082 3787 ejus
3103 3716 3499 3788 oppressione,

1891 3823 2057 3878 super
2093 3824 2259 3879 quam
2281 3807 2526 3865 crebrior
2550 3807 3002 3862 lamentationum
3033 3823 3215 3863 sermo
3240 3808 3492 3879 perlatus

1889 3906 1992 3955 est.
2024 3897 2144 3954 Non
2173 3908 2492 3971 oportuerat
2547 3899 2769 3971 quidem
2806 3900 2876 3954 ab
2902 3899 3010 3956 illis
3038 3899 3242 3971 quibus
3268 3907 3491 3955 susten-

1891 3993 1992 4049 tari
2023 4003 2187 4064 atque
2215 3992 2471 4048 honorari
2499 3992 2782 4059 debuerat,
2806 3992 2977 4048 tantis
3008 4006 3132 4048 eam
3163 3991 3484 4063 oppressio-

1891 4086 2055 4142 nibus
2094 4086 2344 4153 concuti;
2384 4086 2614 4155 ideoque
2643 4084 3017 4141 necessarium
3046 4093 3128 4140 est
3156 4091 3235 4150 ut,
3257 4082 3504 4139 remotist

1890 4178 2080 4234 talium
2113 4177 2679 4249 tergiversationibus,
2731 4177 2934 4246 quibus
2971 4191 3247 4232 venenosa
3274 4175 3497 4230 malitiav

1890 4255 2118 4324 revelari
2148 4278 2202 4324 et
2225 4268 2509 4324 obscurari
2540 4267 2763 4323 bonitas
2794 4275 2848 4322 et
2876 4267 3079 4323 veritas
3117 4265 3276 4332 solet,
3305 4265 3503 4321 adnue--

1893 4359 2135 4415 niculum
2166 4375 2274 4413 non
2300 4359 2577 4414 modicum
2620 4359 3050 4414 lamentantibus
3086 4358 3234 4428 juste
3271 4356 3485 4428 impen-

1893 4450 2073 4514 datur,
2090 4459 2256 4520 atque
2279 4451 2347 4504 ah
2378 4449 2674 4519 apostolica
2705 4449 2832 4504 sede
2855 4448 3203 4520 suffragetur,
3221 4462 3362 4518 quos
3386 4464 3484 4519 per

197 4534 508 4596 apostolica:
532 4538 872 4594 auctoritatis
897 4547 1263 4595 statueremus
1285 4548 1447 4610 atque
1469 4540 1790 4595 decernere-
1824 4532 1865 4548 ¹’
1891 4541 2135 4596 divinam
2162 4541 2392 4613 gratiam
2415 4540 2621 4596 Christi
2642 4540 2845 4594 auxilio
2863 4539 3089 4615 dignum
3108 4547 3192 4594 est
3211 4532 3491 4609 adjuvari,

198 4633 359 4691 mus;
391 4629 670 4698 omnibus,
702 4645 843 4701 quos
870 4629 923 4685 in
964 4630 1293 4687 salutatione
1337 4631 1806 4702 praenotavimus,,

266 4778 344 4851 (5)
387 4782 577 4859 Itaqae
606 4757 841 4844 conventi
867 4796 1023 4859 atque
1044 4789 1245 4858 pulsati
1267 4806 1299 4842 ιι
1327 4788 1647 4843 charissima
1672 4789 1809 4859 [να-μ

199 4848 275 4930 tre
308 4848 596 4930 nostro'D.
629 4859 891 4930 Poppone.
933 4848 1117 4914 Multis
1152 4859 1369 4930 saeculis
1403 4860 1519 4914 sola
1546 4848 1787 4916 auctori-

198 4924 622 4997 tate_episc0pali
643 4924 1007 4994 ca'n'onizatio,
1038 4931 1151 4986 sive
1178 4929 1369 4985 relatio
1388 4930 1443 4984 in
1467 4939 1785 4986 sanctorum

199 4992 714 5075 catalogum'tiebat.
743 4992 1061 5075 S.__Udalrici
1092 5000 1787 5075 Attgustani_episcop_i_ea-

201 5067 475 5141 {tonizatiu
536 5067 739 5141 (_cujus
788 5070 1027 5141 diploma
1074 5067 1356 5141 exstatgin
1394 5067 1781 5140 Bullar.'Mag.

201 5123 357 5214 iam
385 5123 600 5214 ιοιιιεῇιὲ
619 5123 806 5214 ῥέξεις
830 5123 964 5194 ean.
995 5123 1288 5214 Lageae)
1318 5123 1568 5214 aniuin
1586 5123 1785 5214 ’ρῆίίῖει

203 5193 1296 5284 fuissecrediturrinté'_ea§gu.eavsedé
1319 5193 1568 5284 Romana
1594 5193 1787 5284 ﬁds;ch

202 5263 307 5322 lata
332 5278 388 5326 et
435 5289 464 5327 a
504 5263 1153 5330 Ιοέιὶιιὶέἷὶίνριῖξξιῆἧη
1192 5263 1300 5330 993
1348 5263 1785 5330 εὖῑέἒῆἧῇᾅξῖἠᾷ

1893 4648 2027 4688 neve
2060 4631 2227 4686 totius
2257 4629 2514 4686 Ecclesim
2541 4628 2952 4699 perturbatione
2983 4627 3300 4699 imprudens
3340 4643 3485 4698 prte-

1892 4790 2144 4845 zationes
2164 4787 2373 4854 tierent;
2408 4803 2502 4845 eas
2530 4803 2641 4842 non
2676 4787 2783 4845 nisi
2817 4788 3207 4854 comprobante
3230 4788 3489 4852 generali

1897 4803 2144 4845 rationes
2164 4803 2373 4854 tierent;
2408 4803 2502 4845 eas
2530 4803 2641 4842 non
2676 4803 2783 4845 n16!
2817 4803 2940 4842 com
2981 4803 3207 4843 ronanse
3230 4803 3489 4852 generali

1897 4860 2108 4932 synodo
2127 4858 2346 4914 decerni
2365 4859 2741 4932 consuevisse,
2755 4857 2921 4912 tradit
2939 4803 3492 4932 Ehristianusliupus

1899 4925 2242 5011 Scholiorum
2268 4928 2517 5011 temnlll,
2536 4944 2595 5011 ρ.
2622 4930 2752 5011 ὕίξξ),
2775 4943 2956 4997 usque
2977 4931 3108 5011 dum
3128 4925 3413 5011 Eugenius
3426 4925 3497 5011 III

1896 5003 2120 5075 primus
2134 4999 2250 5075 sine
2272 4999 2506 5075 concilio
2522 4999 2589 5075 in
2616 5001 2742 5075 solo
2764 5011 2869 5075 suo
2905 4999 3238 5075 consistorio
3262 5000 3502 5075 canoni-

1896 5067 2038 5129 iavit
2086 5068 2144 5124 S.
2194 5067 2488 5125 Henricum
2520 5070 2656 5137 imp.
2699 5070 2773 5125 de
2813 5067 3157 5137 plemtudine
3187 5072 3505 5134 potestatis,

1898 5086 2038 5129 zavnt
2086 5086 2144 5124 δ.
2194 5086 2488 5125 nenrieum
2520 5086 2590 5123 tm
2641 5113 2656 5127 .
2699 5086 2773 5125 de
2813 5086 3157 5137 plenitudine
3188 5086 3505 5134 potestatis,

1898 5146 2003 5200 hac
2026 5156 2167 5198 usus
2184 5138 2399 5197 ratione
2422 5140 2570 5210 quod
2598 5086 2877 5197 Itomame
2905 5137 3512 5210 Ecclesiagjapctoritas

1897 5217 1970 5273 sit
1995 5211 2245 5270 omnium
2276 5200 2638 5268 conciliorum
2669 5209 3121 5268 fundamentum.
3147 5200 3272 5258 Vid.
3301 5204 3513 5268 bullam

1897 5278 2336 5330 mnnnizationis
2369 5280 2425 5330 in
2462 5280 2603 5330 But-Il-
2642 5282 2716 5330 M-
2755 5280 2931 5330 Rom-
2964 5283 3069 5330 inn-
3103 5276 3197 5330 cit.
3220 5288 3275 5330 ι).
3301 5275 3399 5330 51-
3440 5283 3516 5330 Et
