4038 6428
610 411 751 491 ιδιδ

1906 409 2266 482 BENEDICTI
2305 418 2373 474 1X
2409 418 2611 475 ΡΑΡᾸΞ

3712 416 3810 474 1368

611 529 767 583 cedat
800 529 1048 594 intentio,
1087 538 1139 585 ct
1168 545 1228 585 ca
1259 545 1382 599 qna
1409 546 1439 584 a
1475 529 1680 585 sanctis
1709 530 2204 600 pradecessoribus
2232 539 2279 595 A
2304 535 2651 589 triarcbalcm
2696 531 2881 587 sedem
2923 547 3049 587 cum
3092 520 3344 586 omnibus
3384 528 3501 585 suis
3544 530 3812 600 pertinentiis

610 619 818 677 nostris
846 628 900 674 et
931 620 1160 690 reliquis
1188 620 1394 675 sanctis
1418 620 1624 675 dudum
1661 619 1879 676 fuerant
1907 623 2202 692 prohibita,

566 790 568 792 ν
610 714 794 769 denuo
825 715 1177 770 reviviscant.
1212 714 1368 770 Sedis
1399 730 1636 785 namque
1662 723 1865 770 nostra
1889 715 2206 774 considera-

611 808 759 862 tione
805 808 1210 877 compellimur,
1241 823 1304 861 ea
1354 822 1478 878 qua
1517 807 1587 862 ad
1631 807 1910 864 notionem
1958 815 2205 863 nostram

608 899 950 955 emendanda
973 909 1355 970 pervenerunt,
1371 907 1589 970 propter
1609 898 1780 954 Deum
1803 916 1913 955 non
1933 899 2205 968 relinque-

612 1006 696 1057 re,
725 991 822 1046 sed
846 991 1010 1063 digna
1039 990 1421 1046 emendatione
1449 991 1745 1062 corrigere.
1791 990 1857 1045 Et
1890 991 1936 1046 si
1974 990 2204 1046 saeuia—

608 1080 765 1135 ribus
793 1064 985 1137 ciliciis
1018 1081 1153 1136 ordo
1181 1089 1403 1145 suus,et
1421 1081 1621 1139 tradita
1650 1097 1682 1136 a
1710 1081 2012 1152 majoribus
2033 1080 2204 1136 disci-

608 1173 766 1243 plina
794 1175 1061 1229 scrvanda
1089 1183 1192 1238 est,
1233 1174 1358 1243 quis
1389 1172 1527 1228 ferat
1555 1174 1958 1232 ecclesiasticos
1984 1173 2204 1229 ordines

610 1265 869 1320 temerari
915 1281 980 1322 ac
1009 1265 1437 1335 prasumptione
1465 1264 1764 1320 confundi?
1802 1274 1896 1320 aut
1927 1265 2000 1321 ita
2034 1263 2205 1336 negli-

611 1372 738 1426 gere
772 1365 825 1410 ct
847 1357 1188 1411 emendanda
1221 1373 1328 1411 non
1370 1372 1530 1426 opem
1575 1354 1803 1411 ferendo
1832 1364 2161 1428 postponere
2188 1366 2206 1408 ς

608 1449 953 1519 Quapropter
995 1449 1255 1505 omnibus
1301 1448 1492 1504 S.'Dei
1539 1447 1801 1505 Ecclesia
1842 1449 1969 1504 ﬁliis
2012 1456 2203 1503 notum

605 1556 730 1597 esse
760 1540 1015 1597 volumus
1043 1542 1187 1611 quod
1214 1542 1532 1597 detestabile
1562 1541 1717 1597 nefas
1750 1550 1993 1612 tempore
2031 1542 2206 1597 nostri

608 1633 922 1688 decessoris
935 1631 1170 1688 Joannis
1192 1648 1343 1704 papa
1364 1649 1394 1687 a
1409 1631 1667 1704 Poppone
1689 1632 2052 1703 Forojuliensi
2074 1649 2207 1703 pra-

607 1725 747 1791 sule,
770 1725 990 1780 diabolo
1017 1725 1304 1791 suadente,
1332 1733 1514 1783 actum
1545 1734 1631 1780 est
1655 1726 1919 1781 adversus
1934 1724 2204 1781 Ursoncm

609 1817 908 1874 Gradensis
955 1817 1211 1874 Ecclesia
1263 1834 1417 1873 nova
1462 1818 1727 1889 Aquileia
1782 1819 2200 1893 patriarcbam;

2305 628 2583 702 perpetuis
2610 626 2926 698 possideant
2954 625 3313 696 temporibus.
3344 619 3587 695 Popponi
3609 640 3714 680 vero
3730 627 3815 695 epi-

2306 720 2502 775 stolam
2530 719 2748 786 direxit,
2774 726 2835 773 ut
2861 728 3060 795 cuncta
3083 718 3262 773 ablata
3304 717 3406 773 sub
3434 717 3597 772 trium
3617 732 3818 788 person:-

2305 827 2428 866 rum
2467 819 2813 866 sacramento
2857 809 3123 866 Gradensi
3175 809 3500 880 patriarcha
3554 810 3818 865 restitueret.

2306 904 2462 971 Quod
2492 921 2600 959 non
2629 905 2807 960 solum
2846 920 2958 958 non
2995 903 3328 975 adimplevit,
3375 902 3473 958 sed
3500 902 3650 956 etiam
3682 912 3820 957 contra

2304 997 2552 1052 divinum
2573 997 2666 1067 jus
2694 1007 2747 1053 et
2780 996 2880 1051 SS.
2922 995 3146 1052 Patrum
3180 996 3411 1060 sancita,
3448 995 3744 1066 quibusdam
3766 997 3823 1049 in-

2306 1090 2534 1145 honeste
2559 1088 2662 1144 sibi
2703 1089 3130 1161 suffragantibus
3154 1088 3495 1159 privilegium
3520 1086 3827 1141 fraudulenter

2305 1181 2615 1252 impetravit
2638 1182 2704 1237 de
2729 1179 3027 1237 stabilitate
3051 1197 3165 1236 sua
3201 1175 3480 1246 Ecclesia,
3512 1190 3565 1235 et
3596 1178 3827 1234 Gradensis

2305 1275 2708 1344 patriarchatus
2755 1274 3112 1344 subjectione.
3177 1272 3282 1340 Qui
3334 1273 3403 1328 ad
3445 1271 3707 1327 cumulum
3749 1287 3831 1325 sua:

2305 1362 2676 1419 damnationis
2706 1363 2913 1421 addens
2939 1378 3161 1434 quoque
3195 1362 3543 1433 iniquitatem
3580 1378 3724 1432 super
3758 1361 3831 1414 ini-

2306 1454 2594 1524 quitatem,
2626 1463 2815 1511 nostro
2856 1454 3022 1510 etiam
3064 1463 3309 1524 tempore
3337 1453 3537 1507 iterum
3561 1450 3833 1505 Gradensem

2306 1543 2579 1598 civitatem
2615 1541 2804 1598 furtim
2851 1542 3161 1613 ingrediens
3186 1542 3399 1598 cunctis
3441 1538 3769 1596 abominabile
3796 1556 3834 1592 ιιι

2292 1647 2369 1687 ‘ea
2393 1631 2669 1687 commisit
2694 1630 2980 1702 ﬂagitium,
3009 1639 3182 1686 totam
3200 1630 3453 1685 videlicet
3474 1629 3725 1684 civitatem
3746 1640 3836 1681 cum

2305 1726 2556 1781 ecclesiis
2592 1725 2856 1792 incendit,
2881 1725 3075 1781 altaria
3099 1723 3386 1794 confregit,
3402 1723 3679 1779 thesauros
3698 1721 3838 1776 abstui

2306 1817 2387 1886 lit,
2425 1828 2479 1874 et
2507 1818 2774 1889 quidquid
2819 1818 2889 1873 ab
2937 1817 3062 1890 igne
3084 1817 3371 1884 remansit,
3406 1830 3729 1888 paganorum
3758 1815 3841 1867 ritu

606 1912 902 1982 pradictus
933 1912 1154 1982 quidem
1196 1910 1383 1982 Poppo
1417 1883 1753 1969 Gradensem
1784 1883 2063 1972 civitatem
2107 1883 2204 1966 ad;
2237 1883 2281 1938 Β
2308 1883 2495 1965 secum
2521 1883 2734 1965 detulit.
2766 1908 2875 1965 Pro
2905 1883 3055 1965 tanto
3083 1908 3317 1980 denique
3355 1883 3588 1979 repetito
3615 1906 3844 1976 sacrilegio

606 2003 728 2059 iens
758 2003 1132 2061 fraudulenter
1151 2019 1274 2059 eam
1292 2003 1513 2069 invasit,
1540 2003 1899 2072 invasamquc
1917 2002 2205 2073 gentilium

607 2111 764 2153 more
793 2096 1164 2166 depopulavit,
1212 2095 1474 2151 ecclesias
1515 2095 1760 2161 violavit,
1786 2096 1978 2151 altaria
2025 2094 2205 2167 fregit,

604 2189 900 2244 thesauros
925 2188 1169 2253 abstulit,
1192 2188 1523 2244 monasteria
1551 2188 1844 2255 destruxit,
1872 2197 1926 2243 et
1953 2188 2019 2243 de
2042 2187 2207 2243 tantis

604 2296 719 2358 non
746 2280 1079 2338 erubescens
1122 2280 1342 2351 ﬂagitiis
1397 2279 1624 2351 insuper
1668 2280 1810 2336 hanc
1849 2280 2207 2351 apostolicam

609 2371 802 2431 sedem
832 2371 950 2431 suis
978 2371 1134 2442 petiit
1167 2371 1633 2438 simulatiouibus,
1666 2387 1898 2443 poscens
1928 2373 1998 2433 ab
2021 2388 2084 2428 ea
2110 2388 2206 2445 per

606 2478 740 2518 suos
760 2462 984 2519 nuntios
1008 2464 1114 2527 sibi
1136 2463 1486 2535 privilegium
1507 2464 1625 2519 fieri
1650 2464 1975 2525 nominatim
1997 2464 2063 2520 de
2078 2463 2214 2521 (irae.

603 2555 761 2611 densi
802 2555 1017 2622 insula,
1071 2572 1237 2626 quam
1292 2556 1624 2627 promiserat
1660 2556 1808 2627 justc
1851 2567 1906 2612 et
1945 2558 2209 2613 canonice

603 2663 669 2702 ac
697 2664 794 2719 per
820 2649 1045 2720 antiqua
1072 2649 1355 2721 privilegia
1393 2648 1684 2705 ostendere
1713 2649 1781 2704 ad
1810 2665 1870 2705 se
1905 2650 2201 2719 pertinere,

604 2740 748 2796 unde
774 2741 1117 2812 privilegium
1148 2741 1252 2797 sub
1272 2741 1368 2797 tali
1393 2751 1725 2800 consecutus
1746 2750 1831 2797 est
1863 2752 2072 2808 tenore,
2121 2751 2202 2808 ut,

607 2833 908 2907 siquando
944 2833 1011 2888 de
1052 2849 1116 2889 ca
1166 2834 1349 2904 aliqua
1397 2833 1637 2889 oriretur
1662 2834 1915 2904 quastio,
1949 2834 2030 2889 sic
2057 2834 2206 2904 juste

609 2922 818 2993 absque
846 2924 957 2978 ulla
999 2924 1291 2979 occasione
1322 2923 1391 2979 ad
1417 2939 1477 2979 se
1516 2924 1789 2994 pertinere
1824 2923 2208 2996 comprobaret

606 3014 1074 3083 quemadmodum
1108 3014 1456 3084 promiserat.
1482 3014 1639 3083 Quod
1663 3023 1874 3070 tantum
1899 3015 1953 3070 in
1985 3026 2206 3071 contra-

606 3105 751 3159 rium
803 3106 1030 3172 accidit,
1071 3108 1200 3177 quia
1249 3124 1376 3167 cum
1420 3106 1563 3165 Urso
1613 3109 1910 3165 Gradensis
1946 3108 2204 3166 Ecclesia

605 3194 920 3267 patriarcha
950 3197 1188 3271 primum
1212 3214 1307 3267 per
1331 3214 1462 3254 suos
1493 3199 1736 3267 nuntios,
1768 3200 1963 3255 deinde
1982 3216 2082 3273 per
2110 3216 2201 3258 se-

607 3303 661 3343 m
700 3289 904 3358 tipsum
953 3289 1098 3346 hanc
1122 3292 1479 3361 apostolicam
1513 3301 1719 3367 peteret
1747 3293 1931 3348 sedem
1973 3292 2041 3347 ad
2079 3308 2208 3348 con-

608 3381 951 3448 querendum
997 3381 1064 3436 de
1118 3398 1233 3437 suae
1278 3374 1776 3451 sedis'invasione,
1828 3383 1971 3439 idem
2015 3382 2205 3455 POppo

606 3482 838 3533 \ucatus
864 3474 934 3529 ad
960 3474 1408 3533 satisfaciendum
1432 3475 1576 3539 sicut
1598 3476 1868 3547 promisit,
1894 3472 2012 3530 non‘
2027 3476 2203 3531 solum

606 3566 798 3624 venire
819 3567 1054 3635 distulit,
1079 3584 1270 3623 verum
1294 3569 1458 3631 etiam
1483 3568 1799 3640 pradictam
1842 3568 2079 3624 insulam
2108 3584 2206 3639 per

610 3659 838 3730 antiqua
866 3659 1149 3732 privilegia
1169 3660 1316 3731 jnste
1338 3677 1403 3717 ac
1428 3660 1729 3717 secundum
1759 3659 1931 3715 Deum
1956 3659 2060 3716 sibi
2082 3676 2207 3730 per-

606 3749 803 3821 tinere,
865 3762 926 3807 ut
970 3753 1317 3822 promiserat,
1369 3754 1659 3810 ostendere
1724 3754 1951 3817 minime
1988 3755 2203 3824 potuit,

609 3845 743 3914 quin
771 3846 937 3903 etiam
978 3855 1223 3914 tenorem
1262 3846 1532 3918 privilegii
1574 3847 1809 3918 negavit.
1840 3845 1907 3901 Et
1943 3847 2203 3919 quoniam

610 3954 679 3999 ex
704 3938 790 3994 his
818 3954 941 4009 qua
974 3939 1249 4010 promisit,
1276 3940 1411 4007 nihil
1439 3939 1729 3996 ostendere
1768 3940 1958 4007 valuit,
1984 3939 2208 4011 privile-

613 4032 659 4099 κ’
672 4048 765 4091 nm
786 4031 934 4105 quod
955 4033 1058 4093 sub
1068 4032 1294 4103 prafata
1314 4032 1627 4095 conditione
1639 4041 1970 4096 consecutus
1986 4041 2088 4099 est,
2103 4047 2205 4088 suo

609 4132 798 4186 tenore
830 4124 978 4194 juste
995 4133 1316 4188 evacuatum
1341 4142 1405 4182 ac
1425 4125 1748 4196 regulariter
1769 4124 1835 4180 ad
1861 4125 2090 4179 nihilum
2120 4133 2207 4180 est

606 4214 912 4273 redactum.
937 4214 1044 4272 Pro
1066 4217 1169 4272 hac
1197 4216 1467 4287 siquidem
1498 4232 1554 4271 re
1577 4216 1717 4279 idem
1741 4226 1927 4271 noster
1950 4216 2206 4273 decessor

609 4303 1005 4377 Joannespapa
1017 4309 1367 4380 congregavit
1388 4316 1633 4364 sanctam
1661 4308 1928 4379 synodum
1953 4306 2007 4361 in
2030 4308 2205 4363 cccle-

613 4397 699 4456 sia
732 4396 793 4451 B.
822 4397 1091 4465 Silvestri,
1117 4408 1242 4455 ante
1266 4400 1425 4470 cujus
1450 4398 1794 4469 prasentiam
1820 4400 2041 4455 veniens
2061 4397 2204 4459 Urso

609 4486 908 4551 Gradensis
936 4487 1199 4554 Ecclesia
1224 4490 1537 4561 patriarcha
1561 4490 1629 4551 de
1652 4499 1797 4546 statu
1837 4507 1952 4553 sua
1994 4499 2202 4552 metro-

2308 2000 2607 2057 Gradensis
2648 2001 2961 2077 patriarcha
2983 2001 3128 2072 apud
3170 2001 3532 2071 apostolicam
3575 1999 3734 2055 sedem
3774 2012 3843 2052 eo-

2307 2095 2429 2150 dem
2453 2096 2701 2150 mittente
2728 2095 3002 2162 invasore,
3034 2110 3131 2165 per
3159 2111 3290 2151 suas
3322 2094 3539 2150 litteras
3574 2093 3844 2147 lamentatus

2304 2196 2408 2243 est.
2466 2185 2577 2242 Sed
2621 2196 2916 2259 antequam
2961 2201 2993 2241 a
3032 2187 3192 2242 nobis
3246 2185 3314 2241 de
3361 2196 3515 2241 tanto
3563 2192 3845 2241 coerceretur

2306 2295 2467 2346 ausu,
2498 2278 2688 2335 divino
2725 2279 2935 2350 judicio
2974 2279 3096 2335 sine
3123 2277 3476 2335 confessione
3518 2287 3570 2333 et
3606 2277 3776 2331 viatico
3796 2276 3849 2329 ab

2306 2372 2412 2427 hac
2439 2372 2562 2427 luce
2611 2371 2930 2428 subtractus
2975 2379 3082 2427 est.
3135 2370 3378 2427 Tandem
3421 2369 3566 2427 Urse
3606 2368 3848 2425 Gradensis

2304 2466 2618 2534 patriarcha
2646 2481 2755 2520 una
2779 2481 2905 2520 cum
2932 2464 3219 2520 Dominico
3238 2462 3554 2519 Contareno
3573 2462 3750 2517 dilecto
3768 2460 3849 2513 ilio

2307 2568 2517 2626 nostro,
2564 2560 2705 2615 duce
2757 2557 3147 2614 Vcneticorum
3196 2557 3311 2613 sive
3345 2556 3769 2621 Dalmaticomm,
3805 2563 3846 2607 et

2304 2651 2505 2721 populo
2528 2648 2787 2718 Venetiae,
2812 2651 2972 2708 nobis
2999 2667 3095 2722 per
3131 2666 3261 2707 suos
3307 2649 3633 2721 supplicavit
3668 2648 3847 2718 legatos,

2305 2741 2557 2798 videlicet
2591 2741 2942 2798 Benedictum
2979 2758 3167 2798 vener.
3207 2742 3333 2797 abb.
3377 2740 3483 2796 SS.
3527 2740 3779 2796 Trinitatis
3809 2746 3848 2790 et

2309 2832 2371 2890 Si
2378 2832 2677 2891 Michaelis
2698 2834 3029 2906 Arcbangeli
3050 2834 3117 2890 de
3133 2832 3437 2901 Brundulo,
3461 2832 3711 2888 Joannem
3730 2828 3848 2883 Stor-

2305 2936 2523 2995 natum,
2548 2926 2874 2998 Gregorium
2923 2926 3206 2991 clericum,
3252 2935 3533 2997 quatenus
3574 2923 3738 2979 omnia
3770 2918 3848 2975 sibi

2305 3034 2530 3090 suaque
2560 3019 2677 3075 sedi
2710 3018 2954 3088 subjecta
2981 3027 3172 3073 nostra
3202 3017 3624 3072 restituerentur
3660 3009 3849 3068 auctori-

2302 3110 2435 3177 tate,
2462 3118 2516 3166 et
2542 3110 2885 3183 privilegium
2932 3109 3080 3181 quod
3109 3108 3296 3180 Poppo
3318 3107 3385 3163 de
3416 3106 3704 3163 Gradensis
3718 3102 3849 3158 eccle-

2305 3204 2402 3258 sia
2423 3203 2765 3275 subjectione
2794 3210 2986 3258 contra
3011 3201 3253 3257 divinam
3300 3200 3678 3256 auctoritatem
3701 3194 3847 3264 acqui-

2310 3295 2437 3351 sivit
2460 3310 2886 3362 evacuaremus;
2936 3294 3070 3365 quin
3095 3294 3258 3349 etiam
3282 3293 3571 3364 privilegia
3592 3300 3847 3346 nostrorum

2308 3387 2663 3444 decessurum
2690 3388 2870 3458 palam
2900 3395 3125 3443 ostensa
3154 3385 3223 3441 de
3249 3394 3396 3441 statu
3422 3401 3539 3442 sua
3558 3382 3775 3439 ecclesia
3792 3394 3851 3431 re-

2309 3492 2640 3532 novaremus
2660 3485 2825 3547 atque
2841 3474 3313 3543 conﬁrmaremus,
3334 3475 3455 3530 sive
3475 3475 3543 3530 de
3567 3473 3715 3529 rebus
3727 3481 3851 3539 atque

2264 3616 2267 3618 .
2308 3568 2751 3639 possessionibus
2770 3569 2857 3625 sui
2879 3568 3303 3639 patriarchatus,
3329 3576 3604 3637 quatenus
3620 3580 3727 3636 qua
3744 3560 3848 3616 intra

2308 3660 2549 3717 Venetia
2580 3662 2666 3717 vel
2698 3659 2870 3716 ltalici
2898 3660 3052 3732 regni
3094 3660 3378 3725 ditionem,
3403 3675 3503 3715 seu
3547 3658 3601 3713 in
3640 3655 3847 3712 comitatu

2308 3753 2554 3810 lstricnsi
2601 3754 2904 3810 consistere
2948 3760 3277 3819 noscuntur,
3320 3751 3577 3807 videlicet
3618 3757 3672 3804 ut
3708 3745 3848 3801 omnia

2306 3864 2428 3919 qua
2456 3849 2509 3903 in
2542 3847 2811 3914 Rivoalto,
2836 3847 2893 3901 in
2915 3844 3315 3911 Methamauco,
3354 3844 3411 3899 in
3459 3843 3686 3914 Equilio,
3712 3841 3758 3893 in
3780 3835 3849 3889 Pi-

2253 3988 2271 4002 .
2307 3950 2455 4006 neto,
2483 3941 2536 3995 in
2560 3938 2792 3996 Civitate
2818 3954 2979 4005 nova,
3011 3938 3069 3992 in
3095 3937 3333 3993 confinio
3357 3952 3477 3991 sua
3506 3936 3615 4005 jam
3643 3934 3775 3988 dicta
3792 3927 3850 3980 ri—

2306 4032 2490 4086 vitatis
2519 4030 2837 4096 Gradensis,
2867 4044 2965 4085 seu
2990 4025 3248 4094 Ursiano,
3274 4027 3359 4081 vel
3393 4026 3651 4097 Gajazzo,
3685 4023 3731 4076 in
3766 4017 3845 4071 Ze—

2307 4125 2491 4189 mulis,
2524 4124 2722 4194 partim
2762 4123 2816 4177 in
2849 4120 3124 4176 territorio
3152 4118 3441 4190 Aquileia,
3491 4126 3549 4174 et
3592 4118 3643 4171 iu
3682 4112 3849 4169 marino

2306 4216 2561 4282 termino,
2609 4213 2664 4268 in
2695 4213 2876 4280 lstria,
2907 4213 2962 4267 in
2986 4212 3264 4283 Tcrgeste,
3290 4210 3644 4281 Justinopoli,
3670 4206 3846 4263 Pimo,

2306 4307 2439 4362 item
2470 4308 2524 4361 in
2557 4305 2790 4361 Civitate
2820 4320 2980 4371 nova,
3018 4304 3386 4359 Parentio.....
3423 4323 3437 4357 :
3471 4303 3619 4367 Pola,
3647 4309 3783 4368 atque
3806 4293 3845 4345 in

2304 4400 2540 4455 Castello
2581 4399 2639 4454 S.
2666 4398 2903 4470 Georgii,
2931 4406 2987 4452 et
3032 4398 3089 4451 in
3130 4397 3358 4467 reliquis
3407 4396 3548 4451 locis
3603 4405 3703 4449 tam
3740 4385 3848 4443 infra

2306 4507 2472 4563 quam
2503 4501 2655 4548 extra
2684 4508 2780 4549 seu
2809 4492 2863 4546 in
2886 4490 3152 4556 Bononia,
3181 4491 3268 4546 vel
3295 4488 3588 4555 Romania,
3613 4486 3841 4542 Ravenna.

612 4580 875 4657 politaea
889 4582 1133 4639 ecclesia
1157 4583 1387 4654 ejusque
1431 4583 1775 4653 pertinentiis
1795 4583 2200 4654 quamplurima
2232 4627 2276 4683 Ι)
2307 4584 2576 4653 Arimino,
2613 4585 2915 4652 Pensauro,
2937 4585 3052 4641 sive
3083 4585 3137 4639 in
3160 4585 3586 4656 quibuscunque
3621 4579 3738 4636 locis
3766 4574 3847 4627 112*

608 4672 849 4745 ostendit
871 4675 1151 4747 privilegia
1179 4690 1211 4730 a
1242 4676 1446 4731 nostris
1477 4675 1924 4735 antecessoribus.
1942 4691 2055 4731 sua
2078 4676 2193 4731 sedi

607 4781 892 4833 concessa,
925 4767 1135 4823 scilicet
1163 4784 1195 4821 a
1241 4767 1592 4823 sanctissimo
1632 4766 1872 4838 Pelagio,
1905 4767 2191 4837 Gregorio,

608 4855 870 4924 Honorio,
914 4856 1212 4928 Stephano,
1256 4858 1384 4913 item
1417 4857 1699 4930 Gregorio,
1734 4857 1934 4924 Leone,
1984 4857 2194 4930 Sergio,

606 4950 738 5007 item
760 4950 963 5019 Leone,
987 4951 1300 5018 Benedicto,
1318 4951 1580 5018 Adriano,
1599 4950 1902 5017 Bonifacio,
1927 4949 2200 5019 Romano,

608 5041 917 5108 Theodoro.
948 5044 1268 5107 Anastasio,
1306 5042 1535 5112 Joanne,
1588 5042 1862 5116 Sylvestrn
1895 5053 1949 5098 et
1985 5042 2193 5114 Sergio.

607 5134 747 5203 Qua
765 5137 955 5193 omnia
984 5147 1173 5193 noster
1211 5145 1530 5193 antecessor
1561 5136 1805 5192 studiose
1844 5135 2202 5203 considerans

609 5229 882 5287 ﬁrmando
902 5237 1086 5285 vetera
1112 5245 1208 5300 per
1242 5228 1559 5300 synodalem
1583 5243 1874 5283 censuram
1902 5228 2006 5282 sub
2032 5226 2202 5282 divini

602 5321 797 5394 judicii
844 5321 1211 5378 obtestatione
1258 5321 1370 5377 tale
1415 5336 1618 5387 novum
1665 5318 1937 5385 construit
1977 5318 2199 5388 privile—

608 5415 782 5487 gium,
816 5424 877 5469 ut
900 5415 1087 5471 nullus
1109 5429 1354 5485 unquam
1385 5414 1441 5469 in
1463 5422 1705 5483 tempore
1735 5410 2055 5481 pradictum,
2092 5408 2201 5464 Ur--

611 5519 801 5562 senem
825 5506 1198 5577 patriarcham
1219 5520 1285 5563 ac
1312 5520 1664 5561 successores
1685 5519 1819 5559 suos
1850 5504 1925 5559 de
1941 5502 2201 5572 praedicto

610 5584 987 5669 patriarcbatu
1014 5598 1280 5659 Gradensi
1319 5598 1462 5653 sicut
1499 5598 1566 5653 de
1594 5597 1759 5652 rebus
1788 5611 1854 5651 ac
1892 5594 2198 5664 possessio-

550 5737 573 5759 ,
612 5693 774 5749 nibus
804 5693 925 5763 ejus
953 5692 1258 5763 inquietare
1287 5699 1382 5746 aut
1406 5690 1700 5746 molestare
1743 5694 2057 5759 praesumat,
2104 5687 2199 5742 sed

611 5787 797 5857 potius
819 5800 943 5841 cum
971 5803 1069 5842 sua
1099 5787 1410 5857 integritate
1447 5785 1688 5844 uuietus.
1716 5792 1921 5841 remota
1951 5783 2194 5853 omnium

614 5878 1041 5933 contradictione
1083 5880 1416 5952 ipsesuiquc
1448 5892 1794 5933 successores
1831 5876 2071 5931 currulem
2102 5892 2197 5946 pa—

2301 4678 2391 4734 lici
2417 4679 2590 4751 regni,
2629 4695 2725 4734 seu
2754 4676 2997 4734 Venetia
3033 4678 3234 4733 habere
3283 4691 3349 4732 ac
3376 4675 3651 4747 possidere
3674 4668 3745 4727 sui
3772 4683 3844 4720 ax-

2300 4765 2605 4825 tecessores
2633 4770 2737 4825 visi
2757 4780 2906 4833 sunt,
2956 4770 3074 4839 ipse
3099 4768 3297 4838 suique
3319 4780 3661 4823 successores
3681 4762 3844 4827 absque

2302 4864 2631 4934 cujusquam
2685 4862 3092 4929 contrarietate,
3123 4876 3223 4917 seu
3257 4858 3618 4931 refragatione
3656 4852 3841 4909 retinere

2303 4964 2358 5011 et
2401 4956 2682 5025 possidere
2723 4954 3049 5025 quivissent.
3100 4952 3349 5019 Quorum
3393 4947 3729 5023 petitionibus
3752 4938 3840 4994 zelo

2306 5047 2503 5104 domus
2547 5046 2644 5102 Dei
2684 5045 2933 5103 calefacti
2974 5046 3205 5101 libenter
3234 5052 3561 5105 annuentes,
3600 5048 3651 5093 et
3670 5036 3837 5106 justum

2310 5155 2433 5211 esse
2459 5140 2845 5205 decernentes,
2882 5138 2939 5192 in
2978 5136 3226 5193 Romana
3268 5135 3502 5190 ecclesia
3532 5130 3587 5186 S.
3620 5124 3835 5200 syuofum

2302 5231 2776 5304 congregavimus,
2801 5229 3170 5286 residentibus
3184 5227 3471 5281 nobiscum
3488 5214 3835 5304 venerabilibus

2300 5303 2594 5397 episcopis,
2620 5324 2968 5396 presbyteris,
2992 5321 3336 5385 diaeonibus,
3360 5303 3835 5375 cardinalibus,sltb-

2302 5406 2628 5491 diaconibus
2648 5415 2876 5482 nostris,
2899 5413 3211 5479 abbatibus,
3239 5420 3293 5467 et
3317 5422 3551 5483 quorum
3574 5404 3831 5473 aliquorum

2304 5507 2527 5561 nomina
2553 5506 2671 5560 hac
2693 5512 2842 5566 sunt.

2311 5626 2316 5632 ι
2372 5596 2612 5651 Joannes
2639 5592 3030 5649 Lavicanensis
3056 5606 3224 5661 nepos
3255 5599 3442 5646 noster
3466 5585 3753 5657 episcopuss

2375 5689 2417 5744 Τ
2421 5687 2647 5745 edaldus
2672 5685 2998 5743 Albanensis
3028 5684 3341 5753 episcopus.

2373 5780 2612 5846 Joannes
2641 5777 2963 5853 Portucnsis
2989 5776 3289 5846 episcopus.
3675 5814 3719 5853 Δ.
3752 5836 3758 5845 .

2373 5873 2607 5928 Joannes
2636 5869 3085 5926 Prancstinensis
3112 5868 3416 5938 cpiscopus.
3495 5872 3499 5876 ’
