4038 6388
1542 183 1577 201 κ

211 333 352 390 {365

279 447 612 504 Benedictus
646 447 916 507 Ostiensis
936 450 1250 522 cpiscOpus.

277 543 510 598 Amatus
545 541 888 599 Vellitrensis
922 545 1234 616 episcopus.

277 629 486 688 Bonizo
516 632 923 692 Tuschanensis
951 639 1261 709 episcopus.
1323 685 1326 690 .

284 726 559 785 Honestus
587 729 1054 800 For0p0piliensis
1078 733 1384 803 episcopus.

278 820 454 874 Adam
485 820 1040 892 Forosempronensis
1065 825 1372 895 episcopus.

271 907 628 967 Crescentius
660 910 717 966 8.
748 911 973 968 Rufiina:
995 911 1200 970 Eccles.
1233 915 1401 985 episc.

278 996 418 1054 Vido
442 998 809 1058 Humanensis
830 1003 998 1072 episc.

280 1090 528 1146 Andreas
556 1091 858 1147 Perusinus
880 1093 1048 1162 episc.

276 1178 517 1238 Ubertus
547 1183 843 1240 Sasenates
866 1184 1074 1241 Eccles.
1100 1187 1271 1256 episc.

276 1273 558 1332 Arduinus
591 1276 922 1333 Feretranus
941 1278 1107 1348 episc.

275 1365 588 1424 Teudaldus
617 1367 674 1423 8.
704 1367 932 1424 Mariani
961 1370 1132 1439 episc.

273 1456 516 1514 Joannes
541 1459 599 1514 S.
627 1459 947 1518 Sabinensis
972 1462 1117 1518 Eccl.
1152 1463 1321 1534 episc.

269 1548 652 1608 Theudericus
688 1551 1032 1610 Urbinensis.

270 1638 650 1710 Theudaldus,

279 1729 538 1789 Ubertus.

1378 339 1742 397 EPISTOLJE
1777 340 1866 397 ΕΤ
1907 341 2324 398 υιριοΜΑΤΑ.

1826 459 1872 515 Α
1897 466 2043 511 ctam
2072 456 2408 512 Gradensem
2445 451 2746 508 Ecclesium
2775 457 3036 522 perpetua
3063 445 3360 503 stabilitate
3391 456 3493 512 pa-

2442 311 2474 337 ’
3348 322 3492 383 1366

1899 548 2259 603 triarchatum
2294 561 2417 602 esse
2447 545 2748 610 sancimus,
2777 543 2980 612 tibique
3007 539 3118 594 illic
3149 533 3487 608 praesidenti,

1898 643 2120 713 tuisque
2193 640 2610 697 successoribus
2680 645 2853 692 totum
2903 631 3258 702 mctropolitaa
3321 635 3489 698 atque

1895 735 2218 806 patriarcha:
2247 733 2482 788 ollicium
2512 726 3078 799 libere'peragendum
3104 721 3482 784 concedimus.

1893 837 1948 882 ct
1989 827 2061 882 de
2097 828 2354 882 omnibus
2394 826 2594 881 vestris
2640 819 3080 892 possessionibus
3120 813 3485 888 praecipiendo

1897 919 2273 974 interdicimus
2310 926 2370 973 ut
2409 916 2593 972 nullus
2645 897 2979 985 patriarcha,
3015 908 3481 979 archiepiscopus,

1894 1013 2247 1082 prmpositus,
2293 1012 2559 1076 decanus,
2601 1007 2998 1072 vicedominus,
3036 1003 3170 1070 dux,
3210 1000 3478 1065 marchio,

1892 1117 2103 1170 comes,
2132 1103 2462 1170 vicecomes,
2499 1110 2594 1156 aut
2623 1110 2842 1156 exactor
2868 1096 3102 1166 alicujus
3126 1093 3228 1161 rei,
3257 1107 3359 1148 nec
3391 1091 3480 1146 ul-

1895 1193 1982 1249 lus
2013 1194 2179 1264 judex
2206 1194 2477 1264 publicus,
2499 1194 2585 1247 vel
2607 1192 2836 1263 quilibet
2855 1205 2920 1244 ex
2941 1185 3187 1258 judiciali
3214 1189 3483 1254 potestate

1893 1285 2004 1338 vim
2035 1287 2281 1356 aliquam
2309 1287 2395 1341 vel
2424 1286 2769 1340 invasionem
2807 1281 3008 1336 inferre
3041 1284 3357 1350 praesumat,
3387 1283 3484 1331 aut

1889 1375 2077 1446 aliquo
2100 1378 2262 1432 modo
2289 1377 2595 1432 molestiam
2622 1376 2866 1445 ingerere
2898 1371 2997 1428 tibi
3024 1369 3225 1426 Ursoni
3248 1368 3482 1439 patriar-

1891 1469 2028 1536 clue,
2072 1471 2292 1542 tuisque
2343 1467 2780 1533 successoribus,
2814 1466 2928 1522 sive
2969 1465 3025 1518 in
3078 1462 3365 1528 ecclesiis,
3427 1467 3482 1515 et

1890 1561 2161 1630 plebibus,
2198 1577 2293 1617 seu
2337 1560 2692 1616 monasteriis
2740 1568 2848 1614 tute
2883 1556 3128 1614 ecclesias
3154 1551 3482 1625 pertinenti-

1889 1651 2013 1720 bus,
2042 1667 2137 1708 seu
2176 1653 2232 1706 in
2271 1651 2514 1718 familiis,
2552 1652 2608 1706 in
2652 1650 2882 1716 colonis,
2915 1647 3109 1714 servis,
3141 1645 3228 1700 vel
3269 1641 3480 1700 manci-

1889 1743 2012 1813 piis,
2041 1760 2106 1800 ac
2130 1745 2357 1815 reliquis
2385 1760 2507 1815 qua:
2539 1759 2704 1814 super
2749 1741 2994 1825 ejusdem
3031 1737 3278 1794 ecclesize
3321 1734 3481 1790 terris

274 1823 602 1882 Benedictus
649 1826 1071 1884 archidiaconus
1126 1829 1185 1884 S.
1236 1827 1304 1884 Β.
1355 1827 1418 1884 Ε.
1470 1837 1525 1883 et
1570 1828 1790 1885 viccdo-
1825 1815 1867 1871 Β
1894 1846 2135 1892 manent.
2180 1836 2287 1893 Sed
2313 1837 2461 1891 omni
2489 1837 2615 1908 jure
2635 1845 2688 1890 et
2720 1821 2906 1890 tenore
2942 1833 2998 1888 8.
3029 1830 3326 1887 Gradensis
3371 1827 3481 1883 Ee-

201 1915 409 1973 minus.

272 2008 393 2083 Ugo

268 2100 468 2160 Petrus
492 2107 851 2165 cancellarius
871 2116 1078 2166 noster.

273 2190 406 2260 Leo,
437 2193 741 2265 Romanus,
763 2197 1136 2269 Crescentius,
1154 2201 1369 2269 Petrus,
1386 2202 1478 2273 qui
1497 2212 1550 2258 et
1576 2202 1790 2257 Mancio

194 2282 420 2352 dicitur,
449 2286 708 2345 diacones
737 2293 936 2347 nostri.

267 2377 510 2436 Joannes
545 2381 1006 2440 archicanonicus
1042 2394 1097 2441 et
1143 2388 1480 2457 archipresb.
1512 2387 1790 2443 canonica:

196 2467 256 2523 S.
284 2467 440 2524 Joan.
472 2481 598 2527 ante
623 2472 844 2529 Portam
872 2475 1146 2534 Latinam.

265 2558 507 2617 Joannes
531 2563 828 2620 cardinalis
858 2566 1040 2636 presb.
1068 2567 1211 2622 tituli
1231 2566 1292 2623 8.
1321 2567 1570 2624 Caeciliae.

265 2651 505 2710 Joannes
525 2655 676 2711 card.
717 2657 797 2712 tit.
837 2656 894 2712 8.
920 2658 1160 2715 Martini.

265 2743 508 2802 Joannes
538 2749 688 2804 card.
719 2750 803 2805 tit.
832 2749 890 2804 S.
919 2750 1159 2808 Damasi.

267 2834 508 2894 Ubertus
545 2841 696 2895 card.
735 2842 819 2896 tit.
860 2841 916 2896 8.
943 2842 1268 2900 Anastasiaa.

269 2928 536 2987 Martinus
559 2933 710 2987 card.
737 2934 822 2988 tit.
851 2931 908 2988 S.
937 2933 1169 2992 Savinaa.

271 3021 583 3079 Teudaldus
610 3023 984 3084 Primicerius.

265 3113 593 3172 Benedictus
621 3118 1026 3176 oblationarius
1060 3120 1118 3176 S.
1147 3121 1212 3177 Β.
1244 3121 1306 3177 Ε.

266 3205 590 3264 Benedictus
613 3212 796 3280 presb.
824 3219 881 3267 et
905 3214 1054 3268 card.
1085 3214 1166 3269 tit.
1201 3213 1262 3269 S.
1293 3214 1572 3286 Sylvcstri.

266 3295 462 3368 Petrus
485 3301 635 3356 card.
665 3303 746 3356 tit.
778 3301 837 3357 8.
873 3302 1181 3374 Grisogoni.

271 3389 651 3449 Subdiacones
679 3402 885 3463 autem,
915 3393 1178 3463 Joannes,

269 3483 639 3552 Adelmarius,

271 3575 492 3644 Etrozo,

273 3668 418 3724 Sico.

273 3759 598 3818 Benedictus
643 3763 813 3820 abbas
844 3766 1164 3822 monasterii
1197 3764 1236 3820 S
1259 3807 1272 3821 .
1316 3765 1584 3839 Gregorii,
1637 3768 1785 3838 quod

196 3851 404 3907 dicitur
425 3852 611 3909 Clivus
647 3855 860 3910 Scauri.

275 3944 708 4005 Bartholomreus
738 3965 921 4005 vcner.
948 3951 1117 4007 abbas
1153 3951 1208 4008 8.
1235 3952 1420 4008 Maria:
1451 3953 1641 4009 Grotta
1663 3953 1788 4010 Fer-

202 4042 347 4089 rata.

273 4125 596 4183 Benedictus
626 4129 794 4185 abbas
832 4132 1152 4187 monasterii
1187 4132 1243 4187 8.
1291 4133 1494 4203 Maria,
1529 4151 1651 4206 qua:
1688 4151 1785 4191 vo-

199 4224 358 4272 catur
389 4216 446 4271 S.
479 4217 625 4272 Petri
652 4218 719 4272 ad
751 4217 1003 4276 Vincula.

273 4307 385 4363 Leo
411 4308 580 4364 abbas
609 4309 664 4364 S.
700 4309 853 4366 Pauli
880 4312 1148 4382 Apostoli.

272 4400 538 4470 Georgius
563 4402 734 4458 abbas
759 4401 816 4457 8.
844 4402 1122 4460 Laurentii
1146 4403 1282 4461 foris
1317 4421 1557 4462 murum.

271 4493 512 4550 Joannes
536 4495 706 4551 abbas
734 4494 792 4549 8.
825 4495 1002 4552 Sabte.

268 4587 468 4645 Petrus
493 4589 664 4646 abbas
700 4588 758 4644 S.
787 4588 973 4645 Mariae
1000 4591 1055 4645 in
1091 4590 1383 4648 Aventino.

266 4678 506 4736 Joannes
547 4681 716 4737 abbas
749 4680 806 4736 8.
843 4681 1024 4736 Rolilli
1063 4681 1531 4754 Foropupilensis.

271 4770 511 4827 Bonizzo
534 4773 703 4829 abbas
725 4775 1043 4830 monasterii
1065 4774 1122 4830 8.
1147 4775 1295 4832 Petri
1316 4776 1548 4834 Perusii.

267 4863 422 4919 Felix
460 4866 628 4921 abbas
655 4864 712 4920 8.
747 4866 934 4922 Blasii.

271 4954 492 5011 Simeon
517 4957 686 5013 abbas
709 4956 766 5012 S.
800 4957 984 5014 Mariae
1010 4959 1066 5014 in
1093 4959 1328 5017 Paliara.

269 5044 336 5100 Et
357 5047 539 5102 cteteri
562 5048 852 5104 nobiscum
877 5051 1176 5108 residentes
1197 5054 1253 5107 in
1284 5069 1492 5125 gremio
1535 5055 1592 5110 8.
1621 5055 1687 5112 R.
1715 5055 1781 5114 Ε.

196 5153 433 5206 quorum
462 5138 853 5195 deliberatione
881 5142 987 5196 hoc
1020 5143 1363 5212 apostolatus
1397 5146 1572 5202 nostri
1614 5148 1784 5217 privi-

196 5228 400 5300 legium
443 5230 560 5286 ficri
583 5231 928 5289 decrevimus
957 5234 1054 5289 tibi
1076 5233 1235 5290 fratri
1264 5246 1456 5292 nostro
1485 5241 1784 5296 venerabili

198 5319 343 5378 Urso
366 5323 423 5378 8.
467 5321 765 5381 Gradensis
816 5325 1075 5383 Ecclesiae
1117 5331 1459 5399 patriarcha),
1505 5330 1572 5388 ad
1619 5350 1783 5404 quem

197 5429 347 5469 nunc
376 5426 625 5471 nostrum
656 5419 1027 5475 convertimus
1063 5436 1371 5477 sermonem
1399 5424 1670 5494 prmeipue
1710 5426 1782 5481 ob

192 5507 465 5576 justitiam
511 5527 676 5580 quam
707 5519 760 5567 te
803 5522 1065 5583 tuamque
1110 5513 1410 5572 Ecclesiam
1453 5528 1634 5588 petere
1663 5522 1779 5577 evi-

197 5598 392 5654 denter
437 5603 715 5672 novimus,
761 5620 858 5674 per
900 5607 1046 5675 quod
1099 5610 1470 5678 apostolorum
1515 5613 1780 5684 principis

197 5688 364 5758 Petri,
396 5701 450 5747 et
486 5704 696 5762 nostra,
754 5697 911 5767 cujus
940 5699 1104 5754 vicem
1149 5703 1410 5772 gerimus,
1458 5706 1779 5763 auctoritate

199 5789 608 5851 antecessorum
637 5795 950 5843 nostrorum
984 5790 1262 5863 privilegia
1296 5791 1558 5849 imitando
1586 5797 1778 5865 prcedi-

1890 1928 2074 1984 clesiae
2097 1945 2131 1984 a
2174 1929 2502 2000 patriarchis
2543 1945 2690 1983 nunc
2721 1937 2774 1982 et
2804 1941 3020 1996 semper
3046 1924 3246 1980 ibidem
3289 1922 3475 1993 prasi-

1893 2025 2148 2083 dentibus
2196 2027 2387 2094 libere,
2414 2043 2537 2098 quae
2581 2025 3006 2096 praelibavimus,
3059 2023 3267 2092 absque
3313 2020 3480 2075 ullius

1892 2117 2241 2174 infestatione
2277 2119 2616 2173 retineantur
2641 2133 2707 2172 ac
2731 2125 2992 2187 perpetuo
3011 2113 3135 2185 jure
3155 2112 3478 2184 possidean-

1892 2218 2000 2264 tur.
2034 2209 2386 2282 Privilcgium
2441 2224 2571 2264 vero
2628 2207 2777 2280 quod
2842 2207 3030 2278 Poppo
3080 2203 3479 2274 Forojuliensis

1891 2303 2090 2374 praesul
2115 2303 2182 2358 de
2217 2303 2557 2374 subjectione
2584 2300 2880 2358 Gradensis
2901 2300 3308 2372 patriarchatus
3329 2303 3479 2353 frau-

1889 2397 2138 2451 dulenter
2160 2397 2229 2451 ab
2251 2397 2355 2452 hac
2379 2394 2507 2452 sede
2533 2403 2863 2450 consecutus
2888 2403 2991 2460 est,
3017 2393 3146 2464 quia
3168 2391 3319 2448 nulla
3346 2390 3479 2444 illud

1891 2487 2156 2560 canonica
2191 2487 2465 2543 munitum
2484 2487 2810 2543 auctoritate
2837 2485 3205 2552 decernimus,
3232 2483 3480 2540 residen-

1891 2583 2027 2637 tium
2060 2583 2348 2639 nobiscum
2380 2583 2774 2639 venerabilium
2799 2582 3034 2636 fratrum
3062 2579 3325 2636 auctorali
3347 2594 3477 2652 cen-

1889 2689 2018 2729 sura
2042 2675 2442 2746 corrumpendo
2471 2676 2692 2745 penitus
2717 2674 2943 2730 omnino
2987 2671 3392 2743 corrumpimus
3420 2680 3478 2727 et

1887 2785 2237 2826 evacuamus.
2270 2769 2327 2824 Si
2363 2770 2488 2840 quis
2537 2784 2669 2841 ergo
2705 2777 3020 2824 nostrorum
3066 2782 3473 2831 successorum,

1889 2864 1972 2917 vel
2004 2863 2236 2918 aliorum
2263 2863 2575 2933 aliquorum
2606 2863 2893 2918 hominum
2934 2870 3126 2917 contra
3173 2861 3338 2930 hujus
3371 2876 3475 2914 no-

1887 2962 2014 3008 stra:
2073 2953 2449 3008 concessionis
2523 2968 2593 3014 ac
2645 2952 3080 3009 confirmationis
3131 2951 3485 3026 privilegium,

1886 3061 2045 3117 agere
2067 3046 2495 3118 prtesumpserit,
2511 3052 2607 3101 aut
2629 3045 3089 3116 praasumentibus
3113 3044 3448 3099 consenserit
3461 3083 3494 3117 ,ε

1807 3163 1852 3219 C
1890 3144 1970 3198 vel
2002 3142 2184 3198 fautor
2207 3143 2499 3209 exstiterit,
2537 3150 2591 3196 et
2634 3158 2742 3197 non
2769 3141 2954 3212 potius
2979 3139 3273 3194 observare
3302 3135 3358 3189 in
3391 3136 3492 3188 ίιιικ

1884 3245 2035 3306 tegre
2057 3234 2346 3301 studuerit,
2374 3235 2513 3290 sciat
2537 3249 2597 3289 se
2619 3234 2944 3288 auctoritate
2983 3230 3124 3286 beati
3163 3228 3308 3283 Petri
3339 3243 3482 3298 apoa

1885 3327 2151 3383 stolorum
2174 3327 2459 3398 principis,
2502 3335 2558 3383 et
2577 3328 2845 3382 caelorum
2877 3325 3030 3396 regni
3057 3322 3356 3392 clavigeri,
3377 3337 3478 3391 non,
3513 3377 3520 3380 .

1886 3426 2108 3488 stroque
2143 3417 2509 3473 anathematis
2550 3417 2771 3472 vinculo
2812 3430 2935 3471 esse
2972 3412 3318 3480 innodatum,
3361 3420 3416 3465 et
3443 3425 3480 3466 ει

1885 3521 2056 3578 regno
2112 3507 2208 3563 Dei
2249 3509 2570 3577 alienatum,
2633 3519 2798 3581 atque
2845 3523 2972 3564 cum
3023 3506 3242 3564 diabolo
3275 3553 3278 3557 ,
3306 3504 3491 3573 veluti.

1884 3609 2262 3673 transgressor
2282 3612 2596 3658 sanctorum
2616 3601 2840 3659 Patrum
2864 3602 2983 3659 sine
3003 3601 3109 3661 fine
3128 3600 3470 3655 damnatum.

1887 3692 1992 3760 Qui
2021 3709 2151 3750 vero
2173 3703 2363 3751 custos
2388 3703 2442 3751 et
2463 3696 2786 3751 observator
2813 3693 2981 3764 hujus
3009 3693 3184 3747 nostri
3207 3689 3474 3760 privilegii
3536 3754 3541 3759 _

1886 3785 2178 3854 exstiterit,
2211 3787 2645 3844 benedictionem
2685 3795 2741 3842 et
2783 3786 3080 3858 gratiama
3103 3783 3254 3854 justo
3289 3779 3474 3851 judice

1887 3876 2120 3934 Domino
2141 3888 2332 3936 nostro
2355 3878 2486 3936 Jesu
2507 3879 2728 3936 Christo
2754 3878 2845 3936 hic
2872 3885 2928 3934 et
2957 3877 3017 3938 iu
3046 3883 3307 3944 aeternum
3319 3887 3480 3942 ,_con9_

1889 3974 2044 4046 sequi
2075 3983 2367 4030 mereatur.

1960 4106 2239 4178 Scriptum
2274 4124 2371 4179 per
2413 4125 2610 4164 manus
2659 4107 2833 4179 Sergii
2864 4103 3138 4180 scriniarii
3179 4112 3234 4160 et
3270 4103 3484 4157 notarii

1887 4199 2032 4254 sacri
2062 4200 2238 4256 nostri
2272 4200 2662 4260 Laterancnsis
2685 4198 2920 4272 palatii,
2956 4213 3145 4270 mense
3176 4194 3347 4273 April.
3381 4192 3472 4249 ln-

1889 4292 2018 4348 dict.
2055 4308 2150 4346 xu.

1960 4405 2105 4462 Bene
2135 4406 2328 4462 valete.

1821 4524 1865 4578 ι)
1961 4515 2074 4589 Ego
2107 4516 2347 4574 Joannes
2390 4519 2447 4573 S.
2481 4519 2873 4576 Lavicauensis
2905 4519 3052 4575 Eccl.
3091 4517 3262 4588 episc.
3305 4486 3471 4570 inter-

1888 4608 1966 4663 fui
1995 4618 2049 4665 et
2080 4611 2265 4667 subsc.

1960 4699 2074 4773 Ego
2099 4701 2384 4758 Tedaldas
2401 4702 2734 4763 Albancnsis
2761 4701 2906 4758 Eccl.
2945 4701 3115 4772 episc.
3150 4697 3372 4756 interfui
3415 4708 3478 4756 et

1888 4795 2210 4866 subscripsi.

1960 4883 2073 4955 Ego
2101 4883 2342 4950 Joannes
2363 4884 2428 4939 S.
2453 4883 2777 4942 Portucnsis
2796 4885 2943 4943 Eccl.
2974 4886 3144 4958 episc.
3188 4885 3374 4943 interf.
3417 4895 3486 4942 et

1889 4977 2103 5033 subscr.
2139 5040 2144 5045 ,

1956 5068 2070 5140 Ego
2107 5067 2352 5126 Joannes
2373 5069 2825 5127 Praenestinensis
2866 5069 3012 5126 Eccl.
3049 5085 3134 5142 ep.
3184 5068 3368 5126 interi.
3417 5080 3473 5125 et

1887 5161 2101 5217 subscr.

1957 5251 2070 5323 Ego
2094 5251 2419 5310 Benedictus
2443 5253 2712 5311 Ostiensis
2741 5256 2909 5327 episc.
2939 5254 3123 5311 interf.
3160 5263 3215 5311 et
3249 5254 3464 5312 subscr.

1956 5343 2070 5415 Ego
2094 5344 2324 5400 Amatus
2361 5344 2695 5403 Vellitrensis
2731 5349 2900 5418 episc.
2938 5345 3120 5402 interf.
3158 5355 3214 5402 et
3251 5347 3463 5402 subscr.

1960 5435 2082 5508 Ego
2101 5438 2342 5495 Bonnizo
2364 5439 2732 5498 Tuscanensis
2752 5443 2920 5513 episc.
2955 5437 3135 5499 interf.’
3164 5451 3219 5499 et
3247 5443 3462 5498 subscr.

1958 5527 2069 5599 Ego
2121 5528 2391 5588 Honestus
2432 5531 2895 5604 Foropopiliensis
2948 5535 3120 5605 episc.
3174 5531 3356 5588 interf.
3410 5540 3462 5586 et

1874 5622 2102 5678 subscr.

1959 5708 2071 5781 Ego
2101 5713 2272 5770 Adam
2315 5717 2890 5790 Forosemproniensis
2949 5721 3114 5790 episc.
3167 5714 3350 5773 interi.
3403 5721 3468 5778 ei,

1884 5800 2098 5856 subscr.

3272 5861 3354 5894 δ’.
3404 5877 3460 5891 σε
