4038 6448
622 375 777 432 1567

704 486 817 560 Ego
840 488 1189 545 Crescentius
1224 489 1280 545 S.
1310 490 1534 548 [tullium
1556 492 1700 548 Eccl.
1745 494 1914 563 episc.
1949 484 2129 549 interf.
2160 502 2215 549 et

635 576 851 633 subscr.

703 668 818 741 Ego
851 669 988 726 Vido
1018 671 1388 729 Humanensis
1418 673 1584 743 episc.
1613 672 1796 730 interf.
1823 683 1877 729 et
1899 676 2112 731 subscr.

703 759 817 832 Ego
843 762 1092 819 Andreas
1126 763 1426 821 Perusinus
1448 766 1617 835 episc.
1645 765 1827 821 intezf.
1853 776 1905 822 et
1927 768 2140 824 subscr.

697 849 813 923 Ego
838 849 1076 908 Ubertus
1122 854 1415 911 Sasenates
1443 855 1598 911 Eccl.’
1620 856 1787 926 episc.
1822 857 2005 912 interi.
2033 866 2088 914 et
2130 875 2208 913 ss.

700 942 816 1015 Ego
845 944 1125 1002 Arduinus
1155 947 1483 1005 Feretranus
1512 949 1682 1019 episc.
1730 950 1954 1005 interfui
1996 961 2051 1007 et
2082 953 2206 1008 sub-

630 1035 849 1105 scripsi.

699 1127 814 1200 Ego
869 1127 1216 1201 Theudaldus
1271 1128 1330 1186 S.
1382 1131 1611 1188 Mariani
1650 1133 1821 1204 episc.
1883 1135 2106 1191 interfui
2157 1146 2213 1193 et

633 1206 851 1280 subscr.
948 1277 952 1280 ἠ
1629 1224 1637 1229 ”

664 1386 671 1391 ,
698 1314 811 1387 Ego
829 1313 1067 1372 Joannes
1096 1316 1152 1372 S.
1182 1317 1440 1375 Sabinen.
1482 1318 1741 1377 Ecclesia:
1776 1322 1948 1392 episc.
1988 1323 2208 1379 interfui

626 1416 683 1465 et
707 1407 921 1464 subscr.
1000 1394 1013 1409 ⁶

695 1499 808 1572 Ego
859 1499 1233 1558 Theudoricus
1281 1500 1607 1560 Urbinensis
1654 1503 1823 1574 episc.
1884 1504 2106 1561 interfui
2155 1516 2205 1564 et

624 1590 838 1646 subscr.

693 1680 804 1753 Ego
828 1680 1151 1739 Benedictus
1184 1685 1604 1743 archidiaconus
1627 1684 1684 1742 S.
1713 1686 1777 1741 R.
1818 1687 1881 1742 E.
1908 1696 1962 1744 ct
1985 1690 2200 1746 vicedo-

624 1774 811 1830 minus
834 1774 1057 1831 interfui
1084 1784 1138 1847 et
1168 1778 1381 1833 subscr.

687 1859 1049 1934 EgoJoannes
1076 1866 1529 1925 archicanonicns
1549 1877 1603 1925 et
1619 1869 1953 1940 archipresb.
1980 1870 2201 1927 interfui

619 1961 674 2008 et
700 1953 914 2011 subscr.

1341 2071 1473 2127 VIII.

614 2157 891 2215 Benedicti
941 2177 1094 2232 papae
1149 2161 1620 2289 Viserj'iitoiarad
1663 2166 1914 2224 Obertum
1958 2170 2200 2226 abbatem

1279 2276 1290 2287 .
1381 2252 1492 2289 ima
1521 2253 1585 2289 is.

1279 2276 1290 2287 .
1320 2252 1585 2290 Μιπιαηδ.

1210 2325 1390 2395 (Anno
1417 2326 1601 2397 mu.)

943 2413 1228 2488 [Ucnsttn
1256 2416 1424 2473 Italia
1451 2435 1627 2484 sacra,
1652 2420 1739 2488 lli,
1769 2422 1884 2492 62.]

643 2501 646 2504 ’
685 2504 1024 2563 Βεκευιετυε
1049 2509 1358 2580 episc0pus,
1395 2526 1585 2568 servus
1618 2528 1897 2568 servorum
1928 2514 2044 2581 Dei,
2069 2516 2203 2571 dile—

615 2598 704 2651 cto
726 2597 837 2652 tilio
862 2595 1083 2655 Osznro
1122 2602 1417 2658 venerabili
1446 2603 1628 2658 abbati
1662 2606 1979 2661 monasterii
2010 2606 2065 2662 8.
2102 2606 2204 2662 Mi-

614 2688 779 2744 niatis
816 2687 1135 2756 Florentini,
1177 2692 1403 2765 suisque
1438 2695 1845 2751 successoribus
1883 2705 2200 2766 perpetuam

612 2779 672 2834 in
707 2779 938 2836 Domino
968 2782 1218 2838 salutem.

686 2869 852 2926 Valde
871 2873 1074 2927 bonum
1115 2874 1349 2942 videtur,
1404 2877 1451 2931 si
1484 2878 1891 2947 postulantibus
1933 2895 1962 2934 a
2012 2889 2198 2936 nostra

614 2962 913 3032 apostolica
945 2964 1071 3019 sede
1099 2965 1384 3021 tuitionem
1429 2968 1642 3037 piorum
1673 2970 1939 3037 locorum,
1972 2972 2202 3028 libenter

613 3054 999 3111 concedamus.
1036 3055 1115 3112 Tu
1144 3066 1345 3126 autem,
1376 3059 1452 3114 fili
1487 3061 1827 3129 eharissime,
1859 3065 1989 3135 quia
2010 3074 2202 3136 postu-

613 3145 735 3200 lasti
784 3161 813 3200 a
868 3146 1026 3204 nobis
1078 3159 1350 3220 quatenus
1394 3152 1675 3207 munimen
1726 3169 1792 3209 ac
1828 3154 2196 3212 defensionem

614 3237 970 3307 apostolicam
1028 3241 1360 3297 monasterio
1412 3240 1471 3314 ξ.
1521 3242 1781 3311 Miniatis,
1832 3247 1921 3301 cui
1963 3263 2197 3317 praeesse

613 3329 887 3395 meruisti,
915 3330 1228 3401 dignatione
1266 3334 1426 3389 solita
1450 3350 1549 3404 pro
1579 3345 1768 3391 nostro
1802 3347 2071 3409 praecepto
2095 3340 2194 3395 da—

610 3434 825 3488 remus;
856 3437 958 3477 nos
981 3431 1160 3478 autem
1182 3424 1387 3483 idcirco
1420 3434 1669 3482 sanctum
1707 3428 2197 3500 piumquejudica-

613 3526 760 3577 mus,
806 3527 912 3567 non
942 3528 1141 3584 negare
1162 3515 1444 3583 debemus,
1476 3518 1570 3574 sed
1594 3520 1873 3575 voluntate
1898 3522 2197 3592 promptis-

617 3600 755 3655 sima
785 3601 990 3673 largiri.
1015 3601 1142 3660 Ideo
1165 3605 1411 3662 inclinati
1434 3609 1689 3679 precibus
1715 3610 1823 3666 tuis
1843 3612 2196 3669 concedimus

609 3699 726 3748 tam
757 3692 855 3747 tibi
884 3710 1048 3764 quam
1082 3697 1246 3752 etiam
1290 3698 1397 3754 tuis
1447 3688 1861 3758 successoribus
1904 3703 2195 3759 tuitionem

610 3786 1005 3853 apostolicam;
1045 3788 1425 3859 adjudicamus
1473 3807 1666 3849 omnes
1711 3793 1961 3850 homines
1994 3795 2195 3851 ibidem

609 3877 943 3933 monasterio
980 3878 1350 3948 adversantes,
1381 3891 1477 3938 aut
1508 3882 1730 3939 laesione
1765 3885 2076 3942 violentiam
2108 3886 2191 3942 fa-

609 3966 815 4023 cientes
838 3969 894 4022 in
916 3969 1078 4026 rebus
1098 3970 1270 4041 ipsius
1286 3974 1599 4030 monasterii
1613 3975 1676 4047 (ι’.
1690 3975 1830 4031 deest
1850 3977 2099 4049 aliquid),
2114 3978 2192 4034 fa-

609 4060 838 4115 cultates
847 4061 930 4116 vel
941 4061 1276 4120 facturorum
1292 4066 1649 4135 przecedentia
1665 4074 1929 4137 tempora,
1943 4078 2002 4124 ut
2014 4070 2194 4128 nullus

608 4149 913 4215 rex,nullus
925 4153 1237 4221 imperator,
1252 4154 1433 4209 nullus
1446 4156 1662 4224 praesul,
1675 4156 1857 4213 nullus
1867 4158 1997 4225 dux,
2014 4160 2194 4215 nullus

613 4241 881 4307 marcbio,
927 4243 1110 4298 nullus
1139 4259 1345 4311 comes,
1377 4246 1559 4301 nullus
1592 4247 1916 4314 vicecomes,
1948 4259 2001 4304 et
2027 4265 2192 4320 parva

613 4331 762 4385 nulla
786 4346 1016 4401 persona
1041 4334 1245 4404 aliquid
1289 4337 1393 4391 tale
1421 4338 1616 4392 audeat
1653 4354 2002 4409 praesumere,
2041 4342 2188 4396 scili-

612 4429 699 4477 cet
751 4422 806 4476 in
856 4422 1019 4478 rebus
1090 4440 1229 4494 quas
1277 4426 1517 4498 episcopi
1572 4427 1891 4498 Florentini,
1944 4432 2193 4489 videlicet

606 4511 980 4579 lliebrandus,
1026 4512 1371 4584 Lambertus,
1424 4526 1479 4573 et
1524 4520 1667 4575 Atbo
1713 4520 1818 4591 ipsi
1859 4527 2191 4581 monasterio

604 4603 999 4670 concesserint,
1043 4614 1137 4661 aut
1167 4606 1257 4661 alii
1299 4608 1547 4664 homines
1575 4626 1674 4679 pro
1721 4627 1818 4667 sua
1860 4614 2040 4669 anima
2087 4616 2188 4670 tri-

604 4693 850 4762 buerint,
902 4698 986 4751 vel
1044 4714 1167 4768 qua:
1215 4708 1270 4755 tu
1309 4700 1425 4770 ipse
1473 4701 1672 4758 ibidem
1734 4706 2092 4775 acquisivisti,
2134 4716 2189 4762 et

605 4787 805 4841 amodo
835 4789 1119 4859 acquirere
1147 4792 1372 4860 poteris,
1406 4801 1707 4850 statuentes
1730 4798 2026 4866 apostolica
2054 4815 2183 4854 cen—

603 4892 733 4931 sura
765 4886 845 4944 ut,
870 4880 919 4934 si
942 4881 1066 4954 quis
1098 4882 1333 4951 publica,
1364 4885 1448 4939 vel
1472 4886 1680 4955 privata
1707 4903 1961 4957 persona,
1989 4906 2184 4962 magna

601 4970 686 5025 vel
727 4986 889 5041 parva
920 4973 975 5027 in
1042 4973 1149 5029 illis
1207 4976 1464 5032 omnibus
1511 4979 1674 5035 rebus
1722 4989 1831 5034 tam
1892 4982 2185 5039 mobilibus

602 5074 770 5133 quam
795 5063 1185 5133 immobilibus,
1203 5067 1423 5138 tuisque
1442 5071 1856 5128 successoribus
1877 5074 2185 5141 molestare,

604 5152 940 5223 inquietare,
971 5164 1066 5210 aut
1092 5157 1157 5212 de
1186 5160 1384 5213 vestris
1427 5161 1682 5216 manibus
1711 5179 1896 5233 rapere
1952 5173 2189 5229 tentare-

599 5244 692 5311 rit,
737 5245 810 5302 sit
868 5249 1233 5304 anathematis
1274 5250 1493 5307 vinculo
1539 5252 1854 5319 innodatus,
1900 5263 1955 5310 et
1996 5266 2184 5312 nostra

600 5338 899 5405 apostolica
936 5340 1317 5398 maledictione
1356 5343 1650 5400 damnatus
1675 5387 1689 5410 ,
1743 5346 1919 5402 donec
1962 5349 2182 5405 satisfa-

600 5424 837 5481 ctionem
859 5428 1047 5484 talium
1069 5428 1233 5486 faciat
1251 5435 1691 5489 commissorum.
1718 5434 1822 5501 Qui
1838 5453 1967 5492 vero
1987 5434 2178 5493 custos

601 5515 965 5575 roborationis
1030 5520 1195 5591 hujus
1257 5526 1786 5596 nostrae,tuitionis,
1841 5527 2177 5585 defensionis

600 5607 1139 5682 coniirmationisque
1161 5615 1454 5681 exstiterit,
1484 5616 1912 5672 benedictionem
1964 5627 2017 5674 et
2046 5634 2172 5690 gra-

598 5698 736 5753 tiam
818 5715 847 5754 a
902 5701 1055 5772 justo
1105 5705 1289 5773 judice
1340 5705 1570 5761 Domino
1628 5707 1739 5762 Deo
1805 5718 1993 5765 nostro
2052 5726 2178 5764 con-

602 5790 756 5862 sequi
789 5778 1080 5849 mereatur.
1128 5795 1338 5866 Scripta
1386 5814 1483 5868 per
1514 5816 1735 5854 manum
1775 5800 1947 5872 Scrgii
1978 5803 2175 5857 notarii

1446 372 1809 432 BENEDICTI
1850 377 1918 431 ιχ
1958 377 2163 432 PAP/E
2196 374 2561 432 ΕΡιετοιΑς
2596 375 2685 430 ΕΤ
2724 373 3140 431 DIPLOMATA.

3697 379 3790 435 15ιό

2243 495 2287 551 Α
2315 491 2458 546 sacri
2500 491 2675 547 nostri
2716 490 2920 560 palatii,
2977 502 3166 569 mense
3220 485 3391 557 Aprili
3449 486 3691 545 indictione
3724 510 3787 548 xu.

2325 579 2519 638 Valete.
3034 604 3039 609 ·

3018 694 3140 750 ·1Χ.

2310 788 2584 842 Benedicti
2615 787 2698 841 IX
2718 787 2947 858 epistola
2975 787 3045 858 ad
3074 787 3412 841 Adelbertum
3440 787 3794 858 archiepiscopum

2876 857 3343 928 Hamburgcnsem.

2774 978 2777 979 κ
2815 949 2998 1018 (Anno
3027 946 3375 1014 tots-lost.)
3810 962 3817 1006 ι

2556 1038 2949 1111 [Larrsnnenm
2976 1038 3172 1092 Hamb.
3209 1038 3444 1093 Urkund.
3475 1037 3514 1105 I,
3538 1037 3632 1109 7L]

2381 1133 2737 1200 BENEDICTUS,
2794 1133 3082 1204 episc0pus
3104 1139 3178 1188 .et
3204 1144 3396 1185 servus
3440 1144 3685 1184 servorum
3717 1128 3797 1191 Dei,

2316 1225 2754 1280 reverentissimo
2811 1233 2866 1281 et
2905 1223 3258 1281 sanctissimo
3298 1222 3621 1288 ADELBEBTO,
3656 1232 3800 1277 sanet:

2311 1311 2830 1384 Ilammaburgensis
2894 1312 3153 1370 Ecclesiae
3212 1311 3485 1383 episcopo,
3528 1311 3799 1382 apostolicam

2309 1404 2759 1461 benedictionem.

2380 1495 2437 1551 Si
2471 1504 2718 1566 pastores
2760 1496 2942 1552 ovium
2981 1496 3153 1552 solem
3188 1495 3419 1567 geluque
3455 1509 3546 1565 pro
3581 1494 3725 1566 gregis
3745 1494 3801 1548 sui

2308 1589 2552 1645 custodia
2590 1590 2677 1645 die
2710 1605 2773 1645 ac
2805 1598 2965 1646 nocte
3007 1588 3151 1647 ferre
3191 1588 3431 1644 contenti
3471 1596 3605 1655 sunt,
3635 1597 3805 1642 etutne

2307 1698 2413 1753 qua
2457 1697 2525 1737 ex
2563 1682 2644 1738 eis
2685 1689 2781 1737 aut
2825 1681 3058 1737 errando
3097 1690 3303 1751 pereat,
3348 1690 3444 1735 aut
3476 1678 3806 1735 ferinislaniata

2309 1773 2585 1828 morsibus
2628 1772 2892 1843 rapiatur,
2939 1771 3113 1827 oculis
3152 1787 3369 1842 semper
3400 1769 3710 1843 vigilantibus
3731 1771 3808 1825 cir-

2303 1871 2683 1933 cumspectant
2711 1882 2723 1917 :
2747 1872 2952 1934 quanto
2974 1862 3175 1918 sudore
3218 1872 3531 1933 quantaque
3565 1878 3677 1918 cura
3693 1860 3809 1916 debe-

2303 1972 2426 2011 mus
2468 1971 2591 2011 esse
2637 1946 2945 2027 pervigiles,
2993 1970 3097 2011 nos
3139 1955 3236 2025 qui
3277 1964 3523 2025 pastores
3572 1954 3810 2009 animarum

2301 2046 2565 2102 dicimur?
2586 2046 2942 2101 Attendamus
2959 2055 3011 2100 et
3037 2054 3354 2116 susceptum
3374 2045 3598 2101 cilicium
3619 2044 3812 2099 exhibere

2302 2152 2429 2208 erga
2457 2137 2767 2192 custodiam
2792 2135 3202 2191 Dominicainm
3243 2135 3430 2191 ovium
3457 2150 3560 2190 non
3579 2148 3812 2197 cessemus,

2302 2243 2369 2282 ne
2401 2228 2457 2282 in
2480 2228 2569 2283 die
2597 2228 2767 2284 divini
2811 2228 3080 2284 examinis
3120 2242 3220 2298 pro
3267 2236 3459 2283 nostra
3508 2227 3690 2283 desidia
3725 2235 3814 2280 ante

2301 2335 2578 2376 summum
2633 2329 2906 2391 pastorem
2963 2318 3300 2392 negligentia:
3348 2329 3533 2375 reatus
3579 2317 3812 2374 excruciet.

2302 2408 2459 2466 Unde
2503 2412 2666 2467 modo
2722 2412 2948 2468 honoris
3007 2411 3308 2467 reverentia
3360 2410 3677 2467 sublimioris
3715 2409 3816 2462 inter

2301 2512 2528 2560 caeteros
2563 2504 2896 2575 judicamur.
2946 2503 3298 2576 Legationem
3344 2503 3502 2575 igitur
3530 2511 3579 2558 et
3603 2499 3814 2569 archiepi-

2302 2596 2575 2665 scopalcm
2600 2603 2920 2665 potestatem
2964 2595 3021 2650 in
3063 2596 3247 2651 omnia
3281 2611 3451 2668 regna
3486 2592 3814 2665 septentriona-

2303 2687 2395 2754 lia,
2434 2703 2599 2758 regna
2651 2686 2927 2743 Danorum
2963 2687 3187 2755 scilicet,
3234 2685 3573 2753 Sueuorum,
3595 2683 3814 2739 Noneno-

2301 2794 2446 2845 rum,
2471 2777 2911 2835 Hislandicorum
2959 2789 3015 2836 et
3060 2779 3305 2835 omnium
3338 2779 3635 2835 insulamn
3660 2777 3730 2832 his
3752 2790 3815 2829 re-

2301 2871 2425 2943 gnis
2475 2871 2879 2942 adjacentium,
2917 2872 3016 2928 tibi
3059 2879 3115 2927 et
3167 2871 3428 2927 omnibus
3472 2867 3816 2927 successoribus

2302 2963 2413 3020 tuis
2442 2972 2705 3035 perpetuo
2737 2965 3029 3019 tenendam
3066 2963 3442 3019 concedimus.
3474 2962 3686 3017 Pallium
3712 2973 3816 3029 quo-

2301 3071 2407 3126 que
2428 3056 2705 3111 sanctitati
2726 3064 2833 3110 tute
2861 3056 2931 3110 ad
2952 3057 3247 3111 missarum
3273 3055 3541 3110 solemnia
3558 3049 3816 3109 celebranda

2302 3164 2367 3202 ex
2393 3163 2544 3203 more
2572 3147 3018 3215 transmittimus,
3054 3148 3201 3218 quod
3224 3146 3321 3203 tibi
3344 3162 3530 3203 non...
3558 3145 3688 3201 aliud
3710 3141 3818 3213 quod

2226 3214 2267 3269 (δ
2301 3240 2573 3310 inquietos
2591 3226 2865 3297 feriendus
2886 3256 2918 3296 a
2945 3214 3212 3311 pravitate
3231 3248 3564 3309 compescat.
3593 3236 3753 3291 Viduis
3772 3249 3817 3286 ac

2297 3332 2517 3402 pupillis
2565 3331 2768 3402 injuste
2810 3332 3090 3402 Oppressis
3137 3330 3383 3403 defensio
3439 3340 3529 3385 tua
3568 3325 3817 3387 subveniat,

2297 3420 2456 3490 Ecce,
2487 3420 2655 3476 frater
2698 3422 3044 3488 ebarissime,
3079 3422 3220 3476 inter
3248 3421 3426 3476 multa
3461 3420 3566 3476 alia
3609 3419 3699 3473 ista
3724 3423 3819 3471 sunt

2296 3510 2606 3576 sacerdotii,
2638 3510 2743 3565 ista
2772 3518 2902 3567 sunt
2931 3510 3101 3580 pallii,
3125 3525 3248 3581 qua:
3276 3509 3325 3564 si
3348 3509 3595 3564 studiose
3617 3517 3815 3562 servare-

2295 3600 2393 3666 ris,
2425 3602 2570 3671 quod
2616 3600 2747 3657 foris
2778 3602 3051 3672 accepisse
3079 3601 3406 3669 ostenderis,
3447 3602 3593 3656 intus
3628 3595 3815 3654 habebis.

2299 3691 2497 3749 Sancta
2532 3691 2773 3749 Trinitas
2804 3692 3197 3749 fraternitatem
3226 3702 3376 3749 tuam
3427 3692 3524 3749 diu
3555 3699 3819 3748 conservare

2294 3784 2546 3856 dignetur
2573 3786 2925 3853 incolumem,
2948 3794 3111 3857 atque
3130 3793 3255 3856 post
3275 3784 3444 3855 hujus
3478 3784 3652 3840 saeculi
3670 3777 3811 3836 amari

2295 3875 2538 3931 tudinem
2569 3878 2635 3931 ad
2657 3886 2974 3947 perpetuam
2998 3877 3164 3933 ducat
3188 3876 3606 3933 beatitudinem.

2238 1850 2279 1903 Β

2295 4015 2299 4018 .
2364 3966 2501 4023 Data
2540 3983 2636 4038 per
2672 3984 2868 4024 manus
2906 3968 3128 4036 Leonis,
3167 3968 3486 4025 cancellarii
3527 3976 3710 4024 sancta:
3738 3962 3820 4015 Ro-

2293 4074 2469 4114 mana:
2493 4058 2766 4127 Ecclesiae,
2809 4060 2864 4114 in
2896 4075 3085 4116 mense
3113 4059 3327 4128 Martio,
3360 4060 3651 4116 indictione
3684 4054 3818 4111 tertia.

3043 4173 3114 4231 Χ.

2298 4282 2536 4354 Ερίδιοια
2549 4285 2811 4357 ngponis
2832 4286 3211 4357 archiepiscopi
3228 4287 3553 4342 Treeirenst'a
3575 4289 3639 4339 ad
3652 4280 3822 4339 Benedi-

2364 4365 2505 4427 ctum
2543 4355 2571 4408 1
2577 4354 2629 4409 Χ
2631 4354 2636 4355 ⁷
2664 4354 2928 4427 summum
2948 4354 3248 4427 pontiﬁcem
3269 4374 3367 4426 pro
3399 4357 3674 4412 obtinenda
3698 4368 3820 4406 cano.

2363 4426 2633 4480 nizatione
2662 4428 2801 4481 beati
2830 4426 3308 4483 Simeonisreclusi
3330 4429 3478 4499 apud
3505 4427 3547 4481 Τ
3551 4428 3742 4481 reuirat.

2222 4557 2269 4615 ι)
2366 4534 2829 4594 Βεγειιεκωδειιιο
2881 4537 3027 4593 Patri
3068 4546 3299 4608 patrum
3347 4539 3528 4609 gratia
3563 4547 3616 4592 et
3648 4533 3821 4590 nomine

2297 4623 2622 4692 BENEDICTO,
2657 4626 2851 4693 Porro,
2878 4628 3002 4685 licet
3024 4628 3299 4699 indignus,
3328 4628 3517 4683 divina
3546 4635 3711 4682 tamen
3738 4622 3818 4674 lar-

2294 4714 2471 4785 giente
2503 4715 2790 4772 clementia
2829 4726 3032 4774 sancta:
3061 4717 3401 4776 Trevirensis
3435 4719 3673 4775 ecclesia
3700 4712 3821 4770 mini

2293 4812 2426 4869 ster,
2452 4820 2579 4859 cum
2602 4807 2768 4862 totius
2815 4807 3039 4864 affectus
3071 4807 3379 4877 dilectione,
3405 4808 3642 4866 debitam
3683 4802 3821 4878 subit"

2292 4893 2551 4948 ctionem.

2363 4982 2640 5052 Superiori
2699 4993 2968 5054 tempore,
3019 5001 3174 5052 cum,
3228 4997 3510 5043 annuente
3556 4980 3821 5042 veneranda

2292 5073 2571 5129 memoria:
2597 5074 2819 5131 domino
2843 5075 3074 5145 Joanne,
3115 5077 3170 5131 in
3209 5077 3315 5133 hac
3358 5088 3555 5135 sancta
3580 5078 3695 5134 sede
3720 5087 3821 5144 apo-

2288 5168 2480 5227 stolica
2507 5169 2903 5239 praedecessore
2922 5179 3126 5238 vestro,
3155 5186 3346 5227 amore
3372 5172 3609 5229 visionis
3636 5164 3818 5240 se.qu

2288 5258 2382 5315 Dei
2430 5260 2668 5316 hominis
2691 5259 2818 5317 Jesu
2839 5261 3066 5329 Christi,
3107 5261 3407 5319 Jerusalem
3437 5262 3706 5352 profectus

2272 5362 2414 5417 egre
2466 5347 2714 5414 fuissem,
2755 5349 2812 5403 in
2852 5349 3074 5420 regione
3113 5359 3304 5405 nostra
3339 5366 3635 5422 pravorum
3683 5347 3817 5401 homi-

2268 5454 2416 5495 num
2446 5440 2780 5508 supercrevit
2818 5439 3100 5510 iniquitas,
3132 5441 3208 5496 ita
3241 5451 3301 5497 ut
3338 5457 3441 5496 nec
3475 5442 3652 5498 adhuc
3669 5449 3819 5493 manus

2236 5572 2240 5576 .
2283 5529 2495 5599 possint
2522 5531 2591 5585 ab
2631 5530 2865 5601 incmpta
2904 5532 3185 5588 retrahere
3238 5533 3511 5604 nequitia,
3561 5531 3723 5588 omnia
3749 5539 3819 5595 1⁵⁸⁸

2283 5621 2570 5677 circuitum
2596 5622 2915 5693 diripientes
2949 5634 3005 5680 et
3030 5625 3393 5680 devastantes.
3430 5624 3609 5696 Super
3629 5636 3723 5694 quo
3741 5632 3818 5673 sx-

2282 5711 2505 5780 pissimc
2543 5714 2865 5783 deprecatus
2907 5730 3031 5770 sum
3074 5715 3271 5771 faciem
3309 5714 3521 5773 domini
3566 5714 3664 5771 mei
3694 5708 3816 5777 regis,

2282 5813 2549 5875 quatenus
2599 5820 2821 5859 manum
2865 5805 3000 5859 mihi
3035 5807 3335 5879 porrigeret
3367 5823 3483 5863 suae
3525 5799 3815 5862 animadver-
