4038 6390
497 316 622 374 ,ες-ιι

486 425 698 484 Necans
731 429 787 483 in
817 445 1000 498 cruce,

489 517 600 574 Nos
632 535 663 573 a
691 520 943 589 privat-is,

494 609 734 678 Christe,
749 613 955 668 munda
979 615 1240 684 maculis;

490 702 897 763 Humanitatem

490 793 782 872 Miseratus
806 796 1054 870 fragilem

491 882 595 938 Per
615 902 834 942 crucem
853 902 1099 948 sanctam

492 970 686 1041 Lapsis
713 973 855 1030 dona
889 980 1124 1035 veniam.

566 1061 813 1136 Protege,
847 1068 1018 1136 salva,

498 1149 753 1222 Benedic,
775 1158 1056 1213 sanctifica

493 1241 764 1314 Populum
786 1257 1044 1304 cunctum

493 1330 690 1388 Crucis
716 1350 812 1403 per
842 1335 1214 1407 signaculum;

493 1419 710 1477 Morbos
736 1431 918 1480 averte

493 1509 754 1580 Corporis
777 1522 830 1566 et
855 1514 1085 1582 animae;

492 1600 607 1658 Hoc
640 1613 827 1659 contra
851 1606 1066 1678 signum

391 1733 393 1736 ‹
492 1689 712 1747 Nullum
742 1704 846 1749 stet
871 1696 1198 1764 periculum.

568 1779 715 1838 Laus
745 1782 854 1838 Deo
882 1783 1028 1839 Patri

496 1871 580 1928 Sit
606 1872 666 1927 iu
688 1889 850 1930 cruce
878 1874 1001 1930 Filii
1027 1895 1042 1944 ;

494 1963 641 2021 Laus
663 1968 958 2036 coaequalis

497 2053 576 2109 Sit
603 2065 792 2110 sancto
821 2055 1074 2126 Spiritui;

493 2141 718 2198 Civibus
742 2146 974 2200 summis

495 2233 766 2288 Caudium
797 2237 867 2291 sit
894 2237 1122 2307 angelis,

496 2325 684 2380 Honor
711 2329 764 2381 in
797 2328 1002 2382 mundo

498 2414 581 2468 Sit
633 2416 813 2472 crucis
873 2417 1112 2472 inventio
1185 2415 1510 2491 [exultatio]

577 2504 774 2559 Amen.

699 2593 762 2650 ll.
806 2595 881 2650 De
913 2595 970 2651 S.
1014 2597 1331 2659 Witibaldo.

565 2683 731 2752 Mare,
760 2685 903 2756 fons,
934 2691 1140 2757 ostium

496 2782 673 2851 Atque
701 2791 970 2839 terrarum
990 2829 1004 2852 ,

497 2871 662 2939 Deus,
699 2883 750 2928 tu
790 2878 1034 2932 omnium

496 2957 672 3030 Caput
696 2963 984 3032 bonorum,

495 3053 542 3107 A
570 3063 623 3110 te
658 3055 799 3110 bona
827 3057 1024 3127 ﬂuunt,

497 3139 580 3196 Ad
609 3150 659 3196 te
689 3153 994 3200 recurrunt.

571 3229 755 3304 Longe
781 3236 849 3290 ab
885 3236 1081 3293 insulis

499 3317 634 3377 Pars
657 3323 797 3379 bona
820 3327 986 3383 maris

1603 438 1684 493 Ad
1709 438 1912 494 fontem
1946 442 2104 497 rediit
2139 445 2146 451 ’

1604 521 1789 595 Teque
1828 527 2078 596 requirit,

1602 611 1756 684 Jesu,
1782 617 2076 673 viventium

1601 701 1830 760 Fontem
1854 722 2140 776 aquarum.

1677 791 1843 849 Maris
1873 793 1998 850 fons
2029 803 2114 850 est
2147 794 2314 865 Deus,

1606 879 1742 937 Pars
1769 881 2139 952 Willibaldus,

1607 976 1782 1044 Quem
1815 981 2002 1050 procul
2038 982 2232 1050 patriis

1610 1065 1736 1124 Sitit
1757 1067 1824 1123 ab
1846 1069 1958 1124 oris
1982 1087 1996 1125 :

1606 1151 1764 1210 Cervi
1795 1170 1946 1209 more
1987 1171 2152 1215 suum

1609 1237 1802 1296 Tendit
1826 1241 1894 1296 ad
1919 1243 2189 1302 haustum.

1679 1334 2008 1405 Angelorum
2039 1336 2232 1395 insula:

1608 1426 1758 1481 Felix
1791 1428 2029 1496 alumne,

1607 1519 1721 1578 Nos
1746 1507 1904 1593 prece
1931 1524 2120 1580 sedula

1607 1607 1810 1680 Dignos
1836 1609 1920 1665 fac
1943 1627 2108 1680 aqua,

1607 1701 1782 1767 Quam
1810 1703 2062 1773 quisquis
2083 1703 2280 1762 biberit

1610 1790 1768 1846 Sitim
1792 1803 1916 1863 post
1937 1795 2131 1850 nescit.

1676 1879 1911 1936 Mundos
1947 1883 2272 1952 baptismate

1559 1967 1562 1969 Α
1607 1969 1849 2027 Fraudes
1880 1971 2083 2042 iniquae

1608 2067 1834 2139 Semper
1867 2069 2135 2139 inliciunt,
2196 2123 2202 2129 .

1608 2157 1853 2231 Maleque
1877 2172 2130 2235 mergunt

1607 2244 1710 2302 Per
1737 2258 1991 2321 stagnum
2023 2251 2272 2306 criminis

1607 2339 1664 2394 ln
1689 2357 1907 2410 pmnam
1935 2341 2148 2394 mortis.

1681 2432 1784 2487 Sed
1817 2432 1922 2488 tuis
1949 2431 2202 2502 precibus

1609 2521 1811 2579 Omnes
1837 2538 2116 2594 rogamus,

1607 2615 1686 2672 De
1722 2632 1864 2671 saeva
1894 2617 2028 2686 eripi

1608 2701 1760 2760 Noxa
1790 2703 2114 2774 Charybdis,

1609 2793 1912 2866 Tangentes
1939 2792 2196 2865 lacrymis

1607 2884 1832 2940 Portum
1855 2885 2066 2939 salutis.

1681 2974 1828 3029 Laus
1851 2973 1968 3038 tibi,
2003 2970 2264 3037 Trinitas,

1607 3066 1754 3122 Laus
1782 3073 1837 3122 et
1859 3073 2128 3138 potestas;

1612 3157 1688 3212 Te
1709 3157 1931 3213 laudant
1957 3155 2201 3221 ﬂumina,

1609 3243 1747 3299 Coeli
1783 3257 1850 3300 ac
1871 3251 2048 3308 terra;

1614 3335 1659 3386 A
1698 3333 1838 3389 mari
1879 3331 1947 3387 ad
1975 3344 2130 3387 mare

963 3437 1052 3492 lV.
1095 3438 1173 3494 De
1207 3438 1267 3495 S.
1317 3439 1625 3502 Laurentio.
2112 3444 2156 3503 Α

716 3527 1056 3584 Conscendat
1091 3546 1265 3600 usque
1289 3532 1469 3588 sidera

649 3618 896 3688 leique
929 3622 1105 3691 pulset
1133 3623 1324 3678 intima

653 3708 770 3764 Vox
795 3720 957 3782 atque
977 3722 1172 3769 cantus
1200 3715 1450 3770 omnium

649 3799 724 3856 Te
752 3801 921 3856 Deum
952 3804 1402 3860 collaudantium.

715 3893 881 3950 Adest
907 3911 1141 3966 namque
1170 3895 1437 3955 festivitas

649 3986 715 4040 Et
740 3985 857 4041 dies
884 3989 1228 4056 venerabilis,

648 4077 706 4132 In
737 4095 848 4148 quo
877 4080 1077 4134 omium
1112 4096 1213 4150 pro
1243 4081 1453 4137 meritis

648 4168 979 4226 Laurentius
1010 4171 1292 4242 ingressus
1312 4180 1418 4227 est.

719 4257 845 4324 Qui,
880 4262 1154 4327 superatis
1181 4261 1400 4332 ignibus

647 4346 711 4400 Et
739 4345 924 4416 impiis
958 4349 1278 4414 tortoribus,

651 4438 884 4494 Devictis
913 4439 1071 4494 savis
1097 4440 1372 4506 hostibus,

644 4529 800 4586 Nunc
833 4531 1030 4602 gaudet
1053 4531 1109 4585 in
1131 4529 1463 4586 coelestibus.

724 4621 842 4691 Ipse
879 4621 1135 4692 dignetur
1161 4620 1455 4676 Dominum

652 4710 864 4782 Rogare
892 4712 1407 4779 clementissimum,

654 4801 726 4858 Ut
754 4804 822 4859 ab
851 4804 1070 4860 arternis
1106 4804 1320 4874 ignibus

652 4896 762 4952 Nos
793 4898 962 4952 salvet
990 4906 1040 4952 et
1073 4895 1434 4950 daamonibus.

723 4987 835 5043 Deo
870 4988 1019 5042 Patri
1042 4989 1113 5042 sit
1140 4987 1311 5058 gloria

656 5076 895 5146 Ejusque
931 5077 1031 5131 soli
1056 5075 1194 5130 Filio

654 5168 793 5222 Cum
825 5167 1029 5238 Spiritu
1057 5167 1326 5224 Paraclito

659 5259 725 5316 Et
752 5276 900 5318 nunc
923 5261 1052 5317 etin
1079 5268 1418 5331 perpetuum.
1459 5258 1653 5315 Amen.

941 5351 1006 5406 V.
1047 5351 1124 5407 De
1163 5351 1404 5406 omnibus
1445 5351 1664 5407 sanctis.

762 5444 965 5500 Omnes
1000 5446 1221 5514 superni
1257 5445 1498 5512 ordines,

658 5537 870 5603 Quibus
893 5539 1106 5593 dicatur
1129 5539 1220 5592 hic
1243 5537 1382 5603 dies,

662 5629 806 5683 Mille
835 5629 1038 5683 milleni
1076 5629 1294 5693 millies,

664 5722 882 5781 Vestros
918 5721 1098 5776 audite
1125 5721 1392 5790 supplices

1314 319 1686 379 HERIBERTI
1724 326 2313 386 EICHSTETTENSIS
2349 328 2656 387 EPISCOPI
2696 328 2930 388 l-iYMNl.

2717 446 2864 503 Laus
2891 449 2963 503 sit
2992 449 3093 506 hac
3120 447 3227 504 die.
3253 417 3446 507 Amen.

2857 541 2943 595 ΙΙΙ.
2976 541 3053 596 De
3083 552 3268 598 sancta
3290 545 3603 618 Walburgc.

2784 631 2917 700 Ave,
2931 633 3032 689 ﬂos
3052 635 3340 706 virginum,

2715 719 2887 779 Soror
2910 741 3232 794 magnorum

2716 813 2967 870 Fratrum
2998 816 3294 876 Willibaldi

2714 904 2781 960 Et
2806 906 3151 980 Wunebaldi,

2716 996 2850 1065 Ave,
2879 1000 3106 1072 virginei

2721 1087 2932 1160 Sponsa
2960 1092 3193 1151 decoris.

2783 1180 2929 1238 Inter
2953 1186 3270 1246 innumeros

2713 1273 2865 1341 Quos
2894 1278 3042 1332 misit
3070 1288 3309 1344 sanctos,

2715 1365 2796 1423 Te
2827 1369 2950 1423 laeta
2973 1371 3156 1439 genuit

2715 1460 2968 1531 Lmtaque
2995 1465 3160 1530 misit,

2717 1552 2932 1609 Florcm
2971 1555 3294 1627 angelicum,

2718 1646 2909 1717 Anglia
2941 1656 3130 1704 mater.

2789 1737 2866 1793 Te
2887 1745 3059 1794 mater
3083 1738 3316 1807 Domini,

2720 1828 2892 1885 Mater
2911 1840 2964 1885 et
2981 1832 3153 1902 virgo,

2720 1919 2947 1975 Choreis
2967 1921 3236 1992 virginum

2729 2009 3000 2083 Virginem
3017 2012 3219 2082 iunxit,

2725 2099 2972 2173 Filioque
2995 2119 3118 2169 suo,

2723 2193 2954 2265 Sponsa,
2983 2193 3185 2248 dicavit

2788 2285 3036 2357 Ingressa
3059 2285 3358 2341 thalamum

2717 2378 2879 2449 Regis
2917 2378 3179 2433 caelorum

2714 2471 2888 2528 Audis
2909 2470 3209 2541 angelicum

2718 2561 2950 2619 Carmen
2977 2561 3272 2633 jocundum
3297 2577 3314 2612 :

2719 2655 2885 2722 Intra,
2915 2656 3088 2721 virgo,
3121 2654 3197 2708 tui

2719 2747 2994 2804 Gaudium
3024 2745 3222 2817 Sponsi

2790 2841 2936 2896 Laus
2966 2839 3084 2905 tibi,
3112 2837 3372 2904 Trinitas,

2725 2933 2872 2987 Laus
2907 2939 2960 2985 et
2994 2938 3236 3000 potestas
3257 2947 3272 2995 ;

2727 3022 2802 3080 Te
2827 3021 3049 3076 laudant
3082 3021 3323 3092 virgines

2725 3115 2974 3187 Quinque
2995 3113 3316 3186 prudentes;

2656 3202 2664 3210 ’
2726 3207 2802 3262 Te
2828 3215 2946 3262 oret
2964 3221 3063 3276 pro
3087 3205 3246 3260 nobis

2725 3298 2892 3370 Virgo
2913 3297 3242 3368 Walpurgis.
3272 3294 3464 3349 Amen.

2391 3435 2640 3493 Primum
2675 3433 2905 3487 virtutes
2946 3430 3135 3500 igneae,

2327 3526 2450 3580 Mox
2479 3524 2694 3595 repletae
2719 3519 2982 3585 scientiae,

2325 3617 2460 3673 Exin
2478 3617 2664 3688 iuvate
2688 3629 2791 3669 nos
2815 3625 2994 3682 prece,

2327 3708 2615 3767 Sessiones
2641 3706 2950 3763 dominicae.

2399 3797 2540 3853 Hinc
2567 3798 2732 3853 dicati
2759 3794 3077 3860 virtutibus,

2326 3890 2549 3963 Vosque
2580 3888 2842 3944 tremendi
2870 3887 3114 3943 mutibus
3144 3880 3443 3956 (nutibus?)

2328 3983 2396 4040 Et
2426 3981 2695 4055 fulgurosi
2728 3979 2989 4045 vultibus,

2328 4076 2534 4132 Christi
2563 4074 2737 4130 favete
2765 4071 3031 4144 plebibus.

2402 4167 2506 4236 Tu,
2531 4175 2706 4238 pater,
2736 4165 2883 4220 adsis
2907 4162 3209 4227 Abraham,

2330 4258 2549 4315 Claram
2579 4271 2776 4329 gerens
2796 4254 3129 4324 prosapiam,

2329 4349 2468 4406 Cum
2505 4349 2641 4418 ipsis
2664 4345 3029 4402 necessariam

2330 4438 2500 4496 Nobis
2521 4437 2791 4510 precando
2811 4435 3045 4490 veniam.

2439 4531 2604 4586 Sacer
2626 4529 2812 4582 adesto
2848 4527 3104 4597 claviger,

2331 4620 2399 4677 Et
2428 4637 2581 4676 nova:
2605 4619 2759 4690 pacis
2786 4617 2994 4688 legifer,

2333 4711 2634 4782 Omnisque
2667 4707 2872 4764 Christi
2902 4703 3136 4761 crucifer

2273 4805 2276 4808 ’
2339 4801 2503 4856 Actus
2529 4797 2788 4852 mundate
2816 4795 3038 4866 pariter.

2405 4889 2513 4944 Deo
2545 4887 2691 4942 Patri
2717 4887 2788 4940 sit
2820 4885 2991 4956 gloria

2337 4982 2578 5052 Ejusque
2605 4979 2706 5034 soli
2732 4977 2870 5032 Filio

2337 5075 2476 5128 Cum
2509 5070 2712 5140 Spiritu
2738 5065 3009 5122 Paraclito

2337 5161 2404 5216 Et
2436 5176 2582 5216 nunc
2617 5159 2750 5214 etin
2785 5163 3125 5226 perpetuum.
3151 5155 3343 5205 Amen.

2517 5250 2606 5304 Vl.
2652 5249 2723 5303 De
2748 5247 3041 5302 inventione
3068 5240 3127 5299 S.
3176 5241 3454 5314 Stephani.

2409 5338 2554 5395 Deus
2579 5337 2826 5403 deorum,
2851 5333 3101 5402 Domine,

2339 5434 2452 5489 Rex
2479 5431 2819 5500 sempiterna:
2853 5426 3056 5497 glorias,

2339 5527 2453 5580 Rex
2485 5523 2807 5577 invictorum
2838 5519 3094 5584 militum,

2340 5616 2572 5671 Carmen
2616 5611 2812 5667 exaudi
2841 5608 3168 5678 supplicum.

2420 5707 2586 5761 Terra
2610 5713 2795 5776 tegens
2823 5700 3198 5758 absconditum

3612 340 3752 396 l3?!
