4038 6380
491 334 630 388 ἴίλρτὲῖ
662 366 666 368 -

1646 329 1868 388 ΕΜΜᾹΞ
1907 329 2187 386 ΒΕΟΙΝᾹΞ
2229 329 2607 388 ANGLORUM

3615 331 3732 389 {576

493 458 598 501 tam
629 447 703 501 iili
729 447 939 517 placere
979 446 1184 502 nescio.
1235 446 1394 513 Quod
1429 447 1575 502 enim
1602 449 1895 519 cujuslibet
1920 449 2079 519 periti
2110 452 2155 508 A
2180 449 2316 516 eiat;
2345 465 2470 504 cum
2496 453 2698 520 pariter
2717 449 3004 506 considero
3030 463 3194 520 quam
3223 448 3454 519 pessime
3481 448 3534 504 in
3559 449 3734 506 talibus

490 544 793 615 eloquentis
819 547 884 602 de
910 556 962 603 te
989 548 1160 603 virtus
1175 554 1265 602 tua
1288 545 1888 616 praeeminet,omnibus
1905 561 1935 600 a
1952 545 2077 615 qui-

493 637 596 692 bus
630 641 974 708 cognosceris
1011 641 1129 711 ipso
1156 641 1288 695 solis
1318 639 1514 710 jubare
1554 637 1754 693 clarius
1789 638 1949 692 lucet.
2003 637 2080 692 Te

495 728 660 798 igitur
684 746 811 801 erga
857 748 944 788 me
982 733 1120 788 adeo
1168 733 1307 786 bene
1345 731 1594 786 meritam
1622 731 1802 800 magni
1831 729 1991 796 facio,
2022 738 2081 783 ut

497 819 661 871 morti
689 819 991 891 intrepidus
1018 823 1416 884 occumberem.
1447 822 1493 877 si
1540 821 1596 875 in
1624 837 1738 875 rem
1768 821 1863 875 tibi
1889 836 2081 890 prove-

499 907 616 961 nire
661 910 959 966 crederem.
991 912 1109 978 Qua
1155 927 1223 966 ex
1265 927 1324 966 re
1351 911 1483 966 mihi
1508 910 1697 979 etiam,
1724 919 1786 965 ut
1810 910 2079 980 principis.

500 1001 821 1056 memoriam
871 1019 1052 1058 rerum
1100 1013 1396 1074 gestarum,
1448 1017 1651 1068 rerum,
1703 1002 1950 1071 inquam,
1990 1009 2084 1054 tuo

501 1098 830 1163 tuorumque
879 1095 1072 1150 honori
1142 1096 1489 1151 attinentium
1546 1093 1742 1148 litteris
1784 1091 2086 1164 posteritati

501 1184 762 1239 mandare
783 1187 987 1256 gestio;
1018 1187 1111 1242 sed
1139 1187 1208 1241 ad
1234 1187 1340 1241 hoc
1365 1185 1674 1240 faciendum
1701 1199 1788 1240 me
1809 1184 1947 1239 mihi
1972 1183 2088 1240 suf-

499 1272 666 1329 ficere
687 1291 846 1346 posse
871 1278 1079 1334 dubito.
1128 1277 1243 1334 Hoc
1287 1278 1431 1333 enim
1458 1279 1513 1332 in
1542 1275 1782 1333 Historia
1805 1277 2088 1347 proprium

501 1367 736 1437 exigitur
776 1379 837 1423 ut
862 1371 1010 1426 nullo
1037 1371 1242 1426 erroris
1262 1370 1584 1425 diverticulo
1610 1385 1641 1424 a
1667 1379 1817 1424 recto
1841 1367 2089 1422 veritatis

502 1461 716 1514 tramite
737 1461 1064 1529 declinetur;
1094 1463 1352 1532 quoniam
1381 1477 1504 1529 cum
1533 1462 1656 1530 quis
1683 1460 1916 1531 alicujus
1941 1469 2087 1531 gesta

502 1551 768 1619 scribens,
798 1555 1010 1608 veritati
1057 1553 1197 1610 falsa
1239 1554 1490 1624 quredam
1537 1569 1635 1608 seu
1681 1553 1934 1617 errando,
1975 1551 2090 1606 sive

503 1644 587 1712 (ut
614 1661 754 1715 saepe
780 1645 858 1717 fit)
886 1657 1114 1703 ornatus
1141 1648 1311 1719 gratia
1338 1647 1633 1713 interserit,
1659 1645 1900 1716 profecto
1927 1645 2091 1701 unius

503 1744 715 1790 tantum
743 1747 1021 1808 comperta
1055 1739 1381 1794 admistione
1407 1738 1677 1793 mendacii
1703 1738 1922 1792 auditor
1946 1736 2088 1792 facta

2187 557 2304 597 sese
2330 542 2570 596 humana
2595 543 2932 598 consuetudo
2969 543 3184 600 habeat.
3233 542 3429 598 Videns
3471 543 3613 597 enim
3654 543 3738 597 ali-

2186 634 2311 704 quis
2337 635 2648 704 quempiam
2676 651 2776 704 pro
2823 635 3176 704 exprimenda
3222 637 3300 691 rei
3337 635 3560 690 veritate
3584 635 3738 689 verbis

2187 726 2577 798 indulgentem,
2605 743 2759 781 vana:
2784 727 3132 796 loquacitatis
3156 743 3283 782 eum
3331 727 3650 782 mordaciter
3672 744 3742 782 re-

2187 818 2431 889 darguit;
2454 819 2619 873 alium
2649 834 2777 872 vero
2813 835 2975 889 quem
3001 819 3113 874 dixi
3138 819 3531 890 blasphemiam
3559 819 3744 889 fugien-

2189 919 2294 964 tem
2321 917 2376 964 et
2399 925 2555 979 :equo
2580 909 2966 965 modestiorem
2991 909 3048 963 in
3074 910 3407 975 narratione,
3433 924 3559 964 cum
3584 918 3748 978 operta

2189 1001 2466 1056 denudare
2489 1002 2700 1068 debeat,
2729 1010 2914 1071 aperta
2940 1001 3247 1058 occuluisse
3269 1001 3417 1056 dicit.
3448 999 3566 1054 Tali
3591 1000 3750 1070 itaque

2191 1093 2441 1163 angustia
2469 1092 2889 1162 circumseptus,
2917 1093 2986 1148 ab
3019 1093 3383 1148 invidentibus
3420 1093 3619 1162 loquax
3661 1092 3750 1147 dici

2193 1186 2376 1248 timeo,
2406 1186 2473 1253 si,
2500 1187 2739 1256 neglecta
2785 1195 3067 1240 venustate
3110 1185 3441 1249 dictaminis,
3482 1183 3750 1238 Historiam

2193 1278 2499 1348 scripturus
2519 1277 2803 1347 multiplici
2822 1275 3135 1331 narratione
3155 1290 3293 1331 usus
3311 1272 3487 1328 fuero.
3510 1272 3754 1339 Quoniam

2192 1386 2343 1437 vero,
2372 1370 2505 1440 quin
2533 1370 2844 1440 scripturus
2871 1369 2974 1423 sim
3011 1368 3240 1423 evadere
3264 1382 3351 1421 me
3376 1383 3488 1422 non
3516 1381 3669 1436 posse
3689 1365 3756 1418 vi-

2194 1463 2317 1530 deo,
2345 1478 2516 1516 unum
2567 1462 2763 1516 horum
2810 1477 2933 1532 qum
2978 1475 3282 1531 proponam
3317 1458 3626 1530 eligendum
3655 1471 3760 1512 esse

2195 1567 2480 1622 autumno,
2509 1554 2714 1610 scilicet
2738 1562 2832 1607 aut
2857 1553 3025 1608 variis
3057 1551 3279 1622 judiciis
3322 1552 3606 1606 hominum
3650 1550 3764 1606 sub-

2190 1649 2393 1719 jaccre,
2421 1655 2516 1701 aut
2539 1646 2606 1701 de
2655 1647 2744 1702 his
2792 1662 2914 1716 quae
2945 1645 3082 1700 mihi
3131 1661 3164 1700 a
3215 1653 3285 1710 te,
3319 1643 3548 1699 domina
3575 1643 3763 1713 regina,

2196 1749 2461 1811 praecepta
2504 1748 2676 1806 sunt,
2725 1739 3125 1808 prreripientem
3173 1736 3499 1808 negligendo
3551 1736 3766 1790 comice.

503 1827 652 1882 velut
698 1828 897 1885 infecta
947 1831 1116 1886 ducit.
1159 1830 1311 1886 Unde
1337 1831 1616 1886 historicis
1643 1845 1972 1901 magnopere
1997 1846 2092 1885 ca-
2124 1809 2167 1868 Β
2198 1809 2383 1888 scere.
2408 1829 2548 1886 Malo
2578 1831 2761 1900 itaque
2809 1845 2840 1883 a
2874 1827 3206 1899 quibusdam
3240 1826 3307 1882 de
3340 1827 3669 1897 loquacitate
3695 1841 3767 1879 re-

502 1919 740 1974 vendum
763 1937 884 1978 esse
909 1939 1106 1979 censeo
1134 1939 1220 1991 ne,
1258 1923 1470 1978 veritati
1497 1922 1827 1993 quibusdam
1851 1922 1990 1978 falso
2011 1923 2096 1977 in-

507 2013 783 2080 terpositis
826 2016 1220 2082 eontraeundo,
1250 2031 1448 2070 nomen
1497 2016 1661 2069 etiam
1711 2015 1899 2085 perdat
1948 2015 2095 2085 quod

507 2102 720 2158 videtur
746 2105 948 2162 habere
972 2123 1040 2162 ex
1067 2107 1262 2165 ofﬁcio.
1313 2106 1422 2162 Res
1455 2107 1602 2161 enim
1629 2107 1866 2172 veritati,
1894 2107 2096 2162 veritas

508 2210 728 2265 quoque
755 2197 914 2255 fidem
941 2199 1073 2254 facit
1121 2200 1218 2254 rei.
1268 2197 1394 2254 Haec
1420 2215 1635 2254 meeum
1664 2199 1878 2269 aliaque
1907 2199 2097 2268 hujus-

510 2287 658 2342 modi
685 2299 988 2360 reputante,
1017 2292 1187 2348 rubor
1220 2292 1466 2347 animum
1516 2291 1863 2346 vehementer
1895 2306 2094 2346 excru-

526 2451 2725 2482 W

2201 1923 2394 1994 dargui
2422 1963 2437 1990 ,
2492 1937 2659 1992 quam
2687 1920 2973 1975 veritatem
3007 1919 3245 1974 maxime
3291 1916 3662 1973 memorabilis
3702 1916 3767 1970 rei

2203 2030 2300 2086 per
2333 2029 2422 2069 me
2457 2013 2715 2068 omnibus
2751 2011 3037 2067 occultari.
3087 2010 3356 2078 Quocirca
3382 2010 3659 2080 iubentem
3684 2007 3767 2062 do-

2203 2105 2410 2158 minam
2440 2102 2624 2175 magni
2655 2102 2918 2173 pendens,
2953 2103 3098 2157 hanc
3146 2101 3282 2156 mihi
3328 2101 3468 2171 elegi
3499 2100 3659 2164 viam,
3687 2115 3768 2152 ex-

2203 2195 2477 2252 cusabiles
2507 2193 2763 2264 deinceps
2787 2192 3106 2248 occasiones
3132 2191 3492 2263 posthabens,
3518 2191 3644 2245 hinc
3665 2203 3773 2243 nar—

2203 2288 2436 2343 rationis
2470 2287 2873 2342 contextionem
2899 2284 3123 2340 faciam.

2737 2442 3752 2472 —————*

1765 2606 1958 2685 ABG
1975 2603 2527 2684 UMENTUM.

587 2760 860 2828 Fortasse,
883 2779 916 2817 ο
935 2763 1124 2830 lector,
1151 2764 1415 2836 ambiges,
1434 2778 1631 2833 meque
1661 2762 1985 2833 scriptorem
2017 2777 2105 2816 er—
2136 2763 2182 2828 ο
2213 2774 2486 2814 summam
2513 2757 2907 2828 complectitur.
2940 2756 3099 2825 Quod
3153 2769 3276 2812 esse
3313 2768 3535 2810 mecum
3564 2754 3782 2808 sentient

517 2851 663 2907 roris
693 2861 788 2907 aut
814 2854 1044 2909 inscitiae
1069 2857 1384 2927 redargues,
1417 2871 1515 2911 cur
1539 2855 1594 2908 in
1626 2854 1793 2924 hujus
1821 2854 1989 2908 libelli
2017 2861 2125 2909 ca’-'

518 2944 630 3014 pite
663 2954 820 3002 actus
850 2947 1150 3018 laudesque
1183 2947 1372 3003 Sueini
1420 2947 1756 3004 serenissimi
1807 2947 1952 3017 regis
1983 2961 2110 3016 pro-

522 3039 903 3109 mulgaverim,
944 3035 1089 3096 cum
1125 3041 1180 3095 in
1232 3041 1608 3112 suprascripta
1654 3039 1881 3110 epistola
1930 3038 2109 3108 ipsum

519 3129 844 3186 codicellum
870 3131 1018 3187 laudi
1043 3131 1208 3203 hujus
1229 3132 1462 3188 domina:
1491 3147 1577 3185 me
1608 3129 1991 3200 spoponderim
2026 3128 2110 3183 fa-

523 3230 764 3277 cturum.
795 3223 950 3290 Quod
985 3225 1056 3280 ita
1085 3241 1208 3282 esse
1238 3226 1353 3296 ipse
1381 3224 1641 3289 fatebere,
1672 3239 1867 3293 meque
1895 3223 1964 3276 ab
1990 3222 2112 3292 ejus

523 3312 777 3368 laudibus
800 3329 1072 3384 nusquam
1099 3316 1334 3384 accipies
1356 3314 1594 3380 deviare,
1619 3313 1666 3368 si
1694 3313 1868 3382 prima
1895 3312 2110 3378 mediis,

523 3413 689 3474 atque
715 3404 762 3460 si
794 3406 998 3460 extima
1026 3407 1208 3477 sagaci
1243 3421 1395 3460 more
1419 3403 1672 3461 conferas
1698 3404 1909 3474 primis.
1935 3403 2114 3473 Atque

525 3505 586 3548 ut
614 3493 682 3549 ad
713 3494 818 3549 hoc
846 3495 1167 3550 intuendum
1213 3496 1361 3550 nulla
1408 3495 1613 3550 erroris
1658 3493 1973 3563 impediaris
2020 3509 2115 3550 ne-

529 3585 680 3653 bula,
716 3603 747 3641 a
779 3586 1054 3644 similibus
1083 3596 1246 3658 atque
1276 3605 1307 3644 a
1334 3589 1553 3659 penitus
1581 3587 1725 3642 veris
1752 3588 1856 3641 hoc
1883 3586 1982 3641 tibi
2012 3587 2114 3641 ha-

529 3678 663 3735 beas
719 3681 1018 3737 tbeorema.
1070 3681 1322 3748 Eneida,
1368 3681 1734 3751 conscriptam
1797 3696 1829 3734 a
1888 3679 2115 3751 Virgilio

527 3772 656 3841 quis
686 3772 903 3842 poterit
937 3774 1169 3828 inliciari
1215 3774 1419 3844 ubique
1478 3773 1736 3828 laudibus
1785 3772 2117 3842 respondere

527 3862 833 3930 Octaviani,
863 3881 988 3920 cum
1018 3881 1155 3935 pene
1203 3865 1339 3919 nihil
1391 3877 1486 3920 aut
1539 3865 1699 3936 plane
1749 3880 1943 3936 parum
1997 3864 2117 3934 ejus

534 3957 742 4012 mentio
773 3957 1020 4012 videatur
1044 3957 1370 4013 nominatim
1401 3957 1688 4012 interseri?
1730 3955 2118 4011 Animadverte

531 4047 699 4119 igitur
723 4050 940 4104 laudem
969 4065 1073 4105 suo
1117 4050 1303 4121 generi
1353 4049 1650 4118 ascriptam
1704 4048 1880 4118 ipsius
1935 4047 2118 4102 decori

531 4141 897 4208 claritudinis,
925 4142 1299 4213 claritatisque
1324 4141 1379 4196 in
1409 4141 1665 4197 omnibus
1695 4140 1983 4195 nobilitare
2008 4139 2124 4210 glo-

536 4231 694 4286 riam.
725 4232 860 4298 Quis
887 4245 1068 4290 autem
1096 4235 1185 4290 hic
1231 4243 1389 4312 neget
1437 4233 1690 4288 laudibus
1725 4233 1929 4304 regium
1977 4231 2125 4288 hunc

534 4340 633 4394 per
662 4325 847 4380 omnia
877 4327 1204 4395 respondere
1231 4325 1494 4392 codicem,
1526 4341 1653 4380 cum
1711 4341 1819 4379 non
1868 4323 2032 4378 modo
2057 4322 2125 4377 ad

537 4414 658 4484 ejus
689 4416 916 4488 gloriam
944 4418 1235 4485 scribatur,
1261 4433 1451 4473 verum
1479 4418 1645 4472 etiam
1685 4417 1805 4488 ejus
1827 4416 2124 4470 maximam

539 4507 790 4563 videatur
815 4509 1060 4564 obtinere
1086 4510 1333 4580 partem?
1377 4509 1434 4564 Id
1481 4509 1579 4565 tibi
1613 4509 1660 4565 si
1689 4509 1968 4581 probabile
2015 4524 2126 4563 non

539 4602 792 4675 videtur,
841 4603 1078 4659 evidenti
1130 4604 1356 4660 alterius
1400 4604 1480 4662 rei
1522 4605 1726 4659 indicio
1778 4603 2124 4673 approbetur.

543 4692 698 4750 Nosti
747 4695 1006 4766 quoniam
1037 4738 1052 4762 ,
1107 4694 1418 4766 ubicunque
1488 4694 1765 4765 gyraveris
1839 4693 2128 4760 circulum,

546 4787 725 4856 primo
754 4787 998 4842 omnium
1027 4788 1218 4857 procul
1262 4787 1428 4842 dubio
1452 4786 1781 4856 principium
1817 4784 1987 4840 facies
2011 4800 2133 4839 esse

547 4885 830 4946 punctum,
874 4877 1062 4947 sicque
1103 4886 1278 4932 rotato
1304 4877 1666 4934 continuatim
1692 4877 1823 4932 orbe
1849 4875 2140 4931 reducetur

550 4969 825 5036 circulus,
877 4985 988 5038 quo
1034 4971 1259 5026 reduetu
1313 4969 1383 5024 ad
1430 4985 1590 5025 suum
1637 4968 1968 5040 principium
2019 4967 2140 5037 ejus

551 5059 738 5132 figurae
763 5061 1113 5116 continuatur
1135 5063 1393 5118 ambitus.
1449 5061 1624 5116 Simili
1657 5063 1822 5133 igitur
1850 5060 2141 5115 continua—

550 5153 699 5210 tione
728 5155 848 5210 laus
876 5153 1079 5225 reginae
1119 5154 1290 5209 claret
1320 5155 1374 5209 in
1425 5155 1639 5227 primis,
1672 5155 1729 5210 in
1758 5153 1955 5209 mediis
1981 5153 2143 5224 viget,

553 5245 608 5299 in
642 5245 848 5302 ultimis
904 5247 1201 5315 invenitur,
1271 5263 1602 5320 omnemque
1659 5262 1888 5319 prorsus
1943 5245 2148 5301 codicis

2211 2852 2290 2907 sic
2315 2851 2526 2922 collige.
2562 2849 2798 2906 Sueinus
2823 2851 2918 2906 re‘x
2966 2840 3265 2914 DanOrum,
3301 2845 3507 2900 virtute
3530 2844 3784 2914 armisque

2212 2945 2421 3014 pollens
2447 2952 2502 2999 et
2529 2943 2779 3009 consilio,
2808 2943 3098 3014 Anglicum
3141 2955 3368 3011 regnum
3395 2939 3450 2993 vi
3481 2953 3584 2995 suo
3613 2938 3783 3007 subju-

2213 3035 2360 3106 gavit
2386 3035 2636 3105 imperio,
2667 3035 3020 3106 moriensque
3045 3032 3476 3105 ejusdem'regni
3501 3031 3784 3087 Cnutonem

2214 3130 2386 3183 ﬁlium
2414 3143 2793 3183 successorem
2838 3142 2962 3184 esse
2998 3126 3300 3184 constituit.
3329 3124 3431 3181 Hie
3460 3124 3785 3195 postmodum

2215 3221 2418 3276 eisdem
2453 3220 2642 3292 Anglis
2671 3229 2863 3276 contra
2892 3235 2952 3276 se
2982 3218 3368 3286 sentientibus,
3400 3227 3572 3289 atque
3617 3218 3788 3272 acriter

2214 3313 2326 3368 vim
2355 3313 2705 3368 instrumenti
2743 3313 2797 3367 vi
2847 3327 3067 3383 quoque
3113 3311 3552 3382 repugnantibus
3581 3352 3596 3375 ,
3641 3309 3788 3364 multa

2216 3405 2452 3461 confecit
2474 3405 2644 3473 bella;
2672 3414 2726 3460 et
2752 3404 2990 3460 fortasse
3018 3404 3110 3458 vix
3137 3413 3231 3457 aut
3260 3418 3551 3472 nunquam
3578 3398 3788 3456 bellandi

2217 3499 2435 3553 adesset
2461 3497 2608 3565 linis,
2634 3498 2741 3554 nisi
2771 3496 2990 3552 tandem
3023 3496 3190 3567 hujus
3229 3494 3593 3550 nobilissima:
3618 3494 3790 3564 regina:

2213 3590 2385 3663 jugali
2407 3591 2602 3662 copula
2647 3591 2933 3662 potiretur,
2984 3588 3204 3644 favente
3259 3589 3437 3660 gratia
3491 3586 3787 3643 Salvatoris.

2221 3683 2420 3740 Vivens
2445 3684 2624 3739 adhuc
2647 3684 2715 3739 de
2739 3684 2844 3738 hac
2885 3681 3080 3738 eadem
3130 3680 3318 3750 regina
3369 3689 3634 3750 suscepto
3679 3679 3790 3742 filio,

2219 3775 2534 3831 Hardecnut
2585 3775 2835 3844 scilicet,
2887 3772 3158 3845 quidquid
3201 3787 3316 3827 sua:
3361 3773 3595 3842 parebat
3625 3769 3794 3825 ditioni

2219 3870 2461 3925 tradidit.
2491 3868 2616 3938 Qui,
2643 3868 2903 3924 defuncto
2928 3875 3103 3937 patre,
3135 3863 3377 3936 Anglicis
3427 3865 3632 3919 absens
3677 3872 3792 3916 erat.

2221 3961 2468 4034 Regnum
2495 3960 2766 4031 siquidem
2787 3959 3066 4014 Danorum
3087 3965 3487 4030 procuraturus
3511 3957 3664 4011 ierat.
3687 3953 3798 4020 Quze

2224 4055 2470 4109 absentia
2513 4053 2728 4123 imperii
2759 4052 2846 4108 sui
2876 4053 3014 4108 ﬁnes
3045 4050 3338 4106 invadendi
3383 4050 3596 4120 injuste
3629 4063 3796 4120 perva-

2228 4147 2340 4202 sori
2363 4146 2544 4201 locum
2570 4145 2736 4200 dedit.
2786 4143 2891 4211 Qui
2941 4152 3165 4214 accepto
3205 4158 3394 4214 regno,
3425 4142 3652 4197 fratrem
3678 4139 3799 4209 regis

2229 4238 2619 4294 nefandissima
2647 4237 2955 4308 proditione
2980 4236 3272 4290 interemit.
3319 4235 3425 4290 Sed
3471 4236 3653 4291 divina
3689 4231 3800 4288 ultio

2233 4331 2545 4398 subsecuta,
2572 4330 2911 4400 impiumque
2959 4329 3290 4398 percutiens,
3329 4343 3566 4398 regnum
3614 4326 3796 4382 cuide-

2232 4423 2464 4479 bebatur
2491 4421 2745 4476 restituit.
2793 4419 3106 4474 liardecnut
3151 4419 3360 4488 itaque,
3392 4427 3613 4488 recepto
3638 4429 3797 4486 regno,

2234 4515 2495 4572 maternis
2541 4529 2638 4585 per
2685 4512 2870 4568 omnia
2899 4526 3097 4582 parens
3124 4510 3389 4576 consiliis,
3439 4510 3658 4564 divitias
3706 4521 3802 4560 ani-

2235 4607 2456 4678 pliando
2502 4620 2734 4676 regnum
2779 4601 3136 4673 imperialiter
3193 4601 3452 4656 obtinuit.
3510 4599 3651 4655 Usus
3695 4593 3804 4666 quin

2236 4696 2400 4751 etiam
2427 4695 2641 4767 egregia
2667 4693 2991 4748 liberalitate
3021 4691 3201 4758 fratri,
3249 4699 3438 4761 utpote
3475 4689 3711 4751 decebat,
3735 4699 3805 4738 se-

2240 4803 2363 4842 cum
2393 4787 2545 4858 regni
2571 4787 2740 4840 decus
2767 4793 2931 4854 atque
2955 4784 3174 4840 divitias
3201 4781 3522 4853 impertivit.
3568 4779 3662 4834 His
3683 4775 3802 4832 enim

2245 4878 2665 4945 animadversis,
2689 4895 2722 4934 0
2743 4879 2935 4944 lector,
2963 4877 3244 4948 vigilique,
3271 4875 3384 4929 imo
3429 4875 3595 4928 etiam
3622 4869 3803 4942 perspi-

2246 4973 2362 5028 caci
2389 4973 2548 5028 oculo
2596 4971 2796 5026 mentis
2840 4977 3181 5040 perscrutato
3206 4976 3377 5031 textu,
3409 4965 3648 5034 intellige
3671 4960 3806 5028 hujus

2251 5063 2419 5119 libelli
2463 5063 2660 5119 seriem
2713 5076 2810 5132 per
2852 5060 3035 5116 omnia
3088 5058 3290 5130 reginae
3334 5055 3544 5111 Emmae
3586 5043 3817 5108 laudibus‘

2255 5157 2602 5227 respondere.

1674 5347 3792 5392 ___________________,__________...

1801 5511 2101 5590 LIBER
2158 5504 2577 5586 PRIMUS.

637 5691 834 5763 Regem
862 5690 1138 5745 Danorum
1164 5689 1448 5758 Sueinum,
1475 5690 1719 5759 inquam,
1745 5689 1985 5743 veridica
2009 5702 2153 5742 eom-

565 5784 679 5850 peri
728 5782 987 5839 relaticne
1040 5782 1284 5837 omnium
1332 5782 1415 5838 sui
1460 5781 1719 5853 temporis
1754 5797 1937 5853 regum
1989 5780 2157 5836 ferme

2261 5681 2756 5741 fortunatissimum
2779 5676 3075 5741 exstitisse,
3108 5673 3243 5728 adeo
3269 5681 3330 5726 ut
3360 5667 3522 5740 (quod
3554 5678 3677 5720 raro
3704 5670 3809 5714 con-

2269 5781 2473 5849 tingere
2518 5775 2676 5845 solet)
2725 5771 3006 5844 principiis
3055 5767 3323 5828 felicibus,
3343 5761 3636 5820 secundum
3673 5753 3813 5811 Deum

3973 95 3975 208 φ
