4066 5330
293 234 426 294 15τῖ

1549 229 1930 290 amomum.
1973 264 2040 272 -
2081 230 2209 287 LIB.
2245 229 2286 289 ι.
2380 204 2387 211 ’

3423 234 3446 288 1
3457 233 3563 289 578

291 374 346 419 et
380 359 665 428 saculum,
696 357 870 413 multo
898 354 1109 412 felicior
1147 352 1497 426 responderet
1539 355 1739 411 exitus.
1782 352 1881 409 Hic
1910 356 1955 411 Α
1979 358 2034 406 et
2074 346 2433 421 quadraginta
2462 348 2735 420 puppibus
2764 363 2904 420 quas
2935 362 3120 403 secum
3151 348 3306 403 duxit
3337 360 3566 407 onustas

290 456 525 527 denique
576 470 606 510 a
664 452 1050 519 nobilissimis,
1105 451 1250 523 quod
1301 449 1541 521 primum
1594 458 1681 505 est
1732 449 1875 506 inter

291 548 573 615 homines,
607 545 765 602 duxit
806 544 1107 617 originem,
1154 556 1524 614 magnumque
1562 541 1666 597 sibi
1706 540 1875 597 decus

291 646 594 699 secundum
649 638 911 695 saxulum
954 636 1163 709 peperit
1202 634 1417 706 imperii
1464 634 1608 705 quod
1641 633 1875 689 admini-

289 733 499 789 strabat
528 730 790 803 regimen.
824 728 1056 786 Tantam
1085 728 1278 785 deinde
1309 728 1385 783 illi
1425 728 1658 800 gratiam
1690 727 1873 783 divina

289 821 564 878 concessit
598 821 798 889 virtus,
836 829 899 876 ut
938 820 1104 875 etiam
1142 820 1404 890 puerulus
1439 818 1633 874 intimo
1678 817 1874 874 aﬂectu

288 915 605 986 diligeretur
646 914 715 969 ab
756 913 1041 980 omnibus,
1078 919 1291 968 tantum
1330 912 1472 983 patri
1517 910 1740 982 proprio
1787 909 1874 964 in-

288 1007 461 1072 visus,
484 1005 633 1060 nulla
674 1006 781 1061 hoc
818 1011 1161 1076 promerente
1196 1002 1391 1073 puerili
1423 1002 1602 1073 culpa,
1632 1002 1726 1057 sed
1760 1002 1875 1057 sola

291 1095 545 1153 turbante
581 1097 802 1153 invidia.
834 1095 937 1163 Qui
963 1094 1142 1152 factus
1167 1095 1406 1166 juvenis,
1440 1095 1493 1150 in
1522 1110 1707 1151 amore
1740 1110 1879 1166 quo-

290 1187 422 1243 tidie
446 1188 726 1243 crescebat
752 1186 960 1258 populi,
988 1186 1132 1240 unde
1162 1185 1336 1256 magis
1361 1184 1647 1256 magisque
1674 1184 1877 1240 invidia

290 1279 592 1349 augebatur
626 1279 798 1349 patri;
847 1279 984 1334 adeo
1030 1285 1092 1331 ut
1133 1292 1258 1332 eum
1313 1292 1344 1331 a
1392 1275 1565 1346 patria
1612 1291 1723 1331 non
1763 1275 1878 1347 jam

291 1371 623 1435 (laneulum,
656 1372 749 1426 sed
785 1371 965 1441 palam
991 1370 1155 1425 vellet
1183 1368 1473 1439 expellere,
1494 1367 1881 1439 jurejurando-

292 1477 401 1532 que
444 1477 700 1518 asserens
750 1478 877 1518 eum
923 1470 1046 1532 ροεῑ
1085 1476 1145 1517 se
1187 1469 1541 1532 regnaturum
1588 1477 1697 1517 non
1734 1477 1875 1517 esse.

292 1549 447 1607 Unde
467 1552 657 1608 dolens
685 1552 980 1618 exercitus,
1004 1552 1193 1607 relicto
1215 1560 1389 1622 patre,
1418 1551 1658 1606 haerebat
1690 1551 1801 1606 ﬁlio
1825 1561 1881 1607 et

289 1659 416 1699 eum
444 1642 765 1700 defensabat
790 1644 999 1700 sedulo.
1030 1643 1201 1714 Hujus
1226 1643 1303 1697 rei
1326 1643 1498 1714 gratia
1526 1644 1881 1715 congrediun-

1975 442 2044 498 de
2090 440 2371 496 Danorum
2425 440 2781 497 bellatoribus
2831 440 3044 511 primis.
3084 438 3200 496 Non
3238 448 3373 521 tam
3398 458 3566 513 grave

1974 532 2231 589 dominus
2277 541 2463 588 noster
2511 533 2753 603 patiatur
2800 531 3175 603 dispendium,
3228 534 3323 589 sed
3373 534 3566 590 abiens

1975 624 2286 695 cupientem
2312 624 2477 679 ducat
2503 624 2897 692 exercitum,et
2926 624 3003 679 illi
3034 623 3259 681 Turchil
3279 634 3565 681 contuma-

1976 732 2095 772 cem
2135 718 2483 788 acquiremus
2520 734 2646 773 cum
2688 719 2803 774 suis
2847 719 3193 787 satellitibus,
3221 721 3302 777 eis
3345 736 3566 793 quoque

1976 808 2272 864 fozderatos
2301 808 2505 881 Anglos
2534 824 2658 865 eum
2687 811 2944 867 omnibus
2972 827 3160 867 eorum
3193 814 3566 883 possessioni-

1976 896 2100 952 bus.
2133 896 2349 953 Scimus
2378 898 2523 954 enim
2555 899 2648 955 diu
2673 915 2768 956 eos
2796 916 2906 956 non
2941 917 3103 971 posse
3127 903 3405 971 resistere,
3434 906 3562 976 quia

1978 998 2252 1047 nostrates
2277 991 2381 1046 viri
2415 992 2481 1047 ad
2517 1006 2619 1049 nos
2662 993 2974 1049 transibunt
3004 993 3179 1051 facile.
3209 992 3365 1063 Quod
3396 996 3441 1052 si
3471 1013 3566 1054 eos

1980 1082 2115 1138 velle
2136 1082 2444 1155 contigerit,
2477 1099 2572 1138 rex
2596 1084 2721 1139 duci
2749 1101 2851 1141 suo
2874 1084 3147 1157 Danisque
3191 1104 3441 1159 parcens,
3473 1106 3570 1146 eos

1980 1173 2283 1231 honoribus
2324 1176 2625 1246 ampliabit.
2657 1175 2714 1231 Si
2757 1184 2939 1233 autem
2975 1179 3232 1247 noluerit,
3265 1196 3427 1251 quem
3468 1182 3567 1237 de-

1980 1281 2208 1336 spexere
2246 1267 2498 1323 sentient.
2550 1266 2665 1324 Hac
2709 1269 2911 1342 illaque
2958 1272 3133 1342 patria
3181 1273 3377 1345 privati
3427 1276 3571 1332 inter

1980 1357 2189 1427 primos
2223 1358 2409 1414 hostes
2438 1359 2582 1431 regis
2607 1375 2798 1430 pcenas
2826 1362 2995 1418 luent.
3027 1382 3045 1415 ι

2054 1449 2228 1521 llujus
2262 1452 2340 1508 rei
2388 1452 2827 1511 adhortationem
2858 1473 2954 1512 rex
2988 1457 3082 1512 ubi
3113 1459 3304 1527 audiit,
3333 1460 3571 1531 primum

1982 1555 2169 1596 secum
2193 1542 2381 1598 mirari
2407 1560 2516 1599 non
2539 1544 2889 1600 mediocriter
2909 1548 3093 1619 erepit,
3122 1550 3250 1620 quia
3282 1551 3429 1621 quod
3451 1551 3573 1621 ipso

1983 1630 2076 1685 diu
2134 1630 2502 1688 dissimulanti
2557 1633 2865 1705 celantique
2917 1635 2973 1690 in
3038 1646 3276 1693 mentem
3324 1648 3574 1707 venerat,

290 1735 458 1795 iurgi“
484 1734 690 1805 pmno’
718 1735 773 1789 in
799 1751 910 1806 quo
936 1736 1253 1792 vulneratus
1284 1735 1611 1807 fugatusque
1632 1746 1786 1806 pater
1813 1737 1882 1793 ad
1915 1716 1957 1770 B
1985 1720 2166 1776 itidem
2232 1721 2498 1779 militibus
2557 1724 2944 1796 cogitationem
3006 1726 3128 1797 ejus
3194 1728 3576 1800 ignorantibus

293 1828 518 1884 Sclavos
560 1829 717 1901 fugit,
741 1838 795 1885 et
821 1846 931 1885 non
976 1830 1148 1885 multo
1184 1838 1309 1901 post
1346 1831 1420 1886 ibi
1453 1831 1608 1899 obiit,
1628 1839 1682 1886 et
1713 1831 1879 1888 Suein

289 1921 411 1992 ejus
445 1921 647 1977 solium
675 1923 859 1993 quiete
893 1924 1085 1979 tenuit.
1122 1923 1296 1991 Quam
1333 1932 1554 1980 strenue
1586 1940 1717 1980 vero
1750 1942 1883 1995 pru-

290 2012 589 2084 denterque
642 2014 859 2070 interim
919 2015 1201 2071 saecularia
1257 2016 1590 2087 disposuerit
1642 2018 1879 2089 negotia,

289 2104 484 2173 paucis
527 2104 658 2160 libet
702 2106 771 2161 ad
814 2107 1135 2162 memoriam
1180 2107 1461 2174 reducere,
1493 2117 1764 2179 quatenus
1796 2109 1883 2165 bis

291 2192 624 2263 interpositis
655 2193 870 2251 facilius
904 2196 973 2252 sit
1011 2196 1278 2269 gradatim
1314 2213 1410 2267 per
1436 2199 1549 2254 haec
1581 2200 1651 2255 ad
1690 2200 1885 2256 subse-

291 2284 516 2352 quentia
565 2284 914 2341 descendere.
966 2285 1212 2357 Denique
1255 2302 1382 2341 cum
1435 2288 1585 2343 nullo
1638 2289 1882 2345 hostium

291 2372 518 2430 incursu
546 2376 791 2447 trepidus
811 2393 999 2447 pacem
1029 2378 1082 2432 in
1111 2379 1405 2434 securitate
1430 2389 1631 2451 ageret,
1655 2382 1883 2452 periculi

292 2480 507 2536 semper
551 2468 699 2522 velut
737 2468 995 2524 instantis
1034 2478 1284 2525 metuens
1328 2470 1381 2524 in
1425 2471 1624 2526 castris
1647 2472 1882 2539 vivebat,

290 2558 436 2628 quod
473 2559 744 2627 hostibus,
778 2560 825 2616 si
867 2561 1142 2629 adessent,
1183 2562 1497 2619 nullatenus
1538 2562 1771 2620 fortasse
1799 2581 1886 2622 re-

292 2648 531 2717 sisteret,
561 2650 809 2722 nihilque
853 2652 971 2708 suis
1016 2667 1140 2723 qua:
1180 2652 1322 2708 bello
1356 2655 1665 2711 necessaria
1708 2654 1888 2710 forent

289 2742 648 2811 praeparando
662 2742 970 2812 patiebatur
994 2744 1218 2811 remitti,
1247 2746 1453 2801 scilicet
1476 2763 1545 2802 ne
1569 2762 1667 2818 per
1688 2748 1885 2817 otium,

291 2840 355 2888 ut
382 2833 604 2899 assolet,
622 2834 810 2892 viriles
833 2836 1210 2892 emollirentur
1229 2836 1419 2892 animi.
1460 2836 1680 2893 Nullum
1703 2847 1886 2896 tamen

288 2925 428 2983 adeo
467 2924 682 2981 difﬁcile
724 2927 967 2983 invenire
1011 2936 1227 2999 poterat
1274 2929 1553 3002 negotium
1603 2929 1671 2985 ad
1740 2931 1887 3002 quod

290 3016 489 3073 Invitos
531 3016 835 3087 impulisset
866 3019 1087 3087 milites,
1129 3037 1269 3091 quos
1300 3022 1473 3076 multa
1502 3022 1715 3077 liberali
1758 3039 1885 3077 mu-

290 3108 585 3167 nullcentia
609 3085 731 3165 sibi
765 3108 970 3167 fecerat
987 3085 1251 3167 obnoxios
1274 3121 1328 3167 et
1354 3112 1563 3168 fideles.
1588 3114 1787 3184 Atque,
1819 3126 1881 3169 ut
1911 3085 1952 3142 ε

290 3201 435 3259 scias
461 3210 702 3271 quantus
730 3216 957 3260 suorum
998 3200 1164 3258 fuerit
1195 3203 1250 3257 in
1286 3204 1603 3274 praecordiis
1633 3205 1880 3272 aﬁ‘ectus,

291 3306 393 3362 pro
431 3301 582 3349 certo
621 3291 890 3348 aﬂirmare
924 3294 1135 3350 valeam
1187 3296 1335 3366 quod
1367 3296 1552 3354 nullus
1592 3296 1884 3355 formidine

291 3384 487 3439 mortis
530 3384 833 3455 periculum
881 3384 1180 3457 refugeret,
1222 3388 1450 3459 ejusque
1488 3406 1590 3460 pro
1626 3391 1884 3449 ﬁdelitate

293 3474 546 3532 hostibus
587 3476 891 3534 innumeris
932 3480 1104 3546 solus,
1134 3481 1361 3537 armatis
1411 3482 1598 3551 etiam,
1630 3486 1884 3543 manibus

293 3568 457 3623 nudis
503 3568 903 3639 imperterritus
934 3581 1267 3640 occurreret,
1295 3573 1341 3629 si
1380 3575 1636 3632 euntibus
1670 3585 1883 3635 tantum

294 3659 475 3729 regale
514 3670 1028 3730 praemonstraretur
1075 3665 1313 3736 signum.
1359 3665 1428 3722 At
1469 3683 1538 3723 ne
1580 3684 1668 3725 me
1698 3672 1885 3727 credat

295 3749 495 3820 aliquis
538 3750 655 3807 haec
702 3750 837 3808 falsa
881 3754 1133 3826 fingendo
1183 3757 1418 3828 alicujus
1461 3762 1667 3818 amoris
1711 3764 1883 3834 gratia

295 3840 610 3910 compilare,
641 3850 786 3898 recte
826 3843 1281 3902 animadvertenti
1324 3847 1381 3902 in
1426 3849 1884 3921 subsequentibus

295 3932 499 4004 patebit
552 3941 735 3988 utrum
769 3950 898 3992 vera
933 3937 1165 3992 dixerim
1206 3954 1276 3992 an
1322 3940 1566 3997 minime.
1616 3941 1883 4002 Omnibus

295 4023 442 4078 enim
473 4024 644 4095 liquet
679 4027 870 4096 procul
897 4028 1064 4085 dubio
1117 4031 1378 4101 quoniam
1417 4034 1777 4094 humanitatis
1807 4038 1882 4095 ita

298 4129 420 4171 sese
471 4115 668 4172 habeat
713 4120 1088 4189 consuetudo,
1137 4132 1198 4177 ut
1248 4125 1570 4197 plerumque
1610 4144 1676 4183 ex
1717 4129 1883 4187 rebus

282 4218 556 4278 prospere
582 4208 931 4267 redeuntibus
960 4222 1170 4269 mentes
1191 4216 1555 4284 quorumdam
1579 4219 1701 4289 plus
1724 4236 1883 4292 aequo

296 4300 532 4371 exagitet
563 4302 954 4373 cogitationum
982 4315 1169 4371 aestus,
1198 4315 1362 4377 atque
1387 4323 1453 4363 ex
1478 4309 1646 4365 nimia
1679 4311 1736 4367 in
1769 4314 1883 4368 otio

297 4388 515 4448 licentia
577 4393 970 4462 aggrediuntur
1044 4397 1212 4466 aliqui
1272 4399 1418 4467 quod
1474 4399 1564 4454 vix
1618 4402 1878 4474 cogitare,
1916 4439 1962 4493 Β

299 4481 496 4536 nedum
520 4480 719 4549 facere,
737 4484 937 4539 audent
966 4485 1019 4539 in
1050 4486 1375 4544 adversitate
1400 4490 1582 4559 positi.
1614 4488 1691 4547 ita
1720 4494 1884 4548 etiam

298 4572 560 4646 prazlibati
604 4575 747 4645 regis
792 4576 1084 4644 militibus,
1131 4595 1255 4634 cum
1305 4582 1685 4652 incompositae
1732 4587 1884 4656 pacis

297 4663 656 4721 diuturnitate
700 4675 897 4723 cuncta
943 4670 1239 4726 cessissent
1277 4688 1566 4743 prospere,
1602 4676 1757 4732 firma
1797 4680 1883 4734 sui

298 4771 398 4830 pro
434 4756 733 4814 benefactis
773 4759 979 4815 domini
1021 4760 1177 4818 fretis
1211 4765 1526 4832 stabilitate,
1559 4769 1748 4824 eadem
1781 4770 1884 4840 ipsi

298 4847 523 4918 agitanti
554 4848 757 4918 placuit
783 4851 1001 4906 studere
1028 4860 1228 4907 terram
1254 4854 1537 4927 Anglicam
1581 4857 1885 4914 invadenda

298 4946 445 4995 sorte
474 4938 666 4995 bellica
698 4940 912 5012 imperii
943 4943 1028 4999 sui
1066 4943 1268 5000 ﬁnibus
1303 4946 1557 5015 adjicere.
1591 4969 1610 5002 ι
1644 4949 1889 5017 Turchil,

298 5029 577 5101 inquiunt,
606 5032 857 5103 princeps
884 5034 1090 5092 militia:
1118 5046 1244 5101 tua),
1274 5036 1494 5094 domine
1523 5060 1640 5109 rex,
1671 5043 1890 5098 licentia

297 5132 403 5179 ate
438 5133 677 5193 accepta,
703 5125 837 5182 abiit
865 5135 923 5180 ut
951 5126 1172 5187 fratrem
1200 5146 1362 5186 suum
1390 5133 1525 5190 inibi
1548 5136 1890 5193 interfectum

1983 1816 2168 1872 animo
2214 1817 2448 1875 sederat.
2493 1819 2774 1875 Accersito
2808 1821 2993 1892 itaque
3023 1821 3271 1879 Cnutone
3311 1824 3423 1881 ﬁlio
3470 1842 3575 1881 suo

1982 1911 2212 1981 majore,
2238 1912 2369 1983 quid
2402 1913 2506 1970 sibi
2542 1929 2708 1985 super
2734 1916 2839 1971 hoc
2866 1916 3070 1989 negOtii
3096 1918 3389 1988 videretur,
3412 1937 3575 1979 orsus

1981 2012 2066 2060 est
2087 2004 2383 2076 inquirere.
2414 2005 2716 2078 Inquisitus
2738 2022 2920 2065 autem
2948 2011 3039 2068 ille
3064 2027 3096 2067 a
3121 2021 3295 2084 patre,
3324 2025 3577 2072 metuens

1983 2112 2052 2154 ne
2075 2099 2495 2171 redargueretur
2516 2100 2563 2157 si
2586 2102 2788 2172 placito
2810 2104 3108 2160 contrairet
3140 2107 3335 2162 techna
3380 2124 3576 2166 socor-

1981 2192 2106 2261 diae,
2137 2210 2248 2248 non
2275 2202 2491 2252 tantum
2539 2205 2740 2254 terram
2796 2199 3100 2257 adeundam
3140 2218 3266 2261 esse
3289 2207 3575 2277 approbat,

1982 2301 2171 2340 verum
2225 2287 2391 2344 etiam
2458 2291 2685 2363 instigat
2740 2292 3101 2367 hortaturque
3146 2313 3215 2353 ne
3261 2314 3419 2356 mora
3466 2301 3579 2358 ulla

1983 2374 2282 2447 inemptum
2323 2379 2584 2437 detineat.
2635 2381 2779 2455 Ergo
2819 2399 2917 2440 rex
2959 2388 3214 2444 consultu
3251 2390 3576 2461 optimatum

1983 2467 2265 2538 firmatus,
2311 2472 2660 2544 militumque
2704 2475 3083 2534 benevolentia
3128 2481 3294 2551 fisus,
3343 2484 3578 2542 classem

1984 2572 2335 2615 numerosam
2385 2561 2556 2632 jussit
2608 2564 2795 2635 parari
2848 2575 2904 2622 et
2953 2568 3265 2626 universam
3324 2572 3580 2631 militiam

1985 2647 2264 2707 Danorum
2309 2654 2552 2725 undique
2604 2657 2845 2726 moneri,
2896 2669 2958 2714 ut
3000 2668 3207 2718 statuto
3241 2663 3329 2720 die
3368 2675 3584 2722 armata

1986 2741 2203 2800 adesset
2246 2754 2300 2801 et
2332 2746 2477 2818 regis
2508 2749 2835 2805 sententiam
2868 2752 3117 2821 audiens,
3150 2770 3383 2827 quicque
3409 2757 3583 2830 impe-

1986 2839 2243 2888 rarentur
2282 2834 2637 2895 devotissime
2675 2841 2935 2911 expleret.
2967 2840 3237 2903 Cursores
3282 2864 3410 2906 mox
3452 2866 3583 2921 pro-

1984 2923 2179 2981 vincia:
2205 2942 2271 2981 ex
2295 2926 2454 2998 jussu
2493 2929 2701 2986 domini
2742 2933 2829 2988 sui
2876 2945 3131 2992 cunctam
3157 2951 3453 3013 pergyrant
3486 2960 3575 3001 re-

1986 3017 2225 3088 gionem,
2258 3020 2497 3089 quietam
2541 3038 2763 3095 quoque
2804 3028 3304 3088 commonefaciunt
3339 3043 3583 3106 gentem,

1986 3124 2055 3163 ne
2074 3109 2200 3179 quis
2224 3125 2290 3165 ex
2316 3120 2470 3167 tanto
2498 3116 2745 3171 exercitu
2775 3116 3010 3187 deesset,
3037 3123 3171 3194 quin
3203 3126 3383 3182 omnis
3411 3128 3582 3185 bella-

1988 3207 2074 3254 tor
2098 3209 2259 3257 terrae
2278 3212 2374 3258 aut
2396 3204 2534 3259 iram
2569 3207 2713 3278 regis
2737 3208 3061 3281 incurreret,
3086 3224 3181 3270 aut
3198 3215 3436 3287 jussioni
3461 3221 3586 3293 ejus

1984 3291 2284 3352 advolaret.
2308 3294 2448 3362 Quid
2471 3298 2861 3372 ergo?Absque
2883 3308 3313 3367 contradictione
3331 3291 3586 3370 adunati-

1983 3391 2094 3451 tur,
2130 3385 2493 3460 instructique
2539 3392 2711 3450 armis
2765 3395 2974 3453 bellicis
2999 3402 3263 3471 gregatim
3316 3406 3431 3478 regi
3476 3423 3587 3464 suo

1983 3488 2403 3548 praesentantur,
2435 3492 2774 3543 ostentantes
2817 3503 2877 3544 se
2917 3500 3138 3560 paratos
3166 3495 3234 3550 ad
3272 3497 3582 3567 periculum

1982 3576 2037 3624 et
2063 3568 2131 3624 ad
2157 3579 2411 3639 mortem,
2434 3573 2482 3629 si
2515 3582 2729 3632 tantum
2749 3577 2960 3635 domini
2984 3582 3072 3637 sui
3094 3596 3297 3653 queant
3317 3589 3585 3657 perficere

1982 3663 2341 3719 voluntatem.
2380 3664 2495 3722 Rex
2534 3677 2719 3725 autem
2748 3669 2938 3728 videns
2964 3676 3224 3745 populum
3259 3678 3584 3740 innumera-

1982 3754 2177 3823 bilem,
2214 3772 2351 3813 voee
2395 3762 2731 3829 praeconaria
2772 3762 2941 3833 jussit
2991 3780 3149 3823 suam
3195 3772 3437 3841 patefieri
3480 3790 3582 3830 vo—

1983 3847 2269 3917 luntatem,
2300 3866 2361 3907 se
2380 3853 2517 3908 velle
2544 3855 2754 3912 scilicet
2783 3858 3016 3915 classem
3059 3861 3349 3920 adversum
3370 3865 3583 3939 Anglos

1984 3955 2220 4010 armare,
2245 3942 2695 4016 ditioniquesua:
2725 3964 2944 4007 omnem
2987 3952 3130 4009 hanc
3160 3957 3393 4026 patriam
3426 3957 3585 4016 ferro

1983 4029 2191 4087 dolisve
2234 4034 2526 4104 subjicere.
2558 4037 2717 4105 Quod
2768 4041 2861 4096 ubi
2911 4044 3171 4101 omnibus
3206 4048 3386 4104 visum
3430 4062 3586 4109 esset

1983 4123 2278 4194 laudabile,
2309 4128 2469 4198 elegit
2516 4132 2758 4201 primum
2800 4135 2898 4205 qui
2946 4152 3175 4208 regnum
3217 4155 3380 4197 suum
3410 4144 3579 4200 debe'

1984 4224 2106 4271 rent
2134 4219 2429 4287 custodire,
2454 4238 2547 4290 ne,
2569 4223 2701 4279 dum
2750 4225 2988 4283 alienum
3035 4230 3253 4297 incaute
3277 4246 3578 4309 appeteret,

1985 4309 2119 4364 illud
2168 4312 2313 4381 quod
2360 4329 2591 4371 securus
2625 4319 2843 4374 tenebat
2868 4322 3142 4379 amitteret
3166 4334 3222 4381 et
3246 4327 3489 4386 intentus
3518 4333 3579 4390 in

1986 4409 2220 4470 utroque
2249 4404 2429 4457 neutri
2473 4405 2786 4476 imperaret.
2819 4406 3063 4473 Habebat
3086 4419 3233 4473 enim
3264 4421 3405 4478 filios
3433 4424 3586 4483 duos

1987 4491 2142 4546 bona:
2185 4491 2405 4561 indolis,
2445 4511 2512 4550 ex
2554 4499 2758 4567 quibus
2801 4503 3221 4579 primogenitum
3264 4528 3365 4569 suo
3392 4515 3588 4586 junxit

1987 4582 2302 4649 comitatui,
2350 4596 2480 4642 natu
2528 4604 2660 4646 vero
2712 4593 2981 4653 minorem
3037 4601 3278 4670 prmfecit
3332 4582 3593 4674 universi

1987 4679 2139 4751 regni
2168 4679 2492 4751 dominatui,
2518 4684 2775 4755 adjuncta
2820 4687 2872 4742 ei
2901 4692 3057 4763 copia
3085 4694 3330 4764 militari,
3358 4709 3605 4772 paucis.

1986 4785 2094 4840 que
2140 4769 2435 4841 primatum
2472 4774 2566 4845 qui
2602 4776 2898 4846 puerulum
2928 4781 3200 4854 sagaciter
3234 4769 3622 4864 instituere,“

1988 4874 2042 4919 et
2062 4864 2156 4936 qui
2185 4864 2314 4921 huic
2333 4869 2580 4926 consiliis
2607 4873 2895 4940 armisque
2923 4891 3023 4944 pro
3050 4890 3210 4930 muro
3237 4890 3439 4938 essent.

2371 4976 2506 5033 ergo
2549 4962 2654 5019 rite
2689 4965 3000 5037 dispositis,
3042 4970 3320 5025 recensuit
3357 4987 3671 5060 comite,

1993 5048 2377 5120 expeditionis.
2431 5054 2740 5128 relictoque
2783 5055 3002 5117 minore
3052 5058 3164 5112 tilio
3217 5074 3322 5118 suo
3358 5064 3411 5119 in

1994 5141 2128 5196 adiit
2181 5140 2462 5210 navigium
2492 5146 2730 5208 vallatus
2781 5160 3002 5210 armato
3049 5148 3239 5206 milite.
3275 5152 3383 5210 Nec
3416 5140 3661 5210 mni”-

3441 5087 3697 5159 sedfr
