4066 5330
1665 268 1886 345 unum
1924 286 2207 346 seems:
2242 285 2623 346 nomnen

531 291 669 348 I579

3670 293 3805 351 £580

531 404 648 460 suis
693 403 971 475 signantes
1021 400 1291 466 versibus,
1341 407 1437 454 aut
1468 399 1735 456 dracones
1776 401 1959 456 varios
2008 401 2115 455 mi-
2146 409 2193 466 Α
2221 400 2517 472 quentibus
2536 408 2816 479 praestant.
2840 397 2918 457 ita
2944 416 3036 456 rex
3084 414 3149 455 ex
3194 397 3389 456 affectu
3420 402 3599 474 primo
3622 409 3806 477 praelia

530 506 727 552 nantes
776 495 1024 551 incendia
1078 495 1147 549 de
1175 493 1422 548 naribus.
1463 491 1617 547 Illinc
1646 493 1897 549 homines
1931 494 1998 548 de
2024 509 2119 548 so-

528 586 640 642 lido
663 603 799 642 auro
824 594 1115 659 argentove
1139 585 1356 651 rutilos,
1394 584 1533 639 vivis
1574 585 1983 655 quodammodo
2007 600 2122 638 non

530 677 790 748 impares,
811 684 976 747 atque
1026 675 1177 730 illinc
1220 681 1407 729 tauros
1433 675 1630 728 erectis
1676 690 1897 729 sursum
1943 674 2121 742 collis,

528 764 910 839 protensiSqne
956 766 1252 833 cruribus,
1304 766 1546 838 mugitus
1575 782 1885 838 cursusque
1933 767 2123 821 viven-

526 859 667 915 tium
697 860 1039 915 simulantes.
1067 857 1294 914 Videres
1341 874 1560 930 quoque
1609 858 1895 929 delphinos
1921 859 2122 915 electro

529 950 709 1021 fusos,
739 961 1085 1023 veteremque
1108 962 1537 1007 rememorantes
1560 950 1801 1007 fabulam
1832 951 1899 1007 de
1928 951 2120 1006 eodem

529 1044 754 1099 metallo
824 1052 1134 1099 centauros.
1199 1041 1459 1113 Ejusdem
1515 1052 1778 1114 prteterea
1841 1042 2121 1113 catlaturte

531 1136 706 1190 multa
745 1135 838 1190 tibi
889 1135 1127 1191 dicerem
1170 1135 1429 1206 insignia,
1477 1135 1524 1191 si
1567 1150 1675 1190 non
1725 1143 2118 1200 monstrorum,

528 1244 651 1299 qua:
673 1228 882 1297 sculpta
908 1227 1141 1294 inerant,
1169 1242 1256 1281 me
1282 1227 1514 1281 laterent
1560 1226 1803 1281 nomina.
1838 1224 1943 1281 Sed
1990 1226 2121 1296 quid

529 1332 678 1371 nunc
714 1317 808 1371 tibi
865 1317 1035 1371 latera
1087 1300 1401 1371 carinarum
1433 1331 1751 1382 memorem,
1805 1331 1914 1370 non
1962 1316 2123 1370 modo

528 1408 806 1463 ornatitiis
827 1407 1041 1477 depicta
1073 1406 1371 1472 coloribus,
1403 1422 1593 1461 verum
1628 1406 1792 1460 etiam
1818 1404 2000 1460 aureis
2029 1419 2121 1460 ar-

525 1500 846 1572 genteisque
868 1516 1060 1571 aspera
1086 1500 1293 1572 signis?
1316 1498 1482 1573 Regia
1509 1515 1728 1571 quoque
1753 1499 1950 1570 puppis
1972 1506 2123 1553 tanto

524 1593 936 1663 pulchritudine
992 1592 1076 1647 sui
1138 1593 1351 1648 caeteris
1399 1591 1715 1663 praestabat,
1766 1600 1975 1662 quanto
2024 1606 2120 1646 rex

524 1701 638 1740 suae
659 1684 940 1757 dignitatis
985 1685 1194 1740 honore
1248 1685 1449 1740 milites
1497 1684 1865 1740 antecedebat.
1908 1682 2117 1754 Dequa

2222 508 2379 558 usus,
2405 490 2744 561 adjacentem
2767 492 3047 565 regionem
3076 493 3299 561 invadit,
3331 493 3473 549 fusis
3498 494 3807 570 fugatisque

2222 583 2495 638 hostibus.
2527 581 2681 638 Tunc
2710 584 2802 638 tali
2849 599 3111 641 successu
3158 584 3337 641 factus
3389 588 3702 655 audentior,
3739 593 3807 646 ad

2221 691 2387 730 naves
2413 674 2553 730 redit
2586 684 2641 731 et
2667 677 2907 748 reliquos
2937 687 3150 749 portus,
3182 679 3275 750 qui
3307 682 3496 750 plures
3540 697 3663 736 eam
3698 691 3806 738 ter-

2221 780 2339 821 ram
2362 766 2606 838 cingunt,
2632 768 2819 823 eadem
2852 770 3066 824 ratione
3107 771 3333 825 invadit.
3370 770 3661 828 Postremo
3683 776 3805 828 uui-

2219 873 2436 913 versam
2459 858 2689 927 patriam
2721 867 2873 915 tanto
2906 859 3091 916 labore
3135 862 3466 933 perdomuit,
3498 871 3582 931 ut,
3611 863 3660 918 si
3684 865 3807 934 quis

2222 963 2441 1005 omnem
2465 949 2751 1005 historiam
2782 952 2900 1023 ejus
2928 953 2995 1008 ad
3045 953 3266 1024 plenum
3312 970 3633 1026 percurrere
3658 957 3806 1023 velit,

2220 1058 2332 1098 non
2353 1043 2629 1099 modicum
2652 1045 2931 1101 auditores
2963 1044 3212 1118 fatigabit
3235 1055 3290 1102 et
3328 1047 3547 1104 sibimet
3574 1048 3809 1119 injurius

2219 1135 2343 1201 erit,
2377 1136 2528 1203 dum,
2570 1145 2630 1190 ut
2648 1137 2839 1204 voluit,
2868 1140 3051 1194 omnia
3079 1140 3445 1210 perstringere
3467 1140 3696 1195 minime
3723 1156 3812 1195 va-

2220 1227 2369 1283 lebit.
2397 1227 2467 1281 At
2508 1244 2633 1299 ego,
2667 1228 2784 1284 haec
2817 1230 2975 1285 alteri
3005 1231 3275 1287 narranda
3322 1232 3660 1303 relinquens,
3683 1240 3807 1287 tan-

2221 1321 2395 1393 gendo
2422 1320 2660 1377 transire
2680 1323 2939 1392 percupio
2984 1332 3042 1379 et
3073 1322 3141 1378 ad
3171 1323 3276 1378 alia
3321 1323 3660 1392 festinando,
3692 1335 3807 1397 sty-

2219 1412 2332 1466 lum
2359 1414 2643 1484 applicabo
2666 1414 2734 1469 ad
2757 1413 2944 1470 Sueini
2966 1414 3199 1481 obitum,
3224 1424 3283 1471 ut
3301 1415 3480 1472 festivi
3504 1417 3649 1486 regis
3668 1416 3811 1472 Cnu-

2223 1504 2368 1560 tonis
2416 1505 2569 1576 regni
2620 1506 2897 1562 elucidare
2954 1524 3150 1578 queam
3200 1503 3506 1564 exordium.
3562 1507 3810 1580 Namque

2220 1597 2313 1651 ubi
2346 1597 2459 1668 jam
2485 1599 2809 1669 saepedictus
2839 1616 2937 1656 rex
2960 1610 3070 1656 tota
3095 1601 3396 1673 Anglorum
3416 1602 3591 1672 patria
3620 1612 3707 1657 est
3726 1603 3811 1657 in-

2218 1689 2651 1758 thronisatus,et
2683 1691 2775 1745 ubi
2796 1690 2909 1762 jam
2934 1706 3071 1761 pene
3095 1691 3171 1746 illi
3205 1706 3367 1746 nemo
3394 1692 3614 1758 restitit,
3634 1706 3810 1761 pauco

527 1777 729 1833 melius
775 1786 859 1833 est
883 1785 943 1832 ut
981 1778 1195 1845 sileam,
1245 1795 1411 1850 quam
1463 1795 1562 1849 pro
1616 1778 1989 1850 magnitudine
2036 1778 2119 1832 sui
2156 1782 2195 1835 B
2223 1780 2525 1850 supervixit
2557 1790 2821 1851 tempore,
2855 1781 2949 1837 sed
2978 1791 3160 1837 tamen
3199 1782 3329 1837 illud
3375 1783 3649 1836 tantillum
3686 1782 3810 1853 gls-

523 1887 698 1941 panca
737 1871 938 1926 dicam.
962 1869 1078 1925 Tali
1102 1873 1287 1942 itaque
1313 1870 1435 1927 freti
1461 1873 1657 1939 classe,
1678 1872 1807 1926 dato
1838 1872 1995 1943 signo
2025 1886 2114 1926 re-

523 1971 684 2032 pente
714 1963 1011 2033 gaudentes
1046 1963 1269 2030 abeunt,
1300 1973 1486 2035 atque,
1520 1971 1579 2018 ut
1600 1962 1742 2034 jussi
1783 1971 1960 2030 erant,
1987 1978 2115 2033 pars

524 2065 671 2117 ante,
696 2071 824 2125 pars
850 2065 1015 2123 retro,
1039 2056 1267 2127 aequatis
1293 2067 1475 2111 tamen
1501 2056 1718 2123 rostris,
1747 2057 1910 2127 regis:
1948 2056 2115 2127 puppi

525 2161 583 2200 se
620 2146 1033 2203 circumferunt.
1089 2146 1189 2204 llic
1219 2149 1431 2204 videres
1465 2148 1672 2204 crebris
1710 2147 1886 2204 tonsis
1921 2147 2115 2202 verbe-

524 2248 644 2294 rata
675 2240 781 2295 late
812 2256 1068 2312 spumare
1123 2243 1345 2310 carrula,
1395 2242 1706 2315 metallique
1730 2256 2115 2312 repercussum

525 2330 738 2404 fulgore
784 2333 954 2389 sulem
1000 2335 1248 2407 duplices
1284 2335 1468 2392 radios
1515 2334 1806 2390 extendere
1864 2333 1920 2388 in
1966 2347 2115 2388 aera.

526 2422 669 2491 Quid
699 2425 854 2496 plura
882 2426 906 2480 ?
934 2425 1177 2481 Tandem
1199 2442 1310 2499 quo
1340 2426 1693 2482 intendebant
1721 2424 1891 2479 animi
1921 2438 2119 2495 appro-

524 2516 751 2586 piabant
774 2516 995 2584 finibus,
1035 2533 1159 2573 cum
1196 2517 1459 2573 finitimos
1488 2516 1627 2571 mari
1665 2515 1970 2588 patrienses
2001 2513 2118 2584 ejus

524 2609 606 2663 rei
644 2608 867 2664 sinister
890 2610 1186 2664 commovit
1225 2610 1473 2666 nuntius.
1492 2606 1607 2665 Nec
1632 2624 1806 2675 mora,
1835 2623 1946 2679 quo
1969 2606 2119 2677 regia

525 2689 723 2757 classis
751 2702 1024 2756 anchoras
1053 2701 1191 2768 fixit,
1250 2702 1443 2757 introire
1483 2701 1603 2773 ejus
1630 2700 1735 2756 loci
1783 2707 2120 2755 concurrunt

527 2791 594 2846 ad
644 2800 878 2863 portam,
920 2793 1214 2862 potentiori
1258 2809 1318 2849 se
1357 2791 1561 2848 frustra
1607 2791 1784 2862 parati
1830 2788 2119 2846 defendere

527 2883 771 2938 intrandi
796 2882 1027 2937 aditum.
1069 2882 1315 2955 Denique
1345 2884 1550 2939 relictis
1583 2883 1816 2938 navibus
1845 2882 1984 2951 regii
2010 2882 2119 2935 mi-

527 2972 651 3030 lites
672 2975 741 3031 ad
765 2983 967 3029 terram
993 2983 1216 3043 exeunt,
1267 2984 1323 3030 et
1356 2975 1595 3046 pedestri
1630 2990 1824 3046 pugnae
1866 2972 2120 3046 intrepidi

528 3080 649 3130 sese
672 3063 984 3135 accingunt.
1003 3061 1199 3119 Hostes
1224 3064 1403 3136 primo
1424 3064 1633 3119 duriter
1651 3071 1839 3119 contra
1860 3062 2120 3117 resisten-

2219 1871 2385 1926 riose.
2438 1870 2740 1927 Prmsciens
2776 1873 2943 1944 igitur
2988 1873 3408 1928 dissolutionem
3441 1873 3529 1927 sui
3557 1874 3809 1942 corporis

2218 1963 2525 2033 imminere,
2557 1964 2728 2019 tilium
2753 1981 2915 2020 suum
2940 1963 3271 2033 Cnutonem,
3295 1980 3457 2035 quem
3497 1981 3687 2021 secum
3713 1966 3811 2020 ha-

2218 2055 2355 2122 buit,
2382 2056 2633 2124 advocat,
2658 2072 2775 2112 sese
2793 2058 2935 2111 viam
2986 2058 3255 2114 universae
3282 2059 3465 2113 carnis
3488 2058 3804 2129 ingredien-

2219 2147 2347 2201 dum
2374 2147 2595 2203 indicat.
2628 2147 2729 2203 Cui
2760 2149 2889 2204 dum
2926 2149 3096 2203 multa
3118 2149 3186 2204 de
3211 2149 3365 2219 regni
3410 2149 3804 2221 gubernaculo,

2220 2240 2503 2309 multaque
2534 2240 2851 2296 hortaretur
2897 2241 2965 2296 de
2994 2240 3421 2296 Christianitatis
3463 2242 3666 2309 studia,
3697 2241 3808 2295 Pco

2219 2333 2443 2402 gratias,
2470 2332 2550 2387 illi
2576 2332 2821 2413 virorum
2850 2332 3174 2405 dignissimo
3223 2342 3499 2403 sceptrum
3532 2335 3809 2388 commisit

2219 2427 2419 2498 regale.
2444 2425 2621 2497 Hujus
2642 2426 2723 2481 rei
2761 2426 2906 2482 facto
2935 2426 3171 2482 maxime
3217 2424 3374 2493 Dani,
3418 2426 3624 2496 quibus
3670 2426 3807 2497 legi-

2219 2518 2353 2574 time
2405 2534 2642 2590 prmesse
2683 2518 2890 2584 debuit,
2920 2517 3122 2587 favent,
3171 2532 3405 2589 eumque
3440 2527 3593 2589 patre
3629 2518 3807 2576 adhuc

2221 2610 2437 2664 vivente
2488 2625 2671 2681 regem
2707 2626 2869 2681 super
2903 2625 2960 2665 se
2995 2609 3254 2665 constitui
3285 2608 3543 2678 gaudent.
3573 2608 3691 2664 Hoc
3731 2610 3804 2665 ita

2220 2700 2383 2768 facto,
2413 2711 2567 2772 pater
2589 2710 2711 2757 orat
2740 2702 2911 2757 ﬁlium
2937 2711 3015 2768 ut,
3057 2702 3105 2757 si
3133 2701 3351 2772 quando
3375 2701 3675 2757 nativitatis
3694 2717 3809 2760 sue

2220 2790 2422 2846 rediret
2460 2791 2529 2847 ad
2557 2801 2781 2859 terram,
2821 2807 3017 2862 corpus
3044 2802 3330 2863 paternum
3379 2801 3685 2862 reportaret
3722 2809 3806 2849 se-

2222 2897 2369 2949 cum,
2400 2898 2536 2937 neve
2565 2891 2841 2954 paterctur
2888 2898 2947 2940 se
2970 2882 3327 2954 alienigenam
3354 2881 3408 2935 in
3438 2882 3684 2938 externis
3715 2894 3806 2938 tu-

2226 2974 2424 3029 mulari
2484 2975 2665 3030 terris.
2723 2973 2957 3031 Noverat
3011 2974 3158 3030 enim
3210 2973 3335 3044 quia
3388 2988 3487 3042 pro
3521 2973 3807 3028 invasione

2222 3066 2377 3138 regni
2429 3066 2535 3121 illis
2567 3082 2769 3122 exosus
2797 3076 2913 3122 erat
2934 3066 3170 3138 populis.
3205 3063 3314 3120 Nec
3340 3064 3513 3120 multo
3556 3075 3685 3135 post
3710 3081 3794 3135 po

528 3164 611 3211 tes
641 3154 928 3222 dimicant,
966 3162 1156 3227 postea
1203 3171 1331 3211 vero
1373 3155 1602 3227 periculi
1647 3153 1937 3210 formidine
1970 3152 2115 3207 versi
2144 3140 2185 3196 (ἶ
2223 3167 2425 3213 strcma
2452 3167 2661 3215 natura:
2691 3159 2955 3230 persolvit
2982 3159 3185 3225 debita,
3215 3156 3454 3212 animam
3480 3158 3808 3212 remittendo

528 3245 584 3301 in
637 3245 844 3321 fugam,
904 3247 1188 3303 sauciandi
1237 3248 1624 3320 occidendique
1667 3247 1878 3318 copiam
1924 3260 2113 3317 perse-

530 3383 898 3410 '——

2225 3250 2560 3318 cmlcstibus,
2600 3258 2759 3306 terra:
2789 3259 2971 3306 autem
3001 3249 3275 3306 reddendo
3306 3248 3571 3304 membra.

1714 3528 2021 3607 LIBER
2079 3529 2647 3610 SECUNDUS.

599 3686 817 3741 Mortuo
866 3694 1045 3757 patre,
1090 3686 1271 3741 Cnuto
1307 3683 1463 3757 regni
1518 3692 1679 3756 parat
1716 3682 1952 3738 retinere
1999 3698 2118 3738 see-

527 3790 735 3851 ptrum,
794 3779 888 3833 sed
924 3778 992 3833 ad
1028 3778 1133 3832 hoc
1177 3777 1409 3832 minime
1440 3777 1692 3833 sufﬁcere
1737 3776 1935 3847 potuit,
1984 3776 2117 3831 defi-

527 3870 705 3925 ciente
751 3870 906 3940 copia
961 3868 1223 3924 ﬁdelium.
1277 3869 1437 3940 Angli
1486 3868 1790 3939 siquidem],
1842 3883 2116 3923 memores

527 3962 675 4032 quod
701 3970 854 4032 pater
877 3962 999 4033 ejus
1022 3961 1225 4031 injuste
1251 3975 1386 4017 suos
1417 3960 1711 4016 invasisset
1741 3958 1899 4026 lines,
1925 3960 1993 4014 ad
2018 3975 2114 4015 ex-

528 4055 837 4124 pellendum
862 4070 1009 4121 eum,
1042 4062 1103 4110 ut
1130 4064 1256 4125 pote
1289 4055 1384 4126 qni
1417 4054 1639 4125 juvenis
1679 4063 1815 4120 erat,
1845 4055 1995 4110 omni
2021 4071 2110 4109 re-

529 4147 619 4217 gni
671 4147 877 4217 pariter
923 4147 1259 4217 collegerunt
1304 4146 1469 4202 vires.
1516 4145 1637 4213 Quo
1672 4155 1948 4217 comperto
1994 4162 2111 4212 rex,
2178 4208 2189 4217 _

530 4234 679 4290 clam"
700 4251 795 4306 per
825 4236 1009 4292 fideles
1030 4239 1238 4292 amicos
1260 4247 1475 4307 reperto
1499 4238 1726 4292 honoris
1749 4238 1834 4292 sui
1863 4237 2111 4303 consilio,

531 4328 756 4383 classim
810 4328 914 4383 sibi
963 4330 1260 4399 praeparari
1303 4330 1498 4400 jubet;
1549 4344 1659 4384 non
1694 4331 1838 4401 quod
1890 4346 2114 4400 asperos

2226 3695 2416 3742 cantes
2463 3695 2654 3742 contra
2710 3685 2995 3741 dominum
3046 3700 3206 3740 suum
3252 3685 3439 3739 hostes
3484 3682 3736 3737 incautos
3773 3697 3804 3736 a

2224 3781 2379 3844 tergo
2401 3774 2652 3828 caederet.
2682 3771 2856 3843 Cujus
2912 3774 2990 3828 rei
3016 3781 3161 3843 patet
3199 3771 3401 3827 vetitas
3446 3785 3513 3825 ex
3555 3785 3625 3823 eo
3660 3771 3804 3840 quod

2222 3880 2408 3920 secum
2430 3865 2724 3919 maximam
2750 3874 2960 3937 partem
3004 3866 3236 3919 militum
3284 3862 3529 3928 retinuit,
3550 3861 3805 3931 quodque

2220 3973 2316 4012 rex
2345 3972 2455 4012 non
2482 3957 2716 4028 amplius
2738 3972 2904 4028 quam
2927 3957 3206 4027 sexaginta
3238 3969 3403 4009 naves
3434 3967 3625 4009 secum
3656 3952 3807 4008 abire

2217 4049 2485 4119 permisit.

2289 4169 2560 4241 Prospero
2591 4170 2773 4241 itaque
2795 4186 2961 4226 cursu
2995 4184 3088 4225 rex
3122 4168 3331 4224 natales
3352 4166 3418 4223 ad
3440 4165 3804 4240 fineslperve-

2219 4263 2319 4317 nit.
2345 4261 2443 4317 Eo.
2472 4260 2559 4335 P.]
2588 4277 2712 4317 cum
2744 4262 3076 4316 mirarentur
3106 4275 3296 4315 omnes
3327 4260 3634 4315 solitarium
3663 4259 3804 4314 redi-

2218 4363 2334 4409 tum
2348 4354 2487 4425 ejus,
2515 4363 2781 4426 quantum
2793 4355 2860 4409 ad
2882 4370 3085 4423 regem,
3109 4353 3251 4424 patri
3272 4361 3432 4406 antea
3464 4351 3672 4407 ﬁdeles.
3697 4349 3804 4405 Ha-

533 4428 777 4520 θνθηίυῗ-
819 4421 944 4520 δεμ-ί
992 4421 1287 4477 metuendo
1332 4420 1581 4520 ("39’9"
1610 4423 1725 4520 fed
1776 4430 1838 4477 ιη
1890 4420 2115 4476 fratrem
2151 4430 2193 4485 θ
2219 4447 2355 4502 raldi
2374 4420 2516 4520 regis
2532 4420 3264 4517 subitocomplevitvol-itans
3286 4444 3432 4500 fama
3448 4443 3801 4515 palatia,fra-

530 4528 693 4571 suum
734 4513 1059 4581 Haraldum,
1114 4529 1298 4585 regem
1350 4515 1558 4569 scilicet
1610 4512 1912 4581 Danorum,
1958 4529 2120 4584 super

530 4606 627 4662 tali
662 4608 879 4678 negotio
908 4607 1237 4663 consuleret.
1265 4605 1498 4662 Paterna
1523 4608 1709 4678 itaque
1764 4606 1941 4662 classe
1959 4621 2120 4676 repe-

532 4699 656 4766 tita,
682 4699 1101 4771 instauratoque
1150 4700 1378 4771 remige,
1429 4701 1606 4758 ventis
1643 4700 1891 4771 marique
1916 4697 2119 4769 regalia

531 4794 808 4850 commisit
839 4794 1092 4859 carbasa,
1120 4794 1215 4849 sed
1244 4801 1426 4848 tamen
1468 4808 1581 4849 non
1617 4807 1834 4847 omnem
1867 4789 2118 4847 militiam

533 4903 720 4943 secum
759 4886 991 4951 reduxit,
1039 4902 1160 4956 qua:
1183 4901 1313 4942 cum
1342 4893 1498 4957 patre
1530 4899 1632 4939 suo
1681 4898 1978 4953 secumque
2017 4897 2117 4952 pa-

534 4980 697 5034 triam
731 4977 991 5037 introivit.
1020 4975 1156 5031 Nam
1181 4972 1465 5043 Thurchil,
1496 4990 1658 5046 quem
1680 4974 1978 5046 principem
2015 4974 2120 5028 mi-

533 5069 662 5122 litia:
688 5067 1060 5122 praediximus.
1089 5074 1239 5121 terra
1260 5065 1407 5122 quod
1438 5073 1584 5121 esset
1611 5063 1819 5122 ontima
1850 5061 2116 5122 inspecto.

2220 4547 2360 4593 trem
2383 4538 2796 4610 ejusmajorem,
2818 4539 3126 4596 Cnutonem
3149 4538 3377 4604 scilicet,
3401 4552 3501 4592 sua
3516 4536 3801 4591 advenisse

2219 4626 2767 4683 littora.Miraturrex
2784 4629 3073 4699 omnisque
3099 4627 3302 4699 pariter
3334 4625 3630 4690 exercitus,
3644 4633 3803 4693 atque

2218 4720 2397 4775 adhuc
2428 4720 2599 4775 nescii
2629 4720 2797 4777 duros
2819 4720 2994 4790 ipsius
3022 4718 3385 4791 praesagibant
3414 4732 3602 4772 casus.
3633 4713 3802 4787 Igitur

2218 4828 2248 4865 a
2271 4811 2439 4866 latere
2463 4810 2607 4881 regis
2629 4811 2830 4868 milites
2852 4811 3163 4884 diriguntur
3187 4808 3405 4875 delecti,
3429 4807 3718 4878 paratique
3746 4806 3799 4859 in

2218 4917 2508 4956 occursum
2534 4902 2982 4957 transmittuntur
3009 4901 3155 4971 equi.
3189 4899 3489 4956 Fraternas
3532 4898 3798 4969 siquidem

2218 5008 2374 5048 amor
2400 4991 2584 5046 fratris
2613 5007 2738 5047 eum
2775 4993 3028 5047 movebat
3077 4991 3343 5047 inservire
3401 4988 3607 5044 decori.
3633 4986 3799 5042 Cum—

2218 5099 2325 5120 nnn
2384 5083 2603 5120 tandem
2635 5083 2937 5120 hnnn‘in'ino
3007 5090 3196 5118 ninnm
3251 5096 3432 5118 ponam
3469 5079 3623 5118 dtu-nl
3687 5077 3798 5116 fras-
