4066 5330
252 216 382 281 “Si

1478 208 1861 271 ENCOMIUM.
1895 243 1966 253 —
2004 206 2134 265 LIB.
2176 205 2241 263 il.

3390 192 3530 264 1582

256 333 429 404 priam
480 344 698 402 quoque
724 327 1083 400 patefaceret;
1111 327 1311 393 Gnuto,
1356 325 1453 397 qui
1483 336 1616 382 natu
1646 326 1833 396 major

1937 344 2144 398 intrare
2187 341 2375 396 licere.
2418 322 2576 407 Quod
2627 337 2721 394 ubi
2768 322 3095 395 concessum
3136 320 3240 405 est,
3261 341 3529 407 ascendit,

255 423 451 490 fuerat,
487 422 569 478 sic
590 421 889 477 Haraldum
919 420 1146 476 fratrem
1177 418 1476 489 alloquitur
1501 436 1515 473 :
1554 437 1572 470 ι
1602 417 1833 485 Adveni,

255 514 441 581 frater,
466 514 668 586 partim
706 529 875 570 causa
904 514 987 569 tui
1010 512 1236 577 amoris,
1261 511 1459 581 partim
1482 525 1615 567 vero
1659 518 1719 565 ut
1742 511 1837 565 de-

256 607 515 662 clinarem
565 606 919 676 improvisam
960 604 1321 660 temeritatem
1378 603 1649 657 barbarici
1685 601 1839 657 furo-

257 697 366 764 ris;
396 712 507 753 non
540 706 722 753 tamen
749 706 998 753 metuens
1027 697 1319 762 bellorum,
1367 711 1490 766 quae
1518 710 1653 749 mea:
1676 709 1836 764 repe-

256 798 365 844 tam
397 788 601 859 gloriae,
631 789 726 844 sed
748 797 808 843 ut
832 799 928 844 tuo
952 788 1209 844 consultu
1254 788 1504 851 edoctus,
1550 784 1836 856 praesidio—

256 895 362 952 que
391 880 668 947 suffultus,
705 880 924 935 redeam
973 888 1157 934 certus
1199 878 1462 934 victoriae.
1508 876 1606 931 Est
1653 884 1836 931 autem

255 971 515 1042 primum,
541 970 689 1041 quod
739 970 875 1024 mihi
902 967 1088 1036 facies,
1142 969 1190 1023 si
1222 984 1330 1023 non
1356 969 1543 1040 gloriae
1588 983 1723 1023 mea:
1755 968 1839 1021 in-

254 1060 424 1126 vides,
453 1068 514 1114 ut
538 1059 748 1115 dividas
771 1074 988 1114 mecum
1031 1072 1261 1129 regnum
1312 1056 1612 1123 Danorum,
1658 1071 1836 1111 meam

216 1212 221 1219 ,
254 1151 459 1208 scilicet
488 1150 878 1219 hereditatem,
911 1166 1078 1222 quam
1134 1150 1287 1206 solus
1313 1159 1485 1214 tenes,
1519 1149 1713 1204 deinde
1747 1163 1835 1203 re-

254 1260 423 1314 gnum
451 1244 775 1315 Anglorum,
814 1245 862 1298 si
891 1243 1171 1299 communi
1199 1256 1364 1312 opera
1407 1242 1713 1312 poterimus
1740 1255 1839 1296 no-

255 1346 382 1393 strae
402 1337 701 1392 hacreditati
725 1336 982 1408 adjicere.
1012 1334 1196 1389 Unum
1239 1334 1439 1389 horum
1470 1334 1839 1405 quodcunque

252 1430 481 1500 elegeris
507 1428 736 1485 feliciter
756 1436 1030 1495 teneto,et
1053 1443 1155 1499 ego
1179 1427 1326 1481 aliud
1348 1427 1601 1482 similiter
1620 1425 1834 1481 tenebo.

254 1521 429 1593 llujus
474 1522 556 1577 rei
605 1522 779 1593 gratia
836 1529 1015 1577 tecum
1064 1520 1338 1586 hiemabo,
1385 1528 1446 1575 ut
1496 1528 1709 1589 tempus
1743 1527 1838 1572 tuo

258 1615 492 1670 suﬁiciat
515 1616 747 1672 consilio
773 1622 846 1682 et,
873 1623 932 1670 ut
960 1614 1196 1685 expedit,
1226 1620 1550 1683 reparentur
1576 1627 1742 1667 naves
1784 1620 1838 1666 et

254 1707 545 1775 exercitus,
600 1723 669 1762 ne
697 1708 952 1763 deﬁciant
986 1707 1318 1772 necessaria,
1367 1706 1498 1760 dum
1528 1720 1723 1775 pugna:
1745 1704 1833 1758 in-

253 1799 462 1869 gruerit
491 1808 725 1869 tempus.
758 1798 1021 1855 Thurcbil
1057 1806 1263 1865 noster,
1311 1813 1414 1853 nos
1452 1797 1833 1868 relinquendo,

255 1899 314 1944 ut
346 1901 576 1961 patrem,
606 1891 663 1945 in
693 1900 841 1947 terra
874 1892 1078 1947 resedit
1104 1900 1159 1946 et
1186 1907 1442 1962 magnam
1472 1899 1681 1961 partem
1735 1906 1835 1945 na-

253 1989 400 2041 vium
430 1995 747 2043 nostrarum
782 1989 1009 2044 retinuit
1029 1998 1104 2056 et,
1137 1996 1198 2043 ut
1218 2003 1364 2055 reor,
1395 1988 1557 2043 nobis
1582 1988 1838 2044 adversa-

252 2080 369 2134 rius
388 2080 515 2147 erit,
550 2081 642 2136 sed
671 2090 854 2137 tamen
879 2097 988 2136 non
1019 2081 1353 2152 przevalebit.
1384 2100 1403 2133 ι

323 2170 593 2227 liaraldus
617 2188 732 2239 rex,
757 2173 942 2228 audito
964 2174 1108 2244 quod
1133 2173 1326 2240 noluit,
1360 2173 1446 2228 his
1469 2171 1689 2227 fratrem
1716 2187 1840 2227 vcr-

254 2263 338 2319 bis
368 2265 619 2335 excepit:
664 2285 682 2317 ‹
712 2264 954 2332 Gaudeo,
999 2264 1187 2333 frater,
1217 2266 1286 2320 de
1321 2274 1416 2321 tuo
1446 2266 1700 2332 adventu,
1740 2265 1840 2319 ha-

254 2355 466 2428 beoque
494 2358 695 2427 gratias
725 2358 820 2413 tibi
850 2359 995 2430 quod
1027 2374 1114 2414 me
1138 2358 1400 2425 visitasti;
1435 2358 1527 2413 sed
1564 2365 1649 2412 est
1679 2362 1841 2430 graVe

253 2452 442 2506 auditu
480 2452 622 2522 quod
663 2453 903 2524 loque‘is
928 2454 992 2508 de
1029 2453 1297 2508 divisione
1331 2452 1503 2525 regni.
1538 2451 1839 2508 [heredita-

252 2549 363 2598 tem
404 2559 575 2614 quam
621 2545 755 2599 mihi
808 2554 981 2615 pater,
1026 2552 1079 2600 te
1126 2545 1402 2611 laudante,
1448 2546 1690 2611 tradidit,
1734 2563 1838 2618 gu-

254 2634 458 2701 berno;
490 2644 545 2690 tu
579 2652 706 2691 vero
742 2636 884 2692 hanc
914 2637 1175 2707 majorem
1208 2637 1254 2693 si
1286 2637 1522 2693 amisisti
1545 2638 1724 2703 doleo,
1757 2647 1838 2695 te-

228 2741 355 2796 que
379 2727 580 2795 juvare
601 2737 825 2798 paratus
853 2745 1076 2801 regnum
1100 2746 1281 2784 meum
1311 2730 1502 2801 partiri
1532 2747 1640 2785 non
1668 2715 1840 2787 susti-

252 2816 408 2870 nebo.
451 2836 469 2867 ι
503 2815 616 2873 Hoc
658 2818 834 2874 Cnuto
867 2820 1115 2886 audiens,
1142 2819 1477 2893 fratremque
1506 2830 1653 2878 recte
1688 2823 1841 2879 locu-

253 2914 367 2962 tum
414 2909 582 2964 tacite
630 2913 1017 2983 perpendens:
1085 2933 1103 2965 ι
1146 2912 1261 2969 Hoc
1307 2922 1551 2986 tempore
1612 2916 1679 2971 dc
1734 2916 1840 2971 hoc

252 3001 549 3071 sileamus,
594 3004 791 3075 inquit.
839 3004 984 3062 Deus
1022 3007 1166 3061 enim
1207 3009 1414 3064 rectius
1455 3007 1689 3065 fortasse
1734 3009 1841 3064 hoc

252 3094 402 3152 solus
424 3096 716 3151 ordinavit.
750 3116 769 3150 ι
804 3096 1028 3153 Talibus
1050 3099 1281 3169 aliisque
1305 3099 1537 3155 diversis
1567 3100 1839 3155 sermoni-

256 3184 356 3242 bus
395 3188 791 3258 colloquentes,
828 3188 1202 3259 conviviisque
1236 3190 1510 3261 regalibus
1543 3191 1840 3246 convivan-

253 3287 356 3347 tes,
388 3282 672 3353 aliquanto
720 3289 961 3353 tempore
992 3281 1157 3338 simul
1187 3293 1528 3350 manserunt,
1571 3293 1627 3338 et
1670 3300 1837 3338 naves

253 3374 607 3430 meliorantes
635 3375 937 3430 exercitum
971 3359 1438 3430 restaurave‘runt.
1469 3375 1681 3431 Pariter
1710 3392 1839 3431 vero

251 3461 604 3521 Sclavoniam
633 3467 974 3535 adierunt,et
995 3474 1224 3521 matrem
1242 3481 1559 3537 suam,qu:e
1584 3467 1694 3523 illic
1721 3483 1839 3522 me-

250 3563 498 3630 rabatur,
531 3563 883 3618 reduxerunt.

322 3651 536 3708 Interea
571 3653 820 3723 quaedam
862 3661 1237 3709 matronarum
1273 3652 1623 3723 Anglicarum
1654 3652 1837 3708 navim

246 3747 356 3803 sibi
397 3746 530 3803 fecit
556 3748 763 3819 parari,
801 3755 858 3803 et
894 3757 1176 3819 assumpto
1200 3762 1428 3818 corpore
1470 3745 1657 3802 Sucini
1695 3747 1838 3819 regis

251 3855 351 3895 sua
392 3841 448 3895 in
491 3841 667 3911 patria
704 3840 923 3910 sepulti,
972 3841 1173 3911 illoque
1212 3841 1549 3895 aromatibus
1594 3839 1835 3907 condito,

250 3932 544 4003 palliisque
582 3931 783 3998 velato,
816 3945 965 3986 mare
989 3932 1140 3997 adiit,
1171 3939 1225 3985 et
1243 3946 1506 4001 prospero
1543 3946 1710 3986 cursu
1742 3947 1839 4001 ap-

246 4026 408 4094 pulsa
460 4025 528 4079 ad
572 4032 763 4094 portus
814 4023 1095 4078 Danorum
1137 4024 1400 4094 pervenit.
1449 4023 1668 4079 Mittens
1707 4039 1837 4095 ergo

246 4118 504 4188 utrisque
536 4115 798 4172 fratribus
831 4116 1106 4184 nuntium,
1143 4117 1365 4172 mandat
1402 4131 1603 4187 corpus
1646 4115 1838 4171 adesse

247 4215 561 4277 paternum,
593 4215 656 4262 ut
696 4207 801 4262 hoc
842 4216 1121 4263 maturent
1167 4208 1465 4278 suscipere,
1519 4208 1838 4278 tumuloque

247 4300 396 4369 quod
431 4299 536 4355 sibi
574 4307 974 4372 praeparaverat
1009 4300 1211 4354 locare.
1257 4297 1334 4352 Illi
1376 4298 1577 4353 hilares
1614 4299 1833 4359 adsunt,

1938 434 2481 504 misericordiamque
2504 432 2719 494 domini
2747 433 2834 488 sui
2865 432 3140 503 quaesivit,
3168 440 3223 487 et
3252 432 3329 486 illi
3356 433 3532 488 multo

1937 526 2126 583 labore
2178 526 2524 593 conciliatus,
2577 525 2671 581 dat
2722 525 2847 579 ﬁdei
2897 535 3300 581 sacramentum
3353 540 3412 581 se
3453 524 3533 580 illi

1937 619 2195 688 deinceps
2226 618 2457 673 ﬁdeliter
2487 618 2839 673 serviturum.
2884 618 3023 673 Cum
3051 633 3161 689 quo
3190 633 3380 674 mense
3407 618 3535 689 plus

1938 709 2150 781 integro
2185 717 2451 776 moratur,
2492 717 2547 764 et
2587 716 2646 764 ut
2668 709 2736 765 ad
2769 709 2976 781 Anglos
3022 710 3210 766 redeat
3243 711 3532 779 hortatur,

1938 801 2127 857 dicens
2176 817 2303 856 eum
2352 802 2545 856 leviter
2591 801 2714 856 illos
2765 817 2927 872 posse
2970 818 3252 874 superare,
3294 819 3533 874 quorum

1939 894 2076 949 fines
2111 894 2271 965 longe
2306 894 2521 965 lateque
2551 882 2966 949 notiﬁcarentu‘r
2996 896 3265 965 utrisque.
3291 894 3532 951 Praeseer

1938 985 2038 1039 tim
2087 985 2266 1039 aiebat
2302 1001 2362 1040 se
2408 984 2628 1057 triginta
2670 1000 2836 1041 naves
2884 985 2941 1040 in
2984 985 3286 1057 Anglorum
3355 986 3534 1057 patria

1940 1092 2067 1131 cum
2097 1077 2341 1132 exercitu
2372 1075 2642 1132 ﬁdissimo
2672 1076 2983 1148 reliquisse,
3015 1078 3109 1150 qui
3135 1078 3415 1134 venientes
3441 1095 3536 1133 su-

1941 1168 2215 1240 sciperent
2257 1167 2585 1236 honoriﬁce,
2642 1168 3005 1240 iucerentque
3044 1184 3141 1239 per
3180 1168 3316 1223 ﬁnes
3363 1170 3535 1225 totius

1938 1261 2150 1332 patriae.
2183 1259 2343 1316 Tunc
2381 1276 2479 1316 rex
2514 1261 2824 1317 valedicens
2865 1260 3027 1315 matri
3067 1269 3122 1317 et
3158 1260 3334 1328 fratri,
3379 1263 3537 1316 curvi

1939 1352 2140 1408 littoris
2179 1353 2397 1425 repetiit
2433 1352 2701 1420 conﬁnia,
2748 1368 2858 1424 qua
2890 1352 3005 1422 jam
3050 1352 3386 1407 adunaverat
3433 1353 3536 1407 du-

1940 1454 2225 1502 centarum
2255 1447 2479 1501 navium
2514 1446 2763 1517 speciosa
2795 1444 3122 1517 spectacula.
3149 1442 3283 1499 Nam
3307 1445 3396 1499 hic
3417 1451 3539 1503 erat

1941 1546 2092 1594 tanta
2117 1554 2397 1595 armorum
2418 1540 2596 1610 copia,
2624 1547 2685 1594 ut
2714 1554 2823 1593 uua
2854 1553 3044 1593 earum
3073 1537 3316 1605 navium,
3345 1537 3391 1593 si
3416 1551 3537 1591 om-

1940 1631 2104 1688 nibus
2128 1631 2352 1703 reliquis
2388 1631 2736 1699 defecissent,
2766 1630 3035 1687 suﬁiceret
3065 1632 3537 1687 abundantissime

1940 1723 2065 1778 tela.
2100 1722 2269 1779 Erant
2285 1731 2464 1779 autem
2492 1723 2566 1777 ibi
2593 1730 2874 1791 scutorum
2900 1730 3050 1777 tanta
3074 1738 3294 1793 genera,
3323 1731 3383 1777 ut
3411 1738 3525 1777 cre-

1937 1812 2096 1869 deres
2141 1814 2333 1871 adesse
2371 1814 2619 1869 omnium
2662 1812 2988 1884 populorum
3032 1813 3271 1884 agmina.
3324 1811 3536 1868 Tantus

1938 1920 2163 1977 quoque
2186 1906 2352 1961 decor
2385 1904 2563 1961 inerat
2588 1904 2881 1975 puppibus,
2912 1910 2971 1957 ut
3008 1902 3334 1958 intuentium
3365 1903 3534 1957 hebe-

1938 1997 2070 2053 tatis
2102 1998 2423 2065 luminibus,
2464 1996 2732 2051 ﬁammere
2775 1994 2951 2067 magis
2981 2011 3145 2066 quam
3185 1996 3355 2067 ignea:
3384 1995 3537 2049 vidc-

1939 2096 2129 2142 rentur
2156 2103 2187 2141 a
2229 2086 2389 2154 longe
2424 2083 2839 2156 aspicientibus.
2889 2083 2947 2138 Si
2989 2085 3211 2154 quando
3258 2084 3403 2139 enim
3448 2084 3530 2139 sol

1937 2175 2046 2235 illis
2083 2178 2248 2249 jubar
2294 2178 2596 2232 immiscuit
2646 2175 2957 2243 radiorum,
2990 2174 3136 2241 ,hinc
3192 2175 3532 2246 resplenduit

1939 2271 2120 2344 fulgor
2156 2286 2459 2337 armorum,
2502 2270 2653 2324 illinc
2691 2283 2823 2323 vero
2854 2267 3075 2323 ﬂamma
3110 2268 3536 2338 dependentium

1939 2364 2275 2436 clypeorum.
2305 2361 2546 2417 Ardebat
2571 2376 2767 2415 aurum
2796 2359 2850 2413 in
2882 2359 3101 2426 rostris,
3139 2357 3382 2431 fulgebat
3401 2375 3538 2430 quo—

1939 2471 2046 2527 quc
2085 2462 2370 2526 argentum
2408 2454 2461 2508 in
2501 2452 2670 2507 variis
2700 2452 2921 2506 navium
2953 2451 3162 2522 ﬁguris.
3198 2450 3407 2506 Tantus
3452 2452 3533 2506 si-

1939 2546 2160 2618 quidem
2196 2546 2389 2602 classis
2427 2554 2544 2600 erat
2579 2550 2895 2615 apparatus,
2935 2550 3012 2609 ut,
3037 2542 3083 2598 si
3113 2558 3279 2613 quam
3320 2551 3534 2614 gentem
3628 2564 3639 2567 ι

1939 2643 2059 2715 ejus
2084 2643 2245 2696 vellet
2266 2656 2577 2712 expugnare
2600 2638 2890 2705 Dominus,
2918 2652 3083 2692 naves
3108 2645 3321 2691 tantum
3343 2636 3538 2691 adver-

1941 2735 2120 2791 sarios
2170 2742 2459 2800 terrerent,
2506 2732 2829 2803 priusquam
2872 2746 3063 2785 earum
3106 2728 3399 2784 bellatores
3435 2744 3539 2798 pu-

1941 2842 2104 2897 gnam
2154 2825 2321 2879 ullam
2361 2830 2731 2894 capesserent.
2776 2819 2911 2875 Nam
2957 2821 3082 2891 quis
3129 2818 3536 2875 contrariorum

1941 2918 2127 2974 leones
2156 2917 2276 2971 auri
2319 2916 2531 2989 fulgore
2566 2913 2862 2979 terribiles,
2899 2912 3025 2983 quis
3053 2913 3365 2967 metallinos
3397 2910 3538 2985 [me—

1866 3041 1909 3098 C
1944 3008 2226 3082 tallicos?]
2255 3009 2506 3064 homines
2536 3022 2705 3062 aureo
2733 3005 2913 3060 fronte
2949 3004 3212 3069 minaces,
3243 3004 3367 3074 quis
3403 3005 3536 3059 dra-

1941 3117 2106 3157 cones
2132 3101 2339 3172 ohryzo
2372 3100 2647 3166 ardentes,
2672 3098 2798 3169 quis
2820 3106 3009 3152 tauros
3032 3096 3370 3151 radiantibus
3399 3111 3537 3151 auio

1940 3194 2203 3250 cornibus
2233 3210 2418 3249 necem
2443 3193 2778 3249 intentantes
2809 3194 2862 3247 in
2882 3192 3155 3264 puppibus
3180 3192 3540 3263 aspiceret,ct

1940 3288 2091 3343 nullo
2113 3295 2260 3342 metu
2284 3303 2462 3359 regem
2486 3294 2650 3342 tanta:
2675 3286 2843 3357 copiae
2868 3285 3219 3340 formidaret?
3244 3283 3534 3353 Prmtcrca,
3604 3354 3615 3361 .

1940 3378 1996 3432 in
2049 3386 2201 3432 tanta
2247 3377 2590 3448 expeditione
2646 3377 2831 3432 nullus
2881 3376 3262 3433 inveniebatur
3311 3393 3533 3445 servus,

1940 3470 2125 3526 nullus
2163 3486 2228 3525 ex
2285 3482 2444 3525 servo
2492 3469 2743 3538 libertus,
2792 3469 2976 3525 nullus
3026 3470 3302 3542 ignobilis,
3351 3471 3537 3527 nullus

1940 3560 2097 3619 senili
2132 3570 2291 3616 (etate
2315 3561 2528 3617 debilis.
2562 3560 2765 3617 Omnes
2792 3561 2936 3618 enim
2964 3570 3121 3617 crant
3150 3562 3381 3631 nobiles,
3410 3579 3536 3620 om-

1941 3669 2039 3707 nes
2064 3654 2237 3724 plenae
2265 3654 2442 3709 aetatis
2482 3654 2679 3709 robore
2717 3655 2984 3722 valentes,
3017 3669 3211 3710 omnes
3238 3655 3412 3710 cuivis
3441 3671 3537 3726 pu-

1940 3761 2061 3816 gnae
2099 3744 2234 3800 satis
2269 3745 2498 3812 habiles,
2539 3761 2731 3803 omnes
2773 3753 2937 3801 tanta:
2978 3745 3305 3814 velocitatis,
3340 3754 3401 3801 ut
3436 3746 3533 3801 dc-

1940 3840 2148 3912 spcctui
2169 3840 2249 3896 eis
2277 3848 2459 3896 essent
2484 3841 2845 3911 equitantium
2878 3840 3248 3913 peruicitates.

2011 3932 2159 3987 Talis
2183 3933 2367 4002 itaque
2400 3932 2621 3987 milities
2660 3916 2920 3987 fastunsis
2951 3931 3167 3986 seansis
3206 3931 3415 3986 ratibus
3444 3931 3533 3986 in-

1940 4034 2050 4081 trat
2070 4026 2313 4096 pelagus,
2340 4025 2534 4081 solutis
2562 4041 2592 4079 a
2616 4025 2796 4080 littore
2819 4025 3074 4079 anchoris
3101 4033 3153 4078 et
3174 4023 3417 4080 funibus.
3452 4032 3537 4079 ta-

1938 4118 2087 4190 lique
2115 4116 2284 4172 vcrrit
2310 4118 2510 4188 impetu
2548 4116 2768 4184 ﬂuetus,
2798 4127 2858 4172 ut
2895 4116 3053 4172 alatis
3085 4116 3356 4188 puppibus
3393 4117 3536 4173 hanc

1939 4211 2293 4282 supervolare
2331 4210 2505 4266 undas
2532 4220 2774 4282 putares,
2802 4209 2891 4264 vix
2926 4217 3081 4264 tanto
3112 4210 3250 4264 mari
3289 4209 3536 4264 rudenti-

1939 4303 2063 4358 bus.
2100 4302 2318 4375 Regalis
2356 4313 2536 4358 autem
2561 4303 2718 4358 navis
2742 4302 2967 4376 reliquis
2992 4310 3113 4358 erat
3146 4303 3324 4357 honor
3353 4312 3407 4357 et
3444 4304 3531 4358 in-

247 4390 550 4447 honoriﬁce
570 4407 770 4462 corpus
784 4391 1109 4462 suscipiunt,
1129 4387 1685 4459 honoriﬁcentiusque
1709 4388 1839 4442 illud
1872 4385 1916 4439 D
1946 4395 2134 4462 tentio,
2177 4394 2306 4465 quia
2353 4395 2502 4448 nulla
2530 4394 2653 4448 aliis
2683 4394 2857 4449 inerat
2894 4395 3062 4464 Optio,
3095 4394 3201 4449 nisi
3234 4402 3443 4448 tantum
3475 4404 3534 4449 ut

248 4481 305 4536 in
328 4482 665 4537 monasterio
687 4482 741 4538 in
771 4484 973 4537 honore
1000 4486 1201 4535 sanctae
1232 4478 1515 4536 Trinitatis
1545 4479 1616 4533 ab
1644 4479 1834 4534 eodem

245 4590 373 4646 rege
400 4584 736 4642 constructo,
769 4575 824 4629 in
857 4569 1106 4645 sepulcro
1135 4572 1280 4642 quod
1304 4571 1408 4628 sibi
1431 4581 1717 4642 paraverat
1752 4588 1837 4627 re-

247 4666 514 4722 condunt.
573 4666 695 4734 Quo
735 4664 1007 4737 perfecto,
1050 4664 1274 4734 jamque
1315 4664 1674 4734 appropiante
1724 4663 1837 4719 sole

240 4757 437 4811 mstivo
466 4756 941 4824 acceleratCnuto,
957 4756 1322 4827 redintegrato
1345 4754 1608 4823 exercitu,
1634 4755 1835 4821 redire,

246 4862 489 4920 suasque
511 4849 740 4919 injurias
764 4850 1059 4905 vindicare.
1084 4847 1155 4902 At
1175 4846 1250 4901 illi
1277 4846 1419 4901 circa
1443 4847 1629 4903 littora
1649 4848 1837 4902 deam—

243 4938 463 4995 bulanti
512 4941 692 4996 subito
726 4948 1088 5019 apparescunt
1135 4940 1365 4995 carbasa
1408 4956 1519 4995 non
1565 4940 1735 4996 multa
1780 4940 1835 4994 in

247 5031 431 5087 medio
454 5032 613 5087 mari.
637 5031 774 5089 Nam
797 5033 1018 5088 Turchil
1044 5046 1258 5089 memor
1277 5032 1423 5103 quod
1457 5034 1663 5092 Sucino
1696 5032 1837 5087 fece-

248 5132 355 5189 rat,
398 5125 627 5194 etquod
662 5134 793 5182 tunc
836 5125 890 5181 in
916 5134 1057 5182 terra
1087 5124 1315 5193 Anglica
1366 5126 1575 5200 absque
1616 5125 1836 5182 lice..tia

1938 4486 2084 4557 regis
2118 4485 2205 4539 sui
2231 4485 2407 4540 fasces
2437 4484 2764 4555 ampliarent
2784 4492 2904 4539 toto
2933 4485 3133 4540 studio.
3164 4482 3534 4554 Exspcctabili

1938 4578 2125 4649 itaque
2143 4578 2354 4644 ordine,
2377 4576 2506 4633 ﬁatu
2538 4577 2800 4643 secundo,
2828 4574 3168 4642 Sandhuich,
3195 4576 3396 4647 quiest
3421 4592 3537 4633 om-

1938 4669 2092 4724 nium
2138 4666 2439 4738 Anglorum
2495 4674 2754 4741 portuum
2797 4666 3222 4733 famosissimus,
3264 4678 3395 4725 sunt
3434 4687 3536 4742 ap-

1938 4761 2102 4833 pulsi,
2144 4761 2445 4833 ejectisque
2485 4761 2766 4828 anchoris,
2810 4760 3023 4819 baculis
3059 4761 3436 4830 exploratores
3479 4779 3539 4821 se

1939 4854 2146 4910 dedunt
2169 4853 2359 4921 littori,
2376 4864 2432 4911 et
2457 4854 2724 4912 citissime
2755 4854 2991 4913 ﬁnitima
3014 4854 3206 4910 tellure
3235 4857 3542 4928 explorata,

1939 4948 2006 5004 ad
2048 4956 2176 5001 nota
2220 4957 2515 5005 recurrunt
2553 4947 2791 5021 navigia,
2835 4951 3064 5022 regique
3105 4946 3328 5003 edicunt
3352 4949 3549 5011 adesse

1939 5037 2311 5097 resistentium
2336 5050 2533 5108 parata
2562 5039 2753 5095 millia.
2782 5036 3103 5101 Pati-ienses
3129 5037 3276 5093 enim
3299 5041 3414 5111 regi
3444 5040 3552 5097 Da-

1939 5133 2136 5204 nisque
2159 5128 2565 5191 ferventissime
2588 5131 2860 5188 rebellare
2883 5138 3162 5195 ardentes,
3183 5145 3323 5200 quas
3350 5132 3456 5189 sibi
3485 5136 3553 5193 ad

246 5213 458 5271 domini
502 5215 585 5268 sui
637 5215 902 5273 Cnutonis
945 5214 1254 5275 inconsulte
1300 5231 1659 5288 remanserat,
1706 5235 1832 5274 cum
1936 5226 2141 5282 luctam
2166 5220 2418 5281 sufﬁcere
2460 5224 2776 5289 credebant,
2809 5227 3192 5285 adunavcrant
3236 5222 3555 5297 phalanges,

246 5320 441 5330 ...ι-...μ
475 5308 666 5330 -.--.ει--
686 5327 695 5330 -
