4038 6392
591 340 731 395 1585

1717 334 1935 390 ΕΜΜΕ
1976 333 2259 390 κεοιΝιΕ
2294 333 2677 392 ANGLOBUM

3687 342 3800 400 ΒΜ

593 454 661 509 ad
697 450 1028 514 bellandum.
1050 458 1237 521 utpote
1258 449 1515 521 juvenem
1538 448 2022 513 ferventissimum,
2043 448 2174 503 huic
2199 452 2245 508 A
2272 447 2478 516 functo,
2520 449 2655 503 liber
2703 446 2942 504 Cnutoni
2971 450 3251 521 ingressus
3283 458 3488 521 pateret
3527 461 3582 507 et
3622 462 3804 526 utrique

596 543 810 600 misceri
839 543 1014 613 patiar
1040 557 1253 612 pugnae.
1283 539 1419 595 Nam
1448 541 1494 596 si
1526 541 1699 596 victor
1728 538 1903 605 fuero,
1932 540 2044 610 regi
2067 539 2170 609 ipsi

594 630 983 703 triumphabo;
1010 630 1054 685 si
1076 639 1259 685 autem
1281 614 1549 695 cecidero,
1574 629 1688 684 sive
1712 636 1924 698 tergum
1949 628 2168 694 dedero,

578 716 708 778 non
742 722 931 793 Anglis
955 721 1142 792 gloria:
1166 721 1270 777 erit
1292 723 1455 787 adeo;
1487 721 1616 791 quia
1646 736 1741 777 rex
1765 722 2055 793 supererit,
2076 720 2171 790 qui

595 821 651 868 et
675 814 920 884 praelium
947 813 1274 869 restaurabit
1306 821 1362 867 et
1386 811 1621 869 fortasse
1646 813 1824 870 victor
1858 829 2009 870 meas
2031 812 2175 883 inju-

593 904 709 978 μίας
730 905 1041 961 vindicabit.
1075 924 1096 957 ι
1125 903 1240 960 Hoc
1260 904 1466 960 dictum
1499 921 1626 960 cum
1652 921 1800 961 sanae
1833 905 2032 961 mentis
2054 919 2174 961 esse

597 992 875 1048 videretur
896 992 1173 1057 omnibus,
1203 1001 1478 1048 annuente
1503 1008 1628 1065 rege
1647 993 1893 1049 ascendit
1916 1010 2041 1049 eum
2060 992 2174 1048 suis

597 1098 629 1137 e
670 1083 923 1149 navibus,
959 1082 1199 1153 dirigens
1226 1083 1398 1138 aciem
1437 1092 1628 1139 contra
1663 1084 1964 1154 Anglorum
2004 1083 2176 1154 impe-

600 1180 737 1238 tum,
766 1172 862 1243 qui
884 1180 1015 1228 tunc
1036 1172 1092 1227 in
1115 1172 1238 1239 loco
1261 1171 1557 1231 Seorastan
1578 1174 1724 1229 dicto
1746 1173 1923 1230 fuerat
1950 1188 2176 1245 congre-

598 1274 774 1335 gatus.
811 1262 1183 1334 Quadraginta
1215 1264 1449 1336 denique
1480 1266 1702 1321 navium
1736 1273 1792 1321 et
1826 1281 1892 1321 eo
1921 1265 2173 1335 amplius,

599 1355 876 1409 Danorum
919 1355 1193 1410 exercitus
1234 1355 1574 1421 ascenderat,
1607 1355 1701 1411 sed
1734 1355 1914 1409 adhuc
1949 1354 2038 1409 hic
2074 1368 2177 1407 nu-

600 1462 783 1501 merus
808 1445 1083 1501 medietati
1109 1445 1347 1501 hostium
1382 1446 1605 1501 minime
1627 1462 1725 1517 par
1757 1445 1953 1501 fuerat.
1979 1445 2047 1501 At
2068 1446 2178 1501 dux

600 1552 793 1593 eorum
818 1537 992 1609 magis
1021 1536 1156 1594 ﬁsus
1176 1537 1375 1593 virtute
1400 1554 1565 1608 quam
1591 1537 1956 1604 multitudine,
1986 1553 2179 1594 omnes

600 1645 861 1700 rumpens
910 1630 1190 1697 morulas,
1234 1629 1462 1685 classica
1506 1629 1781 1696 insonuit,
1823 1629 2075 1701 gradiens
2122 1628 2178 1684 in

599 1723 775 1793 prima
805 1720 1005 1790 fronte,
1033 1730 1109 1789 et,
1150 1730 1331 1777 mente
1357 1737 1571 1792 semper
1609 1721 1705 1777 Dei
1744 1721 2007 1777 auxilium
2050 1734 2181 1775 exo-

2270 541 2471 611 populo
2544 537 2788 595 confecta
2848 555 2981 609 pace
3041 540 3319 610 paulisper
3367 541 3628 612 respirare
3678 547 3805 616 copia

2270 642 2433 688 esset.
2462 631 2619 699 Quod
2648 638 2705 685 et
2725 630 2928 697 factum
2948 640 3055 687 est.
3079 629 3215 687 Nam
3240 632 3524 698 cives,suo
3549 633 3810 691 honorifice

2272 725 2483 796 sepulto
2526 724 2788 794 principe,
2833 722 3081 794 initoque
3119 724 3325 780 salubri
3371 724 3622 790 consilio,
3663 727 3808 799 elege-

2272 823 2403 868 runt
2446 813 2811 868 internuntios
2836 814 3073 880 mittere,
3097 823 3154 869 et
3193 815 3307 886 regi
3338 814 3536 885 placita
3567 817 3808 882 mandare,

2273 905 2522 961 videlicet
2551 913 2612 959 ut
2659 905 2939 961 dexteram
2974 906 3083 962 illis
3123 905 3278 963 daret
3300 915 3355 963 et
3400 908 3667 963 civitatem
3690 910 3813 977 paci-

2273 996 2374 1051 fice
2423 996 2741 1067 susciperet.
2800 995 2916 1052 Hoc
2973 997 3067 1052 ubi
3122 996 3360 1054 Cnutoni
3406 999 3542 1054 satis
3576 998 3813 1055 videretur

2274 1085 2553 1156 probabile
2575 1084 2739 1151 facto,
2762 1084 2942 1141 foedus
2977 1086 3254 1142 ﬁrmatum
3301 1096 3406 1155 est,
3435 1087 3697 1158 ingressui
3719 1088 3814 1157 ejus

2274 1177 2363 1232 die
2409 1177 2725 1233 constituto.
2761 1177 2831 1231 At
2867 1193 2996 1247 pars
3043 1177 3320 1235 interioris
3374 1178 3646 1234 exercitus
3687 1194 3814 1249 spre-

2275 1283 2400 1323 vere
2419 1275 2687 1324 statutum
2727 1268 2951 1336 civium,
2999 1268 3355 1341 latenterque,
3390 1278 3554 1325 nocte
3579 1270 3665 1324 illa
3688 1270 3818 1341 cujus

2276 1359 2526 1430 sequenti
2551 1358 2640 1415 die
2681 1358 2964 1431 ingressus
3007 1368 3094 1415 est
3131 1376 3249 1427 rex,
3297 1376 3422 1417 cum
3464 1361 3581 1416 tilio
3614 1361 3818 1418 defuncti

2276 1451 2537 1522 principis
2592 1451 2802 1523 egressi
2826 1494 2831 1499 .
2856 1458 2987 1506 sunt
3030 1448 3331 1519 civitatem,
3364 1460 3429 1507 ut
3478 1452 3832 1523 experirentur.

2272 1556 2473 1597 rursus
2497 1540 2726 1597 collecta
2768 1540 3155 1596 innumerabili
3188 1556 3358 1596 manu
3412 1542 3460 1597 si
3494 1540 3636 1597 forte
3668 1559 3697 1597 a
3722 1543 3823 1597 tini-

2279 1634 2383 1689 bus
2414 1633 2531 1690 suis
2587 1632 2833 1688 valerent
2892 1646 3095 1688 arcere'
3129 1632 3435 1703 ingressum
3480 1649 3681 1704 regem.
3736 1633 3824 1689 Nec

2279 1727 2623 1797 quieverunt,
2651 1739 2939 1795 quousque
2958 1739 3151 1780 omnes
3172 1740 3311 1794 pene
3332 1724 3541 1796 Anglos
3560 1726 3661 1781 sibi
3679 1728 3826 1797 magis

600 1830 754 1880 rans,
783 1788 1013 1885 qumque
1057 1788 1217 1868 obvia
1257 1788 1495 1869 metebat
1534 1798 1815 1870 mucronis
1854 1814 1988 1869 acie.
2019 1812 2176 1885 Angli
2210 1788 2254 1847 Β
2280 1788 2459 1876 ᾆᾱὶλιιο
2481 1788 2713 1875 acclives
2747 1788 2912 1888 quam
2961 1788 3199 1873 Cnutoni
3246 1788 3652 1890 conglobarent.
3678 1788 3826 1873 Cauta

600 1921 729 1959 vero
759 1905 813 1958 in
842 1904 1032 1975 primis
1064 1902 1316 1959 fortiores
1350 1904 1467 1959 dira
1499 1905 1643 1959 caede
1678 1903 1859 1958 Danos
1884 1904 2180 1959 obtrunca-

601 2006 749 2064 runt,
786 1997 840 2050 in
872 2005 1082 2050 tantum
1131 2004 1192 2049 ut
1221 2010 1355 2065 pene
1390 1996 1673 2051 victoriam
1710 1994 1889 2066 adepti
1927 1994 2185 2050 adversa-

601 2091 714 2146 rios
746 2089 930 2162 fugere
961 2098 1239 2160 cogerent,
1276 2088 1324 2144 si
1366 2104 1472 2143 non
1510 2087 1667 2143 ducis
1718 2086 1959 2158 alloquio
1986 2087 2184 2142 retenti

603 2196 984 2252 memoresque
1018 2180 1236 2235 virtutis
1267 2177 1450 2251 fugam
1492 2179 1898 2234 erubescerent.
1940 2175 2186 2249 Namque

602 2274 938 2328 memorabat
983 2274 1073 2328 ille
1111 2273 1302 2328 abesse
1340 2271 1648 2343 diffugium,
1698 2271 1753 2325 in
1792 2279 1938 2325 terra
1978 2269 2187 2325 scilicet

603 2367 811 2432 hostes,
834 2374 889 2421 et
916 2382 946 2421 a
970 2366 1151 2425 littore
1180 2365 1340 2436 longe
1363 2375 1599 2419 remotas
1623 2377 1855 2434 puppes;
1872 2361 2185 2434 ideoquc,si

605 2475 716 2514 non
765 2458 1062 2524 vincerent,
1110 2456 1256 2527 quod
1300 2456 1503 2526 pariter
1543 2455 1867 2511 occumbere
1906 2453 2183 2509 deberent.

610 2548 761 2605 Unde
789 2550 864 2604 illi
900 2549 1262 2605 animosiores
1296 2546 1494 2614 effecti,
1519 2547 1574 2601 in
1606 2546 1793 2617 praelia
1840 2543 1985 2599 illico
2019 2544 2189 2599 mani-

605 2640 808 2698 festant
856 2657 1021 2712 quam
1068 2640 1376 2711 periculosa
1423 2642 1496 2697 sit
1533 2637 1858 2709 desperatio.
1897 2635 2189 2691 Enimvero

603 2734 672 2790 de
693 2733 903 2805 refugio
926 2731 1065 2804 fuga:
1090 2732 1361 2802 desperati
1390 2739 1537 2786 tanta
1562 2731 1615 2784 in
1665 2730 1851 2785 hostes
1871 2727 2188 2784 debacchati

606 2834 737 2879 sunt
778 2825 1014 2891 insania,
1042 2832 1103 2878 ut
1142 2839 1254 2878 non
1277 2831 1489 2878 tantum
1537 2830 1880 2877 mortuorum
1916 2821 2189 2890 aspiceres

606 2928 833 2983 corpora
860 2912 1129 2979 cadentia,
1163 2926 1352 2966 verum
1378 2912 1543 2966 etiam
1574 2911 1822 2965 vivorum
1851 2909 1992 2965 ictus
2020 2908 2189 2963 decli-

609 3005 816 3061 nantia.
844 3004 1087 3059 Tandem
1123 3019 1253 3075 ergo
1282 3004 1439 3074 potiti
1465 3011 1644 3073 optata
1677 3002 1925 3069 victoria,
1962 3016 2187 3056 suorura
2214 3006 2223 3031 κ

606 3114 730 3168 quae
752 3097 989 3168 reperire
1015 3104 1285 3166 poterant,
1315 3095 1657 3152 tumulabant
1677 3094 1939 3150 membra.
1972 3093 2056 3148 Ab
2089 3094 2187 3149 ad-

609 3189 864 3244 versariis
900 3203 1118 3260 quoque
1159 3187 1475 3258 diripientes
1520 3187 1715 3257 spolia,
1743 3193 2111 3251 revertuntur,
2136 3195 2190 3241 et

608 3282 677 3337 ad
695 3283 967 3354 jacentem
992 3281 1267 3353 regionem
1287 3280 1647 3337 invadendam
1668 3279 2045 3351 accinguntur.
2075 3276 2190 3333 Hoc

608 3376 845 3446 primum
887 3376 1056 3430 decus
1102 3373 1361 3429 Thurchil
1412 3373 1581 3428 armis
1628 3371 1896 3428 Cnutonis
1924 3371 2097 3437 auxit,
2136 3379 2193 3425 et

610 3483 862 3538 magnam
884 3476 1094 3538 partem
1122 3466 1312 3537 patria:
1333 3480 1434 3536 pro
1460 3465 1566 3521 hoc
1599 3462 1948 3537 postmodum
1975 3478 2192 3535 prome-

608 3558 741 3615 ruit.

680 3650 749 3706 At
777 3660 909 3706 tunc
935 3650 1003 3707 ad
1027 3648 1307 3705 dominum
1350 3664 1656 3721 regressus,
1691 3648 1741 3703 ei
1778 3656 1833 3703 et
1868 3645 2033 3704 sociis
2063 3661 2195 3702 suos

612 3745 818 3801 indicat
865 3753 1111 3809 eventus,
1169 3741 1405 3813 facitque
1450 3758 1547 3797 eos
1607 3740 1796 3811 spoliis
1849 3756 1971 3811 quae
2015 3740 2197 3793 attulit

610 3836 949 3893 ardentiores
984 3836 1052 3890 ad
1091 3850 1363 3905 pugnam,
1400 3833 1675 3888 manubiis
1719 3833 1875 3887 laetus
1923 3841 1977 3886 et
2003 3832 2195 3901 palma:

612 3929 979 4004 successibus.
1006 3926 1126 3995 Quo
1155 3927 1403 3996 exemplo
1431 3924 1557 3980 Erie
1584 3925 1805 3996 quidam
1835 3924 1944 3980 dux
1972 3933 2026 3979 ct
2053 3925 2198 3994 prin-

612 4041 740 4095 ceps
784 4022 1078 4094 provincia:
1115 4037 1236 4091 quae
1287 4019 1613 4090 Northwega
1671 4019 1898 4084 dicitur,
1938 4018 2196 4075 incitatus

614 4120 763 4184 (nam
816 4124 870 4169 et
918 4115 969 4183 is
1036 4111 1303 4168 Cnutonis
1352 4112 1495 4183 regis
1546 4113 1803 4166 intererat
1853 4111 2194 4177 oﬂicialibus,

607 4206 818 4276 jamdiu
850 4205 926 4259 illi
974 4204 1245 4270 subditus,
1284 4203 1367 4257 vir
1401 4203 1570 4259 armis
1604 4211 1879 4268 strenuus,
1910 4203 2060 4256 omni
2093 4203 2196 4258 ho-

616 4295 951 4351 norificentia
985 4294 1225 4364 dignus),
1274 4302 1492 4363 accepta
1537 4293 1773 4359 licentia,
1802 4309 1927 4347 cum
1978 4293 2094 4349 suis
2117 4302 2203 4350 est

615 4402 891 4459 egressus,
917 4398 971 4440 et
994 4392 1204 4456 partem
1232 4392 1387 4439 terrm
1431 4400 1721 4456 aggressus
1758 4384 1927 4457 spolia
1954 4385 2198 4453 diripuit,

2281 1916 2465 1965 autem
2479 1909 2751 1965 civitatem
2774 1907 2998 1963 intravit
3019 1908 3148 1962 etin
3177 1909 3314 1963 solio
3334 1910 3491 1979 regni
3511 1910 3727 1973 resedit,
3749 1911 3826 1964 sui

2284 2008 2466 2056 tamen
2510 1998 2927 2055 Londonienses
2967 2013 3079 2054 non
3133 1998 3236 2054 sibi
3259 1999 3440 2055 adhuc
3495 2014 3620 2056 esse
3674 2000 3828 2055 ﬁdeles

2281 2091 2528 2148 credidit.
2555 2089 2711 2147 Unde
2736 2098 2794 2145 et
2840 2089 3062 2145 navium
3108 2090 3380 2160 stipendia
3426 2090 3523 2146 illa
3557 2099 3734 2146 aestate
3757 2107 3827 2146 re-

2283 2192 2530 2239 staurare
2556 2181 2706 2250 fecit,
2732 2197 2820 2250 ne,
2857 2182 2905 2239 si
2935 2180 3076 2237 forte
3119 2183 3393 2238 exercitus
3424 2176 3829 2240 adversariorum

2281 2276 2558 2332 civitatem
2603 2282 2958 2347 oppugnaret,
2998 2274 3116 2346 ipse
3137 2275 3206 2330 ab
3231 2275 3589 2331 interioribus
3614 2275 3832 2331 hostibus

2282 2366 2641 2423 exterioribus
2662 2366 2894 2421 traditus
2936 2365 3204 2420 interiret.
3235 2364 3393 2432 Quod
3422 2380 3646 2430 cavens,
3670 2380 3832 2419 rursus

2283 2460 2351 2515 ad
2382 2467 2597 2530 tempus
2618 2467 2678 2513 ut
2706 2456 2946 2528 prudens
2972 2457 3141 2513 cessit
3164 2466 3219 2512 et
3237 2498 3253 2524 ,
3281 2456 3531 2513 ascensis
3556 2456 3754 2510 ratibus
3783 2470 3833 2510 ac

2284 2552 2499 2608 civitate
2537 2550 2748 2615 relicta,
2793 2549 3029 2605 insulam
3073 2547 3267 2619 Scepei
3313 2549 3519 2604 dictam
3577 2564 3698 2603 cum
3741 2547 3834 2603 suis

2286 2641 2463 2713 petiit,
2492 2640 2677 2711 ibique
2723 2640 2973 2696 hiemans
2997 2638 3222 2712 paciﬁca
3262 2649 3522 2696 eventum
3563 2639 3643 2694 rei
3674 2653 3833 2709 exspe-

2289 2733 2472 2788 ctavit.

2360 2823 2681 2880 Edmundus
2709 2823 2896 2894 itaque
2938 2839 3044 2896 (sic
3078 2825 3227 2881 enim
3256 2824 3480 2895 juvenis
3514 2840 3611 2896 qu.
3657 2824 3834 2881 exerti-

2290 2926 2407 2973 tum
2438 2917 2727 2988 collegerat
2760 2915 2940 2971 dictus
2968 2918 3097 2988 est),
3137 2917 3416 2973 recedente
3446 2916 3718 2982 Cnutone,
3736 2932 3835 2971 cun

2290 3009 2490 3081 populo
2513 3024 2624 3065 non
2655 3008 2941 3076 mediocri,
2978 3009 3075 3065 sed
3112 3009 3498 3065 innumerabili
3526 3010 3757 3072 veniens,
3776 3007 3838 3063 cio

2290 3103 2512 3157 vitatem
2543 3100 2847 3172 pompatiee
2886 3100 3209 3173 ingreditur,
3235 3112 3291 3156 et
3314 3116 3442 3156 mox
3468 3117 3599 3157 eum
3630 3100 3837 3156 universi

2292 3202 2615 3264 sequuntur,
2656 3192 3051 3262 obtemperant,
3076 3201 3129 3248 et
3156 3191 3357 3259 favent,
3389 3202 3447 3248 et
3468 3192 3646 3248 virum
3676 3192 3835 3248 fortem

2290 3286 2411 3343 fieri
2441 3284 2694 3351 suadent,
2722 3285 2963 3341 dicentes
3004 3284 3150 3356 quod
3187 3300 3311 3340 eum
3360 3283 3541 3357 magis
3564 3300 3722 3355 quam
3750 3284 3837 3338 Da-

2293 3394 2489 3434 norum
2512 3377 2812 3475 principem
2834 3376 3112 3475 eligerent.
3300 3390 3528 3475 qupque
3547 3376 3668 3475 ejus
3698 3374 3837 3445 partis

2290 3482 2476 3525 comes
2504 3465 2711 3535 primus
2733 3466 2982 3532 Edricus,
3018 3465 3263 3522 consiliis
3291 3466 3526 3536 pollens.
3563 3465 3657 3521 sed
3688 3476 3837 3519 tamen

2297 3559 2578 3615 dolositatc
2611 3558 2932 3629 versipellis,
2962 3572 3124 3628 quem
3158 3557 3262 3613 sibi
3291 3556 3359 3613 ad
3388 3573 3586 3613 aurem
3620 3564 3840 3628 posuerat

2295 3653 2617 3709 Edmundus
2640 3653 2696 3707 in
2735 3651 2991 3707 omnibus
3025 3651 3277 3721 negotiis.
3320 3649 3520 3706 Fertur
3547 3659 3722 3706 autem
3749 3651 3840 3719 ipse

2289 3746 2508 3818 juvenis
2533 3746 2623 3801 illo
2650 3753 2893 3815 tempore
2925 3743 3147 3799 domino
3175 3742 3409 3798 Cnutoni
3450 3742 3720 3799 reccdenti
3746 3742 3839 3796 sin-

2295 3842 2537 3913 gularem
2563 3853 2800 3910 pugnam
2843 3837 3125 3903 obtulisse,
3156 3836 3253 3891 sed
3293 3850 3391 3892 rex
3434 3836 3660 3906 sapiens
3679 3834 3844 3890 dicitur

2296 3933 2378 3989 sic
2406 3932 2791 4003 respondisse:
2847 3949 2865 3981 ι
2908 3928 3020 4001 Ego
3058 3938 3273 3999 tempus
3319 3928 3476 3983 lucta:
3530 3928 3843 3999 praestolabor

2296 4039 2556 4095 congrue,
2595 4023 2724 4078 dum
2769 4038 2876 4076 non
2922 4036 3110 4076 casum
3152 4028 3459 4091 suspectus,
3489 4029 3679 4076 certus
3718 4018 3842 4073 fuero

2297 4117 2557 4173 victoria}.
2610 4113 2690 4168 Tu
2740 4128 2902 4179 vero,
2951 4112 3046 4183 qui
3098 4127 3228 4167 aves
3279 4111 3526 4167 duellum
3577 4112 3633 4166 in
3678 4111 3839 4172 hicine,

2298 4224 2429 4264 cave
2473 4222 2542 4261 ne
2590 4192 2809 4260 deficias
2847 4204 3012 4259 etiam
3048 4203 3243 4273 aptiori
3286 4211 3555 4274 tempore.
3597 4222 3616 4256 ι
3648 4201 3731 4257 Sic
3749 4216 3839 4261 rex.

2299 4309 2360 4356 ut
2388 4299 2592 4354 dictum
2618 4305 2720 4363 est,
2749 4297 2803 4351 in
2835 4294 3025 4365 Seepei
3056 4294 3202 4366 quod
3226 4303 3309 4351 est
3329 4296 3537 4350 dictum
3573 4294 3752 4350 Latine
3772 4292 3842 4345 lu-

2302 4393 2419 4449 sula
2454 4391 2659 4455 ovium,
2696 4398 2755 4444 ut
2775 4395 3006 4459 poterat,
3038 4388 3311 4443 hiemavit.
3339 4387 3662 4443 Edmundus
3692 4394 3839 4440 autem

614 4480 766 4534 vicos
814 4476 1121 4533 invadendo
1160 4475 1449 4543 destruxit,
1491 4486 1843 4533 occurrentes
1876 4477 1979 4531 sibi
2011 4478 2196 4532 hostes
2226 4499 2272 4553 Ι)
2298 4486 2351 4539 in
2398 4482 2702 4549 Lundonia,
2745 4480 2974 4537 dimisso
3024 4482 3287 4546 exercitu,
3341 4479 3595 4534 ultimam
3644 4479 3839 4533 hiemem

615 4571 845 4630 domuit.
887 4578 940 4625 ct
988 4569 1189 4624 multos
1240 4583 1307 4623 cx
1362 4568 1442 4623 cis
1496 4568 1807 4639 captivavit,
1868 4568 2196 4639 tandemque

619 4664 941 4717 victoriosus
964 4661 1030 4716 ad
1054 4661 1232 4715 socios
1258 4676 1382 4713 cum
1409 4660 1598 4730 spoliis
1622 4659 1781 4717 redit.
1814 4657 1934 4726 Quo
1955 4676 2193 4728 reverso,

621 4771 714 4809 rex
762 4770 990 4824 parcens
1042 4752 1254 4824 patriar,
1285 4751 1565 4821 prohibuit
1603 4752 1747 4806 ultra
1792 4767 1913 4805 eam
1944 4752 2196 4822 praedari,

620 4846 714 4900 sed
752 4846 917 4916 jussit
963 4845 1237 4901 civitatem
1264 4843 1606 4899 Londoniam
1654 4843 1994 4913 metropolim
2040 4852 2199 4898 terra:

618 4938 904 4993 obsidione
955 4938 1148 5003 teucri,
1191 4937 1323 5006 quia
1344 4935 1400 4991 in
1435 4951 1498 4990 ea
1526 4933 1879 5005 confugerant
1911 4935 2197 5004 optimates

618 5039 673 5084 et
697 5045 823 5100 pars
853 5029 1125 5084 exercitus
1146 5036 1199 5081 et
1224 5027 1528 5083 maximum
1550 5026 1631 5096 (ut
1654 5034 1738 5081 est
1750 5026 2195 5097 populosissima)

618 5123 834 5194 vulgus.
868 5121 932 5178 Et
972 5120 1100 5191 quia
1144 5121 1246 5175 hoc
1278 5120 1486 5189 pedites
1531 5118 1850 5190 equitesque
1898 5119 2199 5189 nequibant

618 5216 836 5285 explere
858 5213 1120 5284 (undique
1157 5209 1301 5266 enim
1339 5208 1477 5265 mari
1519 5209 1922 5281 quodammodo
1945 5227 2052 5265 non
2082 5211 2197 5281 pari

616 5302 1167 5373 vallanturflumine),
1181 5302 1390 5357 turritis
1409 5302 1678 5373 puppibus
1699 5317 1819 5357 eam
1842 5311 2200 5374 eoangustare

617 5397 763 5451 fecit.
800 5406 853 5450 et
884 5394 1199 5451 firmissima
1252 5394 1541 5449 vallatioue
1582 5393 1775 5448 tenuit.
1824 5392 1968 5449 Deus
1997 5394 2199 5463 itaque,

616 5495 713 5558 qui
736 5502 925 5542 omnes
960 5487 1208 5541 homines
1244 5486 1359 5540 vult
1404 5485 1578 5557 magis
1624 5485 1836 5540 salvare
1878 5500 2042 5556 quam
2073 5501 2198 5556 per-

617 5582 769 5646 dere,
803 5580 1020 5634 intuens
1067 5580 1179 5635 has.
1214 5587 1403 5650 gentes
1448 5587 1600 5634 tanto
1642 5579 1887 5649 periculo
1931 5579 2198 5643 laborare,

616 5689 744 5729 eum
762 5671 1060 5743 principem
1083 5671 1177 5739 qui
1201 5671 1430 5726 interius
1456 5671 1669 5726 civitate
1698 5671 2038 5742 praesidebat,
2069 5670 2200 5725 edu-

618 5780 748 5821 cens
777 5779 807 5818 e
828 5777 1072 5833 corpore,
1095 5761 1279 5833 junxit
1305 5763 1473 5833 quieti
1510 5763 1871 5836 semp'ternm,
1899 5772 1977 5832 ut,
2013 5779 2079 5818 eo
2108 5763 2202 5818 de-

2296 4576 2469 4631 duxit.

2368 4664 2657 4720 Reccdcnti
2687 4678 2816 4718 vero
2844 4661 3077 4718 brumali
3113 4669 3377 4732 tempore,
3417 4669 3531 4715 tota
3562 4660 3829 4728 Quadrage

2296 4756 2432 4811 sima
2463 4769 2658 4808 rursus
2683 4753 2931 4807 militiam
2966 4751 3308 4817 adunavit,et
3335 4766 3461 4806 mox
3492 4760 3619 4820 post
3643 4746 3833 4802 Pascha-

2296 4848 2378 4902 les
2413 4846 2529 4901 dies
2553 4860 2736 4914 regem
2775 4852 2831 4898 et
2867 4842 3050 4897 Danos
3073 4859 3103 4897 a
3125 4844 3326 4898 ﬁnibus
3366 4843 3666 4914 Anglorum
3690 4841 3831 4893 detur-

2298 4937 2428 4991 bare
2464 4934 2695 5006 paravit,
2720 4941 2774 4988 et
2798 4933 3019 4988 veniens
3061 4947 3185 4987 cum
3215 4933 3599 4987 innumerabili
3632 4930 3839 4986 multitu-

2296 5028 2444 5093 dine,
2479 5040 2575 5080 eos
2623 5024 2805 5079 subito
2848 5023 3105 5094 cogitavit
3146 5023 3419 5078 invadere.
3453 5023 3523 5078 At
3562 5039 3735 5079 sermo
3754 5036 3836 5075 non

2297 5121 2456 5176 latuit
2484 5118 2688 5185 Danos,
2714 5117 2807 5188 qui
2841 5116 3110 5187 puppibus
3132 5117 3460 5187 posthabitis
3486 5126 3675 5187 petunt
3695 5114 3835 5171 arida.

2300 5219 2548 5283 aptantes
2594 5225 2653 5264 se
2695 5210 2941 5279 excipere
2968 5223 3198 5279 quaeque
3252 5208 3432 5262 obvia.
3486 5208 3615 5262 Erat
3642 5218 3837 5274 namque

2297 5300 2378 5355 eis
2406 5298 2662 5354 vexillum
2693 5298 2817 5353 miri
2838 5297 3094 5368 portenti,
3135 5297 3300 5368 quod,
3326 5298 3454 5352 licet
3474 5298 3688 5353 credam
3710 5306 3836 5366 posse

2298 5408 2418 5448 esse
2445 5391 2760 5448 incredibile
2784 5390 3356 5460 lectori,tamen,quia
3384 5404 3569 5443 verum
3605 5396 3704 5453 est,
3729 5397 3837 5437 verr

2300 5484 2555 5559 inseram]
2582 5481 2821 5538 lectioni.
2854 5479 3165 5546 Enimvero,
3193 5478 3323 5534 dum
3349 5488 3494 5534 esset
3537 5473 3836 5547 simplicissi—

2298 5592 2389 5631 mo
2412 5573 2906 5644 eandidissimoque
2929 5564 3195 5628 intextum
3243 5571 3442 5637 serico,
3470 5568 3668 5624 nullius
3689 5567 3835 5636 figura

2301 5668 2356 5725 in
2379 5684 2446 5724 eo
2490 5668 2692 5724 inserta
2721 5676 2866 5723 esset
2911 5665 3105 5737 imago,
3150 5673 3395 5733 tempore
3424 5660 3543 5717 belli
3568 5673 3768 5727 semper
3794 5653 3833 5704 in

2301 5779 2365 5818 eo
2409 5762 2688 5817 videbatur
2722 5776 2936 5826 corvus,
2961 5775 3023 5813 ac
3044 5759 3088 5812 si
3116 5758 3377 5823 intextus,
3411 5755 3463 5810 in
3493 5750 3712 5808 victoria
3732 5760 3832 5803 suo-
