4038 6438
228 338 251 391 1
264 336 370 392 585

1463 321 1848 381 ENCOMIUM.
1889 353 1958 364 -—
1997 320 2124 378 LIB.
2168 319 2233 378 11.

3375 323 3516 380 1586

225 463 352 504 rum
397 445 555 516 quasi
593 444 758 499 hians
801 458 915 510 ore,
965 441 1360 514 excutiensque
1410 440 1546 507 alas,
1588 439 1819 495 instabi-
1849 449 1893 504 Α
1920 438 1990 492 At
2010 435 2146 491 Dani
2193 434 2465 506 fugientes
2504 449 2613 491 non
2659 436 2820 508 longe
2871 445 3000 493 sunt
3040 440 3334 508 persecuti.
3387 444 3518 513 quia

228 537 408 611 lisque
432 538 662 609 pedibus
691 545 745 592 et
779 536 896 592 suis
918 535 1146 592 deviCtis
1173 534 1578 606 quietissimus,
1604 542 1825 603 totoque

230 645 462 702 corpore
501 630 797 685 demissus.
845 628 1003 695 Quod
1047 628 1336 697 requirens
1372 624 1595 681 Turchil
1637 634 1826 680 auctor

229 725 393 797 primi
419 723 589 795 praelii
616 743 628 778 :
659 722 1024 794 «Pugnemus,
1050 720 1248 790 inquit,
1265 719 1495 774 viriliter
1516 719 1672 787 socii,
1689 717 1827 772 nihil

231 819 379 874 enim
407 818 568 872 nobis
595 817 701 872 erit
723 815 972 888 periculi.
998 813 1117 869 Hoc
1139 813 1375 882 denique
1401 821 1635 867 testatur
1656 813 1829 866 insta-

231 912 359 967 bilis
389 926 585 967 corvus
614 909 990 980 praasagientis
1017 907 1220 962 vexilli.
1260 926 1280 957 ι
1312 905 1432 972 Quo
1465 905 1672 972 audito,
1700 903 1829 975 equi

234 1004 588 1059 audentiores
637 1001 835 1068 effecti,
903 999 1229 1071 ferratisque
1275 999 1513 1054 induviis
1567 999 1826 1065 indurati,

235 1104 534 1152 occurrunt
574 1095 765 1167 Anglis
817 1094 872 1149 in
909 1093 1296 1149 .Esccneduno
1336 1093 1477 1158 loco,
1529 1091 1677 1162 quod
1727 1107 1830 1148 nos

233 1184 414 1240 Latini
457 1193 701 1240 montem
755 1183 1097 1240 fraxinorum
1147 1186 1424 1255 possimus
1463 1183 1826 1252 interpretari.

235 1279 424 1349 Ibique
472 1277 719 1333 nondum
778 1277 1164 1348 congressione
1217 1273 1383 1342 facta,
1427 1274 1612 1343 Edric,
1667 1277 1830 1346 quem

234 1371 476 1442 primum
525 1371 788 1425 comitum
839 1368 1112 1424 Edmundi
1155 1368 1418 1434 diximus,
1448 1367 1566 1423 haec
1605 1368 1720 1422 suis
1749 1367 1834 1421 in-

233 1463 360 1518 tulit
383 1461 671 1516 ail‘amina:
707 1461 1054 1533 «Fugiamus,
1081 1476 1115 1516 o
1135 1461 1291 1526 socii,
1311 1460 1590 1530 vitamque
1616 1459 1834 1515 subtra-

236 1553 437 1610 bamus
507 1554 671 1609 morti
735 1553 1061 1621 imminenti,
1126 1553 1370 1624 alioquin
1443 1552 1834 1608 occumbemus

237 1645 405 1700 illico.
452 1645 732 1701 Danorurn
785 1646 932 1701 enim
981 1645 1243 1700 duritiam
1278 1660 1469 1700 nosco.
1510 1663 1528 1697 ι
1564 1644 1632 1700 Et
1651 1645 1832 1700 “velato

235 1739 436 1795 vexillo
455 1739 602 1810 quod
628 1739 819 1794 dextra
853 1739 1118 1810 gestabat,
1147 1739 1287 1794 dans
1316 1746 1530 1810 tergum
1558 1737 1830 1806 hostibus,

237 1845 494 1902 magnam
538 1841 748 1900 partem
791 1831 1024 1886 militum
1079 1830 1221 1885 bello
1277 1829 1584 1886 fraudabat.
1641 1829 1727 1896 Et,
1773 1837 1834 1885 ut

239 1922 465 1992 quidam
499 1922 674 1989 aiunt,
704 1922 810 1977 hoc
836 1938 946 1977 non
987 1937 1156 1978 causa
1204 1923 1317 1994 egit
1355 1922 1590 1988 timoris,
1615 1921 1710 1978 sed
1730 1921 1833 1978 do-

241 2011 498 2081 lositatis,
527 2022 589 2068 ut
612 2025 801 2084 postea
836 2014 1060 2080 claruit,
1096 2015 1227 2084 quia
1267 2015 1372 2068 hoc
1398 2029 1524 2068 cum
1553 2013 1694 2069 clam
1725 2013 1834 2069 Da-

239 2104 330 2161 nis
379 2105 722 2176 promisisse,
770 2107 960 2161 nescio
1003 2122 1114 2177 quo
1145 2122 1246 2176 pro
1287 2106 1568 2173 beneﬁcio,
1607 2108 1837 2163 assertio

241 2197 544 2252 multorum
593 2197 744 2253 dicit.
789 2197 943 2254 Tunc
988 2197 1312 2254 Edmundus
1357 2199 1463 2254 hoc
1503 2198 1734 2256 intuitus
1785 2208 1839 2255 et

242 2287 490 2360 undique
536 2289 916 2360 angustiatus:
952 2309 973 2341 ‹
1005 2287 1050 2344 Ο
1092 2290 1273 2361 Angli,
1298 2290 1494 2360 inquit,
1543 2299 1638 2346 aut
1676 2291 1840 2347 hodie

243 2379 541 2447 bellabitis,
584 2388 681 2436 aut
713 2395 907 2436 omnes
944 2395 1055 2436 una
1080 2381 1494 2451 indeditionem
1531 2381 1699 2438 ibitis.
1727 2381 1838 2437 Pu-

242 2481 408 2544 gnate
448 2473 615 2543 igitur
650 2487 752 2542 pro
781 2474 1034 2528 libertate
1057 2482 1112 2528 et
1155 2474 1354 2544 patria,
1381 2473 1486 2529 viri
1517 2469 1746 2532 cordati.
1773 2473 1840 2529 Hi

246 2565 448 2637 quippe
489 2565 586 2636 qui
624 2563 864 2637 fugiunt,
897 2573 1084 2636 utpote
1111 2565 1474 2634 formidolosi,
1507 2567 1556 2624 si
1581 2582 1690 2623 non
1721 2567 1840 2622 abi-

245 2665 392 2724 rent,
412 2664 598 2713 essent
626 2657 1014 2728 impedimento
1035 2657 1317 2714 exercitui.
1357 2677 1377 2710 )
1411 2658 1478 2713 Et
1497 2659 1614 2715 haec
1632 2660 1840 2727 dicens,

247 2747 305 2802 in
335 2749 545 2805 medios
577 2749 880 2820 ingreditur
904 2750 1122 2816 hostes,
1165 2751 1594 2823 circumquaque
1628 2751 1845 2808 caedens

249 2836 455 2907 Danos,
483 2839 694 2895 nobiles
719 2840 826 2895 hoc
851 2841 1103 2912 exemplo
1125 2856 1257 2896 suos
1283 2840 1516 2898 reddens
1541 2843 1608 2898 ad
1633 2843 1843 2898 bellan-

250 2929 385 2986 dum
424 2933 730 3002 proniores.
775 2931 1146 2989 Commissum
1203 2942 1287 2990 est
1327 2950 1458 3006 ergo
1480 2935 1726 3005 prtelium
1752 2952 1846 3006 pe-

235 3022 435 3078 destre
462 3023 871 3094 gravissimum,
897 3025 1027 3079 dum
1051 3025 1188 3080 Dani
1213 3026 1340 3081 licet
1365 3027 1652 3097 pauciores
1676 3027 1847 3082 nescii

239 3114 466 3182 cedere,
515 3115 692 3186 magis
715 3116 979 3187 eligerent
1046 3118 1473 3175 internecionem
1515 3135 1681 3190 quam
1707 3118 1848 3190 fugae

254 3206 582 3276 periculum.
610 3205 896 3264 Resistunt
928 3210 1110 3279 itaque
1123 3211 1350 3267 viriliter
1372 3221 1424 3266 et
1446 3212 1692 3282 praelium
1715 3212 1848 3266 hora

254 3298 364 3353 diei
411 3314 556 3354 nona
598 3309 839 3370 emptum
880 3301 1090 3356 ducunt
1138 3303 1192 3356 in
1222 3318 1528 3372 vesperam,
1573 3318 1632 3358 se
1657 3303 1851 3373 gladiis

257 3390 404 3447 haud
427 3401 623 3463 sponte
671 3401 1031 3463 opponentes,
1070 3395 1164 3449 sed
1205 3395 1508 3466 gladiorum
1535 3395 1739 3451 aculeis
1765 3411 1854 3450 va-

258 3483 531 3540 luntarius
549 3481 870 3558 [valentius]
892 3486 1029 3541 alios
1043 3495 1299 3557 urgentes
1335 3485 1549 3541 Cadunt
1567 3488 1852 3559 utriusque

257 3578 438 3648 partis
478 3579 698 3646 armati,
743 3579 866 3650 plus
913 3587 1094 3634 tamen
1136 3579 1256 3649 ejus
1302 3597 1425 3650 qua:
1465 3592 1582 3636 erat
1622 3598 1854 3638 numero

260 3668 629 3724 eminentiori.
660 3668 963 3739 Atubijam
990 3669 1377 3739 advesperante
1405 3672 1579 3726 noctis
1600 3672 1856 3728 adessent

264 3767 533 3830 tempora,
551 3760 722 3814 vincit
744 3776 907 3832 amor.
924 3761 1165 3816 victoriae
1190 3762 1540 3816 tenebrarum
1563 3763 1856 3819 incommo-

261 3851 353 3918 da,
381 3852 512 3921 quia
563 3867 742 3921 neque
779 3852 1076 3907 horrebant
1124 3853 1396 3918 tenebras,
1446 3854 1683 3910 instante
1724 3871 1854 3910 cura

263 3944 495 4014 majore,
525 3959 705 4014 neque
754 3945 921 3999 etiam
969 3945 1118 4000 noeti
1163 3946 1528 4016 dignabantur
1547 3946 1759 4011 cedere,
1799 3947 1852 4001 in

266 4036 479 4090 hostem
521 4042 733 4088 tantum
789 4034 920 4089 dum
969 4035 1232 4089 ardebant
1277 4037 1588 4105 praevalere.
1632 4035 1700 4089 Et
1749 4035 1856 4091 nisi

265 4127 396 4181 luna
431 4127 738 4182 clarescens
775 4126 957 4197 ipsum
999 4135 1331 4183 monstraret
1368 4133 1602 4194 hostem,
1627 4128 1858 4184 caederet

268 4218 502 4288 quisque
529 4233 691 4272 suum
721 4219 1168 4284 commilitonem,
1204 4227 1263 4272 ut
1285 4219 1566 4274 inimicum
1597 4220 1859 4275 resisten-

272 4317 402 4376 tem,
453 4310 747 4380 nnllusque
789 4310 1075 4380 utriusque
1109 4311 1280 4380 partis
1329 4311 1715 4380 superviveret,
1751 4311 1854 4366 nisi

271 4415 437 4470 quem
464 4399 590 4470 fuga
622 4401 905 4456 salvasset.
951 4401 1161 4456 Interea
1211 4411 1497 4470 cmperunt
1535 4402 1690 4473 Angli
1735 4401 1860 4457 fati-

1927 527 2188 599 incogniti
2207 525 2298 599 [f.,
2315 527 2632 598 incognitis.
2649 525 2747 581 En.
2763 525 2851 600 P.]
2865 527 3112 585 locorum
3125 531 3305 588 noctis
3319 535 3520 590 obscu-

1927 620 2088 675 ritate
2130 629 2259 673 sunt
2298 618 2513 674 retenti.
2545 618 2703 689 Angli
2728 633 2859 674 vero
2887 620 2991 675 loci
3035 636 3146 676 non
3169 623 3356 690 inscii,
3407 624 3518 681 cito

1927 725 1960 764 a
1990 710 2245 765 manibus
2267 710 2509 764 hostium
2541 718 2671 765 sunt
2696 710 2886 780 elapsi,
2919 726 3013 766 eos
3038 714 3411 784 relinquentes
3446 719 3515 773 ad

1929 800 2122 871 spolia,
2153 815 2384 870 seseque
2408 799 2602 855 dantes
2626 800 2695 855 ad
2722 800 3010 856 inhonesta
3038 802 3270 873 refugia.

2002 891 2157 946 Tunc
2198 892 2436 947 victores
2477 907 2576 948 sua
2627 892 2736 946 laeti
2779 892 3031 961 victoria,
3086 903 3362 952 transacta
3406 898 3523 968 jam

1930 992 2090 1039 nocte
2118 984 2241 1053 plus
2270 984 2467 1050 media,
2508 990 2834 1053 pernoctant
2861 985 3006 1053 quod
3047 996 3333 1056 supererat
3379 989 3523 1044 inter

1929 1083 2318 1132 mortuorunm
2363 1075 2648 1131 cadavera.
2675 1075 2794 1131 Non
2843 1087 3025 1134 autem
3057 1080 3111 1133 in
3143 1090 3304 1136 nocte
3350 1083 3523 1152 spolia

1930 1169 2216 1235 dirimunt,
2251 1169 2343 1224 sed
2370 1169 2590 1224 interim
2623 1185 2756 1226 suos
2781 1171 3096 1242 requirunt,
3129 1188 3361 1244 seseque
3387 1177 3523 1230 adu-

1931 1268 2128 1315 nantes
2155 1267 2216 1314 ut
2237 1259 2544 1317 securiores
2564 1276 2687 1316 esse
2715 1271 2968 1332 possent,
3001 1263 3165 1318 simul
3191 1281 3381 1322 omnes
3409 1284 3520 1324 uno

1933 1351 1990 1406 in
2018 1351 2141 1406 loco
2171 1352 2546 1422 perstiterunt.
2600 1351 2954 1409 lllucescente
2986 1370 3118 1411 vero
3159 1357 3277 1427 jam
3322 1375 3520 1428 mane,

1933 1458 2161 1499 suorum
2203 1454 2509 1516 agnoscunt
2537 1447 2738 1502 multos
2782 1447 2837 1501 in
2865 1450 3052 1518 praalio
3081 1451 3365 1520 cecidisse,
3394 1469 3528 1524 quo-

1933 1551 2058 1590 rum
2080 1535 2343 1591 cadavera
2385 1544 2447 1590 ut
2475 1546 2726 1607 poterant
2755 1539 3112 1594 tumulavere.
3152 1541 3237 1596 Ab
3269 1543 3526 1599 adversa-

1934 1627 2143 1682 riorum
2169 1642 2390 1699 quoque
2418 1629 2681 1684 membris
2725 1629 2998 1685 abradunt
3037 1633 3230 1702 spolia,
3264 1635 3453 1690 bestiis
3474 1644 3530 1691 et

1934 1717 2132 1774 avibus
2173 1732 2366 1774 eorum
2413 1719 2789 1790 relinquentes
2825 1721 3140 1790 morticina,
3171 1733 3224 1778 et
3253 1725 3320 1780 ad
3361 1742 3530 1782 naves

1936 1810 2249 1878 redeuntes,
2293 1809 2749 1882 Londoniamque
2791 1821 3122 1883 repetentes,
3157 1817 3378 1872 saniora
3422 1819 3531 1874 sibi

1937 1910 2195 1972 quarunt
2227 1902 2477 1958 consilia.
2531 1900 2794 1960 Similiter
2818 1913 2873 1960 et
2900 1905 3060 1977 Angli
3095 1922 3196 1962 suo
3223 1924 3348 1964 cum
3379 1911 3533 1980 prin-

1937 1993 2057 2064 cipe
2084 1993 2188 2050 sibi
2211 1995 2574 2051 consuluntet
2602 2010 2768 2067 super
2788 1997 2894 2052 hoc
2914 1998 3117 2069 negotii
3140 1998 3235 2054 Dei
3263 2002 3532 2057 auxilium

1937 2094 2210 2158 quaerunt,
2249 2087 2430 2158 utqui
2464 2087 2666 2144 totiens
2710 2089 2882 2144 armis
2913 2099 3044 2145 sunt
3075 2089 3294 2159 devicti,
3340 2093 3533 2147 saltem
3563 2155 3565 2157 1

1938 2179 2124 2250 aliquo
2140 2179 2372 2235 consilio
2394 2180 2640 2236 valerent
2661 2196 2945 2237 remanere
2971 2182 3195 2238 sufl‘ulti.
3223 2182 3345 2238 Jam
3367 2185 3536 2239 etiam

1940 2270 2192 2338 Edricus,
2217 2271 2313 2342 qui
2334 2279 2494 2328 antea
2522 2287 2553 2328 a
2582 2271 2726 2350 bello
2766 2273 2996 2328 recessit
3024 2274 3315 2347 profugus,
3347 2276 3414 2331 ad
3440 2277 3538 2332 do-

1941 2368 2151 2422 minum
2204 2382 2367 2422 suum
2417 2376 2473 2424 et
2521 2367 2590 2423 ad
2619 2368 2802 2425 socios
2830 2368 2988 2424 rediit
3030 2377 3086 2424 et
3112 2379 3401 2442 susceptus
3425 2380 3533 2438 est,

1939 2458 2068 2530 quia
2111 2459 2195 2513 vir
2241 2460 2372 2515 boni
2423 2460 2639 2515 consilii
2685 2459 2809 2515 fuit.
2854 2459 2906 2515 ls
2963 2477 3195 2532 surgens
3241 2462 3294 2516 in
3346 2462 3533 2518 medio

1940 2551 2178 2622 agmine,
2208 2566 2402 2607 omnes
2425 2553 2522 2607 tali
2569 2553 2840 2610 allocutus
2868 2561 2955 2608 est
2983 2568 3237 2609 sermone
3265 2573 3277 2608 :
3326 2573 3346 2606 ‹
3385 2553 3540 2613 Licet

1943 2643 2204 2699 omnibus
2243 2659 2379 2714 pene
2403 2645 2560 2700 vobis
2605 2645 2712 2700 sim
2759 2645 2992 2712 invisus,
3021 2645 3153 2716 quia
3195 2645 3338 2700 bello
3371 2645 3537 2713 cessi,

1945 2741 2128 2789 tamen
2170 2733 2218 2789 si
2264 2734 2464 2790 vestris
2508 2735 2720 2790 sederet
2763 2735 2964 2791 animis
2991 2735 3155 2792 dictis
3185 2752 3378 2807 parere
3432 2737 3542 2792 mei

1945 2825 2188 2892 consilii,
2223 2825 2635 2882 victoriosiores
2678 2827 2816 2882 efﬁci
2846 2842 2971 2883 meo
2997 2829 3252 2883 consultu
3278 2829 3541 2898 possetis,

1946 2933 2114 2988 quam
2149 2917 2198 2971 si
2237 2918 2408 2974 totius
2437 2925 2598 2974 terra:
2642 2919 2730 2974 his
2785 2919 2919 2974 viris
2966 2920 3297 2976 resisterctis
3345 2919 3541 2976 armis.

1950 3008 2098 3065 Satis
2121 3010 2267 3066 enim
2307 3009 2588 3066 Danorum
2621 3010 2881 3067 victorias
2902 3022 3189 3082 expertus,
3215 3011 3418 3068 frustra
3441 3027 3547 3068 nos

1950 3103 2114 3158 reniti
2144 3103 2370 3158 omnino
2400 3105 2535 3171 scio,
2566 3113 2620 3160 et
2649 3105 2720 3160 ob
2752 3105 2858 3160 hoc
2887 3119 2976 3158 me
3005 3105 3252 3160 subtraxi
3276 3123 3306 3160 a
3332 3107 3544 3175 praelio,

1951 3203 2012 3250 ut
2034 3196 2186 3250 vobis
2215 3197 2570 3265 postmodum
2590 3196 2912 3267 prodessem
2943 3197 3198 3263 consilio,
3226 3213 3334 3252 non
3364 3207 3424 3252 ut
3447 3213 3547 3253 vos

1951 3287 2257 3354 aestimatis,
2284 3289 2572 3357 perculsus
2595 3289 2794 3343 timore
2834 3288 3040 3358 aliquo.
3080 3287 3218 3343 Dum
3258 3290 3404 3344 enim
3434 3290 3546 3345 sci-

1954 3395 2070 3435 rem
2099 3394 2326 3436 necesse
2365 3395 2487 3436 esse
2518 3395 2607 3436 me
2633 3379 2853 3452 fugere,
2893 3381 3025 3450 quid
3065 3381 3240 3436 satius
3283 3379 3420 3449 fuit,
3453 3392 3551 3438 aut

1953 3470 2322 3536 vulneratum,
2350 3478 2448 3524 aut
2474 3485 2673 3526 sanum
2696 3470 2996 3526 recedere?
3029 3470 3129 3527 Est
3154 3473 3345 3542 procul
3379 3473 3549 3528 dubio

1955 3573 2104 3620 certa
2130 3564 2358 3619 victoria
2391 3565 2666 3620 interdum
2696 3565 2766 3620 ab
2795 3565 3009 3620 fortiori
3032 3566 3189 3621 hoste
3213 3567 3354 3622 elabi
3381 3566 3509 3640 fuga
3531 3608 3549 3635 ,

1957 3657 2048 3712 cui
2081 3658 2270 3728 nequit
2299 3658 2479 3712 resisti
2507 3673 2606 3730 per
2648 3673 2821 3712 arma.
2854 3656 3060 3713 Omnes
3086 3658 3233 3713 enim
3261 3658 3356 3729 qui
3383 3660 3552 3714 adsu-

1956 3763 2102 3814 mus,
2140 3749 2278 3817 proh
2310 3749 2499 3804 dolor!
2542 3748 2804 3820 fugimus.
2841 3747 2947 3804 Sed
2979 3765 3047 3804 ne
3089 3749 3178 3804 hic
3207 3765 3369 3805 casus
3394 3751 3552 3804 vobis

1955 3840 2170 3894 eveniat
2189 3840 2439 3907 ulterius,
2453 3840 2674 3896 dextras
2695 3837 2862 3896 Danis
2882 3841 3096 3908 demus,
3113 3849 3188 3908 ut,
3216 3841 3365 3911 ipsos
3387 3841 3554 3897 finde-

1957 3939 2108 3986 ratos
2139 3931 2432 3997 habentes,
2464 3931 2652 4003 fugam
2689 3933 3104 4004 periculumque
3151 3933 3418 3989 bellorum
3471 3934 3554 3990 sic

1958 4023 2152 4077 saltem
2175 4023 2532 4080 declinemus.
2565 4025 2820 4079 Attamen
2855 4025 2961 4080 hoc
2995 4026 3152 4082 aliter
3181 4026 3374 4096 nequit
3409 4027 3549 4092 ﬁeri,

1958 4115 2066 4170 nisi
2097 4115 2368 4171 divisione
2412 4116 2562 4188 regni
2599 4116 2794 4171 nostri.
2833 4116 2901 4171 Et
2933 4117 3132 4172 melius
3175 4134 3299 4173 esse
3336 4117 3552 4188 judico.

1961 4218 2022 4262 ut
2046 4209 2393 4264 medietatem
2437 4210 2589 4281 regni
2623 4225 2720 4264 rex
2763 4218 2952 4268 noster
2986 4225 3112 4266 cum
3149 4229 3282 4283 pace
3328 4213 3549 4280 habeat,

1959 4316 2125 4371 quam
2152 4311 2326 4358 totum
2354 4303 2561 4373 pariter
2583 4303 2785 4359 invitus
2807 4304 3039 4359 amittat.
3089 4326 3108 4357 ι
3134 4306 3346 4362 Placuit
3375 4324 3555 4365 sermo

1961 4395 2338 4463 optimatibus,
2374 4404 2448 4464 et,
2480 4397 2604 4451 licet
2630 4397 2863 4463 invitus,
2898 4397 3003 4453 hoc
3029 4408 3210 4455 tamen
3233 4402 3426 4457 annuit
3450 4401 3558 4458 Ed-

274 4493 413 4564 gari,
455 4494 826 4564 paulatimque
872 4493 1056 4563 fugam
1105 4493 1384 4558 meditari,
1429 4495 1557 4548 dum
1583 4494 1847 4549 intuentul

1967 4486 2237 4551 mundus;
2267 4486 2565 4556 electisque
2587 4488 2958 4552 internuntiis,
2983 4491 3264 4558 praemittit
3288 4493 3357 4546 ad
3389 4509 3556 4548 naves

275 4583 461 4639 Danos
513 4585 568 4638 in
619 4585 722 4638 hoc
767 4583 1110 4653 conspiratos
1145 4592 1413 4653 quatenus
1461 4591 1556 4637 aut
1582 4583 1863 4638 vincerent

277 4685 374 4732 aut
407 4693 580 4748 usque
605 4677 673 4732 ad
694 4693 862 4731 unum
890 4692 1081 4731 omnes
1106 4692 1213 4729 una
1237 4675 1494 4746 perirent.
1528 4675 1864 4732 Videbantur

274 4769 424 4825 enim
451 4770 520 4826 iis
565 4778 695 4823 tunc
731 4769 1140 4824 numerosiores
1173 4778 1226 4824 et
1260 4769 1314 4822 in
1345 4777 1456 4823 tam
1494 4769 1705 4824 diutina
1733 4785 1863 4825 con-

280 4860 577 4917 flictatione
614 4860 885 4916 fortiores.
924 4860 1200 4914 Fortiorcs
1241 4875 1477 4930 namque
1512 4875 1608 4915 eos
1629 4860 1866 4914 aestima-

281 4953 415 5008 bant
454 4970 580 5009 vera
611 4954 942 5024 suspicione,
973 4953 1102 5023 quia
1138 4953 1252 5023 jam
1287 4953 1524 5010 stimulis
1554 4953 1682 5008 ferri
1711 4968 1864 5008 com-

283 5044 498 5111 moniti,
529 5059 771 5114 casuque
811 5059 1036 5098 suorum
1073 5043 1298 5111 turbati,
1336 5043 1509 5115 magis
1542 5043 1868 5100 videbantur

283 5135 475 5190 saevire
511 5150 675 5204 quam
710 5135 930 5189 bellare.
985 5134 1138 5190 Unde
1167 5134 1346 5205 Angli,
1389 5144 1542 5206 terga
1571 5143 1866 5204 vertentes,

284 5224 390 5280 hac
443 5233 499 5279 et
542 5225 666 5280 illac
719 5223 955 5295 fugitant
1010 5226 1216 5294 absque
1264 5241 1438 5291 mora,
1486 5241 1701 5296 semper
1742 5237 1868 5281 ante

284 5315 663 5371 adversarium
684 5317 962 5381 cadentes,
990 5316 1304 5386 adduntque
1323 5318 1490 5372 decus
1524 5316 1794 5373 Cnutonis
1815 5328 1872 5374 et

284 5408 532 5463 victoriae
551 5449 567 5474 ,
604 5407 862 5463 decorato
896 5407 1184 5462 Edmundo
1205 5407 1446 5480 fugiente
1476 5409 1738 5478 principe.
1765 5408 1871 5475 Qui

286 5500 413 5556 licet
432 5499 677 5555 devictus
713 5500 1103 5554 valentioribus
1129 5499 1326 5554 cedens
1357 5499 1652 5566 recederet,
1687 5508 1870 5554 tamen

243 5619 250 5628 -
286 5594 468 5651 adhuc
495 5608 606 5649 non
648 5595 866 5664 penitus
898 5593 1212 5662 desperans,
1237 5592 1370 5646 tutis
1404 5607 1463 5646 se
1487 5591 1763 5646 commisit
1795 5593 1873 5646 Io-

288 5687 391 5754 cis,
423 5695 482 5741 ut
499 5688 739 5753 demum,
787 5685 995 5741 fortiori
1019 5685 1363 5741 multitudine
1385 5683 1631 5748 collecta,
1675 5683 1870 5738 iterum

289 5781 630 5851 experiretur
677 5780 723 5834 si
747 5779 875 5848 quid
903 5778 1039 5833 forte
1063 5779 1164 5833 sibi
1187 5777 1314 5835 boni
1341 5777 1635 5844 succedere
1665 5781 1869 5846 posset.

659 5873 934 5932 PATBOL.
969 5872 1180 5934 CXLI,

1961 4575 2250 4643 Cnutonis,
2279 4577 2374 4647 qui
2395 4578 2616 4633 dextras
2644 4578 2810 4633 Danis
2831 4579 2960 4633 dent
2981 4589 3034 4634 et
3063 4583 3334 4652 accipiant
3358 4585 3427 4638 ab
3452 4585 3553 4640 eis.

1963 4665 2114 4734 Quos
2151 4669 2242 4722 ubi
2271 4669 2511 4739 primum
2549 4669 2687 4724 Dan‘i
2717 4671 2996 4726 venientes
3032 4673 3334 4744 intuentur,
3364 4678 3556 4747 explo-

1963 4768 2176 4816 ratores
2203 4776 2300 4818 eos
2321 4777 2444 4818 esse
2467 4763 2840 4834 suspicantur,
2871 4765 2965 4820 sed
3007 4775 3296 4837 postquam
3330 4771 3557 4840 propius

1965 4871 2062 4913 eos
2090 4855 2277 4911 vident
2304 4857 2591 4926 accedere,
2621 4858 2908 4914 accersitis
2949 4859 3031 4915 eis
3065 4861 3328 4930 quidnam
3354 4864 3558 4932 quaesi-

1967 4956 2132 5003 erunt
2172 4949 2286 5006 orsi
2324 4959 2455 5005 sunt
2480 4951 2737 5022 rogitare.
2770 4950 3052 5007 Discentes
3083 4968 3212 5008 vero
3245 4955 3314 5008 ab
3343 4956 3424 5009 eis
3459 4971 3561 5025 pro

1968 5041 2305 5096 conficienda
2353 5059 2487 5113 pace
2529 5059 2627 5100 eos
2675 5044 2893 5110 venire,
2929 5045 3176 5100 laetantes
3219 5061 3316 5102 eos
3360 5047 3562 5101 sistunt

1968 5132 2355 5202 conspectibus
2401 5135 2566 5205 regis.
2631 5133 2802 5190 Erant
2854 5136 3002 5191 enim
3057 5136 3256 5193 obnixe
3310 5147 3562 5208 optantes

1969 5237 2229 5293 prospera
2259 5225 2430 5294 pacis,
2475 5226 2590 5295 jam
2620 5226 2750 5282 lassi
2781 5228 3049 5282 bellorum
3073 5238 3126 5283 et
3150 5229 3564 5284 continuatione

1969 5316 2354 5386 navigationis.
2411 5317 2567 5373 Tunc
2604 5319 2782 5387 missi,
2839 5336 2968 5390 rege
3006 5321 3234 5390 pacifice
3277 5323 3517 5376 salutato
3549 5341 3560 5375 :

1980 5426 1999 5459 ι
2037 5407 2304 5464 Miserum
2327 5425 2449 5475 nos,
2481 5410 2754 5482 inquiunt,
2787 5412 2855 5467 ad
2883 5421 2954 5479 te,
2985 5428 3017 5467 ο
3037 5428 3154 5479 rex,
3183 5413 3438 5483 princeps
3465 5429 3566 5467 no-

1975 5507 2089 5555 ster
2123 5507 2180 5554 et
2217 5515 2504 5570 procerum
2537 5512 2850 5558 nostrorum
2895 5505 3221 5569 multitudo,
3250 5512 3310 5559 ut
3332 5520 3566 5560 consen-

1978 5591 2084 5645 tias
2113 5591 2195 5645 eis
2232 5591 2299 5646 de
2327 5609 2479 5662 pace,
2515 5602 2570 5649 et
2597 5595 2740 5650 datis
2764 5595 2922 5650 nobis
2948 5596 3154 5651 dextris
3177 5605 3231 5651 et
3259 5597 3562 5658 obsidibus.

1977 5698 2009 5737 a
2037 5683 2196 5739 nobis
2229 5683 2415 5740 itidem
2444 5687 2674 5757 recipias
2697 5703 2823 5743 cum
2849 5687 3001 5758 regni
3032 5688 3338 5743 medietate.
3376 5686 3566 5742 Domi-

1980 5791 2114 5831 nare
2149 5775 2204 5831 in
2231 5775 2437 5834 boreali
2460 5789 2611 5854 parte
2646 5796 2771 5837 cum
2805 5781 3021 5850 quiete;
3057 5795 3087 5836 e
3122 5781 3344 5850 regione
3384 5787 3572 5842 autem

3163 5872 3198 5930 Ῐι
3203 5872 3239 5930 Ῑι,
