4038 6418
598 306 741 367 1⁸587

1729 300 1953 367 ΕΜΜΕ
1994 302 2276 361 ΒΕΕΙΝᾸΞ
2315 302 2701 360 ANGLORBM

3696 310 3795 367 I388

595 427 667 482 sit
713 418 902 479 noster
951 417 1273 497 Eduiundus
1317 417 1373 473 in
1396 416 1603 479 ﬁnibus
1642 417 1958 473 meridianae
1989 418 2177 487 plagaz.
2210 420 2256 476 Α
2283 416 2579 486 inquirere,
2627 425 2688 471 ut
2716 416 3164 471 inventamhanc
3192 414 3437 487 legaliter
3466 416 3733 488 acquirere:
3760 432 3801 476 et

584 515 772 590 'llujus
807 515 888 572 rei
912 513 1086 587 gratia
1130 514 1200 570 ad
1239 521 1293 568 te
1332 527 1525 568 sumus
1554 510 1737 582 legati,
1772 519 1830 565 tu
1879 526 2010 566 vero
2044 511 2183 567 bene

593 610 803 666 faciens
826 608 1028 680 placito
1059 606 1329 663 consenti.
1358 604 1641 675 Alioquin,
1667 604 1795 659 licet
1820 603 1993 660 simus
2016 604 2183 661 semel

593 713 649 758 et
693 703 892 764 iterum
942 717 975 755 a
1015 697 1174 756 vobis
1223 699 1369 754 bello
1412 697 1722 764 deturbati,
1769 697 1949 752 adhuc
2003 705 2184 752 tamen

594 795 793 865 majori
827 793 1084 850 violentia
1114 791 1494 848 roborabimur
1522 791 1810 846 vobiscum
1842 789 2116 844 bellaturi.
2157 808 2178 841 ι

592 883 805 950 Quibus
825 898 924 940 rex
938 898 1048 942 non
1072 884 1285 939 temere
1306 880 1617 950 respondit;
1655 880 1772 946 sed,
1804 879 1937 948 ipsis
1960 878 2181 945 amotis,

590 974 885 1032 consilium
910 991 944 1031 a
968 976 1083 1030 suis
1113 973 1388 1045 quaesivit,
1420 980 1477 1027 et
1498 972 1581 1027 sic
1603 972 1682 1027 eis
1713 970 2063 1041 postmodum
2094 985 2185 1039 pa-

592 1066 749 1123 ciﬁce
779 1066 1078 1124 consensit.
1121 1064 1384 1121 Audierat
1425 1064 1572 1119 enim
1603 1079 1633 1117 a
1687 1063 1805 1119 suis
1836 1061 1983 1133 quod
2024 1062 2183 1117 multi

592 1174 821 1214 suorum
854 1157 1199 1225 defecissent,
1227 1174 1328 1213 nec
1353 1166 1473 1213 erat
1500 1156 1594 1227 qui
1618 1157 1798 1212 locum
1828 1155 2181 1211 morientium

591 1250 887 1320 suppleret,
919 1265 1046 1305 cum
1066 1249 1225 1320 longe
1246 1248 1505 1304 remoti.a
1522 1247 1743 1318 propria
1770 1246 1945 1317 patria
1973 1254 2179 1311 essent;

593 1343 893 1415 Anglorum
923 1356 1144 1412 quoque
1181 1356 1499 1411 quanquam
1548 1339 1866 1410 perplurimi
1912 1337 2182 1393 interﬁce—

590 1440 803 1497 rentur,
830 1447 1091 1488 numerus
1119 1447 1311 1505 eorum
1347 1447 1456 1485 non
1488 1431 1624 1485 adeo
1654 1430 2026 1493 minuebatur,
2053 1428 2183 1503 quia

592 1523 650 1578 in
680 1521 916 1593 propriis
945 1521 1136 1591 positis
1172 1536 1386 1591 semper
1407 1520 1502 1590 qui
1543 1520 1830 1575 morientis
1869 1521 2049 1575 locum
2091 1534 2181 1573 re-

589 1622 864 1672 stauraret
895 1613 1293 1669 inveniebatur.
1342 1611 1633 1668 Revocatis
1674 1613 1858 1682 itaque
1896 1613 2183 1666 internun-

587 1705 679 1761 tiis
709 1724 723 1759 :
758 1723 777 1757 ‹
813 1702 1043 1771 Vestris,
1077 1704 1256 1774 inquit
1283 1719 1379 1758 rex
1398 1745 1414 1768 ,
1466 1718 1501 1758 ο
1524 1703 1755 1774 juvenes
1775 1745 1791 1771 ,
1820 1703 2182 1775 legationibus

2291 506 2545 576 adeptam
2580 505 2796 575 imperii
2846 499 2931 561 sui
2961 515 3277 563 consortem
3320 504 3536 561 faceret.
3578 506 3715 578 Igitur
3731 528 3799 582 per

2286 615 2452 670 regna
2475 608 2529 654 et
2557 616 2652 670 per
2677 601 2841 656 urbes
2867 600 3197 656 discurritur
3216 608 3271 656 et
3296 600 3493 672 regalis
3517 618 3686 673 sponsa
3706 623 3801 676 per-

2284 690 2553 758 quiritur,
2605 691 2697 745 sed
2742 691 2902 761 longe
2951 691 3170 761 lateque
3214 691 3477 762 quzrsita,
3520 692 3601 747 vix
3637 696 3800 749 tandem

2284 781 2449 852 digna
2489 783 2778 852 reperitur.
2821 782 3045 838 Inventa
3089 793 3173 840 est
3230 799 3359 839 vero
3411 786 3528 839 haec
3572 784 3806 857 imperiali:

2284 888 2486 943 sponsa
2522 874 2577 927 in
2609 875 2921 930 conlinitate
2963 876 3150 932 Galliae
3182 886 3237 931 et
3269 876 3539 948 pmcipuc
3577 878 3626 933 in
3652 876 3803 934 North;

2283 965 2570 1020 mannensi
2598 967 2839 1037 regione,
2867 968 3034 1039 stirpe
3060 976 3115 1023 et
3136 970 3334 1039 opibus
3358 969 3634 1037 ditissima,
3655 971 3729 1026 sed
3746 981 3808 1027 ω.

2283 1073 2407 1131 men
2436 1058 2822 1129 pulcritudinis
2845 1069 2899 1115 et
2925 1062 3225 1131 prudentiae
3251 1062 3598 1120 delectamine
3618 1067 3809 1123 omnium

2281 1151 2402 1221 ejus
2449 1159 2758 1221 temporum
2810 1154 3104 1210 mulierum
3146 1156 3633 1227 praestantissima,
3668 1168 3810 1230 utpote

2282 1244 2470 1315 regina
2497 1242 2730 1301 famosa.
2773 1246 3005 1319 Propter
3036 1248 3417 1319 hujuscemodi
3447 1250 3668 1321 insignia
3702 1254 3811 1306 mqu

2280 1343 2399 1390 tum
2436 1337 2793 1406 appetebatur
2826 1354 2857 1394 a
2905 1355 3031 1411 rege
3067 1349 3123 1396 et
3155 1357 3256 1413 pro
3282 1342 3389 1397 hoc
3424 1344 3681 1413 praecipue
3703 1345 3813 1415 quod

2282 1436 2401 1482 erat
2428 1428 2660 1483 oriunda
2690 1445 2757 1485 ex
2785 1431 2997 1486 victrici
3032 1442 3209 1503 gente,
3232 1448 3356 1504 qua:
3382 1434 3487 1490 sibi
3511 1444 3698 1505 partem
3719 1436 3813 1491 Gal.

2281 1520 2368 1575 lize
2402 1520 2796 1589 vindicaverat,
2830 1523 3017 1579 invitis
3045 1523 3400 1596 Francigenis
3429 1535 3486 1582 et
3507 1543 3680 1582 eorum
3703 1530 3817 1598 prim

2281 1612 2420 1682 cipe.
2451 1611 2593 1679 Quid
2626 1614 2812 1669 multis
2844 1613 3146 1671 immorer?
3182 1617 3475 1672 mittuntur
3501 1620 3642 1689 proci
3671 1621 3727 1674 ad
3743 1620 3818 1674 do-

2282 1704 2526 1771 minam,
2563 1705 2857 1761 mittuntur
2897 1707 3038 1763 dona
3086 1709 3325 1780 regalia,
3372 1710 3653 1766 mittuntur
3690 1714 3819 1767 etiam

591 1795 985 1862 consentio,et,
1005 1795 1082 1850 uti
1102 1794 1531 1860 dixistis,media
1556 1794 1689 1848 mihi
1710 1795 1877 1849 libere
1889 1794 1993 1849 erit
2013 1793 2183 1865 regio.
2215 1805 2263 1865 Β
2291 1796 2454 1851 verba
2480 1798 2808 1866 precator-ia.
2842 1797 2948 1854 Sed
2975 1800 3209 1871 abnegat
3234 1802 3324 1856 illa
3368 1818 3427 1859 se
3458 1818 3681 1874 unquam
3703 1802 3819 1857 Cnu-

592 1887 699 1943 Sed
746 1896 932 1944 tamen
965 1887 1197 1960 vectigal
1235 1887 1402 1942 etiam
1456 1901 1572 1942 sum
1614 1886 1787 1956 partis
1835 1896 2014 1942 vester
2058 1901 2174 1953 rex,

585 1981 921 2052 quicumque
943 1981 1032 2035 ille
1057 1980 1530 2044 fuerit,~exercitui
1549 1980 1701 2035 dabit
1725 1995 1866 2035 meo.
1893 1977 2007 2034 Hoc
2030 1978 2177 2033 enim

586 2074 666 2128 illi
694 2074 885 2142 debeo,
913 2074 1144 2143 ideoque
1168 2073 1326 2128 aliter
1354 2080 1572 2143 pactum
1601 2088 1710 2127 non
1735 2072 1915 2145 laudo.
1956 2091 1974 2124 ι
2058 2120 2067 2125 -

658 2166 887 2223 Fredere
917 2166 1101 2236 itaque
1124 2166 1365 2233 ﬁrmato,
1390 2165 1608 2221 obsides
1631 2165 1832 2219 dantur
1853 2166 1923 2220 ab
1947 2173 2178 2235 utraque

582 2269 761 2329 parte,
797 2268 853 2314 et
884 2259 964 2315 sic
998 2258 1273 2315 exercitus
1311 2259 1525 2314 solutus
1558 2258 1827 2313 bellorum
1852 2258 2179 2327 importuni-

588 2359 717 2416 tate,
748 2358 933 2423 optala
961 2351 1120 2407 laetus
1159 2351 1368 2422 potitur
1396 2366 1551 2420 pace.
1592 2348 2004 2406 Verumtamem
2034 2349 2179 2405 Deus

586 2459 799 2502 memor
822 2459 935 2500 sua:
959 2444 1200 2515 antiquae
1219 2443 1506 2508 doctrinae,
1537 2442 1746 2498 scilicet
1767 2457 1933 2498 omne
1949 2457 2178 2512 regnum

586 2537 642 2591 in
667 2537 908 2609 seipsum
933 2537 1173 2593 divisum
1207 2537 1302 2592 diu
1332 2550 1656 2606 permanere
1692 2550 1803 2591 non
1834 2550 2030 2606 posse,
2068 2550 2177 2589 non

583 2629 748 2700 longo
786 2639 911 2700 post
935 2640 1181 2700 tempore
1219 2628 1570 2685 Edmundum
1612 2627 1801 2683 eduxit
1836 2644 1867 2683 e
1910 2643 2175 2697 corpore,

581 2724 885 2795 Anglorum
912 2724 1174 2779 misertus
1206 2723 1441 2794 imperii,
1471 2738 1541 2778 ne
1577 2722 1717 2778 forte
1740 2722 1787 2777 si
1825 2731 2053 2791 uterque
2086 2736 2180 2776 su-

578 2815 910 2885 per-viveret,
931 2824 1122 2870 neuter
1154 2824 1406 2887 regnaret
1434 2831 1626 2871 secure
1653 2822 1706 2868 et
1733 2829 1960 2885 regnum
1987 2813 2179 2868 diatim

572 2906 986 2961 .adnihilaretur
1034 2916 1293 2961 renovata
1339 2905 1709 2961 contentione.
1760 2903 2061 2960 Defunctus
2089 2920 2182 2959 au-

584 3013 694 3054 tem
725 2999 908 3070 regius
926 2999 1152 3068 juvenis
1178 2999 1330 3069 regio
1374 2998 1677 3053 tumulatur
1703 2997 1975 3067 sepulcro,
2011 2997 2178 3052 delle-

583 3098 677 3145 tus
708 3089 801 3145 diu
848 3090 1193 3160 multumque
1237 3104 1268 3143 a
1306 3088 1570 3159 patricnsi
1614 3088 1847 3158 populo,
1897 3087 1985 3142 cui
2035 3086 2179 3143 Deus

584 3199 749 3240 omne
788 3183 1049 3254 gaudium
1088 3182 1292 3237 tribuat
1328 3183 1385 3236 in
1430 3179 1636 3236 cwlesti
1676 3180 1839 3236 solio.
1881 3178 2054 3250 Cujus
2098 3180 2177 3234 rei

581 3277 757 3347 gratia
789 3292 917 3333 eum
960 3275 1105 3331 Deus
1133 3274 1363 3345 jusserit
1388 3274 1561 3339 obire,
1593 3287 1723 3329 mox
1758 3272 1955 3328 deinde
1980 3274 2174 3343 patuit,

580 3368 712 3439 quia
723 3367 977 3423 universa
1000 3366 1149 3438 regio
1170 3366 1316 3423 illico
1329 3364 1638 3420 Cnutonem
1661 3363 1765 3419 sibi
1788 3379 1970 3434 regem
1992 3364 2173 3435 elegit,

581 3469 637 3516 et
672 3460 762 3516 cui
787 3469 913 3516 ante
948 3459 1098 3515 omni
1121 3457 1408 3515 conamine
1433 3455 1662 3523 restitit,
1700 3464 1818 3512 tum
1852 3464 2048 3528 sponte
2075 3472 2176 3512 sua

583 3571 642 3610 se
660 3538 739 3610 illi
763 3563 815 3610 et
844 3555 1031 3609 omnia
1053 3570 1153 3610 sua
1177 3553 1438 3609 subdidit.

655 3647 803 3719 Ergo
831 3648 1183 3703 miseratione
1204 3648 1389 3704 divina
1414 3645 1792 3702 monarchiam
1822 3644 1974 3718 regni
1996 3642 2175 3699 Cnuto

580 3738 665 3792 vir
693 3747 951 3796 strenuus
985 3738 1247 3809 suscepit,
1274 3747 1330 3794 et
1369 3738 1625 3794 nobiliter
1650 3739 1821 3794 duces
1855 3746 1911 3793 et
1947 3737 2174 3794 comites

581 3844 715 3884 suos
743 3828 1037 3899 disposuit,
1074 3838 1131 3884 et
1152 3830 1259 3885 line
1286 3839 1444 3885 tenus
1474 3830 1732 3900 deinceps
1778 3846 2007 3902 regnum
2057 3829 2174 3884 An-

580 3920 797 3991 glorum
822 3920 1048 3991 paciﬁce
1081 3923 1273 3976 tenuit.
1319 3919 1450 3977 Erat
1481 3928 1666 3975 autem
1703 3920 1886 3976 adhuc
1909 3919 2173 3991 primaeva

580 4020 740 4067 aetate
764 4009 988 4079 ﬂorens,
1018 4011 1114 4065 sed
1138 4019 1321 4066 tamen
1346 4010 1608 4066 indicibili
1632 4010 1919 4080 prudentia
1940 4010 2169 4081 pollens.

583 4103 737 4161 Unde
761 4102 987 4174 contigit
1016 4111 1075 4158 ut
1096 4118 1191 4158 eos
1221 4117 1361 4174 quos
1390 4111 1551 4157 antea
1582 4100 1867 4156 Edmundo
1901 4101 2021 4156 sine
2046 4101 2173 4156 dolo

579 4199 810 4254 Iideliter
830 4198 1064 4252 militare
1086 4196 1352 4262 audierat,
1375 4195 1643 4266 diligeret,
1670 4202 1725 4249 et
1747 4209 1843 4250 eos
1868 4208 2009 4263 quos
2042 4193 2173 4249 sub—

580 4292 738 4346 dolos
784 4290 986 4346 scierat
1022 4280 1191 4359 atque
1232 4297 1476 4358 tempore
1510 4287 1635 4342 belli
1674 4287 1730 4340 in
1762 4294 1992 4356 utraque
2018 4293 2174 4356 parte

579 4380 929 4436 fraudulenta
955 4378 1406 4450 tergiversatione
1433 4376 1730 4446 pendentes
1761 4375 1887 4432 odio
1913 4376 2168 4444 haberet;

579 4475 718 4531 adeo
748 4480 809 4529 ut
842 4472 1044 4529 multus
1068 4470 1378 4542 principum
1410 4470 1649 4539 quadam
1676 4468 1763 4524 die
1793 4468 2043 4525 occidere
2070 4483 2171 4539 pro

580 4568 899 4642 hujusmodi
923 4568 1048 4623 dolo
1091 4566 1328 4637 juberet.
1382 4563 1530 4620 Inter
1563 4579 1702 4634 quos
1732 4561 1964 4618 Edricus
2003 4562 2099 4633 qui
2138 4577 2171 4617 a

580 4664 723 4719 bello
753 4660 996 4734 fugerat,
1038 4675 1164 4715 cum
1187 4656 1411 4728 praemia
1442 4670 1542 4726 pro
1571 4656 1678 4711 hoc
1713 4655 1834 4725 ipso
1862 4669 1893 4707 a
1921 4668 2047 4723 rege
2068 4667 2170 4722 po-

579 4758 831 4822 stularet,
868 4769 934 4810 ac
962 4753 1009 4809 si
1052 4752 1161 4807 hoc
1197 4767 1298 4821 pro
1342 4750 1462 4820 ejus
1499 4747 1728 4803 victoria
1775 4746 2026 4811 fecisset;
2075 4760 2171 4800 rex

581 4850 863 4907 subtristis
896 4867 908 4903 :
945 4866 963 4899 ι
1013 4845 1119 4914 Qui
1141 4845 1456 4907 dominum,
1486 4841 1685 4912 inquit,
1725 4848 1883 4895 tuum
1911 4836 2172 4909 decepisti

579 4944 796 5011 fraude,
827 4941 964 4997 mihi
990 4956 1059 4994 ne
1098 4938 1304 5008 poteris
1332 4936 1505 4991 ﬁdelis
1531 4935 1689 4991 esse?
1724 4932 2038 5004 Rependam
2073 4931 2170 4986 tibi

578 5036 853 5107 condigna
892 5034 1146 5105 praemia,
1181 5030 1277 5086 sed
1326 5045 1389 5085 ea
1435 5043 1505 5083 ne
1546 5028 1807 5097 deinceps
1831 5025 1930 5080 tibi
1960 5025 2173 5095 placeat

548 5128 817 5185 ~fallacia.
853 5146 873 5179 ι
923 5125 993 5180 Et
1021 5124 1183 5180 Erico
1220 5124 1359 5178 duce
1402 5136 1504 5176 suo
1537 5128 1751 5175 vocato.
1810 5137 1829 5169 ι
1860 5114 2022 5183 Huic,
2071 5116 2167 5182 ait,

577 5222 725 5292 quod
759 5220 1023 5276 debemus
1052 5216 1368 5287 persolvite,
1396 5212 1667 5278 videlicet,
1693 5226 1762 5266 ne
1784 5224 1886 5265 nos
1913 5209 2167 5278 decipiat,

578 5315 834 5371 occidito.
867 5333 886 5366 ι
920 5308 1016 5367 Ille
1056 5327 1187 5367 vero
1227 5310 1303 5364 nil
1328 5317 1606 5373 moratus,
1636 5305 1929 5374 bipennem
1953 5303 2166 5366 extulit,

577 5409 739 5479 eique
768 5406 881 5463 ictu
916 5405 1101 5461 valido
1133 5410 1298 5474 caput
1325 5400 1646 5471 amputavit,
1680 5406 1741 5452 ut
1775 5397 1880 5453 hoc
1919 5396 2168 5465 exemplo

578 5502 797 5557 discant
823 5499 1025 5555 milites
1056 5496 1277 5570 regibus
1314 5495 1431 5552 suis
1472 5508 1594 5549 esse
1646 5490 1852 5555 ﬁdeles,
1902 5505 2012 5545 non
2046 5488 2170 5544 inﬁ-

581 5595 750 5651 deles.
1948 5624 1953 5631 ·

652 5683 921 5740 Omnibus
968 5685 1150 5754 itaque
1190 5684 1295 5739 rite
1338 5679 1655 5751 dispositis,
1702 5678 1781 5733 nil
1835 5676 1953 5749 regi
2000 5673 2173 5732 defuit

542 5818 547 5823 λ
578 5778 788 5847 absque
818 5774 1160 5831 nobilissima
1183 5772 1443 5846 conjuge,
1464 5786 1637 5845 quam.
1655 5769 1861 5843 ubique
1885 5765 1991 5826 sibi
2007 5765 2173 5838 jussit

2280 1887 2427 1942 tonis
2466 1904 2726 1964 sponsam
2753 1890 2906 1957 ﬁeri,
2941 1892 3048 1947 nisi
3071 1892 3147 1947 illi
3190 1893 3553 1964 jurejurando
3577 1894 3820 1950 allirmarrt

2281 1980 2430 2050 quod
2456 1997 2739 2052 nunquam
2776 1982 3009 2041 alterius
3042 1985 3296 2057 conjugis
3331 1986 3507 2041 lilium
3547 1996 3662 2057 post
3683 2004 3733 2043 se
3755 2004 3822 2042 re-

2277 2087 2449 2143 gnare
2480 2070 2701 2141 faceret,
2728 2074 2835 2130 nisi
2863 2076 3006 2146 ejus,
3034 2077 3082 2132 si
3110 2077 3251 2133 forte
3276 2078 3353 2133 illi
3366 2078 3513 2135 Deus
3533 2095 3597 2135 ex
3609 2095 3668 2141 eo
3689 2079 3821 2135 filium

2280 2163 2542 2219 dedisset.
2590 2164 2885 2223 Dicebatur
2911 2170 3060 2224 enim
3102 2171 3173 2225 ab
3201 2171 3306 2226 alia
3336 2173 3573 2243 quadam
3610 2190 3695 2228 rex
3718 2172 3826 2228 ﬁlios

2282 2255 2561 2311 habuisse.
2603 2256 2757 2314 Unde
2792 2260 2881 2314 illa
2914 2261 3029 2316 suis
3058 2264 3356 2332 prudenter
3379 2265 3682 2334 providens,
3702 2266 3827 2320 scivit

2281 2346 2415 2416 ipsis
2454 2349 2637 2419 sagaci
2682 2350 2868 2406 animo
2900 2351 3188 2434 profutura
3231 2357 3620 2426 praeordinare.
3658 2356 3829 2414 Placuit

2274 2454 2411 2510 ergo
2435 2441 2549 2512 regi
2571 2442 2801 2497 verbum
2829 2444 3079 2515 virginis,
3106 2455 3161 2501 et
3179 2446 3547 2518 jurejurando
3571 2447 3722 2515 facto,
3741 2448 3826 2503 vir—

2281 2531 2395 2601 gini
2421 2533 2627 2604 placuit
2653 2534 2909 2590 voluntas
2937 2537 3101 2609 regis.
3156 2537 3221 2592 Et
3242 2538 3341 2605 sic,
3380 2537 3495 2595 Deo
3529 2540 3735 2611 gratias,
3756 2540 3831 2594 do-

2282 2624 2428 2679 mina
2457 2624 2647 2681 Emma
2676 2628 2972 2683 mulierum
3002 2629 3347 2686 nobilissima
3376 2629 3439 2686 ﬁt
3478 2631 3681 2701 eonjux
3714 2632 3825 2701 regis

2282 2714 2567 2770 fortissimi
2612 2715 2902 2774 Cnutonis.
2950 2717 3193 2775 Lzetatur
3230 2719 3424 2789 Gallia,
3465 2721 3679 2778 laetatur
3702 2721 3833 2777 etiam

2280 2806 2582 2879 Anglorum
2620 2811 2829 2883 patria,
2873 2812 3005 2867 dum
3043 2820 3258 2874 tantum
3303 2814 3471 2871 decus
3505 2814 3832 2871 transvehitur

2281 2914 2378 2969 per
2401 2916 2642 2970 aequora.
2674 2901 2935 2970 Laetatur,
2969 2904 3194 2976 inquam
3212 2948 3227 2972 ,
3256 2904 3448 2975 Gallia,
3484 2915 3689 2963 tantam
3716 2913 3836 2961 tanta

2282 2992 2397 3062 regi
2428 2993 2648 3063 dignam
2681 3010 2742 3049 se
2769 2995 3011 3052 enixam.
3044 2997 3345 3068 Anglorum
3375 3013 3514 3055 vero
3542 3001 3744 3057 laetatur
3760 3012 3837 3068 pa-

2284 3084 2409 3149 tria,
2441 3085 2614 3140 talem
2653 3102 2712 3141 se
2756 3088 3030 3158 recepisse
3076 3088 3132 3143 in
3178 3090 3395 3161 Oppida.
3428 3088 3476 3146 Ο
3510 3107 3598 3148 res
3635 3091 3835 3147 millenis

2281 3176 2480 3231 millies
2522 3186 2714 3248 parata
2748 3180 2921 3246 votis,
2959 3181 3161 3252 vixque
3195 3183 3413 3239 tandem
3440 3183 3656 3250 etl‘ecta,
3682 3184 3835 3255 auspi-

2278 3275 2436 3322 cante
2461 3268 2635 3339 gratia
2687 3268 3034 3328 Salvatorisl
3085 3272 3201 3329 Hoc
3244 3283 3364 3331 erat
3410 3277 3566 3348 quod
3594 3276 3841 3349 utrobique

2276 3360 2628 3418 vehementer
2655 3362 2981 3437 jamdudum
3005 3366 3407 3424 desideraverat
3434 3370 3729 3435 exercitus,
3756 3369 3840 3423 sci.

2272 3450 2403 3507 licet
2427 3461 2485 3507 ut
2517 3462 2664 3509 tanta
2691 3463 2842 3511 tanto
2873 3455 3039 3528 digna
3064 3458 3231 3514 etiam
3273 3460 3437 3528 digno
3471 3462 3707 3517 maritali
3728 3475 3839 3516 con-

2275 3547 2551 3603 vinculata
2575 3548 2730 3621 jugo,
2772 3550 3001 3607 bellicos
3048 3552 3265 3607 sedaret
3293 3565 3501 3611 motus.
3544 3556 3680 3622 Quid
3721 3556 3837 3609 enim

2276 3641 2455 3712 majus
2484 3658 2547 3697 ac
2573 3642 2995 3700 desrderabilius
3027 3660 3156 3701 esse
3185 3656 3372 3715 posset
3414 3647 3473 3700 in
3520 3648 3684 3715 votis,
3704 3662 3840 3719 quam

2274 3733 2577 3789 damnosos
2621 3735 2976 3808 ingratosque
3027 3737 3248 3794 labores
3292 3738 3416 3794 belli
3469 3740 3685 3810 placida
3724 3740 3841 3794 ﬁniri

2274 3827 2669 3897 tranquillitate
2692 3829 2880 3898 pacis,
2933 3845 3059 3885 cum
3084 3846 3249 3901 pares
3277 3832 3514 3902 paribus
3543 3832 3597 3887 vi
3629 3831 3843 3903 corporis

2273 3919 2581 3990 virtuteque
2615 3920 2787 3976 animi
2834 3918 3264 3978 concurrerent?
3310 3938 3560 3995 eumque
3591 3941 3729 3980 nunc
3768 3923 3842 3988 bi,

2274 4030 2422 4069 nunc
2440 4029 2571 4069 vero
2600 4013 2700 4080 illi,
2729 4015 3033 4071 alternante
3060 4031 3193 4071 casu
3224 4016 3369 4084 belli,
3393 4032 3513 4073 non
3538 4016 3658 4074 sine
3677 4027 3844 4088 magm

2272 4104 2600 4160 detrimento
2628 4105 2738 4171 sui,
2772 4106 3087 4163 vincerent?

2344 4197 2567 4265 Verum,
2596 4198 2690 4254 ubi
2737 4198 2920 4255 divina
2968 4200 3399 4272 dispensatione,
3464 4206 3756 4276 multisque
3781 4203 3844 4258 al-

2274 4295 2539 4342 terutrum
2570 4288 2666 4342 diu
2703 4288 2908 4345 habitis
2945 4289 3320 4357 internuntiis,
3366 4294 3617 4349 maritali
3660 4310 3715 4349 se
3749 4302 3847 4348 tan-

2272 4376 2397 4432 dem
2420 4377 2615 4447 copula
2654 4378 2859 4447 placuit
2878 4378 3246 4448 confederari,
3290 4380 3516 4439 diﬂieile
3544 4384 3745 4440 creditu
3776 4388 3843 4437 est

2272 4477 2476 4539 quanta
2506 4478 2729 4540 repente
2756 4470 2813 4525 in
2840 4471 3090 4541 utrisque
3111 4472 3267 4528 alteri
3295 4473 3364 4530 de
3387 4475 3571 4532 altero
3592 4487 3769 4532 exorta
3790 4474 3847 4530 sit

2275 4559 2595 4630 magnitudo
2633 4560 2840 4631 gaudii.
2878 4561 3163 4619 Gaudebat
3187 4564 3335 4621 enim
3382 4582 3485 4623 rex
3516 4568 3846 4625 nobilissimis

2272 4648 2553 4720 insperato
2584 4666 2644 4707 se
2697 4667 2861 4707 usum
2893 4653 3181 4723 thalamis;
3218 4656 3337 4711 haec
3376 4666 3573 4715 autem
3593 4658 3719 4716 hinc
3742 4673 3851 4729 pm-

2275 4741 2613 4797 stantissima
2638 4742 2839 4799 virtute
2875 4745 3146 4817 conjugis,
3193 4740 3325 4803 hinc
3352 4749 3527 4806 etiam
3562 4766 3661 4821 spe
3687 4757 3845 4820 gratu-

2276 4834 2514 4890 labunda
2537 4836 2936 4892 accendebatur
2965 4837 3166 4894 futura:
3190 4840 3385 4910 prolis.
3417 4839 3853 4900 lnastimabilittt'

2279 4944 2498 4999 quoque
2526 4937 2757 4999 uterque
2783 4930 3058 5002 gaudebat
3086 4933 3382 5000 exercitus,
3412 4948 3556 5004 opes
3579 4949 3850 4995 suescere-

2275 5022 2534 5077 munibns
2567 5036 2794 5090 sperans
2825 5023 3106 5095 augendas
3140 5025 3385 5093 viribus,
3412 5037 3475 5084 ut
3526 5028 3611 5085 rei
3636 5036 3851 5102 postne—

2248 5116 2403 5176 .dum
2433 5116 2685 5185 probavit
2712 5117 2913 5173 exitus.
2959 5117 3326 5188 Quamplures
3343 5119 3495 5175 enim
3543 5121 3724 5196 populi
3769 5119 3851 5175 d0-

2270 5208 2390 5263 miti
2420 5209 2580 5273 bello,
2609 5217 2908 5279 gentesque
2932 5210 3247 5280 complures
3272 5211 3431 5284 longe
3450 5212 3727 5273 distantes
3739 5211 3843 5266 vita.

2270 5300 2537 5365 moribus,
2574 5301 2741 5355 etiam
2774 5310 2828 5355 et
2846 5300 3055 5370 lingua,
3082 5304 3414 5359 teternaliter
3452 5306 3577 5377 regi
3609 5306 3849 5376 regiaeque

2270 5393 2573 5461 posteritati
2597 5407 2781 5446 annua
2813 5393 3081 5461 compulsi
3116 5402 3248 5449 sunt
3294 5395 3516 5454 solvere
3570 5395 3844 5466 vectigalia.

2275 5483 2381 5541 Sed
2403 5484 2537 5555 quid
2564 5484 2787 5551 mirum,
2827 5500 2875 5540 ει
2909 5494 3096 5540 tantus
3125 5485 3357 5557 talisque
3385 5503 3479 5542 rex
3500 5496 3846 5560 repugnantes

2272 5578 2377 5633 sibi
2404 5576 2716 5633 dimicando
2736 5576 3079 5633 devinceret?
3114 5593 3239 5633 cum
3282 5580 3728 5649 quamplurimas
3747 5589 3846 5651 pars

2275 5670 2372 5726 tim
2412 5668 2623 5725 liberali
2664 5669 2974 5740 largitione,
3005 5669 3203 5739 partim
3260 5673 3652 5740 patrocinandi
3703 5668 3846 5742 gratia

2276 5764 2505 5837 imperio
2558 5776 2661 5820 suo
2722 5761 3007 5820 ultroneos
3061 5763 3433 5823 submitteret?
3469 5766 3722 5835 profecto
3755 5773 3847 5822 nea
