4038 6452
232 358 373 415 1589

1377 348 1825 408 "ENCOMIUM.
1865 380 1937 391 —
1972 347 2101 403 LIB.
2142 320 2209 402 n.

3366 348 3508 406 1390

229 465 454 531 mir'um'.
488 464 767 541 Quoniam
818 471 936 528 illic
982 463 1167 526 divina
1215 463 1438 539 "aspirat
1485 467 1679 540 gratia,
1727 467 1823 524 ubi
1850 466 1897 524 A
1923 464 2060 521 locis
2094 464 2282 520 fecerit
2311 456 2880 521 silee.'Verumtamen
2928 475 2989 522 ut
3018 467 3357 527 credibiliora
3381 472 3515 529 ﬁant

223 568 454 641 justitite
477 566 887 639 probitatisque‘
904 578 1063 636 aequa
1088 562 1319 618 libratur
1342 560 1569 616 trutina.

1914 572 2045 629 quae
2073 572 2283 625 assero,
2316 556 2448 628 quid
2472 556 2527 612 in
2552 571 2660 612 una
2681 558 2818 612 urbe
2843 559 3016 614 sancti
3045 560 3340 617 Audomari
3365 563 3511 620 fece-

299 660 403 715 Sed
437 659 567 731 quid
591 658 779 713 multis
824 656 1124 712 immorer?
1167 654 1426 727 gaudium
1472 666 1731 724 magnum
1762 652 1821 707 in
1921 649 1994 704 rit
2021 648 2201 704 dicam
2221 663 2322 720 pro
2346 648 2617 721 exemplo,
2664 648 2813 720 quod
2853 650 3018 705 etiam
3051 653 3227 709 oculis
3256 656 3393 713 meis
3421 672 3511 712 me

226 752 613 824 cenjugatiene
642 758 918 806 tantorum
942 748 1057 805 dixi
1078 747 1271 815 fuisse,
1293 745 1467 801 multo
1488 753 1671 800 autem
1697 756 1786 799 am
1809 773 1820 784 -

223 844 371 914 plius
405 843 551 908 dico,
600 847 855 910 suscepta
897 838 1156 894 masculae
1202 835 1371 907 prolis
1392 835 1835 907 opportunitate.

225 934 346 990 Non
377 934 550 990 multo
587 940 713 1004 post
738 931 1031 1003 siquidem,
1058 929 1357 986 Salvateris
1395 936 1671 984 annuente
1698 942 1821 999 gra-

226 1028 324 1094 tia,
352 1026 525 1082 ﬁlium
587 1025 798 1096 peperit
823 1024 1166 1081 nobilissima
1212 1020 1420 1094 regina.
1469 1019 1642 1091 Cujus
1694 1036 1819 1076 cum

227 1127 459 1196 uterque
485 1133 687 1189 parens
708 1117 924 1181 intima,
949 1124 1111 1186 atque
1143 1123 1204 1169 ut
1227 1115 1299 1168 ita
1322 1112 1520 1178 dicam,
1557 1111 1821 1182 singulari

228 1211 487 1284 gauderet
526 1208 839 1276 dilectione,
872 1208 1012 1263 alios
1056 1198 1190 1262 vero
1221 1206 1477 1261 liberales
1508 1204 1649 1260 ﬁlios
1682 1204 1821 1259 edu-

227 1304 431 1361 candos
480 1284 800 1358 direxerunt
866 1298 1300 1363 Nerthmanniae,
1353 1297 1520 1352 istum
1556 1296 1645 1351 hic
1690 1295 1824 1351 reti-

227 1403 442 1460 nentes,
475 1393 796 1462 sibiutpote
815 1390 1063 1446 futurum
1105 1387 1374 1444 haeredem
1423 1386 1598 1457 regni.
1632 1384 1822 1456 Itaque

227 1485 645 1541 dilectissimum
667 1485 884 1556 pignus,
912 1483 993 1538 uti
1038 1494 1158 1536 mes
1189 1486 1273 1535 est
1308 1478 1615 1544 catholicis,
1665 1491 1827 1534 sacro

228 1578 464 1633 abluunt
494 1577 644 1633 fonte
667 1564 1033 1647 baptismatis,
1073 1574 1471 1643 imponuntque
1497 1570 1550 1625 ei
1582 1570 1825 1626 vocabu-

227 1671 343 1726 lum
373 1669 782 1742 quedammede
804 1667 1059 1723 obtinens
1079 1665 1347 1721 indicium
1362 1664 1563 1719 futura:
1585 1662 1819 1718 virtutis.

226 1762 468 1819 Vocatur
502 1762 772 1832 siquidem
831 1759 1200 1826 Hardecnuto,
1247 1772 1447 1812 nomen
1479 1756 1653 1826 patris
1678 1753 1824 1811 refe-

226 1869 356 1910 rens
374 1869 500 1910 cum
525 1854 918 1909 additamento.
953 1849 1125 1920 Cujus
1181 1849 1229 1903 si
1264 1847 1595 1920 etymologia
1644 1854 1824 1901 teuto-

226 1948 349 2003 nice
374 1946 740 2017 perquiratur,
775 1943 1021 2015 profecta
1051 1942 1177 2013 quis
1211 1948 1516 2012 quantusve
1545 1939 1711 1994 fuerit
1735 1937 1823 1992 di-

227 2040 526 2111 gnoscitur.
588 2036 767 2093 Harde
807 2036 1049 2108 quidem,
1105 2034 1253 2089 velox
1295 2032 1382 2088 vel
1431 2032 1620 2103 fortis,
1676 2030 1824 2101 quod

226 2138 547 2201 utrumque,
574 2131 857 2199 multoque
879 2128 1058 2198 majus
1082 2127 1193 2193 his,
1231 2127 1287 2180 in
1321 2140 1388 2179 eo
1429 2139 1543 2179 uno
1565 2122 1823 2193 cognosci

227 2223 426 2293 potuit,
453 2223 651 2294 quippe
665 2222 761 2292 qui
783 2234 976 2276 omnes
1005 2219 1091 2275 sui
1121 2217 1380 2288 temporis
1407 2216 1557 2271 viros
1578 2215 1824 2271 omnium

228 2316 495 2371 virtutum
518 2315 833 2386 praestantia
867 2312 1112 2367 anteivit.
1142 2310 1345 2364 Omnes
1375 2309 1538 2380 igitur
1567 2308 1688 2377 ejus
1714 2306 1827 2361 vir-

227 2414 374 2462 tutes
398 2419 722 2461 enumerare
755 2416 990 2473 nequeo.
1041 2399 1402 2469 Quapropter,
1436 2413 1508 2453 ne
1555 2398 1772 2468 longius
1794 2411 1825 2452 a

228 2496 510 2567 proposito
534 2495 858 2561 exerbitem,
882 2507 1048 2563 supra
1071 2501 1333 2561 repetam,
1358 2489 1710 2561 historiaeque
1736 2503 1825 2545 se-

228 2605 371 2660 quar
402 2590 672 2645 ordinem.
763 2616 766 2620 λ

301 2680 500 2737 Adnito
534 2681 769 2752 denique
794 2693 986 2751 puere,
1009 2677 1076 2734 de
1101 2692 1214 2749 quo
1243 2691 1427 2733 sermo
1470 2675 1670 2748 agitur,
1725 2688 1825 2745 pa-

228 2782 320 2830 ter
347 2774 527 2829 adhuc
556 2774 610 2828 in
644 2773 796 2828 omni
846 2772 1104 2827 felicitate
1140 2771 1360 2841 degens,
1392 2784 1553 2823 omne
1598 2782 1827 2838 regnum

231 2881 345 2921 suze
394 2864 589 2919 ditioni
618 2864 927 2934 subjectum
968 2870 1318 2918 sacramento
1372 2858 1638 2925 devinxit,
1667 2873 1828 2913 eum-

230 2973 337 3027 que
367 2956 717 3028 postmodum
775 2956 841 3010 ad
874 2954 1229 3010 obtinendam
1265 2950 1642 3005 menarcbiam
1675 2949 1827 3019 regni

230 3046 511 3104 Danerum
537 3064 662 3103 cum
697 3048 922 3103 delectis
947 3045 1214 3100 militibus
1257 3044 1427 3099 misit.
1473 3043 1609 3096 Cum
1644 3049 1828 3096 autem

230 3157 325 3197 rex
348 3140 530 3196 Cnute
568 3142 746 3197 solum
777 3139 1051 3210 imprimis
1089 3137 1371 3193 Danerum
1399 3137 1670 3192 obtineret
1686 3134 1828 3205 regi-

231 3248 359 3289 men
410 3230 655 3303 quinque
703 3232 998 3302 regnorum
1031 3272 1046 3296 ,
1108 3230 1317 3285 scilicet
1392 3226 1825 3292 Danemarchiae,

232 3323 787 3396 Angliae,Britanni:e,
811 3321 1031 3389 Scotizr,
1056 3318 1706 3391 Northwegaz,vindicato
1730 3318 1830 3371 de-

230 3415 424 3483 miuio,
449 3415 745 3485 imperator
783 3413 1013 3469 exstitit.
1048 3411 1275 3467 Amicus
1300 3425 1429 3465 vero
1457 3418 1513 3464 et
1540 3407 1831 3464 familiaris

227 3506 411 3563 factus
442 3514 526 3561 est
561 3505 694 3561 viris
744 3503 1156 3569 ecclesiasticis,
1195 3503 1331 3558 adeo
1360 3510 1421 3557 ut
1446 3500 1718 3572 episcOpis
1743 3501 1829 3557 vi-

228 3595 833 3668 dereturcocpiscepus
871 3612 971 3667 pro
1003 3596 1341 3652 exhibitione
1396 3594 1569 3648 totius
1608 3592 1829 3664 religio-

234 3690 341 3757 nis,
380 3690 665 3745 monachis
677 3704 896 3760 quoque
918 3704 1026 3743 non
1059 3687 1360 3753 saecularis,
1388 3686 1483 3741 sed
1511 3684 1833 3741 cmuebialis

232 3798 337 3854 pro
365 3782 697 3838 continentia
738 3782 1062 3836 humillimae
1118 3776 1447 3836 devotionis.
1505 3774 1835 3832 Defensabat

236 3876 430 3933 sedulo
452 3876 687 3946 pupillos
720 3882 776 3931 et
817 3875 1032 3942 viduas,
1085 3873 1430 3929 sustentabat
1477 3871 1755 3941 erphanos
1779 3877 1836 3926 et

234 3966 502 4034 advenas,
527 3967 674 4038 leges
704 3966 975 4037 oppressit
1004 3965 1244 4035 iniquas,
1284 3978 1587 4033 earumque
1636 3977 1834 4032 sequa-

235 4072 361 4124 ces;
387 4056 658 4126 justitiam
680 4063 734 4109 et
778 4055 1090 4127 aequitatem
1123 4053 1318 4108 extulit
1355 4060 1409 4107 et
1438 4051 1627 4119 coluit,
1660 4051 1835 4108 eccle-

232 4149 352 4205 sias
382 4149 652 4204 exstruxit
671 4156 726 4203 et
738 4147 1047 4213 honoravit,
1079 4146 1395 4203 sacerdotes
1424 4153 1476 4199 et
1508 4145 1716 4200 clerum
1745 4144 1848 4226 di-.

239 4240 539 4312 gnitatibns
562 4240 861 4311 ampliavit,
892 4248 1078 4311 parem
1105 4248 1159 4294 et
1196 4237 1610 4297 unanimitatcm
1651 4236 1832 4292 omni—

236 4333 345 4391 bus
366 4333 483 4389 suis
506 4334 738 4401 indixit;
778 4341 841 4387 ut
866 4333 933 4387 de
959 4348 1025 4388 eo
1048 4332 1178 4387 illud
1216 4330 1550 4385 Marenicum
1579 4330 1687 4386 dici
1708 4345 1835 4400 ρος·

239 4433 344 4493 set,
368 4426 476 4482 nisi
498 4435 650 4481 extra
684 4425 1013 4480 catholicam
1041 4425 1203 4479 fidem
1233 4424 1339 4480 hoc
1362 4422 1575 4479 fuisset.

315 4517 485 4572 Nocte
513 4517 651 4589 pluit
673 4526 806 4584 tota,
842 4516 1057 4570 redeunt
1085 4513 1389 4584 spectantia
1411 4530 1564 4567 mane
1590 4525 1612 4565 .'

322 4609 558 4665 Divismn
584 4610 866 4681 imperium
889 4625 1006 4661 cum
1033 4607 1162 4660 Jove
1188 4606 1371 4661 Carsar
1398 4605 1573 4660 habet.

228 4704 358 4760 :Dco
380 4704 636 4759 omnibus
656 4702 835 4758 modis
876 4700 1072 4770 placita
1102 4699 1332 4764 studuit,
1385 4698 1616 4768 ideoque
1669 4696 1829 4766 quid-

242 4796 376 4867 quid
401 4796 531 4851 boni
553 4795 818 4868 agendum
875 4808 999 4848 esse
1037 4792 1301 4847 didicerat
1341 4806 1452 4845 non
1494 4789 1834 4861 negligentiae

243 4889 341 4944 sed
369 4888 672 4958 operationi
699 4886 1091 4945 committebat.
1125 4883 1258 4952 Quae
1289 4883 1433 4938 enim
1459 4882 1689 4938 ecclesia
1734 4881 1834 4937 ad-

246 4982 356 5037 huc
377 4980 497 5051 ejus
526 4996 636 5037 non
661 4981 877 5035 laetatur
914 4963 1138 5033 benis?
1161 4975 1266 5030 Sed
1302 4982 1359 5031 ut
1388 4976 1578 5032 siieam
1630 4989 1752 5045 qua:
1780 4961 1835 5029 in

246 5088 350 5128 suo
373 5088 544 5143 regno
567 5071 762 5143 positis
794 5070 984 5141 egerit,
1009 5069 1175 5139 hujus
1212 5069 1451 5123 animam
1474 5067 1718 5137 quotidie
1743 5066 1839 5121 be-

246 5163 454 5220 nedicit
479 5161 654 5228 Italia,
676 5161 836 5216 bonis
867 5158 1073 5230 perfrui
1103 5150 1346 5227 deposcit
1362 5156 1562 5223 ’Gallia,
1585 5165 1639 5211 et
1664 5155 1840 5226 magis

249 5255 507 5309 omnibus
541 5254 684 5308 banc
739 5252 795 5310 in
846 5250 985 5305 cmle
1036 5264 1162 5303 cum
1219 5247 1440 5302 Christe
1465 5247 1699 5316 gaudere
1719 5252 1842 5300 erat

250 5343 527 5399 Flandria.
574 5341 685 5397 Has
728 5340 876 5396 enim
936 5337 1245 5409 provincias
1289 5336 1565 5390 transiens
1607 5334 1838 5389 Romam

248 5435 426 5506 petiit,
454 5442 529 5501 et,
553 5442 613 5487 ut
633 5431 819 5486 multis
856 5430 1044 5501 liquet,
1076 5436 1227 5484 tanta
1248 5428 1352 5481 hoc
1377 5427 1430 5480 in
1459 5426 1652 5481 itinere
1672 5425 1839 5481 mise-

250 5509 802 5594 ricordiammepera
837 5522 1103 5587 exhibuit,
1137 5529 1197 5575 ut
1233 5521 1278 5575 si
1308 5520 1432 5589 quis
1467 5520 1584 5574 lnec
1624 5518 1833 5574 descri-

250 5618 380 5676 bere
402 5619 585 5674 omnia
627 5616 881 5682 veluerit,
922 5615 1047 5670 licet
1085 5610 1507 5667 innumerabilia
1542 5626 1608 5666 ex
1642 5611 1726 5666 bis
1759 5610 1833 5665 fe-

235 5712 389 5768 'cerit
411 5711 712 5778 volumina,
755 5710 974 5765 tandem
1025 5706 1283 5763 deﬁciens
1336 5703 1596 5759 fatebitur
1635 5719 1694 5758 se
1747 5705 1836 5760 vix

230 5803 417 5863 etiam
444 5803 755 5860 cucurrisse
794 5817 890 5873 per
928 5801 1176 5855 minima.
1200 5796 1335 5852 Nam
1367 5797 1494 5866 quid
1523 5798 1753 5870 singulis
1784 5800 1837 5853 in

1855 1818 1900 1874 Β

1920 741 2127 799 vidisse
2147 741 2425 798 recordor.

1991 834 2279 908 Ingressus
2339 836 2674 891 monasteria
2729 844 2783 892 ct
2826 846 3114 908 susceptus
3153 856 3278 896 cum
3316 857 3514 915 magna

1921 927 2362 997 honoriﬁcentia,
2389 929 2670 985 humiliter
2709 931 2992 1001 incedebat
3011 942 3066 989 et
3116 936 3255 991 mira
3280 951 3405 993 tum
3429 954 3517 993 re-

1919 1020 2163 1075 verentia
2203 1020 2259 1075 in
2282 1029 2485 1076 terram
2537 1021 2749 1077 deﬁxus
2787 1023 2996 1079 lumina
3043 1034 3096 1082 et
3125 1027 3358 1083 ubertim
3384 1028 3516 1085 fun-

1921 1108 2463 1180 denslacrymarum,
2486 1120 2549 1166 ut
2594 1112 2668 1167 ita
2709 1112 2910 1181 dicam,
2930 1114 3307 1185 ﬁumina,teta
3337 1119 3517 1177 inten-

1922 1201 2072 1257 tione
2119 1211 2434 1257 sancterum
2477 1204 2699 1274 expetiit
2734 1206 3013 1279 suffragia.
3058 1209 3129 1265 At
3180 1212 3274 1268 ubi
3314 1213 3382 1268 ad
3409 1214 3518 1271 hoc

1921 1303 2242 1366 perventum
2288 1303 2373 1350 est
2414 1303 2474 1351 ut
2515 1297 2886 1354 oblationibus
2939 1300 3107 1371 regiis
3155 1318 3312 1359 sacra
3349 1307 3517 1362 vellet

1923 1387 2206 1443 cumulare
2228 1388 2455 1457 altaria;
2484 1389 2633 1444 ohe!
2676 1393 2894 1462 quoties
2925 1393 3165 1463 primum
3203 1398 3517 1467 pavimento

1919 1478 2229 1551 lacrymosa
2258 1480 2437 1535 inﬁxit
2469 1482 2690 1537 oscula!
2716 1485 2972 1554 quotiens
3023 1485 3157 1542 illud
3205 1500 3396 1559 pectus
3422 1478 3518 1548 ve-
3618 1554 3619 1557 η

1922 1573 2165 1629 nerabile
2213 1573 2431 1644 propria
2464 1576 2763 1645 puniebant
2806 1577 3074 1634 verbera!
3130 1582 3315 1651 qualia
3353 1584 3519 1641 dabat

1925 1664 2192 1735 suspiria!
2252 1664 2469 1735 quoties
2517 1665 2844 1736 precabatur
2888 1677 2949 1724 ut
2969 1669 3074 1725 sibi
3111 1687 3220 1727 non
3267 1669 3518 1747 indigna-

1926 1761 2326 1823 retur'superna
2380 1755 2696 1811 clementia!
2747 1755 2987 1814 Tandem
3034 1762 3207 1819 asuis
3233 1760 3282 1819 ei
3335 1765 3521 1823 immi-

1925 1844 2073 1897 nenti
2099 1842 2456 1917 [immerenti]
2483 1861 2583 1902 sua
2616 1848 3000 1920 porrigebatur
3020 1852 3225 1910 oblatio
3258 1872 3368 1912 non
3396 1874 3516 1915 me-

1924 1934 2150 2002 diocris,
2180 1934 2283 1993 nec
2326 1953 2450 2009 qum
2495 1939 2680 2011 alique
2732 1943 3079 2000 clauderetur
3124 1947 3179 2001 in
3209 1951 3517 2022 marsupio,

1926 2027 2020 2083 sed
2047 2028 2239 2100 ingens
2263 2030 2425 2086 allata
2445 2041 2529 2087 est
2548 2033 2762 2103 palleali
2785 2044 3006 2092 extento
3029 2038 3081 2093 in
3106 2042 3332 2110 gremio,
3349 2059 3517 2114 quam

1916 2117 2045 2188 ipse
2060 2134 2159 2173 rex
2187 2119 2303 2175 suis
2329 2122 2584 2181 manibus
2606 2124 2764 2179 altari
2792 2125 3078 2197 imposuit,
3125 2131 3350 2203 largitor
3379 2135 3518 2189 hila—

1926 2209 2004 2264 ris
2031 2212 2241 2266 menitu
2259 2213 2578 2283 apostolico.
2620 2214 2790 2271 Allari
2832 2227 3015 2274 autem
3050 2237 3151 2277 cur
3197 2223 3364 2280 dico?
3389 2243 3517 2283 cum

1923 2299 2132 2355 vidisse
2160 2315 2247 2356 me
2276 2303 2620 2359 meminerim
2669 2320 2795 2361 eum
2844 2321 3037 2365 omnes
3066 2314 3298 2384 angulos
3325 2331 3518 2373 mena-

1926 2389 2223 2446 steriorum‘
2279 2392 2565 2461 circuissc,
2608 2395 2930 2469 nullumque
2982 2400 3175 2471 altare,
3227 2404 3353 2461 licet
3400 2407 3518 2462 exi-

1926 2499 2117 2554 guum,
2149 2487 2498 2556 pragteriisse,
2530 2489 2618 2544 cui
2665 2504 2773 2544 non
2806 2507 3034 2549 munera
3067 2493 3223 2552 daret
3256 2506 3311 2552 et
3338 2497 3519 2556 dulcia

1925 2577 2115 2632 oscula
2171 2577 2441 2650 inﬁgeret.
2483 2579 2684 2637 Deinde
2729 2582 2931 2640 adsunt
2977 2601 3268 2657 pauperes,
3323 2606 3520 2654 mune-

1927 2678 2121 2725 rantur
2164 2672 2333 2727 etiam
2363 2672 2467 2744 ipsi
2496 2674 2748 2744 protinus
2794 2677 3111 2750 singulatim
3137 2697 3347 2742 omnes.
3392 2683 3520 2743 Haec

1927 2771 1981 2818 et
2008 2764 2113 2818 alia
2136 2764 2222 2819 his
2269 2765 2681 2822 miriﬁcentiora
2728 2784 2759 2823 a
2801 2769 3027 2828 domine
3072 2773 3323 2833 Cuutone
3368 2789 3520 2851 gesta

1909 2854 2036 2909 ’vidi
2061 2870 2163 2925 ego
2197 2864 2379 2911 vester
2423 2857 2673 2925 vernula,
2723 2869 2913 2917 sancte
2968 2862 3299 2934 Audomare,
3332 2877 3522 2926 sancte

1927 2943 2169 3013 Bertitie,
2197 2964 2321 3003 cum
2358 2948 2548 3004 ﬁerent
2575 2952 2770 3009 vestris
2791 2952 2847 3007 in
2873 2957 3163 3013 cmuobiis.
3188 2957 3297 3016 Pro
3321 2961 3524 3033 quibus

1929 3038 2089 3094 bouis
2113 3036 2325 3097 tantum
2354 3038 2541 3113 regem
2584 3043 2873 3117 impctrate
2904 3048 3088 3104 vivere
3127 3050 3183 3105 in
3209 3053 3525 3113 cailestibus

1928 3130 2277 3199 habitaculis,
2306 3136 2543 3190 utvestri
2570 3134 2761 3191 famuli
2787 3140 3039 3195 canonici
3061 3150 3115 3195 et
3149 3145 3527 3203 menachisint

1930 3231 2152 3279 orantes
2170 3224 2512 3282 orationibus
2530 3229 2885 3297 quotidianis.

2002 3314 2226 3371 Discant
2251 3316 2415 3386 igitur
2434 3333 2590 3390 reges
2611 3329 2664 3374 et
2694 3321 2970 3393 principes
2990 3325 3157 3397 hujus
3184 3325 3391 3385 domini
3408 3330 3528 3386 imi-

1932 3404 2038 3459 tari
2068 3406 2332 3473 actiones,
2367 3407 2484 3479 qui,
2508 3416 2570 3463 ut
2592 3410 2800 3465 valeret
2827 3415 3093 3470 scandere
3115 3418 3390 3487 sublimia,
3406 3436 3529 3478 sese

1931 3496 2240 3554 hmniliavit
2266 3498 2323 3553 in
2355 3500 2564 3567 inﬁma,
2601 3508 2657 3556 et
2690 3513 2749 3558 ut
2776 3514 2962 3573 posset
2997 3506 3227 3578 adipisci
3260 3511 3525 3581 coelestia,

1928 3588 2182 3645 hilariter
2234 3591 2464 3662 largitus
2516 3602 2600 3649 est
2630 3597 2931 3654 terrestria.
2977 3597 3097 3655 Non
3151 3602 3297 3658 enim
3350 3603 3530 3661 fuerat

1928 3682 2138 3739 oblitus
2166 3686 2402 3755 propria:
2427 3688 2783 3758 conditionis,
2808 3693 2955 3762 quod
2985 3694 3287 3754 moriturus
3317 3708 3435 3755 erat
3469 3701 3526 3755 in

1929 3774 2139 3829 mundo
2182 3783 2239 3830 et
2287 3777 2584 3833 relicturus
2642 3796 2875 3852 quaeque
2932 3796 3166 3854 possunt
3205 3791 3527 3862 cencupisci

1935 3864 1991 3920 in
2014 3866 2234 3922 stecule.
2275 3866 2342 3923 Et
2393 3870 2464 3925 ob
2501 3870 2601 3929 has
2630 3872 2850 3929 divitias
2874 3890 3014 3945 quas
3065 3893 3255 3935 secum
3284 3882 3531 3953 nequivit

1935 3956 2176 4012 moriens
2198 3957 2433 4027 auferre,
2448 3960 2638 4018 vivens
2651 3961 2761 4018 Deo
2783 3973 2837 4018 et
2863 3966 3069 4023 sanctis
3093 3968 3214 4038 ejus
3234 3971 3373 4026 locis
3400 3988 3529 4043 par-

1933 4048 2068 4104 titus
2096 4058 2182 4106 est
2206 4051 2536 4121 honoriﬁce;
2577 4069 2645 4109 ne
2685 4053 2825 4110 forte
2876 4057 2923 4113 si
2974 4061 3218 4116 avaritiae
3262 4064 3528 4133 studeret;

1934 4144 2192 4200 omnibus
2232 4145 2442 4202 invisus
2491 4147 2714 4216 vireret,
2769 4150 3063 4223 nullusque
3087 4163 3233 4211 esset
3287 4156 3382 4228 qui
3409 4158 3531 4229 ejus

1934 4236 2133 4293 animae
2159 4238 2365 4310 aliquid
2388 4240 2514 4296 boni
2536 4251 2740 4310 oraret,
2764 4251 2817 4298 et
2842 4244 2981 4301 alius
3006 4246 3057 4301 ci
3074 4248 3410 4317 succederet,
3434 4255 3531 4322 qui

1934 4329 1991 4384 in
2012 4330 2132 4402 ejus
2157 4348 2325 4404 regno
2346 4334 2552 4405 largius
2578 4335 2783 4391 viveret
2811 4345 2866 4393 et
2892 4338 2958 4393 de
2984 4339 3105 4411 ejus
3140 4343 3406 4412 parcitate
3445 4345 3534 4399 in-

1935 4423 2272 4494 dignaretur.
2295 4425 2499 4482 Verum
2531 4428 2637 4484 hoc
2676 4445 2745 4485 ne
2769 4431 2917 4486 ﬁeret
2954 4434 3088 4489 satis
3118 4437 3281 4503 cavit,
3331 4446 3385 4492 et
3417 4438 3535 4492 suis

1866 4527 1912 4582 Ι)
1936 4516 2170 4584 posteris
2214 4517 2417 4572 bonum
2458 4519 2767 4588 exemplum
2816 4522 3085 4592 largitatis
3114 4526 3391 4597 totiusque
3429 4526 3532 4583 be-

1939 4606 2125 4662 nitatis
2151 4608 2391 4679 reliquit,
2420 4610 2566 4680 quod
2591 4620 2645 4665 et
2665 4612 2765 4681 ipsi
2805 4615 3003 4682 adhuc,
3026 4614 3139 4671 Dee
3167 4619 3387 4689 gratias.
3418 4635 3539 4675 ser.

1938 4700 2312 4770 vantoptime,
2375 4703 2638 4771 pollentes
2684 4703 2739 4758 in
2791 4706 2942 4776 regni
2994 4707 3366 4765 moderamine
3392 4720 3446 4766 et
3477 4711 3535 4767 in

1887 4855 1891 4859 _
1937 4791 2200 4846 virtutum
2235 4786 2449 4847 decere.

2010 4878 2220 4935 Tantus
2244 4880 2530 4951 itaquerex
2557 4894 2843 4956 postquam
2872 4885 3043 4942 Roma
3083 4896 3167 4944 est
3198 4904 3451 4949 reversus
3482 4898 3538 4947 et

1937 4970 1993 5025 in
2025 4972 2248 5042 proprie
2278 4973 2670 5047 aliquantisper
2703 4978 3041 5048 demoratus,
3099 4983 3357 5040 omnibus
3398 4986 3536 5041 bene

1937 5062 2223 5133 dispositis
2253 5066 2470 5121 transiit
2490 5067 2558 5123 ad
2589 5069 2901 5139 Dominum,
2926 5075 3275 5131 coronandus
3298 5076 3352 5130 in
3381 5085 3536 5147 parte

1916 5154 2159 5210 'dextera
2176 5156 2245 5210 ab
2258 5156 2377 5227 ipso
2391 5157 3131 5220 Dominoauctoreomnium.
3150 5164 3536 5233 Turbabantur

1940 5244 2126 5316 itaque
2160 5247 2279 5318 ejus
2315 5249 2466 5306 obitu
2499 5267 2691 5310 omnes
2713 5254 2809 5325 qui
2837 5257 3143 5325 audierant,
3187 5260 3535 5331 maximeque

1936 5337 2057 5408 ejus
2068 5339 2845 5414 soliodeservierant,quorum
2860 5350 3094 5404 maxima
3108 5364 3236 5421 pars
3247 5355 3533 5422 cuperetci

1914 5432 2224 5497 commori,
2254 5433 2300 5487 si
2315 5433 2584 5507 hec[nen.
2604 5436 2700 5492 En.
2714 5437 3333 5513 P.1displiceretdivinae
3343 5444 3532 5515 dispe-

1944 5520 2149 5575 sitioni.
2174 5521 2418 5593 Lugebat
2447 5525 2668 5581 domina
2689 5527 2883 5584 Emma
2907 5531 3026 5600 ejus
3060 5532 3244 5603 regina
3270 5550 3395 5591 cum
3434 5551 3534 5606 pa-

1936 5613 2207 5679 rentibus,
2224 5615 2507 5671 ululabant
2528 5634 2795 5689 pauperes
2823 5638 2945 5678 cum
2968 5628 3307 5695 petentibus;
3332 5628 3532 5685 ﬁebant

1938 5706 2181 5776 episcopi
2210 5714 2263 5760 ct
2286 5707 2469 5764 clerici
2495 5726 2619 5765 cum
2667 5715 2954 5771 monachis
3002 5726 3055 5772 et
3096 5718 3532 5775 sanctimoniali~

1943 5799 2064 5855 bus.
2113 5798 2216 5854 Sed
2241 5809 2506 5871 quantum
2529 5802 2816 5875 lugebatur
2841 5807 2894 5863 in
2925 5810 3152 5879 mundo,
3186 5819 3397 5868 tantum
3439 5811 3536 5869 la:-
