4066 5330
577 226 709 287 1591

1737 229 1957 287 ΕΜΜΕ
1991 230 2275 290 REGINE
2311 233 2692 294 KNGLORUM

3701 243 3830 304 139i

574 352 720 398 tctnr
742 340 796 395 in
827 336 950 396 caeli
978 336 1200 413 palatio.
1238 337 1333 395 lsti
1352 336 1555 396 ﬁebant
1578 338 1683 396 hoe
1712 342 1860 412 quod
1908 342 2158 414 perdide-
2182 349 2232 406 Δ
2252 346 2501 417 quotidie
2522 347 2800 405 exorabat.
2820 348 3007 406 Atille
3032 350 3193 422 clam,
3221 351 3347 423 quia
3383 352 3633 411 nondum
3656 357 3832 425 palam

554 441 718 501 .rant,
740 433 815 487 illi
833 430 1175 504 gratulentur
1188 431 1257 487 de
1282 431 1402 502 ejus
1429 431 1611 487 anima
1637 440 1801 502 quam
1833 434 2156 505 suscipiant.

571 527 668 585 lsti
705 527 1036 600 sepelierunt
1063 528 1562 607 corpusexanime,
1593 528 1671 584 illi
1694 528 1946 599 spiritum
1984 530 2157 586 dedu-

572 628 704 675 cant
748 620 807 675 in
850 619 1084 676 sublime
1127 620 1420 674 laetandum
1463 620 1520 674 in
1571 629 1774 676 aeterna
1808 622 2014 693 requie.
2050 621 2159 678 Pro

570 714 692 782 ejus
717 710 952 767 transitu
979 709 1079 766 soli
1108 709 1309 766 ﬁebant
1333 709 1553 776 terreni,
1580 710 1676 766 sed
1706 726 1805 781 pro
1817 712 1938 783 ejus
1960 712 2158 783 spiritu

570 802 1073 858 interveniantcum
1095 801 1323 857 terrenis
1351 801 1513 856 etiam
1542 800 1688 857 cives
1711 803 1908 859 cmlici.
1940 801 2011 859 Ut
2037 804 2158 874 ejus

552 893 745 966 .gloria
780 901 994 949 crescat
1038 891 1302 963 quotidie,
1359 907 1582 947 oremus
1635 892 1806 948 Deum
1835 894 2063 950 intente.
2091 893 2159 949 Et

430 972 447 989 ’
548 985 701 1057 .quia
728 986 836 1041 hoc
864 984 1165 1056 promeruit
1218 998 1318 1040 sua
1348 983 1611 1052 bonitate,
1660 985 1907 1056 quotidie
1950 986 2155 1043 clame-

552 1090 784 1151 3memns
808 1094 821 1132 :
855 1076 1050 1131 Anima
1069 1074 1336 1131 Cnutonis
1362 1075 1673 1146 requiescat
1700 1077 1756 1131 in
1785 1092 1939 1147 pace,
1970 1082 2151 1135 amen.

556 1201 563 1209 ο
637 1167 852 1224 Mortuo
886 1166 1137 1224 Cnutone
1181 1182 1331 1239 rege,
1381 1166 1791 1239 honoriﬁceque
1838 1169 2054 1239 sepulto
2097 1169 2154 1225 in

566 1259 905 1318 monasterio
933 1260 989 1316 in
1018 1260 1228 1316 honore
1273 1260 1449 1315 sancti
1478 1259 1627 1317 Petri
1669 1268 2008 1329 constructo,
2052 1261 2155 1317 do-

546 1354 719 1414 .mina
747 1352 939 1425 regina
976 1351 1170 1407 Emma
1192 1352 1308 1408 sola
1349 1352 1613 1408 remansit
1647 1351 1701 1407 in
1745 1367 1936 1425 regno,
1959 1352 2155 1411 dolens

566 1444 635 1500 de
669 1443 880 1500 domini
911 1444 999 1498 sui
1030 1451 1205 1499 morte
1231 1459 1439 1510 amara,
1470 1454 1525 1500 et
1547 1444 1779 1501 sollicita
1799 1461 1899 1516 pro
1915 1446 2152 1503 ﬁliorum

546 1535 831 1601 absentia.
855 1534 1104 1606 Namque
1139 1551 1282 1591 unus
1314 1535 1891 1603 eorum,ﬂardecnuto
1919 1537 2150 1605 scilicet,

2259 439 2535 507 audebat,
2588 442 2792 511 regina:
2837 441 3065 499 insidias
3114 445 3480 512 moliebatur,
3511 447 3609 502 sed
3656 457 3719 503 ut
3757 449 3835 506 illi

2257 539 2481 587 noceret
2504 547 2534 588 ι
2557 533 2776 588 nemine
2792 535 3230 604 permittebatur.
3265 535 3421 594 Unde
3441 538 3534 594 ille
3559 555 3691 595 cum
3721 541 3837 598 suis

2247 621 2450 693 iniquo
2477 624 2783 695 excogitato
2823 627 3076 695 consilio,
3107 638 3266 685 natos
3307 630 3546 687 dominae
3589 648 3708 687 suae
3737 649 3834 688 vo-

2254 713 2404 770 lebat
2423 715 2750 783 interﬁcere,
2787 725 2849 772 ut
2880 718 2962 773 sic
2984 734 3214 776 securus
3232 720 3491 791 deinceps
3518 722 3575 777 in
3596 727 3835 793 peccatis

2254 821 2445 862 vivens
2471 814 2657 877 posset
2686 822 2934 879 regnare.
2959 806 3350 867 Verumtamen
3388 812 3602 867 nullum
3634 814 3692 868 in
3734 815 3836 871 hoc

2252 897 2588 954 omnimodis
2620 898 2871 957 cﬂ‘ectum
2891 900 3181 970 acciperet,
3206 903 3334 971 nisi,
3358 902 3835 960 fraudulentaman

2251 987 2380 1045 dolo
2419 990 2662 1060 adjutus,
2709 990 2816 1049 hoc
2881 991 3027 1062 quod
3076 994 3425 1051 narrabimus
3472 996 3834 1051 adinveniret.

2250 1074 2502 1148 Namque
2541 1079 2668 1135 dolo
2715 1089 2950 1150 reperto,
2992 1081 3124 1149 fecit
3176 1083 3463 1154 epistolam
3512 1085 3572 1139 in
3602 1098 3836 1156 persona

2252 1168 2458 1239 reginae
2497 1170 2568 1226 ad
2596 1170 2735 1227 ﬁlios
2766 1171 3033 1242 ejusdem,
3078 1174 3173 1245 qui
3198 1174 3256 1229 in
3285 1173 3692 1233 Northmannia
3721 1194 3837 1232 mo-

2252 1259 2538 1329 rabantur,
2586 1276 2948 1333 componere,
2986 1264 3144 1335 cujus
3182 1266 3347 1322 etiam
3401 1268 3686 1339 exemplar
3728 1285 3838 1324 non

2253 1351 2402 1422 piget
2426 1352 2587 1409 nobis
2614 1353 2955 1413 subnectere.

2242 1488 2247 1493 .
2324 1441 2519 1499 Emma
2566 1453 2774 1501 tantum
2807 1447 3016 1502 nomine
3060 1449 3241 1519 regina
3294 1448 3425 1520 ﬁliis
3473 1449 3746 1505 Edwardo
3786 1454 3837 1505 et

2250 1534 2468 1607 Alfrido
2503 1545 2745 1592 materna
2771 1538 3007 1610 impertit
3050 1539 3373 1595 salutamina
3393 1580 3410 1596 .
3441 1542 3588 1597 Dum
3632 1544 3838 1598 domini

544 1647 726 1703 .quem
747 1637 903 1703 pater
941 1647 1124 1704 regem
1149 1631 1430 1688 Danorum
1470 1631 1776 1698 constituit,
1812 1645 1915 1687 suo
1964 1645 2152 1687 mora-
2184 1696 2223 1706 _
2251 1629 2422 1684 nostri
2454 1631 2590 1701 regis
2612 1630 2813 1687 obitum
2838 1634 3123 1703 separatim
3150 1633 3470 1706 plangimus,
3499 1636 3607 1704 ﬁlii
3630 1635 3839 1691 charis-

563 1696 725 1782 batur
748 1696 810 1780 in
839 1696 1030 1796 regno:
1050 1725 1161 1781 duo
1184 1738 1312 1781 vero
1341 1724 1435 1780 alii
1477 1724 1535 1780 in
1568 1696 1982 1780 Northmanniae
2027 1721 2153 1778 ﬁni—
2184 1696 2228 1753 Β
2253 1720 2397 1788 simi,
2428 1696 2653 1793 dumque
2681 1724 2874 1778 diatim
2892 1696 3072 1796 magis
3108 1696 3378 1797 magisijue
3606 1728 3840 1783 Incredi-

548 1818 669 1893 _bus
726 1816 796 1874 ad
838 1816 1196 1873 nutriendum
1234 1815 1454 1883 traditi,
1506 1830 1635 1873 cum
1689 1814 1998 1887 propinquo
2048 1828 2153 1871 suo

561 1909 833 1981 degebant
882 1907 1142 1965 Roberto.
1220 1907 1378 1965 Unde
1423 1907 1627 1963 factum
1670 1915 1755 1964 est
1808 1914 1871 1964 ut
1927 1906 2152 1978 quidam

564 2001 894 2073 Anglorum,
929 2000 1188 2072 pietatem
1234 2000 1380 2073 regis
1426 2000 1514 2058 sui
1547 2000 1662 2071 jam
1685 1997 1928 2056 defuncti
1973 1999 2150 2069 obliti,

562 2094 791 2150 mallent
836 2109 1071 2166 regnum
1118 2109 1281 2151 suum
1337 2093 1668 2150 dedecorare
1711 2106 1875 2164 quam
1916 2106 2149 2161 ornare,

548 2186 936 2259 relinquentes
960 2170 1172 2244 nobiles
1189 2187 1331 2243 ﬁlios
1353 2185 1591 2258 insignis
1612 2185 1816 2257 reginae
1836 2183 2067 2253 Emme),
2097 2192 2153 2241 et

564 2279 830 2350 eligentes
866 2279 969 2335 sibi
1019 2279 1076 2335 in
1127 2295 1309 2352 regem
1342 2279 1632 2350 quemdam
1682 2276 2017 2344 llaraldum,
2057 2276 2151 2348 qui

565 2384 690 2426 esse
740 2370 915 2427 lilium
961 2369 1100 2426 falsa
1152 2369 1516 2426 aestimatione
1555 2369 1823 2425 asseritur
1861 2367 2151 2439 cujusdam

544 2460 813 2537 ejusdem
863 2462 1008 2534 regis
1067 2462 1339 2518 Cnutonis
1399 2458 1738 2517 concubinae.
1780 2458 2151 2515 Plurimorum

564 2554 973 2621 veroassertio
1028 2553 1281 2610 eumdem
1313 2551 1611 2609 Haraldum
1658 2551 1906 2623 perbibet
1956 2549 2150 2607 furtim

567 2643 740 2699 fuisse
784 2644 1103 2714 subreptum
1159 2642 1485 2714 parturienti
1534 2641 1778 2709 ancillae,
1835 2640 2151 2711 impositum

540 2794 544 2799 ,
568 2743 751 2790 autem
787 2750 1018 2791 cameris
1041 2735 1351 2805 languentis
1371 2734 1705 2793 concubinae.
1729 2733 1893 2801 Quod
1902 2733 2153 2791 veracius

542 2824 720 2881 .credi
760 2830 957 2895 potest.
1008 2822 1114 2891 Qui
1144 2824 1384 2891 electus,
1416 2833 1774 2894 metuensque
1821 2823 2024 2891 futuri,
2057 2824 2154 2880 ad-

566 2927 730 2975 vocat
782 2934 910 2974 mox
940 2917 1411 2988 archiepiscopum
1442 2915 1747 2986 IElnotum,
1790 2917 1967 2973 virum
2000 2917 2151 2973 omni

565 3011 769 3067 virtute
796 3017 852 3065 et
879 3008 1146 3080 sapientia
1172 3009 1481 3079 praeditum,
1517 3008 1859 3080 imperatque
1878 3016 1933 3064 et
1954 3019 2075 3065 orat
2096 3024 2153 3065 se

568 3102 819 3159 benedici
842 3103 898 3158 in
927 3117 1130 3174 regem,
1154 3102 1368 3173 sibique
1406 3101 1549 3158 tradi
1573 3117 1700 3159 cum
1734 3117 1940 3158 corona
1971 3102 2152 3175 regale

562 3213 683 3267 sua:
730 3196 995 3253 custodite
1027 3195 1382 3251 commissum
1415 3203 1692 3266 sceptrum
1741 3204 1793 3252 et
1827 3212 1885 3254 se
1913 3196 2039 3253 duci
2083 3198 2152 3253 ab

566 3289 779 3356 eodem,
806 3288 936 3360 quia
965 3287 1034 3343 ab
1053 3287 1164 3343 alio
1189 3302 1302 3343 non
1325 3284 1410 3343 fas
1432 3285 1628 3355 fuerat,
1657 3287 1711 3342 in
1741 3289 1974 3344 sublime
1997 3288 2150 3359 regni

496 3398 501 3403 '
568 3383 791 3440 solium.
844 3381 1091 3452 Abnegat
1138 3379 1614 3450 archiepiscopus,
1647 3380 1752 3436 sub
1794 3378 2152 3450 jurejurando

569 3489 823 3532 asserens
868 3488 927 3528 se
954 3472 1227 3528 neminem
1258 3472 1426 3526 alium
1455 3472 1511 3527 in
1547 3486 1730 3543 regem
1765 3470 1913 3542 (ﬁliis
1945 3469 2152 3527 Emme:

560 3566 765 3638 reginae
792 3563 1121 3633 viventibus)
1132 3564 1355 3619 laudare
1375 3563 1458 3619 vel
1472 3563 1812 3619 benedicere.
1834 3582 1854 3615 ς
1892 3560 2005 3619 llos
2017 3577 2150 3618 meae

565 3658 689 3714 fidei
717 3655 898 3713 Cnuto
924 3654 1227 3723 commisit;
1261 3655 1349 3710 bis
1380 3653 1540 3710 ﬁdem
1561 3655 1755 3723 debeo,
1784 3663 1839 3709 et
1864 3654 1953 3710 his
1974 3654 2149 3710 ﬁdeli-

559 3759 731 3807 tatem
766 3749 1016 3807 servabo.
1059 3747 1348 3819 Sceptrum
1385 3755 1440 3803 et
1479 3760 1743 3804 coronam
1782 3762 1942 3803 sacro
1989 3748 2149 3803 altari
2179 3741 2183 3745 “

568 3844 819 3915 impono,
843 3850 899 3897 et
931 3842 1037 3897 hoc
1065 3840 1160 3896 tibi
1182 3855 1284 3896 nec
1312 3840 1542 3910 denego,
1564 3853 1667 3895 nec
1699 3839 1890 3907 trado;
1916 3840 2011 3896 sed
2035 3840 2151 3910 epi-

561 3936 747 4007 scopis
797 3934 1075 4000 omnibus,
1136 3947 1207 3989 ne
1262 3932 1388 4004 quis
1420 3947 1613 3988 eorum
1657 3947 1722 3988 ea
1779 3932 1937 3990 tollat
1984 3932 2149 3989 tibive

564 4025 764 4090 tradat,
795 4032 915 4080 tere
948 4024 1256 4091 benedicat,
1298 4024 1594 4095 apostolica
1630 4026 1957 4081 auctoritate
1978 4026 2149 4083 inter-

560 4114 704 4170 dico.
738 4111 821 4168 Tu
854 4128 1004 4179 vero,
1043 4112 1090 4168 si
1140 4113 1449 4183 praesumis,
1494 4114 1643 4184 quod
1692 4113 1804 4170 Deo
1837 4130 2148 4186 mensaeque

564 4205 685 4275 ejus
736 4203 989 4260 commisi
1039 4203 1302 4259 invadito.
1353 4224 1371 4256 ι
1409 4204 1552 4271 Quid
1602 4204 1769 4261 miser
1802 4215 2004 4277 ageret,
2035 4220 2148 4277 quo

561 4309 622 4350 se
656 4302 911 4359 verteret,
954 4292 1259 4367 ignorabat.
1291 4291 1608 4350 lntendebat
1653 4294 1859 4362 minas,
1913 4304 1968 4349 et
2011 4296 2147 4352 nihil

2254 1813 2382 1868 tatis
2402 1823 2587 1869 uestra:
2629 1815 2934 1886 privamini,
2964 1817 3130 1871 miror
3159 1818 3286 1888 quid
3327 1820 3549 1889 captatis
3592 1820 3835 1885 consilii,

2252 1901 2379 1958 dum
2403 1904 2590 1959 sciatis
2625 1907 3032 1963 intermissionis
3055 1916 3239 1966 vestra:
3266 1908 3557 1980 dilatione,
3574 1913 3838 1967 incusaris

2252 1996 2411 2050 vestri
2451 1996 2661 2067 imperii
2705 1998 2824 2068 ﬁeri
2872 2000 3064 2055 cotidie
3095 2001 3443 2058 soliditatem.
3473 2003 3532 2057 Is
3576 2006 3718 2059 enim
3752 2007 3839 2059 in.

2253 2099 2516 2144 cessanter
2544 2090 2682 2145 vicos
2704 2099 2755 2146 et
2781 2092 2931 2149 urbes
2961 2094 3178 2162 circuit,
3201 2104 3253 2150 et
3293 2096 3393 2151 sibi
3437 2098 3639 2152 amicos
3680 2100 3836 2169 prin~

2251 2181 2392 2251 cipes
2426 2184 2749 2251 muneribus,
2778 2186 2936 2240 minis
2971 2195 3021 2241 et
3050 2187 3288 2257 precibus
3330 2189 3486 2260 facit.
3520 2188 3626 2245 Sed
3669 2209 3837 2247 unum

2248 2289 2279 2329 ε
2313 2274 2456 2329 vobis
2477 2291 2634 2347 super
2660 2293 2715 2332 se
2738 2277 2952 2333 mallent
2980 2295 3195 2350 regnare
3222 2298 3382 2352 quam
3418 2283 3578 2337 istius
3602 2285 3695 2353 qui
3730 2302 3836 2340 non

2252 2368 2328 2421 eis
2372 2368 2627 2438 imperat,
2678 2370 2842 2424 teneri
2892 2371 3113 2426 ditione.
3164 2371 3343 2440 Unde,
3377 2390 3525 2445 rogo,
3572 2393 3709 2431 uitus
3752 2394 3837 2431 se-

2252 2463 2422 2515 slrum
2443 2460 2514 2515 ad
2539 2478 2620 2516 me
2640 2461 2888 2517 velociter
2913 2473 2961 2518 et
2997 2465 3200 2535 private
3227 2465 3421 2532 veniat,
3463 2477 3521 2520 ut
3552 2468 3770 2522 salubre
3804 2486 3836 2524 ι

2253 2568 2334 2608 me
2363 2553 2646 2611 consilium
2671 2555 2920 2627 accipiat,
2960 2564 3011 2610 et
3040 2558 3179 2612 sciat
3210 2574 3312 2630 quo
3344 2568 3502 2629 pacto
3534 2559 3634 2613 hoc
3678 2577 3839 2631 nego-

2254 2645 2389 2700 tium
2416 2644 2556 2717 quod
2584 2644 2701 2701 volo
2743 2647 2862 2717 fieri
2890 2647 3096 2703 debeat.
3135 2646 3243 2707 Per
3281 2659 3591 2719 prmsentem
3630 2667 3837 2721 quoque

2252 2735 2638 2790 internuntium
2658 2737 2786 2808 quid
2807 2754 2965 2808 super
2990 2737 3072 2792 his
3103 2738 3299 2808 facturi
3340 2740 3468 2793 estis
3498 2740 3832 2794 remandate.

2264 2823 2462 2893 Valete,
2490 2826 2666 2880 cordis
2690 2826 2793 2880 mei
2822 2826 3042 2882 viscera.

2323 2915 2436 2971 Hac
2456 2914 2649 2972 fraude
2669 2916 2831 2987 jussu
2868 2915 3090 2973 liaraldi
3116 2917 3333 2990 tyranni
3375 2920 3706 2990 composita,
3741 2936 3835 2976 re-

2180 3040 2221 3098 Ο
2253 3007 2361 3079 giis
2383 3007 2805 3081 adolescentulis
2828 3017 2913 3065 est
2937 3010 3142 3067 directa
3165 3026 3265 3082 per
3291 3011 3528 3082 pellaces
3552 3027 3833 3078 cursores,

2251 3100 2443 3170 eisque
2473 3115 2541 3155 ex
2575 3110 2729 3170 parte
2752 3102 2945 3156 matris
2974 3101 3177 3172 ignarae
3202 3102 3384 3162 oblata
3430 3112 3484 3161 et
3532 3104 3837 3162 honoriﬁce

2251 3193 2321 3250 ab
2343 3195 2447 3260 eis,
2478 3202 2538 3248 ut
2566 3210 2768 3249 munus
2800 3194 3082 3266 genitricis
3120 3208 3393 3268 suscepta.
3422 3197 3639 3270 Legunt
3678 3198 3835 3268 dolos

2250 3286 2373 3357 ejus
2395 3286 2597 3355 nescii,
2626 3297 2701 3355 et,
2732 3288 2868 3358 proh
2901 3288 3091 3344 dolor!
3125 3290 3292 3345 nimis
3331 3289 3561 3347 falsitati
3602 3293 3833 3361 creduli,

2232 3380 2563 3437 inconsulte
2625 3381 2951 3437 remandant
3003 3382 3251 3453 genitrici
3300 3398 3479 3437 unum
3515 3398 3709 3439 eorum
3760 3385 3831 3443 ad

2250 3487 2373 3526 eam
2429 3487 2553 3535 esse
2603 3480 2916 3539 venturum,
2967 3472 3415 3542 constituuntque
3465 3473 3517 3527 ei
3576 3473 3726 3530 diem
3778 3483 3834 3531 et

2252 3570 2468 3633 tempus
2516 3572 2571 3619 et
2621 3564 2826 3619 locum.
2878 3562 3135 3635 Regressi
3178 3563 3365 3634 itaque
3400 3564 3651 3635 legatarii
3701 3566 3831 3620 inti-

2251 3663 2406 3710 mant
2437 3654 2537 3710 Dei
2586 3654 2825 3711 inimicis
2858 3670 2982 3724 quae
3011 3655 3115 3712 sibi
3160 3668 3424 3726 responsa
3473 3655 3688 3710 reddita
3724 3658 3833 3712 sint

2250 3762 2279 3801 a
2315 3747 2609 3818 juvenibus
2652 3747 3033 3805 nobilissimis.
3078 3745 3219 3802 Hinc
3252 3747 3327 3800 illi
3371 3748 3835 3817 praestolabantur

2249 3839 2370 3908 ejus
2399 3839 2715 3906 adventum,
2755 3848 2809 3894 et
2833 3840 2965 3909 quid
2999 3839 3066 3895 de
3096 3855 3165 3895 eo
3196 3838 3438 3895 facerent
3457 3838 3527 3893 ad
3551 3854 3718 3895 suum
3750 3840 3833 3895 in—

2249 3937 2519 3984 venerunt
2543 3928 2953 3987 detrimentum.
2983 3926 3199 3984 Statuto
3235 3927 3404 3998 igitur
3423 3928 3543 3995 die,
3585 3927 3829 3983 Alfridus

2250 4020 2431 4076 minor
2452 4030 2605 4088 natu,
2630 4022 2887 4078 laudante
2907 4020 3096 4088 fratre,
3108 4019 3269 4091 elegit
3280 4020 3382 4075 sibi
3395 4021 3827 4088 commilitones,

2247 4120 2322 4179 et,
2348 4113 2619 4183 arripiens
2642 4115 2766 4182 iter,
2792 4112 3065 4169 Flandrite
3095 4112 3246 4168 venit
3266 4111 3323 4167 in
3352 4111 3509 4168 ﬁnes.
3537 4110 3665 4179 Quo
3691 4127 3830 4183 pan—

2246 4204 2420 4260 lulum
2453 4220 2578 4260 cum
2605 4205 2921 4261 marchione
2960 4203 3228 4260 Balduino
3262 4212 3530 4269 moratus,
3556 4213 3614 4258 et
3653 4204 3724 4258 ab
3762 4217 3830 4258 eo

2246 4306 2471 4369 rogatus
2492 4306 2553 4352 ut
2580 4296 2819 4368 aliquam
2852 4306 3064 4368 partem
3103 4312 3221 4352 suae
3246 4295 3454 4351 militiae
3495 4311 3685 4351 secum
3728 4294 3830 4349 «ιιι.

556 4384 810 4458 profecit.
842 4385 1194 4459 Expendebat
1214 4400 1463 4453 munera,
1491 4394 1548 4441 et
1562 4386 1641 4440 nil
1659 4386 1905 4443 lucratus
1926 4386 2100 4443 doluit
2127 4406 2142 4455 ;
2178 4381 2224 4436 D
2248 4397 2395 4443 ceret
2419 4398 2638 4460 pr0pter
2667 4389 2899 4445 insidias
2932 4388 3193 4444 hostium.
3230 4385 3339 4444 Sed
3382 4395 3598 4442 tantum
3649 4384 3828 4441 Bono~

534 4480 821 4550 quoniam
860 4480 948 4535 vir
969 4479 1314 4552 apostolicus
1356 4493 1457 4534 nec
1495 4479 1712 4535 valebat
1758 4479 1925 4536 minis
1957 4480 2141 4551 dejici,

560 4585 663 4626 nec
691 4572 1008 4627 muneribus
1027 4571 1191 4628 ﬂecti.
1225 4570 1467 4627 Tandem
1490 4571 1811 4642 desperatus
1851 4572 2140 4641 abscessit,

561 4670 615 4717 et
634 4661 994 4732 episcopalem
1024 4663 1456 4719 benedictionem
1484 4663 1621 4718 adeo
1675 4662 1897 4734 sprevit,
1943 4672 2003 4720 ut
2031 4681 2141 4720 non

561 4752 742 4808 solum
784 4752 961 4824 ipsam
1006 4754 1184 4809 odiret
1235 4754 1701 4821 benedictionem,
1744 4770 1934 4810 verum
1975 4756 2140 4811 etiam

560 4841 876 4896 universam
907 4840 1120 4912 lugeret
1139 4840 1569 4897 Christianitatis
1602 4842 1940 4914 religionem.
1971 4842 2140 4901 Nam-

561 4947 673 5002 que
700 4932 832 4987 dum
886 4933 979 4987 alii
1025 4933 1316 4988 ecclesiam
1362 4933 1663 4989 christiano
1710 4949 1862 4990 more
1912 4936 2141 4992 missam

563 5023 754 5078 audire
781 5024 1174 5090 subintrarent,
1200 5024 1315 5093 ipse
1337 5032 1435 5079 aut
1471 5025 1648 5080 saltus
1675 5026 1907 5082 canibus
1933 5027 2003 5082 ad
2043 5042 2139 5084 ve-

564 5110 806 5167 nandum
838 5112 1029 5181 cinxit,
1055 5123 1151 5168 aut
1171 5115 1505 5184 quibuslibet
1527 5114 1652 5170 aliis
1678 5115 1958 5172 vilissimis
1980 5118 2144 5173 rebus

2247 4479 2522 4535 niensium
2565 4495 2770 4550 paucos
2820 4480 3140 4550 assumpsit,
3188 4485 3244 4533 et
3274 4478 3522 4534 ascensis
3557 4476 3829 4548 puppibus

2210 4590 2217 4599 ε
2247 4586 2399 4629 more
2437 4562 2831 4633 tranSfretavit.
2872 4571 2943 4626 At
2980 4571 3072 4626 ubi
3113 4570 3280 4625 littori
3313 4568 3462 4625 venit
3504 4568 3824 4639 contiguus,

2246 4679 2378 4719 mox
2418 4664 2488 4719 ab
2525 4663 2858 4719 adversariis
2907 4670 2994 4719 est
3040 4661 3277 4733 agnitus.
3324 4658 3431 4727 Qui
3475 4668 3829 4715 occurrentes

2251 4756 2505 4812 volebant
2544 4771 2670 4811 eum
2718 4756 2970 4827 aggredi,
3014 4755 3109 4811 sed
3158 4753 3342 4809 statim
3394 4752 3485 4807 ille
3523 4767 3827 4824 agnoscens

2245 4848 2416 4918 jussit
2435 4864 2603 4905 naves
2624 4865 2655 4904 a
2684 4848 2869 4905 littore
2909 4848 3003 4903 illo
3028 4847 3236 4917 repelli.
3261 4845 3382 4900 Alia
3417 4855 3603 4901 autem
3636 4861 3824 4901 ascen-

2248 4940 2387 4995 dens
2411 4939 2470 4995 in
2504 4940 2760 5005 statione,
2792 4947 3021 4994 matrem
3048 4939 3276 5007 parabat
3319 4937 3495 5001 adire,
3546 4940 3823 4992 aestimans

2250 5046 2310 5087 se
2338 5045 2559 5087 omnem
2589 5030 2916 5086 insidiarum
2947 5039 3156 5099 pestem
3189 5030 3457 5084 evasisse.
3497 5028 3702 5084 Verum
3735 5029 3820 5082 ubi

2245 5123 2363 5193 jam
2397 5131 2516 5178 erat
2531 5121 2835 5192 proximus,
2869 5121 2944 5175 illi
2993 5136 3179 5177 comes
3211 5119 3494 5176 Godvinus
3527 5129 3614 5175 est
3638 5119 3824 5173 obvius
