4038 6386
216 305 374 377 1396

1448 376 1451 377 ί
1501 305 1882 369 sucorum.
1919 336 1993 351 --
2025 260 2175 363 ωβῖ
2194 302 2266 365 ιι..

3352 295 3512 353 1594

226 437 401 488 stere.
448 428 517 488 Et
565 407 798 504 largitus
855 437 944 487 est
984 420 1070 492 eis
1117 428 1463 493 abundanter
1509 428 1719 490 cibaria
1767 433 1823 486 et
1847 429 1899 490 Α
1923 422 2057 481 Mihi
2086 422 2192 495 ipsi
2214 417 2477 484 scribenti
2504 417 2689 477 tremit
2707 415 2973 483 calamus,
3002 414 3131 470 dum
3161 413 3359 469 horreo
3386 427 3509 483 quae

214 523 431 592 pocula
457 531 519 580 et
538 523 656 596 ipse
677 524 746 581 ad
767 540 869 582 sua
916 524 1150 581 recessit
1178 523 1439 595 hospitia,
1464 537 1630 579 mane
1667 521 1815 579 redi-

222 627 413 686 turus,
436 628 499 675 ut
519 619 747 676 domino
776 635 881 675 suo
927 620 1157 676 serviret
1186 634 1315 677 cum
1358 618 1543 674 debita
1589 617 1815 673 honori-

214 710 469 781 licentia.
488 711 596 769 Sed
608 722 903 784 postquam
927 712 1395 770 manducaverant
1408 712 1745 778 etbiberant,
1759 719 1815 767 et

220 803 422 873 lectos,
446 813 634 877 utpote
655 806 812 875 fessi,
838 808 1070 863 libenter
1091 806 1486 871 ascenderant;
1517 819 1644 861 ecce
1662 819 1813 860 com-

215 897 403 968 .plices
425 897 649 955 Haraldi
681 900 1054 956 infandissimi
1113 899 1332 972 tyranni
1367 898 1568 954 adsunt
1596 906 1652 953 et
1692 897 1813 953 sin-

194 1034 199 1038 .
214 990 355 1060 gula
386 991 622 1060 hospitia
655 991 942 1059 invadunt,
969 1007 1123 1048 arma
1168 993 1520 1048 innocentum
1543 992 1812 1047 virorum

148 1114 153 1119 ι
214 1080 417 1137 ιίύινιίνὶ
443 1084 664 1151 tollunt,
694 1093 751 1140 et
771 1101 866 1141 eos
887 1085 1122 1142 manicis
1163 1084 1353 1142 ferreis
1377 1092 1434 1140 et
1457 1085 1813 1155 compedibus

218 1185 462 1244 aretant,
493 1187 546 1233 et
570 1186 632 1233 ut
651 1179 1035 1235 crucienturin
1064 1181 1368 1235 crastinum
1386 1186 1627 1236 servant.
1654 1177 1813 1233 Mane

216 1277 412 1327 autem
443 1270 590 1327 facto
617 1271 965 1328 adducuntur
1009 1273 1260 1330 insontes
1288 1274 1340 1328 in
1391 1272 1575 1328 medio
1601 1280 1659 1328 et
1698 1286 1810 1326 non

212 1363 397 1419 auditi
419 1364 752 1421 damnantur
780 1368 1070 1423 scelerose.
1094 1365 1254 1435 Nam,
1278 1367 1526 1422 omnium
1559 1380 1814 1422 exarma-

216 1461 298 1518 tis
343 1460 654 1533 vinetisque
690 1470 817 1534 pest
873 1473 1085 1535 tergum
1116 1463 1393 1528 manibus,
1447 1461 1812 1518 atrocissimis

215 1553 412 1610 traditi
444 1564 577 1610 sunt
631 1554 1006 1622 carniﬁcibus,
1040 1554 1244 1625 quibus
1277 1553 1442 1608 ctiam
1471 1552 1691 1624 jussum
1726 1561 1814 1610 est

222 1655 286 1701 ut
304 1647 512 1702 nemini
536 1655 842 1717 parcerent,
864 1647 974 1702 nisi
994 1661 1157 1717 quem
1171 1661 1294 1702 sors
1319 1645 1532 1701 decima
1565 1645 1805 1701 offerret.

223 1737 381 1793 Tunc
401 1747 637 1795 tortores
669 1740 883 1795 vinctos
911 1740 1205 1795 ordinatim
1252 1739 1444 1795 sedere
1478 1740 1727 1795 fecerunt
1754 1746 1810 1794 et

221 1830 358 1886 satis
399 1846 676 1901 supraque
704 1832 789 1887 eis
830 1832 1193 1899 insultantes,
1248 1832 1397 1889 illius
1440 1830 1807 1887 interfectoris

114 1956 129 1965 ο
223 1919 475 1978 Thebaeas
522 1923 758 1994 legionis
783 1925 1035 1995 exemplo
1067 1924 1156 1979 usi
1197 1935 1349 1990 sunt,
1392 1925 1487 1994 qui
1517 1923 1810 1979 deeimavit

221 2013 464 2085 primum
487 2015 811 2073 innocentes
834 2018 1008 2073 multo
1045 2017 1133 2074 his
1181 2017 1390 2073 mitius.
1406 2017 1498 2072 llle
1530 2017 1676 2073 enim
1710 2032 1808 2073 rex

220 2109 647 2179 paganissimos,
663 2108 1101 2167 Christianorum
1124 2126 1318 2166 novem
1341 2111 1600 2182 pepercit,
1622 2109 1808 2166 occiso

220 2202 455 2259 decimo.
496 2201 592 2260 llle
624 2204 753 2260 licet
794 2219 1041 2275 paganus
1084 2204 1433 2261 Christianos
1474 2203 1805 2272 trucidaret,

213 2292 409 2366 patqu
434 2304 638 2354 tamen
671 2298 727 2352 in
764 2313 960 2369 campo
1004 2314 1101 2354 eos
1143 2298 1376 2354 nexibus
1416 2313 1529 2353 non
1562 2298 1808 2354 irretitos

223 2388 480 2448 decollari
511 2390 710 2460 jussit,
741 2398 803 2445 ut
847 2391 1117 2462 gloriosos
1158 2390 1383 2445 milites.
1430 2389 1501 2445 At
1544 2388 1637 2445 isti
1678 2389 1809 2445 licet

211 2481 445 2537 nomine
483 2479 803 2549 Christiani,
851 2491 978 2539 actu
1024 2490 1208 2539 tamen
1252 2481 1640 2553 paganissimi,
1681 2482 1804 2537 lan-

222 2574 498 2631 eeolarum
525 2590 752 2631 suarum
785 2576 930 2633 ictus
955 2590 1066 2631 non
1106 2584 1378 2631 merentes
1420 2575 1621 2631 heroas
1657 2580 1805 2630 cate-

210 2675 380 2723 natos
414 2668 729 2723 mactabant
750 2677 808 2724 ut
823 2685 972 2726 sues.
990 2668 1143 2724 Unde
1165 2667 1559 2739 hujuscemodi
1569 2675 1808 2723 tortores

215 2758 452 2817 canibus
472 2760 774 2817 deteriores
809 2762 971 2833 digne
995 2762 1182 2818 omnia
1221 2761 1413 2817 dicunt
1438 2760 1668 2828 saecula,
1707 2759 1803 2831 qui

213 2867 330 2907 non
354 2853 564 2908 militiae
594 2854 875 2921 violentia,
908 2855 1000 2911 sed
1026 2854 1302 2910 fraudium
1327 2869 1554 2910 suarum
1588 2853 1804 2910 ins'diis

212 2950 301 2999 tot
320 2944 794 3003 militumhonesta
814 2947 1212 3003 damnaverunt
1237 2962 1483 3017 corpora.
1499 2944 1801 3013 Quosdam,

214 3043 282 3090 ut
309 3036 518 3093 dictum
542 3046 646 3103 est,
670 3040 1029 3109 perimebant,
1061 3032 1330 3110 quosdam
1359 3054 1489 3094 vero
1536 3054 1652 3094 sua:
1686 3053 1803 3094 ser-

215 3129 382 3185 vituti
398 3131 803 3201 mancipabant.
818 3130 970 3187 Alios
997 3147 1140 3188 caeca
1153 3131 1407 3202 cupidine
1433 3131 1576 3202 capti
1592 3129 1799 3185 vende-

218 3221 372 3289 bant,
400 3222 697 3278 nonnullos
724 3232 905 3278 autem
929 3229 1170 3278 arctatos
1192 3223 1429 3277 vinculis
1454 3221 1652 3291 majori
1678 3221 1804 3275 irri-

221 3312 364 3368 sioni
398 3314 772 3369 reservabant.
806 3313 913 3370 Sed
954 3313 1138 3370 divina
1166 3313 1446 3369 miseratio
1487 3328 1599 3368 non
1633 3309 1807 3367 defuit

214 3402 607 3461 innocentibus
627 3407 684 3460 in
708 3416 859 3462 tanto
872 3407 1190 3462 discrimine
1210 3405 1656 3471 consistentibus,
1674 3404 1805 3475 quia

220 3496 423 3553 multos
465 3497 571 3568 ipsi
617 3499 879 3567 vidimus,
906 3514 1046 3571 quos
1074 3515 1139 3554 ex
1181 3499 1271 3554 illa
1300 3499 1578 3555 derisione
1604 3499 1807 3570 eripuit

216 3590 454 3658 caelitus,
503 3592 621 3648 sine
642 3593 977 3649 adminiculo
995 3592 1238 3649 hominis
1261 3592 1437 3664 ruptis
1463 3593 1802 3649 manicarum

213 3686 648 3758 compedumque
681 3685 951 3744 obicibus.

285 3797 430 3871 Ergo
453 3800 585 3872 quia
614 3800 848 3857 militum
872 3817 1075 3874 agones
1105 3800 1426 3858 succinctim
1469 3799 1805 3857 transcurri-

215 3878 359 3958 mus,
410 3902 657 3963 superest
682 3907 743 3949 ut
774 3904 829 3951 et
851 3911 1041 3951 eorum
1085 3894 1369 3965 principis,
1401 3893 1623 3967 gloriosi
1657 3893 1806 3950 scili-

214 3993 300 4040 cet
345 3984 540 4041 Alfridi
578 3988 901 4059 martyrium
954 3987 1230 4043 narrando
1269 3987 1467 4043 seriem
1508 3986 1805 4043 locutionis

215 4077 596 4135 abbreviemus
617 4083 732 4148 ;'ne
773 4077 933 4147 forte,
967 4078 1015 4135 si
1042 4078 1355 4151 singulatim
1387 4078 1572 4133 omnia
1597 4094 1722 4149 quze
1750 4080 1803 4137 ei

214 4178 333 4227 acta
386 4181 516 4228 sunt
552 4172 917 4245 perstringere
958 4171 1315 4239 voluerimus,
1366 4170 1556 4227 multis
1600 4170 1804 4243 ubique

213 4264 484 4334 prmcipue
526 4264 763 4320 domina:
802 4263 1006 4341 reginae
1057 4264 1298 4319 dolorem
1355 4261 1798 4334 multiplicemus.

212 4352 331 4421 Qua
374 4355 427 4411 in
475 4372 553 4424 re,
594 4373 728 4430 rogo
774 4366 848 4425 te,
877 4356 1120 4423 domina,
1152 4372 1221 4412 ne
1272 4356 1524 4426 requiras
1565 4353 1802 4425 amplius

211 4437 379 4525 quam
398 4448 504 4503 hoc
526 4449 673 4519 quod
696 4448 787 4503 tibi
811 4449 1084 4520 parcendo
1104 4446 1339 4502 breviter
1359 4445 1558 4501 dicturi
1583 4459 1797 4500 sumus.

210 4538 442 4596 Possent
459 4541 605 4596 enim
641 4540 811 4595 multa
843 4540 970 4605 dici,
999 4539 1045 4595 si
1072 4556 1178 4595 non
1202 4548 1296 4594 tuo
1321 4553 1671 4608 parceremus
1702 4536 1801 4592 do~

209 4633 330 4689 lori.
360 4631 456 4690 Est
479 4634 681 4706 quippe
692 4634 1040 4690 nullusdolor
1062 4632 1237 4703 major
1258 4632 1421 4687 matri
1440 4646 1605 4703 quam
1619 4629 1801 4686 videre

205 4712 293 4783 vel
346 4729 537 4785 audire
587 4737 821 4784 mortem
877 4727 1217 4783 dilectissimi
1269 4725 1385 4781 ﬁlii.
1458 4724 1665 4795 Captus
1714 4729 1801 4778 est

208 4817 376 4889 igitur
407 4819 588 4891 regius
614 4820 835 4890 juvenis
884 4820 1023 4874 clam
1052 4834 1153 4876 suo
1192 4818 1246 4872 in
1279 4816 1519 4887 hospitio
1542 4815 1800 4870 eductus-

208 4922 315 4978 que
344 4907 400 4964 in
429 4909 609 4965 insula
638 4908 752 4964 Heli
798 4909 943 4970 dicta
972 4928 986 4977 ;
1017 4926 1052 4965 a
1101 4908 1272 4964 milite
1312 4908 1552 4979 primum
1599 4904 1799 4960 irrisus

207 4994 294 5052 est
318 4996 700 5069 iniquissimo;
732 4998 928 5054 deinde
951 4998 1471 5069 contemptibiliores
1501 4996 1797 5067 eliguntur,

207 5097 270 5144 ut
316 5092 514 5146 horum
564 5091 634 5147 ab
670 5092 887 5147 insania
934 5090 1145 5147 flendus
1185 5091 1404 5163 juvenis
1447 5089 1794 5161 dijudicetur.

209 5182 312 5250 Qui
343 5183 557 5253 judices
585 5184 889 5250 constituti,
927 5184 1283 5240 decreverunt
1321 5183 1397 5238 illi
1425 5184 1623 5241 debere
1655 5183 1801 5240 oculi

209 5276 425 5346 utrique
453 5275 665 5349 [oculos
696 5276 983 5351 utrosque]
1036 5278 1104 5333 ad
1154 5285 1525 5349 contemptum
1545 5280 1800 5352 'primum

208 5367 347 5420 erui.
376 5366 533 5433 Quod
555 5377 844 5439 postquam
868 5377 1065 5438 parant
1085 5369 1365 5440 perﬁcere,
1401 5371 1510 5427 duo
1534 5372 1609 5427 illi
1636 5388 1802 5444 super

208 5455 430 5542 brachia
456 5471 752 5529 ponuntur,
775 5461 870 5532 qui
902 5462 1121 5517 interim
1156 5471 1401 5518 tenerent
1436 5465 1528 5521 illa
1558 5474 1612 5521 et
1652 5483 1797 5525 unus

208 5562 370 5617 super
396 5558 607 5619 pectus,
638 5568 889 5623 unusque
932 5569 1094 5624 super
1123 5570 1306 5622 crura,
1337 5563 1399 5612 ut
1442 5555 1523 5612 sic
1574 5557 1792 5615 facilius

207 5633 282 5689 illi
307 5637 598 5693 inferretur
619 5657 799 5711 paena.
852 5641 992 5710 Quid
1037 5644 1223 5700 hocin
1264 5646 1451 5703 dolore
1489 5648 1788 5705 dctineor?

1829 4516 1880 4577 Ι)

1910 515 2135 588 juvenis
2177 527 2375 585 passus
2412 520 2497 568 est
2534 508 2910 567 beatissimus.
2943 505 3181 562 Evadam
3218 520 3347 577 ergo
3381 505 3510 561 bre»

1917 607 2040 663 vius
2075 613 2243 662 tanta:
2279 603 2612 661 calamitatis
2659 600 2961 667 miseriam,
3018 600 3291 670 ﬁnemque
3339 597 3509 668 hujus

1904 697 2165 769 .martyrii
2201 695 2310 752 ﬁne
2339 702 2501 753 tenus
2570 692 2958 764 perstringam.
3014 688 3261 760 Namque
3298 696 3386 746 est
3437 687 3509 745 ab

1906 787 2103 860 impiis
2143 796 2347 855 tentus,
2381 785 2596 844 eﬂossis
2623 785 2788 841 etiam
2837 782 3139 838 luminibus
3184 780 3507 855 impiissime

1901 887 2001 938 .est
2036 880 2277 937 occisus.
2309 877 2429 946 Qua
2465 892 2597 934 nece
2646 874 2907 947 perfecta,
2949 874 3267 944 relinquunt
3307 885 3512 943 corpus

1911 972 2167 1029 examine
2191 971 2343 1043 quod
2384 970 2572 1027 ﬁdeles
2592 968 2800 1029 Christi
2836 964 3090 1023 monachi
3122 964 3334 1021 scilicet
3360 963 3513 1034 ejus-

1912 1065 2037 1121 dem
2081 1064 2277 1120 insulae
2310 1061 2428 1119 Heli
2458 1061 2754 1133 rapientes,
2806 1059 3137 1130 sepelierunt
3185 1055 3511 1112 honoriﬁce.

1911 1155 1972 1212 In
1998 1157 2125 1212 loco
2151 1163 2335 1211 autem
2368 1153 2603 1225 sepulcri
2630 1154 2750 1225 ejus
2772 1152 2944 1208 multa
2971 1151 3111 1206 ﬁunt
3130 1148 3417 1216 miracula,
3448 1155 3515 1205 ut

1912 1247 2137 1318 quidam
2168 1246 2345 1312 aiunt,
2395 1244 2686 1315 quietiam
2729 1258 2787 1299 se
2816 1243 2932 1298 haec
2973 1240 3178 1296 vidisse
3206 1238 3513 1311 saepissime

1911 1338 2123 1394 dicunt.
2140 1336 2207 1391 Et
2225 1336 2451 1393 merito:
2476 1333 2955 1391 innocenterenim
2977 1331 3080 1387 fuit
3100 1331 3510 1404 martyrisatus,

1910 1430 2145 1501 ideoque
2170 1429 2399 1502 dignum
2429 1434 2514 1484 est
2542 1435 2605 1484 ut
2633 1443 2729 1499 per
2768 1441 2898 1484 eum
2944 1423 3319 1481 innocentium
3347 1438 3511 1480 exer-

1910 1530 2101 1579 ceatur
2123 1520 2319 1578 virtus.
2349 1519 2594 1576 Gaudeat
2635 1517 2801 1590 igitur
2829 1515 3022 1595 Emme
3053 1515 3242 1588 regina
3262 1514 3329 1570 de
3356 1523 3513 1571 tanto

1911 1599 2309 1681 intercessore,
2361 1612 2491 1685 quia
2544 1627 2711 1684 quem
2758 1610 2817 1667 in
2860 1609 3028 1671 terris
3069 1608 3262 1666 habuit
3313 1608 3510 1676 ﬁlium,

1912 1723 2063 1765 nunc
2095 1707 2260 1763 habet
2288 1706 2346 1762 in
2369 1706 2526 1763 cmlis
2560 1713 2884 1776 patronum.

1841 1800 1884 1857 B
1979 1799 2053 1854 At
2072 1798 2283 1872 regina,
2339 1798 2478 1855 tanti
2528 1797 2753 1854 sceleris
2781 1796 3022 1857 novitate
3058 1793 3333 1869 perculsa,
3377 1792 3512 1864 quid

1905 1888 2060 1946 facto
2110 1904 2251 1960 opus
2296 1889 2371 1945 sit
2423 1896 2606 1945 mente
2666 1888 2978 1945 considerat
3036 1886 3223 1945 tacita.
3278 1884 3513 1941 Animus

1908 1980 2078 2052 igitur
2103 1980 2225 2050 ejus
2256 1980 2508 2039 diversus
2544 1981 2654 2038 huc
2684 1980 2923 2051 illucque
2959 1980 3170 2051 rapitur
3210 1985 3266 2034 et
3291 1992 3351 2034 se
3392 1991 3513 2033 am-

1912 2060 2248 2143 plius‘tantze
2271 2072 2513 2143 perﬁdia:
2539 2074 2763 2129 credere
2795 2079 3087 2129 cunctatur
3111 2090 3126 2140 ;
3162 2070 3364 2146 quippe
3387 2085 3512 2141 qua:

1911 2164 2177 2237 perempti
2198 2164 2781 2222 ﬁliiinconsolabiliter
2801 2162 3237 2221 confundebatur
3250 2175 3507 2227 mterore,

1909 2272 2103 2312 verum
2170 2257 2343 2323 multo
2400 2257 2639 2328 amplius
2695 2273 2760 2313 ex
2821 2256 3067 2328 ejusdem
3120 2254 3511 2312 consolabatur

1908 2361 2058 2410 certa
2096 2352 2306 2423 requie.
2360 2349 2501 2407 Hine
2527 2350 2753 2421 duplici,
2801 2358 2861 2406 ut
2903 2349 3164 2416 diximus,
3208 2347 3512 2420 angebatur

1908 2458 2096 2513 causa,
2128 2444 2281 2501 necis
2322 2444 2575 2511 videlicet
2615 2443 2714 2500 ﬁlii
2743 2442 3041 2511 miserabili
3082 2441 3367 2509 maestitia,
3392 2449 3510 2496 tuna

1906 2551 2038 2597 vero
2067 2536 2297 2608 reliqua:
2323 2550 2438 2592 sua:
2466 2535 2593 2592 vitae
2619 2535 3012 2607 dignitatisque
3045 2532 3363 2589 difﬁdentia.
3395 2532 3509 2588 Sed

1909 2626 2169 2685 fortassis
2219 2628 2331 2695 hic
2360 2628 2499 2683 mihi
2544 2627 2774 2698 quilibet
2835 2625 3117 2693 clamabit,
3158 2640 3320 2696 quem
3371 2623 3511 2680 livor

1907 2717 2141 2787 hujusce
2165 2718 2404 2775 domina:
2435 2717 2664 2773 lividum
2695 2731 3103 2787 onerosumque
3147 2715 3322 2771 reddit
3355 2734 3371 2771 :v
3397 2714 3511 2771 Cur

1903 2798 2255 2869 eadem‘nece
2281 2810 2426 2865 mori
2448 2808 2742 2875 refutabat,
2773 2826 2898 2882 quae
2927 2811 3034 2868 sub
3067 2810 3172 2869 hac
3200 2809 3510 2881 proditione

1903 2911 2158 2963 necatum
2190 2903 2364 2959 ﬁlium
2392 2911 2596 2959 aeterna
2620 2904 2815 2975 requie
2846 2903 2959 2960 frui
2987 2903 3306 2959 nullatenus
3348 2902 3512 2959 dubi-

1902 2994 2097 3050 tabat?
2157 2994 2240 3050 Ad
2311 2994 2462 3066 quod
2523 2994 2939 3064 destruendum,
2999 2994 3095 3050 tali
3142 2994 3515 3066 responsione

1905 3100 2107 3143 censeo
2130 3085 2393 3143 utendum
2423 3104 2438 3141 :
2465 3084 2741 3153 Quoniam
2767 3086 2816 3143 si
2842 3095 3163 3158 persecutor
3183 3086 3511 3165 Christianae

1827 3165 1873 3222 (ἓ
1903 3176 2185 3247 religionis
2230 3177 2467 3247 ﬁdeique
2532 3177 2771 3245 adesset,
2832 3193 2945 3233 non
3014 3178 3140 3234 vitae
3211 3178 3511 3246 discrimen

1907 3263 2095 3320 subire
2142 3262 2373 3336 fugeret.
2419 3263 2713 3333 Caeterum,
2763 3262 3037 3323 nefarium
3079 3274 3134 3322 et
3166 3268 3511 3324 exsecrabile

1906 3355 2122 3421 cunctis
2168 3355 2492 3415 orthodoxis
2542 3357 2816 3415 videretur
2858 3358 2927 3426 si,
2963 3359 3260 3415 ambitione
3305 3359 3509 3416 terreni

1905 3447 2143 3518 imperii,
2182 3446 2306 3505 talis
2332 3446 2495 3505 fama:
2518 3457 2772 3506 matrona
2804 3450 2914 3506 vita
2937 3450 3246 3523 privaretur
3272 3471 3287 3520 ;
3331 3468 3511 3523 neque

1904 3537 2155 3612 profecto
2201 3540 2414 3610 emori,
2463 3540 2704 3601 fortunis
2751 3552 2918 3600 tanta:
2960 3545 3199 3601 dominae.
3244 3545 3510 3603 honestus

1904 3631 2090 3688 exitus
2120 3631 2416 3689 haberetur
2448 3632 2546 3707 (l).
2578 3632 2706 3690 Haec
2728 3642 2785 3692 et
2809 3635 2898 3692 his
2919 3636 3121 3692 similia
3150 3645 3278 3693 ante
3313 3638 3509 3694 oculos

1905 3740 2137 3799 ponens,
2159 3732 2216 3781 et
2237 3725 2372 3782 illud
2391 3725 2765 3785 authenticum
2788 3726 3088 3785 Dominica:
3111 3730 3512 3786 exhortationis

1903 3825 2234 3890 praeceptum
2284 3818 2404 3875 suis
2437 3817 2675 3877 fortunis
2721 3820 3063 3882 conducibile
3105 3837 3357 3888 censens,
3398 3839 3511 3893 quo

1903 3906 2159 3965 videlicet
2195 3909 2388 3966 electis
2430 3909 2705 3980 insinuat,
2747 3910 3017 3979 Quoniam
3042 3914 3091 3968 si
3115 3915 3378 3984 persecuti
3419 3932 3508 3982 vo.

1905 4000 2103 4072 fuerint
2126 4000 2185 4055 in
2207 4016 2315 4055 una
2346 3999 2582 4069 civitate,
2608 4002 2776 4074 fugite
2800 4003 2856 4058 in
2875 4002 3084 4070 aliam;
3119 4019 3220 4075 pro
3243 4021 3346 4061 suo
3375 4021 3511 4062 casu

1904 4104 2031 4160 spes
2059 4089 2198 4147 satis
2243 4090 2507 4148 honestas
2542 4091 2770 4164 reliqua:
2793 4093 3075 4167 dignitatis
3116 4097 3512 4155 conservanda:

1903 4182 2247 4254 exsequitur,
2311 4191 2367 4239 et
2429 4183 2652 4241 tandem
2692 4185 2867 4258 gratia
2926 4186 3155 4258 superni
3225 4198 3509 4260 respectus

1903 4273 2137 4331 consilio
2161 4273 2351 4330 solerti
2379 4274 2575 4331 utitur.
2611 4272 2843 4333 Exteras
2885 4275 3138 4333 nationes
3173 4284 3356 4348 petere
3399 4279 3508 4342 sibi

1902 4370 2036 4427 utile
2064 4371 2257 4439 credit,
2286 4370 2436 4443 quod
2464 4371 2651 4444 sagaci
2681 4372 2894 4429 ratione
2918 4370 3028 4427 ﬁne
3049 4379 3211 4428 tenus
3234 4373 3506 4445 perducit.

1904 4456 2113 4514 Tamen
2135 4474 2276 4531 quas
2299 4459 2432 4531 petit
2454 4475 2565 4515 non
2591 4468 2849 4519 externas
2880 4460 2985 4516 sibi
3006 4469 3229 4532 experta
3253 4470 3340 4527 est
3361 4460 3503 4529 fore,

1903 4548 2029 4622 quis
2065 4546 2319 4621 [quibus]
2342 4548 2646 4605 immorans
2694 4550 2841 4605 haud
2863 4565 3024 4606 secus
3048 4564 3113 4605 ac
3151 4550 3269 4606 suis
3305 4551 3507 4607 colitur
3604 4582 3608 4586 -

1902 4641 2309 4699 decentissime.
2357 4640 2531 4715 Igitur
2575 4657 2676 4715 pro
2707 4658 2768 4699 re
2806 4650 2972 4715 atque
3017 4652 3283 4715 tempore,
3333 4660 3501 4717 quam

1901 4734 2174 4806 plurimos
2210 4743 2394 4806 potest
2430 4733 2537 4792 sibi
2583 4735 2722 4792 ﬁdos
2747 4735 3039 4808 optimates
3068 4744 3381 4809 congregat,
3415 4737 3505 4794 his

1900 4824 2265 4895 praesentibus
2311 4833 2525 4882 secreta
2564 4824 2750 4897 cordis
2780 4826 2869 4883 sui
2900 4825 3171 4882 enucleat.
3218 4825 3267 4880 A
3299 4826 3504 4899 quibus

1899 4914 2069 4970 etiam
2110 4914 2250 4971 inito
2293 4915 2530 4974 dominae
2576 4917 2812 4989 probato
2855 4918 3112 4987 consilio,
3164 4929 3505 4977 commeatus

1896 5008 2157 5065 classium
2177 5023 2374 5065 eorum
2413 5018 2713 5081 apparatur
2745 5010 2964 5067 exsilio.
3008 5010 3199 5083 itaque
3223 5013 3504 5084 prosperis

1891 5100 1978 5156 usi
2027 5099 2249 5157 flatibus
2300 5098 2683 5172 transfretant,
2730 5111 2787 5160 et
2823 5104 3044 5160 cuidam
3091 5104 3317 5161 stationi
3354 5104 3505 5161 haud

1898 5183 2059 5263 longe
2095 5207 2127 5247 a
2170 5192 2396 5249 castello
2442 5191 2713 5265 Brugensi
2759 5194 2990 5251 distanti
3031 5209 3156 5251 sese
3198 5194 3499 5267 applicant.

1898 5279 2015 5337 Hoc
2043 5282 2331 5341 castellum
2358 5281 2790 5341 Flandrensibus
2815 5283 3026 5341 colonis
3051 5284 3330 5355 incolitur,
3355 5285 3502 5357 quod

1896 5380 2017 5431 tum
2038 5372 2345 5445 frequentia
2361 5375 2784 5447 negotiatorum,
2819 5384 2938 5433 tum
2959 5376 3232 5434 afﬂuentia
3254 5377 3500 5434 omnium

1902 5482 2026 5537 quae
2040 5467 2219 5538 prima
2240 5467 2504 5524 mortales
2524 5467 2754 5537 ducunt,
2777 5467 3213 5527 famosissimum
3242 5469 3499 5542 habetur.

1898 5559 1998 5615 Hic
2037 5560 2292 5632 equidem
2328 5575 2360 5615 a
2391 5560 2711 5617 marchione
2759 5561 3003 5634 ejusdem
3037 5561 3331 5634 provinciae
3374 5546 3501 5623 BaL

1893 5653 2065 5709 duino
2107 5653 2292 5727 magni
2337 5663 2391 5710 et
2423 5653 2772 5712 invictissimi
2804 5655 3068 5729 principis
3105 5655 3237 5727 ﬁlio,
3269 5655 3501 5729 ejusque

280 5795 476 5868 (l)llic
505 5797 751 5856 imitatur
805 5810 997 5857 auctor
1044 5806 1204 5861 verba
1246 5807 1593 5880 Adherbalis,
1639 5810 1782 5881 apud
1815 5808 2158 5879 Sallustium,
2184 5810 2239 5865 in
2259 5809 2513 5884 Jugurth.
