  <div class='ocr_page' id='page_1' title='image "/cluster/home/n/w/nwhite01/storage/ocr_20150623/141/hvd.32044015471790/703.png"; bbox 0 0 4066 5330; ppageno 0'>
   <div class='ocr_carea' id='block_1_1' title="bbox 539 278 679 339">
    <p class='ocr_par' dir='ltr' id='par_1_1' title="bbox 539 278 679 339">
     <span class='ocr_line' id='line_1_1' title="bbox 539 278 679 339; baseline 0.029 -4"><span class='ocrx_word' id='word_1_1' title='bbox 539 282 559 335; x_wconf 90' lang='grc' dir='ltr'><strong><em>ι</em></strong></span> <span class='ocrx_word' id='word_1_2' title='bbox 573 278 679 339; x_wconf 77' lang='lat'><strong>395</strong></span> 
     </span>
    </p>
   </div>
   <div class='ocr_carea' id='block_1_2' title="bbox 1282 279 3039 353">
    <p class='ocr_par' dir='ltr' id='par_1_2' title="bbox 1282 279 3039 353">
     <span class='ocr_line' id='line_1_2' title="bbox 1282 279 3039 353; baseline 0.01 -18"><span class='ocrx_word' id='word_1_3' title='bbox 1282 279 1501 337; x_wconf 60' lang='lat' dir='ltr'><strong>suum</strong></span> <span class='ocrx_word' id='word_1_4' title='bbox 1540 282 1823 341; x_wconf 68' lang='lat' dir='ltr'><strong>REGINE</strong></span> <span class='ocrx_word' id='word_1_5' title='bbox 1861 280 2249 345; x_wconf 80' lang='lat' dir='ltr'><strong>ANGLORUM</strong></span> <span class='ocrx_word' id='word_1_6' title='bbox 2288 280 2669 352; x_wconf 62' lang='lat' dir='ltr'><strong>montum.</strong></span> <span class='ocrx_word' id='word_1_7' title='bbox 2708 326 2777 336; x_wconf 87' lang='grc'><strong>-</strong></span> <span class='ocrx_word' id='word_1_8' title='bbox 2810 295 2941 353; x_wconf 87' lang='lat' dir='ltr'><strong>LlB.</strong></span> <span class='ocrx_word' id='word_1_9' title='bbox 2975 296 3039 353; x_wconf 82' lang='grc' dir='ltr'><strong>ιι.</strong></span> 
     </span>
    </p>
   </div>
   <div class='ocr_carea' id='block_1_3' title="bbox 3668 288 3809 349">
    <p class='ocr_par' dir='ltr' id='par_1_3' title="bbox 3668 288 3809 349">
     <span class='ocr_line' id='line_1_3' title="bbox 3668 288 3809 349; baseline 0.014 -2"><span class='ocrx_word' id='word_1_10' title='bbox 3668 288 3809 349; x_wconf 66' lang='grc'><strong>1596</strong></span> 
     </span>
    </p>
   </div>
   <div class='ocr_carea' id='block_1_4' title="bbox 532 376 3805 487">
    <p class='ocr_par' dir='ltr' id='par_1_4' title="bbox 532 376 3805 487">
     <span class='ocr_line' id='line_1_4' title="bbox 532 376 3805 487; baseline 0.003 -35"><span class='ocrx_word' id='word_1_11' title='bbox 532 400 763 470; x_wconf 76' lang='lat' dir='ltr'><strong>conjuge</strong></span> <span class='ocrx_word' id='word_1_12' title='bbox 823 396 1016 452; x_wconf 77' lang='lat' dir='ltr'><strong>Athaln</strong></span> <span class='ocrx_word' id='word_1_13' title='bbox 1042 438 1055 464; x_wconf 92' lang='lat'><strong>,</strong></span> <span class='ocrx_word' id='word_1_14' title='bbox 1108 376 1231 467; x_wconf 71' lang='lat' dir='ltr'><strong>qua</strong></span> <span class='ocrx_word' id='word_1_15' title='bbox 1297 394 1682 470; x_wconf 73' lang='lat' dir='ltr'><strong>interpretatur</strong></span> <span class='ocrx_word' id='word_1_16' title='bbox 1741 399 2073 456; x_wconf 77' lang='lat' dir='ltr'><strong>nobilissima</strong></span> <span class='ocrx_word' id='word_1_17' title='bbox 2094 443 2120 486; x_wconf 24' lang='grc' dir='ltr'><strong>,ι</strong></span> <span class='ocrx_word' id='word_1_18' title='bbox 2141 408 2189 466; x_wconf 75' lang='grc' dir='ltr'><strong>Α</strong></span> <span class='ocrx_word' id='word_1_19' title='bbox 2216 408 2384 478; x_wconf 38' lang='lat' dir='ltr'><strong>mque</strong></span> <span class='ocrx_word' id='word_1_20' title='bbox 2414 409 2585 465; x_wconf 75' lang='lat' dir='ltr'><strong>maris</strong></span> <span class='ocrx_word' id='word_1_21' title='bbox 2608 378 2690 465; x_wconf 51' lang='lat' dir='ltr'><strong>ira</strong></span> <span class='ocrx_word' id='word_1_22' title='bbox 2712 419 2929 481; x_wconf 72' lang='lat' dir='ltr'><strong>pacata,</strong></span> <span class='ocrx_word' id='word_1_23' title='bbox 2957 408 3221 481; x_wconf 75' lang='lat' dir='ltr'><strong>omnique</strong></span> <span class='ocrx_word' id='word_1_24' title='bbox 3244 419 3567 482; x_wconf 78' lang='lat' dir='ltr'><strong>tempestate</strong></span> <span class='ocrx_word' id='word_1_25' title='bbox 3597 409 3805 487; x_wconf 61' lang='lat' dir='ltr'><strong>sedata,</strong></span> 
     </span>
    </p>
   </div>
   <div class='ocr_carea' id='block_1_5' title="bbox 522 481 2133 563">
    <p class='ocr_par' dir='ltr' id='par_1_5' title="bbox 522 481 2133 563">
     <span class='ocr_line' id='line_1_5' title="bbox 522 481 2133 563; baseline 0.002 -17"><span class='ocrx_word' id='word_1_26' title='bbox 522 493 873 548; x_wconf 80' lang='lat' dir='ltr'><strong>Francorum</strong></span> <span class='ocrx_word' id='word_1_27' title='bbox 904 490 1049 561; x_wconf 90' lang='lat' dir='ltr'><strong>regis</strong></span> <span class='ocrx_word' id='word_1_28' title='bbox 1083 489 1307 545; x_wconf 82' lang='lat' dir='ltr'><strong>Roberti</strong></span> <span class='ocrx_word' id='word_1_29' title='bbox 1341 500 1396 546; x_wconf 92' lang='lat' dir='ltr'><strong>et</strong></span> <span class='ocrx_word' id='word_1_30' title='bbox 1431 492 1633 563; x_wconf 90' lang='lat' dir='ltr'><strong>regina</strong></span> <span class='ocrx_word' id='word_1_31' title='bbox 1658 491 1996 551; x_wconf 84' lang='lat' dir='ltr'><strong>Constantia</strong></span> <span class='ocrx_word' id='word_1_32' title='bbox 2021 481 2133 550; x_wconf 85' lang='lat' dir='ltr'><strong>filia</strong></span> 
     </span>
    </p>
   </div>
   <div class='ocr_carea' id='block_1_6' title="bbox 522 580 2132 653">
    <p class='ocr_par' dir='ltr' id='par_1_6' title="bbox 522 580 2132 653">
     <span class='ocr_line' id='line_1_6' title="bbox 522 580 2132 653; baseline 0.001 -14"><span class='ocrx_word' id='word_1_33' title='bbox 522 582 854 649; x_wconf 76' lang='lat' dir='ltr'><strong>honorifice,</strong></span> <span class='ocrx_word' id='word_1_34' title='bbox 889 581 970 637; x_wconf 85' lang='lat' dir='ltr'><strong>uti</strong></span> <span class='ocrx_word' id='word_1_35' title='bbox 1001 597 1061 637; x_wconf 92' lang='lat' dir='ltr'><strong>se</strong></span> <span class='ocrx_word' id='word_1_36' title='bbox 1093 580 1316 653; x_wconf 88' lang='lat' dir='ltr'><strong>dignum</strong></span> <span class='ocrx_word' id='word_1_37' title='bbox 1340 591 1478 650; x_wconf 88' lang='lat' dir='ltr'><strong>erat,</strong></span> <span class='ocrx_word' id='word_1_38' title='bbox 1511 582 1787 652; x_wconf 75' lang='lat' dir='ltr'><strong>recipitur.</strong></span> <span class='ocrx_word' id='word_1_39' title='bbox 1842 582 1888 636; x_wconf 86' lang='lat' dir='ltr'><strong>A</strong></span> <span class='ocrx_word' id='word_1_40' title='bbox 1930 584 2132 653; x_wconf 86' lang='lat' dir='ltr'><strong>quibus</strong></span> 
     </span>
    </p>
   </div>
   <div class='ocr_carea' id='block_1_7' title="bbox 526 673 2132 747">
    <p class='ocr_par' dir='ltr' id='par_1_7' title="bbox 526 673 2132 747">
     <span class='ocr_line' id='line_1_7' title="bbox 526 673 2132 747; baseline -0.001 -15"><span class='ocrx_word' id='word_1_41' title='bbox 526 678 701 732; x_wconf 81' lang='lat' dir='ltr'><strong>etiam</strong></span> <span class='ocrx_word' id='word_1_42' title='bbox 723 676 778 731; x_wconf 92' lang='lat' dir='ltr'><strong>in</strong></span> <span class='ocrx_word' id='word_1_43' title='bbox 800 675 1060 747; x_wconf 78' lang='lat' dir='ltr'><strong>pradicto</strong></span> <span class='ocrx_word' id='word_1_44' title='bbox 1080 673 1286 745; x_wconf 77' lang='lat' dir='ltr'><strong>&#39;oppido</strong></span> <span class='ocrx_word' id='word_1_45' title='bbox 1306 674 1503 734; x_wconf 89' lang='lat' dir='ltr'><strong>domus</strong></span> <span class='ocrx_word' id='word_1_46' title='bbox 1528 674 1698 745; x_wconf 74' lang='lat' dir='ltr'><strong>regali</strong></span> <span class='ocrx_word' id='word_1_47' title='bbox 1728 674 1972 744; x_wconf 91' lang='lat' dir='ltr'><strong>sumptui</strong></span> <span class='ocrx_word' id='word_1_48' title='bbox 2002 682 2132 745; x_wconf 86' lang='lat' dir='ltr'><strong>apta</strong></span> 
     </span>
    </p>
   </div>
   <div class='ocr_carea' id='block_1_8' title="bbox 528 762 2135 838">
    <p class='ocr_par' dir='ltr' id='par_1_8' title="bbox 528 762 2135 838">
     <span class='ocr_line' id='line_1_8' title="bbox 528 762 2135 838; baseline -0.001 -15"><span class='ocrx_word' id='word_1_49' title='bbox 528 769 623 823; x_wconf 86' lang='lat' dir='ltr'><strong>&#39;eid</strong></span> <span class='ocrx_word' id='word_1_50' title='bbox 643 783 714 821; x_wconf 51' lang='lat' dir='ltr'><strong>an</strong></span> <span class='ocrx_word' id='word_1_51' title='bbox 747 766 951 838; x_wconf 74' lang='lat' dir='ltr'><strong>regina</strong></span> <span class='ocrx_word' id='word_1_52' title='bbox 979 766 1259 835; x_wconf 72' lang='lat' dir='ltr'><strong>tribuitur,</strong></span> <span class='ocrx_word' id='word_1_53' title='bbox 1292 775 1548 824; x_wconf 84' lang='lat' dir='ltr'><strong>caterum</strong></span> <span class='ocrx_word' id='word_1_54' title='bbox 1582 764 1872 823; x_wconf 86' lang='lat' dir='ltr'><strong>obsonium</strong></span> <span class='ocrx_word' id='word_1_55' title='bbox 1902 762 2135 838; x_wconf 75' lang='lat' dir='ltr'><strong>benigne</strong></span> 
     </span>
    </p>
   </div>
   <div class='ocr_carea' id='block_1_9' title="bbox 522 858 2134 930">
    <p class='ocr_par' dir='ltr' id='par_1_9' title="bbox 522 858 2134 930">
     <span class='ocr_line' id='line_1_9' title="bbox 522 858 2134 930; baseline -0.003 -13"><span class='ocrx_word' id='word_1_56' title='bbox 522 861 781 917; x_wconf 53' lang='lat' dir='ltr'><strong>ioﬂ’erzur.</strong></span> <span class='ocrx_word' id='word_1_57' title='bbox 841 858 975 927; x_wconf 90' lang='lat' dir='ltr'><strong>Qua</strong></span> <span class='ocrx_word' id='word_1_58' title='bbox 1015 860 1216 930; x_wconf 82' lang='lat' dir='ltr'><strong>partim</strong></span> <span class='ocrx_word' id='word_1_59' title='bbox 1264 859 1353 915; x_wconf 88' lang='lat' dir='ltr'><strong>illa</strong></span> <span class='ocrx_word' id='word_1_60' title='bbox 1396 874 1522 915; x_wconf 91' lang='lat' dir='ltr'><strong>cum</strong></span> <span class='ocrx_word' id='word_1_61' title='bbox 1568 858 1868 930; x_wconf 76' lang='lat' dir='ltr'><strong>gratiarum</strong></span> <span class='ocrx_word' id='word_1_62' title='bbox 1919 858 2134 913; x_wconf 84' lang='lat' dir='ltr'><strong>actione</strong></span> 
     </span>
    </p>
   </div>
   <div class='ocr_carea' id='block_1_10' title="bbox 520 950 2133 1024">
    <p class='ocr_par' dir='ltr' id='par_1_10' title="bbox 520 950 2133 1024">
     <span class='ocr_line' id='line_1_10' title="bbox 520 950 2133 1024; baseline -0.002 -15"><span class='ocrx_word' id='word_1_63' title='bbox 520 953 789 1023; x_wconf 73' lang='lat' dir='ltr'><strong>&#39;suscipit,</strong></span> <span class='ocrx_word' id='word_1_64' title='bbox 824 951 1132 1024; x_wconf 85' lang='lat' dir='ltr'><strong>partimque</strong></span> <span class='ocrx_word' id='word_1_65' title='bbox 1162 967 1283 1009; x_wconf 88' lang='lat' dir='ltr'><strong>sese</strong></span> <span class='ocrx_word' id='word_1_66' title='bbox 1310 967 1419 1008; x_wconf 89' lang='lat' dir='ltr'><strong>non</strong></span> <span class='ocrx_word' id='word_1_67' title='bbox 1451 951 1699 1024; x_wconf 81' lang='lat' dir='ltr'><strong>indigere</strong></span> <span class='ocrx_word' id='word_1_68' title='bbox 1729 950 2133 1023; x_wconf 89' lang='lat' dir='ltr'><strong>quodammodo</strong></span> 
     </span>
    </p>
   </div>
   <div class='ocr_carea' id='block_1_11' title="bbox 533 1045 911 1103">
    <p class='ocr_par' dir='ltr' id='par_1_11' title="bbox 533 1045 911 1103">
     <span class='ocr_line' id='line_1_11' title="bbox 533 1045 911 1103; baseline -0.003 -2"><span class='ocrx_word' id='word_1_69' title='bbox 533 1045 800 1103; x_wconf 87' lang='lat' dir='ltr'><strong>ostendit.</strong></span> <span class='ocrx_word' id='word_1_70' title='bbox 908 1050 911 1083; x_wconf 84' lang='grc' dir='ltr'>ῖ</span> 
     </span>
    </p>
   </div>
   <div class='ocr_carea' id='block_1_12' title="bbox 524 1137 2133 1211">
    <p class='ocr_par' dir='ltr' id='par_1_12' title="bbox 524 1137 2133 1211">
     <span class='ocr_line' id='line_1_12' title="bbox 524 1137 2133 1211; baseline 0.001 -20"><span class='ocrx_word' id='word_1_71' title='bbox 524 1140 533 1179; x_wconf 84' lang='lat'><strong>-‘</strong></span> <span class='ocrx_word' id='word_1_72' title='bbox 609 1137 668 1193; x_wconf 88' lang='lat' dir='ltr'><strong>ln</strong></span> <span class='ocrx_word' id='word_1_73' title='bbox 711 1146 862 1194; x_wconf 87' lang='lat' dir='ltr'><strong>tanta</strong></span> <span class='ocrx_word' id='word_1_74' title='bbox 890 1138 1056 1210; x_wconf 83' lang='lat' dir='ltr'><strong>igitur</strong></span> <span class='ocrx_word' id='word_1_75' title='bbox 1081 1137 1261 1209; x_wconf 89' lang='lat' dir='ltr'><strong>posita</strong></span> <span class='ocrx_word' id='word_1_76' title='bbox 1298 1138 1614 1207; x_wconf 83' lang='lat' dir='ltr'><strong>securitate,</strong></span> <span class='ocrx_word' id='word_1_77' title='bbox 1653 1137 1865 1211; x_wconf 76' lang='lat' dir='ltr'><strong>legatos</strong></span> <span class='ocrx_word' id='word_1_78' title='bbox 1893 1153 1996 1195; x_wconf 88' lang='lat' dir='ltr'><strong>suo</strong></span> <span class='ocrx_word' id='word_1_79' title='bbox 2019 1137 2133 1193; x_wconf 83' lang='lat' dir='ltr'><strong>filio</strong></span> 
     </span>
    </p>
   </div>
   <div class='ocr_carea' id='block_1_13' title="bbox 518 1230 2130 1307">
    <p class='ocr_par' dir='ltr' id='par_1_13' title="bbox 518 1230 2130 1307">
     <span class='ocr_line' id='line_1_13' title="bbox 518 1230 2130 1307; baseline 0.001 -21"><span class='ocrx_word' id='word_1_80' title='bbox 518 1231 704 1307; x_wconf 71' lang='lat' dir='ltr'><strong>fmittit</strong></span> <span class='ocrx_word' id='word_1_81' title='bbox 735 1230 1005 1288; x_wconf 83' lang='lat' dir='ltr'><strong>Edwardo</strong></span> <span class='ocrx_word' id='word_1_82' title='bbox 1029 1231 1367 1302; x_wconf 89' lang='lat' dir='ltr'><strong>postulatum</strong></span> <span class='ocrx_word' id='word_1_83' title='bbox 1409 1247 1479 1289; x_wconf 92' lang='lat' dir='ltr'><strong>ne</strong></span> <span class='ocrx_word' id='word_1_84' title='bbox 1504 1247 1700 1287; x_wconf 89' lang='lat' dir='ltr'><strong>versus</strong></span> <span class='ocrx_word' id='word_1_85' title='bbox 1746 1247 1807 1287; x_wconf 92' lang='lat' dir='ltr'><strong>se</strong></span> <span class='ocrx_word' id='word_1_86' title='bbox 1837 1231 2130 1303; x_wconf 84' lang='lat' dir='ltr'><strong>pigritare-</strong></span> 
     </span>
    </p>
   </div>
   <div class='ocr_carea' id='block_1_14' title="bbox 538 1322 2132 1397">
    <p class='ocr_par' dir='ltr' id='par_1_14' title="bbox 538 1322 2132 1397">
     <span class='ocr_line' id='line_1_14' title="bbox 538 1322 2132 1397; baseline -0.002 -16"><span class='ocrx_word' id='word_1_87' title='bbox 538 1336 630 1381; x_wconf 91' lang='lat' dir='ltr'><strong>tur</strong></span> <span class='ocrx_word' id='word_1_88' title='bbox 650 1326 853 1381; x_wconf 90' lang='lat' dir='ltr'><strong>venire.</strong></span> <span class='ocrx_word' id='word_1_89' title='bbox 877 1325 1089 1392; x_wconf 82' lang='lat' dir='ltr'><strong>Quibus</strong></span> <span class='ocrx_word' id='word_1_90' title='bbox 1113 1326 1204 1380; x_wconf 87' lang='lat' dir='ltr'><strong>ille</strong></span> <span class='ocrx_word' id='word_1_91' title='bbox 1225 1322 1527 1382; x_wconf 86' lang='lat' dir='ltr'><strong>obaudiens</strong></span> <span class='ocrx_word' id='word_1_92' title='bbox 1563 1341 1765 1397; x_wconf 91' lang='lat' dir='ltr'><strong>equum</strong></span> <span class='ocrx_word' id='word_1_93' title='bbox 1792 1323 2132 1391; x_wconf 85' lang='lat' dir='ltr'><strong>conscendit,</strong></span> 
     </span>
    </p>
   </div>
   <div class='ocr_carea' id='block_1_15' title="bbox 538 1404 2134 1493">
    <p class='ocr_par' dir='ltr' id='par_1_15' title="bbox 538 1404 2134 1493">
     <span class='ocr_line' id='line_1_15' title="bbox 538 1404 2134 1493; baseline -0.001 -22"><span class='ocrx_word' id='word_1_94' title='bbox 538 1426 594 1471; x_wconf 90' lang='lat' dir='ltr'><strong>et</strong></span> <span class='ocrx_word' id='word_1_95' title='bbox 630 1416 698 1471; x_wconf 91' lang='lat' dir='ltr'><strong>ad</strong></span> <span class='ocrx_word' id='word_1_96' title='bbox 736 1423 967 1471; x_wconf 89' lang='lat' dir='ltr'><strong>matrem</strong></span> <span class='ocrx_word' id='word_1_97' title='bbox 1020 1404 1198 1488; x_wconf 89' lang='lat' dir='ltr'><strong>usque</strong></span> <span class='ocrx_word' id='word_1_98' title='bbox 1238 1416 1505 1487; x_wconf 78' lang='lat' dir='ltr'><strong>pervenit.</strong></span> <span class='ocrx_word' id='word_1_99' title='bbox 1558 1414 1664 1472; x_wconf 87' lang='lat' dir='ltr'><strong>Sed</strong></span> <span class='ocrx_word' id='word_1_100' title='bbox 1702 1415 1797 1471; x_wconf 91' lang='lat' dir='ltr'><strong>ubi</strong></span> <span class='ocrx_word' id='word_1_101' title='bbox 1842 1415 1925 1471; x_wconf 91' lang='lat' dir='ltr'><strong>eis</strong></span> <span class='ocrx_word' id='word_1_102' title='bbox 1975 1414 2134 1493; x_wconf 84' lang='lat' dir='ltr'><strong>copia</strong></span> 
     </span>
    </p>
   </div>
   <div class='ocr_carea' id='block_1_16' title="bbox 532 1506 2134 1581">
    <p class='ocr_par' dir='ltr' id='par_1_16' title="bbox 532 1506 2134 1581">
     <span class='ocr_line' id='line_1_16' title="bbox 532 1506 2134 1581; baseline 0.001 -17"><span class='ocrx_word' id='word_1_103' title='bbox 532 1509 665 1564; x_wconf 88' lang='lat' dir='ltr'><strong>data</strong></span> <span class='ocrx_word' id='word_1_104' title='bbox 687 1517 772 1565; x_wconf 86' lang='lat' dir='ltr'><strong>est</strong></span> <span class='ocrx_word' id='word_1_105' title='bbox 794 1516 989 1565; x_wconf 89' lang='lat' dir='ltr'><strong>mutuo</strong></span> <span class='ocrx_word' id='word_1_106' title='bbox 1018 1508 1305 1581; x_wconf 75' lang='lat' dir='ltr'><strong>loquendi,</strong></span> <span class='ocrx_word' id='word_1_107' title='bbox 1340 1509 1484 1565; x_wconf 87' lang='lat' dir='ltr'><strong>filius</strong></span> <span class='ocrx_word' id='word_1_108' title='bbox 1532 1524 1594 1565; x_wconf 91' lang='lat' dir='ltr'><strong>se</strong></span> <span class='ocrx_word' id='word_1_109' title='bbox 1642 1507 1837 1564; x_wconf 90' lang='lat' dir='ltr'><strong>matris</strong></span> <span class='ocrx_word' id='word_1_110' title='bbox 1881 1506 2134 1565; x_wconf 78' lang='lat' dir='ltr'><strong>fortunas</strong></span> 
     </span>
    </p>
   </div>
   <div class='ocr_carea' id='block_1_17' title="bbox 534 1596 2130 1669">
    <p class='ocr_par' dir='ltr' id='par_1_17' title="bbox 534 1596 2130 1669">
     <span class='ocr_line' id='line_1_17' title="bbox 534 1596 2130 1669; baseline -0.004 -12"><span class='ocrx_word' id='word_1_111' title='bbox 534 1599 729 1657; x_wconf 83' lang='lat' dir='ltr'><strong>edocet</strong></span> <span class='ocrx_word' id='word_1_112' title='bbox 769 1600 1051 1667; x_wconf 89' lang='lat' dir='ltr'><strong>miserari,</strong></span> <span class='ocrx_word' id='word_1_113' title='bbox 1111 1600 1207 1656; x_wconf 90' lang='lat' dir='ltr'><strong>sed</strong></span> <span class='ocrx_word' id='word_1_114' title='bbox 1249 1600 1567 1655; x_wconf 84' lang='lat' dir='ltr'><strong>nullomodo</strong></span> <span class='ocrx_word' id='word_1_115' title='bbox 1613 1614 1781 1669; x_wconf 88' lang='lat' dir='ltr'><strong>posse</strong></span> <span class='ocrx_word' id='word_1_116' title='bbox 1838 1596 2130 1665; x_wconf 81' lang='lat' dir='ltr'><strong>auxiliari,</strong></span> 
     </span>
    </p>
   </div>
   <div class='ocr_carea' id='block_1_18' title="bbox 537 1690 2133 1765">
    <p class='ocr_par' dir='ltr' id='par_1_18' title="bbox 537 1690 2133 1765">
     <span class='ocr_line' id='line_1_18' title="bbox 537 1690 2133 1765; baseline -0.003 -17"><span class='ocrx_word' id='word_1_117' title='bbox 537 1709 666 1749; x_wconf 89' lang='lat' dir='ltr'><strong>cum</strong></span> <span class='ocrx_word' id='word_1_118' title='bbox 700 1692 914 1765; x_wconf 81' lang='lat' dir='ltr'><strong>Anglici</strong></span> <span class='ocrx_word' id='word_1_119' title='bbox 935 1693 1229 1764; x_wconf 78' lang='lat' dir='ltr'><strong>optimates</strong></span> <span class='ocrx_word' id='word_1_120' title='bbox 1258 1694 1473 1748; x_wconf 88' lang='lat' dir='ltr'><strong>nullum</strong></span> <span class='ocrx_word' id='word_1_121' title='bbox 1512 1693 1562 1747; x_wconf 92' lang='lat' dir='ltr'><strong>ei</strong></span> <span class='ocrx_word' id='word_1_122' title='bbox 1596 1691 1824 1747; x_wconf 90' lang='lat' dir='ltr'><strong>fecerint</strong></span> <span class='ocrx_word' id='word_1_123' title='bbox 1847 1690 2133 1761; x_wconf 88' lang='lat' dir='ltr'><strong>jusjuran-</strong></span> 
     </span>
    </p>
   </div>
   <div class='ocr_carea' id='block_1_19' title="bbox 537 1774 2133 1857">
    <p class='ocr_par' dir='ltr' id='par_1_19' title="bbox 537 1774 2133 1857">
     <span class='ocr_line' id='line_1_19' title="bbox 537 1774 2133 1857; baseline -0.006 -14"><span class='ocrx_word' id='word_1_124' title='bbox 537 1788 703 1854; x_wconf 90' lang='lat' dir='ltr'><strong>dum;</strong></span> <span class='ocrx_word' id='word_1_125' title='bbox 728 1801 851 1857; x_wconf 83' lang='lat' dir='ltr'><strong>qua</strong></span> <span class='ocrx_word' id='word_1_126' title='bbox 879 1801 969 1843; x_wconf 91' lang='lat' dir='ltr'><strong>res</strong></span> <span class='ocrx_word' id='word_1_127' title='bbox 1004 1774 1282 1842; x_wconf 82' lang='lat' dir='ltr'><strong>indicabat</strong></span> <span class='ocrx_word' id='word_1_128' title='bbox 1312 1801 1343 1840; x_wconf 91' lang='lat' dir='ltr'><strong>a</strong></span> <span class='ocrx_word' id='word_1_129' title='bbox 1378 1784 1547 1840; x_wconf 82' lang='lat' dir='ltr'><strong>fratre</strong></span> <span class='ocrx_word' id='word_1_130' title='bbox 1574 1783 1843 1841; x_wconf 83' lang='lat' dir='ltr'><strong>auxilium</strong></span> <span class='ocrx_word' id='word_1_131' title='bbox 1873 1789 2133 1851; x_wconf 71' lang='lat' dir='ltr'><strong>expeten-</strong></span> 
     </span>
    </p>
   </div>
   <div class='ocr_carea' id='block_1_20' title="bbox 525 1874 2131 1949">
    <p class='ocr_par' dir='ltr' id='par_1_20' title="bbox 525 1874 2131 1949">
     <span class='ocr_line' id='line_1_20' title="bbox 525 1874 2131 1949; baseline -0.005 -14"><span class='ocrx_word' id='word_1_132' title='bbox 525 1879 692 1935; x_wconf 50' lang='lat' dir='ltr'><strong>‘dum.</strong></span> <span class='ocrx_word' id='word_1_133' title='bbox 747 1877 844 1933; x_wconf 82' lang='lat' dir='ltr'><strong>llis</strong></span> <span class='ocrx_word' id='word_1_134' title='bbox 867 1877 942 1933; x_wconf 90' lang='lat' dir='ltr'><strong>ita</strong></span> <span class='ocrx_word' id='word_1_135' title='bbox 975 1877 1173 1949; x_wconf 89' lang='lat' dir='ltr'><strong>gestis,</strong></span> <span class='ocrx_word' id='word_1_136' title='bbox 1199 1876 1503 1931; x_wconf 82' lang='lat' dir='ltr'><strong>Edwardus</strong></span> <span class='ocrx_word' id='word_1_137' title='bbox 1532 1874 1988 1930; x_wconf 85' lang='lat' dir='ltr'><strong>Northmanniam</strong></span> <span class='ocrx_word' id='word_1_138' title='bbox 2041 1887 2131 1927; x_wconf 91' lang='lat' dir='ltr'><strong>rc-</strong></span> 
     </span>
    </p>
   </div>
   <div class='ocr_carea' id='block_1_21' title="bbox 528 1965 2133 2041">
    <p class='ocr_par' dir='ltr' id='par_1_21' title="bbox 528 1965 2133 2041">
     <span class='ocr_line' id='line_1_21' title="bbox 528 1965 2133 2041; baseline -0.006 -14"><span class='ocrx_word' id='word_1_139' title='bbox 528 1972 783 2038; x_wconf 72' lang='lat' dir='ltr'><strong>vebitur,</strong></span> <span class='ocrx_word' id='word_1_140' title='bbox 811 1980 863 2025; x_wconf 90' lang='lat' dir='ltr'><strong>et</strong></span> <span class='ocrx_word' id='word_1_141' title='bbox 896 1985 1052 2026; x_wconf 89' lang='lat' dir='ltr'><strong>mens</strong></span> <span class='ocrx_word' id='word_1_142' title='bbox 1078 1969 1280 2041; x_wconf 82' lang='lat' dir='ltr'><strong>regina</strong></span> <span class='ocrx_word' id='word_1_143' title='bbox 1308 1969 1437 2040; x_wconf 91' lang='lat' dir='ltr'><strong>quid</strong></span> <span class='ocrx_word' id='word_1_144' title='bbox 1489 1968 1591 2025; x_wconf 83' lang='lat' dir='ltr'><strong>sibi</strong></span> <span class='ocrx_word' id='word_1_145' title='bbox 1638 1966 1779 2022; x_wconf 88' lang='lat' dir='ltr'><strong>foret</strong></span> <span class='ocrx_word' id='word_1_146' title='bbox 1826 1965 2133 2037; x_wconf 86' lang='lat' dir='ltr'><strong>agendum,</strong></span> 
     </span>
    </p>
   </div>
   <div class='ocr_carea' id='block_1_22' title="bbox 527 2058 2133 2133">
    <p class='ocr_par' dir='ltr' id='par_1_22' title="bbox 527 2058 2133 2133">
     <span class='ocr_line' id='line_1_22' title="bbox 527 2058 2133 2133; baseline -0.004 -13"><span class='ocrx_word' id='word_1_147' title='bbox 527 2066 704 2120; x_wconf 78' lang='lat' dir='ltr'><strong>‘etiam</strong></span> <span class='ocrx_word' id='word_1_148' title='bbox 728 2080 876 2120; x_wconf 90' lang='lat' dir='ltr'><strong>nunc</strong></span> <span class='ocrx_word' id='word_1_149' title='bbox 902 2072 1212 2120; x_wconf 86' lang='lat' dir='ltr'><strong>cunctatur.</strong></span> <span class='ocrx_word' id='word_1_150' title='bbox 1258 2062 1391 2119; x_wconf 88' lang='lat' dir='ltr'><strong>Post</strong></span> <span class='ocrx_word' id='word_1_151' title='bbox 1418 2062 1578 2133; x_wconf 85' lang='lat' dir='ltr'><strong>cujus</strong></span> <span class='ocrx_word' id='word_1_152' title='bbox 1602 2060 1861 2127; x_wconf 90' lang='lat' dir='ltr'><strong>reditum,</strong></span> <span class='ocrx_word' id='word_1_153' title='bbox 1909 2058 2133 2114; x_wconf 87' lang='lat' dir='ltr'><strong>nuntios</strong></span> 
     </span>
    </p>
   </div>
   <div class='ocr_carea' id='block_1_23' title="bbox 532 2136 2135 2227">
    <p class='ocr_par' dir='ltr' id='par_1_23' title="bbox 532 2136 2135 2227">
     <span class='ocr_line' id='line_1_23' title="bbox 532 2136 2135 2227; baseline -0.004 -18"><span class='ocrx_word' id='word_1_154' title='bbox 532 2154 945 2211; x_wconf 79' lang='lat' dir='ltr'><strong>Hardecnutoni</strong></span> <span class='ocrx_word' id='word_1_155' title='bbox 979 2154 1092 2209; x_wconf 90' lang='lat' dir='ltr'><strong>filio</strong></span> <span class='ocrx_word' id='word_1_156' title='bbox 1118 2171 1220 2211; x_wconf 92' lang='lat' dir='ltr'><strong>suo</strong></span> <span class='ocrx_word' id='word_1_157' title='bbox 1244 2155 1407 2227; x_wconf 88' lang='lat' dir='ltr'><strong>legat,</strong></span> <span class='ocrx_word' id='word_1_158' title='bbox 1438 2154 1531 2225; x_wconf 89' lang='lat' dir='ltr'><strong>qui</strong></span> <span class='ocrx_word' id='word_1_159' title='bbox 1560 2162 1690 2208; x_wconf 90' lang='lat' dir='ltr'><strong>tunc</strong></span> <span class='ocrx_word' id='word_1_160' title='bbox 1712 2136 1975 2222; x_wconf 83' lang='lat' dir='ltr'><strong>temporis</strong></span> <span class='ocrx_word' id='word_1_161' title='bbox 1997 2149 2135 2221; x_wconf 87' lang='lat' dir='ltr'><strong>regi-</strong></span> 
     </span>
    </p>
   </div>
   <div class='ocr_carea' id='block_1_24' title="bbox 538 2242 2132 2319">
    <p class='ocr_par' dir='ltr' id='par_1_24' title="bbox 538 2242 2132 2319">
     <span class='ocr_line' id='line_1_24' title="bbox 538 2242 2132 2319; baseline -0.005 -16"><span class='ocrx_word' id='word_1_162' title='bbox 538 2264 665 2304; x_wconf 90' lang='lat' dir='ltr'><strong>men</strong></span> <span class='ocrx_word' id='word_1_163' title='bbox 695 2247 974 2303; x_wconf 85' lang='lat' dir='ltr'><strong>Danorum</strong></span> <span class='ocrx_word' id='word_1_164' title='bbox 999 2246 1301 2314; x_wconf 81' lang='lat' dir='ltr'><strong>obtinebat,</strong></span> <span class='ocrx_word' id='word_1_165' title='bbox 1331 2262 1429 2319; x_wconf 90' lang='lat' dir='ltr'><strong>per</strong></span> <span class='ocrx_word' id='word_1_166' title='bbox 1452 2261 1593 2318; x_wconf 84' lang='lat' dir='ltr'><strong>quos</strong></span> <span class='ocrx_word' id='word_1_167' title='bbox 1624 2244 1709 2300; x_wconf 90' lang='lat' dir='ltr'><strong>sui</strong></span> <span class='ocrx_word' id='word_1_168' title='bbox 1738 2243 1953 2299; x_wconf 83' lang='lat' dir='ltr'><strong>doloris</strong></span> <span class='ocrx_word' id='word_1_169' title='bbox 1974 2242 2132 2296; x_wconf 83' lang='lat' dir='ltr'><strong>novi-</strong></span> 
     </span>
    </p>
   </div>
   <div class='ocr_carea' id='block_1_25' title="bbox 540 2338 2136 2413">
    <p class='ocr_par' dir='ltr' id='par_1_25' title="bbox 540 2338 2136 2413">
     <span class='ocr_line' id='line_1_25' title="bbox 540 2338 2136 2413; baseline -0.006 -16"><span class='ocrx_word' id='word_1_170' title='bbox 540 2352 708 2398; x_wconf 87' lang='lat' dir='ltr'><strong>tatem</strong></span> <span class='ocrx_word' id='word_1_171' title='bbox 736 2342 914 2413; x_wconf 82' lang='lat' dir='ltr'><strong>aperit</strong></span> <span class='ocrx_word' id='word_1_172' title='bbox 944 2350 1002 2399; x_wconf 91' lang='lat' dir='ltr'><strong>et</strong></span> <span class='ocrx_word' id='word_1_173' title='bbox 1034 2348 1093 2397; x_wconf 92' lang='lat' dir='ltr'><strong>ut</strong></span> <span class='ocrx_word' id='word_1_174' title='bbox 1130 2341 1200 2398; x_wconf 88' lang='lat' dir='ltr'><strong>ad</strong></span> <span class='ocrx_word' id='word_1_175' title='bbox 1229 2357 1290 2398; x_wconf 88' lang='lat' dir='ltr'><strong>se</strong></span> <span class='ocrx_word' id='word_1_176' title='bbox 1324 2340 1510 2397; x_wconf 84' lang='lat' dir='ltr'><strong>venire</strong></span> <span class='ocrx_word' id='word_1_177' title='bbox 1538 2338 1869 2410; x_wconf 85' lang='lat' dir='ltr'><strong>quantocius</strong></span> <span class='ocrx_word' id='word_1_178' title='bbox 1899 2341 2136 2391; x_wconf 82' lang='lat' dir='ltr'><strong>maturet</strong></span> 
     </span>
    </p>
   </div>
   <div class='ocr_carea' id='block_1_26' title="bbox 536 2425 2131 2505">
    <p class='ocr_par' dir='ltr' id='par_1_26' title="bbox 536 2425 2131 2505">
     <span class='ocr_line' id='line_1_26' title="bbox 536 2425 2131 2505; baseline -0.006 -16"><span class='ocrx_word' id='word_1_179' title='bbox 536 2434 692 2505; x_wconf 88' lang='lat' dir='ltr'><strong>petit.</strong></span> <span class='ocrx_word' id='word_1_180' title='bbox 732 2434 906 2505; x_wconf 90' lang='lat' dir='ltr'><strong>Cujus</strong></span> <span class='ocrx_word' id='word_1_181' title='bbox 936 2448 1100 2491; x_wconf 83' lang='lat' dir='ltr'><strong>aures</strong></span> <span class='ocrx_word' id='word_1_182' title='bbox 1125 2442 1185 2494; x_wconf 91' lang='lat' dir='ltr'><strong>ut</strong></span> <span class='ocrx_word' id='word_1_183' title='bbox 1214 2432 1352 2488; x_wconf 89' lang='lat' dir='ltr'><strong>tanti</strong></span> <span class='ocrx_word' id='word_1_184' title='bbox 1390 2430 1516 2486; x_wconf 87' lang='lat' dir='ltr'><strong>scel.</strong></span> <span class='ocrx_word' id='word_1_185' title='bbox 1536 2430 1613 2485; x_wconf 89' lang='lat' dir='ltr'><strong>ris</strong></span> <span class='ocrx_word' id='word_1_186' title='bbox 1646 2430 1845 2483; x_wconf 85' lang='lat' dir='ltr'><strong>horror</strong></span> <span class='ocrx_word' id='word_1_187' title='bbox 1874 2425 2131 2491; x_wconf 89' lang='lat' dir='ltr'><strong>incussit,</strong></span> 
     </span>
    </p>
   </div>
   <div class='ocr_carea' id='block_1_27' title="bbox 538 2519 2136 2607">
    <p class='ocr_par' dir='ltr' id='par_1_27' title="bbox 538 2519 2136 2607">
     <span class='ocr_line' id='line_1_27' title="bbox 538 2519 2136 2607; baseline -0.005 -25"><span class='ocrx_word' id='word_1_188' title='bbox 538 2526 720 2599; x_wconf 86' lang='lat' dir='ltr'><strong>primo</strong></span> <span class='ocrx_word' id='word_1_189' title='bbox 744 2527 993 2583; x_wconf 89' lang='lat' dir='ltr'><strong>omnium</strong></span> <span class='ocrx_word' id='word_1_190' title='bbox 1033 2541 1189 2583; x_wconf 91' lang='lat' dir='ltr'><strong>mens</strong></span> <span class='ocrx_word' id='word_1_191' title='bbox 1216 2524 1338 2596; x_wconf 92' lang='lat' dir='ltr'><strong>ejus</strong></span> <span class='ocrx_word' id='word_1_192' title='bbox 1362 2522 1692 2579; x_wconf 87' lang='lat' dir='ltr'><strong>intolerabili</strong></span> <span class='ocrx_word' id='word_1_193' title='bbox 1723 2522 1924 2607; x_wconf 84' lang='lat' dir='ltr'><strong>obtusa</strong></span> <span class='ocrx_word' id='word_1_194' title='bbox 1945 2519 2136 2575; x_wconf 90' lang='lat' dir='ltr'><strong>dolore</strong></span> 
     </span>
    </p>
   </div>
   <div class='ocr_carea' id='block_1_28' title="bbox 541 2612 2136 2682">
    <p class='ocr_par' dir='ltr' id='par_1_28' title="bbox 541 2612 2136 2682">
     <span class='ocr_line' id='line_1_28' title="bbox 541 2612 2136 2682; baseline -0.004 -7"><span class='ocrx_word' id='word_1_195' title='bbox 541 2622 600 2675; x_wconf 91' lang='lat' dir='ltr'><strong>in</strong></span> <span class='ocrx_word' id='word_1_196' title='bbox 629 2620 967 2677; x_wconf 86' lang='lat' dir='ltr'><strong>consulendo</strong></span> <span class='ocrx_word' id='word_1_197' title='bbox 999 2618 1222 2676; x_wconf 89' lang='lat' dir='ltr'><strong>fatiscit.</strong></span> <span class='ocrx_word' id='word_1_198' title='bbox 1266 2618 1504 2673; x_wconf 78' lang='lat' dir='ltr'><strong>Ardebat</strong></span> <span class='ocrx_word' id='word_1_199' title='bbox 1525 2616 1670 2672; x_wconf 92' lang='lat' dir='ltr'><strong>enim</strong></span> <span class='ocrx_word' id='word_1_200' title='bbox 1704 2616 1890 2671; x_wconf 91' lang='lat' dir='ltr'><strong>animo</strong></span> <span class='ocrx_word' id='word_1_201' title='bbox 1910 2656 1925 2682; x_wconf 92' lang='lat'><strong>,</strong></span> <span class='ocrx_word' id='word_1_202' title='bbox 1949 2612 2136 2669; x_wconf 76' lang='lat' dir='ltr'><strong>fratris</strong></span> 
     </span>
    </p>
   </div>
   <div class='ocr_carea' id='block_1_29' title="bbox 547 2706 2131 2784">
    <p class='ocr_par' dir='ltr' id='par_1_29' title="bbox 547 2706 2131 2784">
     <span class='ocr_line' id='line_1_29' title="bbox 547 2706 2131 2784; baseline -0.006 -17"><span class='ocrx_word' id='word_1_203' title='bbox 547 2713 783 2784; x_wconf 88' lang='lat' dir='ltr'><strong>injurias</strong></span> <span class='ocrx_word' id='word_1_204' title='bbox 807 2713 983 2769; x_wconf 84' lang='lat' dir='ltr'><strong>ultum</strong></span> <span class='ocrx_word' id='word_1_205' title='bbox 1008 2711 1232 2778; x_wconf 87' lang='lat' dir='ltr'><strong>ire,imo</strong></span> <span class='ocrx_word' id='word_1_206' title='bbox 1247 2711 1412 2766; x_wconf 88' lang='lat' dir='ltr'><strong>etiam</strong></span> <span class='ocrx_word' id='word_1_207' title='bbox 1441 2709 1634 2765; x_wconf 86' lang='lat' dir='ltr'><strong>matris</strong></span> <span class='ocrx_word' id='word_1_208' title='bbox 1654 2706 2131 2779; x_wconf 86' lang='lat' dir='ltr'><strong>legationiparere.</strong></span> 
     </span>
    </p>
   </div>
   <div class='ocr_carea' id='block_1_30' title="bbox 539 2798 2138 2875">
    <p class='ocr_par' dir='ltr' id='par_1_30' title="bbox 539 2798 2138 2875">
     <span class='ocr_line' id='line_1_30' title="bbox 539 2798 2138 2875; baseline -0.008 -12"><span class='ocrx_word' id='word_1_209' title='bbox 539 2805 682 2863; x_wconf 79' lang='lat' dir='ltr'><strong>Hinc</strong></span> <span class='ocrx_word' id='word_1_210' title='bbox 722 2805 940 2875; x_wconf 88' lang='lat' dir='ltr'><strong>utrique</strong></span> <span class='ocrx_word' id='word_1_211' title='bbox 966 2804 1047 2859; x_wconf 89' lang='lat' dir='ltr'><strong>rei</strong></span> <span class='ocrx_word' id='word_1_212' title='bbox 1070 2804 1406 2874; x_wconf 88' lang='lat' dir='ltr'><strong>pravidens,</strong></span> <span class='ocrx_word' id='word_1_213' title='bbox 1456 2817 1621 2871; x_wconf 90' lang='lat' dir='ltr'><strong>quam</strong></span> <span class='ocrx_word' id='word_1_214' title='bbox 1664 2798 1934 2854; x_wconf 90' lang='lat' dir='ltr'><strong>maximas</strong></span> <span class='ocrx_word' id='word_1_215' title='bbox 1957 2804 2138 2868; x_wconf 89' lang='lat' dir='ltr'><strong>potest</strong></span> 
     </span>
    </p>
   </div>
   <div class='ocr_carea' id='block_1_31' title="bbox 540 2887 2137 2965">
    <p class='ocr_par' dir='ltr' id='par_1_31' title="bbox 540 2887 2137 2965">
     <span class='ocr_line' id='line_1_31' title="bbox 540 2887 2137 2965; baseline -0.006 -15"><span class='ocrx_word' id='word_1_216' title='bbox 540 2894 763 2950; x_wconf 77' lang='lat' dir='ltr'><strong>navium</strong></span> <span class='ocrx_word' id='word_1_217' title='bbox 800 2894 1145 2963; x_wconf 85' lang='lat' dir='ltr'><strong>militumque</strong></span> <span class='ocrx_word' id='word_1_218' title='bbox 1178 2891 1410 2965; x_wconf 86' lang='lat' dir='ltr'><strong>[copias,</strong></span> <span class='ocrx_word' id='word_1_219' title='bbox 1442 2890 1539 2945; x_wconf 81' lang='lat' dir='ltr'><strong>En.</strong></span> <span class='ocrx_word' id='word_1_220' title='bbox 1576 2887 1664 2961; x_wconf 86' lang='lat' dir='ltr'><strong>P.]</strong></span> <span class='ocrx_word' id='word_1_221' title='bbox 1689 2896 1873 2959; x_wconf 87' lang='lat' dir='ltr'><strong>parat,</strong></span> <span class='ocrx_word' id='word_1_222' title='bbox 1899 2901 2137 2956; x_wconf 89' lang='lat' dir='ltr'><strong>quorum</strong></span> 
     </span>
    </p>
   </div>
   <div class='ocr_carea' id='block_1_32' title="bbox 538 2966 2137 3057">
    <p class='ocr_par' dir='ltr' id='par_1_32' title="bbox 538 2966 2137 3057">
     <span class='ocr_line' id='line_1_32' title="bbox 538 2966 2137 3057; baseline -0.006 -17"><span class='ocrx_word' id='word_1_223' title='bbox 538 2966 864 3057; x_wconf 72' lang='lat' dir='ltr'><strong>ampliorem</strong></span> <span class='ocrx_word' id='word_1_224' title='bbox 878 2999 1169 3039; x_wconf 86' lang='lat' dir='ltr'><strong>numerum</strong></span> <span class='ocrx_word' id='word_1_225' title='bbox 1196 2983 1435 3054; x_wconf 75' lang='lat' dir='ltr'><strong>quodam</strong></span> <span class='ocrx_word' id='word_1_226' title='bbox 1450 2980 1621 3035; x_wconf 87' lang='lat' dir='ltr'><strong>maris</strong></span> <span class='ocrx_word' id='word_1_227' title='bbox 1632 2980 1687 3034; x_wconf 93' lang='lat' dir='ltr'><strong>in</strong></span> <span class='ocrx_word' id='word_1_228' title='bbox 1700 2978 1949 3034; x_wconf 87' lang='lat' dir='ltr'><strong>anfractu</strong></span> <span class='ocrx_word' id='word_1_229' title='bbox 1969 2977 2137 3032; x_wconf 86' lang='lat' dir='ltr'><strong>collo-</strong></span> 
     </span>
    </p>
   </div>
   <div class='ocr_carea' id='block_1_33' title="bbox 538 3070 2135 3150">
    <p class='ocr_par' dir='ltr' id='par_1_33' title="bbox 538 3070 2135 3150">
     <span class='ocr_line' id='line_1_33' title="bbox 538 3070 2135 3150; baseline -0.008 -14"><span class='ocrx_word' id='word_1_230' title='bbox 538 3079 759 3150; x_wconf 85' lang='lat' dir='ltr'><strong>cat,qui</strong></span> <span class='ocrx_word' id='word_1_231' title='bbox 782 3077 829 3135; x_wconf 92' lang='lat' dir='ltr'><strong>si</strong></span> <span class='ocrx_word' id='word_1_232' title='bbox 850 3077 1243 3133; x_wconf 89' lang='lat' dir='ltr'><strong>intereundum</strong></span> <span class='ocrx_word' id='word_1_233' title='bbox 1264 3075 1371 3131; x_wconf 91' lang='lat' dir='ltr'><strong>sibi</strong></span> <span class='ocrx_word' id='word_1_234' title='bbox 1381 3072 1848 3145; x_wconf 88' lang='lat' dir='ltr'><strong>copiapugnandi,</strong></span> <span class='ocrx_word' id='word_1_235' title='bbox 1862 3086 1958 3127; x_wconf 90' lang='lat' dir='ltr'><strong>seu</strong></span> <span class='ocrx_word' id='word_1_236' title='bbox 1970 3070 2135 3126; x_wconf 89' lang='lat' dir='ltr'><strong>etiam</strong></span> 
     </span>
    </p>
   </div>
   <div class='ocr_carea' id='block_1_34' title="bbox 2168 1799 2212 1856">
    <p class='ocr_par' dir='ltr' id='par_1_34' title="bbox 2168 1799 2212 1856">
     <span class='ocr_line' id='line_1_34' title="bbox 2168 1799 2212 1856; baseline 0 0"><span class='ocrx_word' id='word_1_237' title='bbox 2168 1799 2212 1856; x_wconf 89' lang='lat' dir='ltr'><strong>B</strong></span> 
     </span>
    </p>
   </div>
   <div class='ocr_carea' id='block_1_35' title="bbox 2218 500 3811 573">
    <p class='ocr_par' dir='ltr' id='par_1_35' title="bbox 2218 500 3811 573">
     <span class='ocr_line' id='line_1_35' title="bbox 2218 500 3811 573; baseline 0.002 -18"><span class='ocrx_word' id='word_1_238' title='bbox 2218 502 2512 571; x_wconf 88' lang='lat' dir='ltr'><strong>prosperis</strong></span> <span class='ocrx_word' id='word_1_239' title='bbox 2536 500 2756 557; x_wconf 80' lang='lat' dir='ltr'><strong>ﬂatibus</strong></span> <span class='ocrx_word' id='word_1_240' title='bbox 2777 502 2934 558; x_wconf 89' lang='lat' dir='ltr'><strong>sinus</strong></span> <span class='ocrx_word' id='word_1_241' title='bbox 2963 502 3154 573; x_wconf 89' lang='lat' dir='ltr'><strong>pandit</strong></span> <span class='ocrx_word' id='word_1_242' title='bbox 3184 502 3466 570; x_wconf 83' lang='lat' dir='ltr'><strong>velorum;</strong></span> <span class='ocrx_word' id='word_1_243' title='bbox 3492 503 3687 573; x_wconf 79' lang='lat' dir='ltr'><strong>sicque</strong></span> <span class='ocrx_word' id='word_1_244' title='bbox 3722 518 3811 558; x_wconf 72' lang='grc' dir='ltr'><strong>ισ-</strong></span> 
     </span>
    </p>
   </div>
   <div class='ocr_carea' id='block_1_36' title="bbox 2236 594 3814 668">
    <p class='ocr_par' dir='ltr' id='par_1_36' title="bbox 2236 594 3814 668">
     <span class='ocr_line' id='line_1_36' title="bbox 2236 594 3814 668; baseline 0.004 -19"><span class='ocrx_word' id='word_1_245' title='bbox 2236 594 2416 649; x_wconf 88' lang='lat' dir='ltr'><strong>eundo</strong></span> <span class='ocrx_word' id='word_1_246' title='bbox 2463 609 2600 651; x_wconf 89' lang='lat' dir='ltr'><strong>usus</strong></span> <span class='ocrx_word' id='word_1_247' title='bbox 2646 611 2833 663; x_wconf 89' lang='lat' dir='ltr'><strong>cursu,</strong></span> <span class='ocrx_word' id='word_1_248' title='bbox 2883 595 2950 651; x_wconf 90' lang='lat' dir='ltr'><strong>ad</strong></span> <span class='ocrx_word' id='word_1_249' title='bbox 2992 594 3326 667; x_wconf 87' lang='lat' dir='ltr'><strong>Brugensem</strong></span> <span class='ocrx_word' id='word_1_250' title='bbox 3376 611 3499 653; x_wconf 82' lang='lat' dir='ltr'><strong>sese</strong></span> <span class='ocrx_word' id='word_1_251' title='bbox 3549 598 3814 668; x_wconf 75' lang='lat' dir='ltr'><strong>applicuit</strong></span> 
     </span>
    </p>
   </div>
   <div class='ocr_carea' id='block_1_37' title="bbox 2234 684 3814 758">
    <p class='ocr_par' dir='ltr' id='par_1_37' title="bbox 2234 684 3814 758">
     <span class='ocr_line' id='line_1_37' title="bbox 2234 684 3814 758; baseline 0.004 -19"><span class='ocrx_word' id='word_1_252' title='bbox 2234 694 2471 755; x_wconf 90' lang='lat' dir='ltr'><strong>portum.</strong></span> <span class='ocrx_word' id='word_1_253' title='bbox 2504 684 2603 742; x_wconf 83' lang='lat' dir='ltr'><strong>Hic</strong></span> <span class='ocrx_word' id='word_1_254' title='bbox 2630 686 2887 742; x_wconf 85' lang='lat' dir='ltr'><strong>anchoris</strong></span> <span class='ocrx_word' id='word_1_255' title='bbox 2920 686 3256 758; x_wconf 87' lang='lat' dir='ltr'><strong>rudibusque</strong></span> <span class='ocrx_word' id='word_1_256' title='bbox 3277 688 3509 747; x_wconf 80' lang='lat' dir='ltr'><strong>navibus</strong></span> <span class='ocrx_word' id='word_1_257' title='bbox 3534 688 3728 757; x_wconf 74' lang='lat' dir='ltr'><strong>afﬁxis,</strong></span> <span class='ocrx_word' id='word_1_258' title='bbox 3758 700 3814 746; x_wconf 87' lang='lat' dir='ltr'><strong>et</strong></span> 
     </span>
    </p>
   </div>
   <div class='ocr_carea' id='block_1_38' title="bbox 2235 777 3813 849">
    <p class='ocr_par' dir='ltr' id='par_1_38' title="bbox 2235 777 3813 849">
     <span class='ocr_line' id='line_1_38' title="bbox 2235 777 3813 849; baseline 0.005 -19"><span class='ocrx_word' id='word_1_259' title='bbox 2235 777 2419 832; x_wconf 88' lang='lat' dir='ltr'><strong>nautis</strong></span> <span class='ocrx_word' id='word_1_260' title='bbox 2443 778 2539 847; x_wconf 92' lang='lat' dir='ltr'><strong>qui</strong></span> <span class='ocrx_word' id='word_1_261' title='bbox 2565 792 2660 833; x_wconf 90' lang='lat' dir='ltr'><strong>eas</strong></span> <span class='ocrx_word' id='word_1_262' title='bbox 2702 786 2982 834; x_wconf 79' lang='lat' dir='ltr'><strong>servarent</strong></span> <span class='ocrx_word' id='word_1_263' title='bbox 3001 778 3291 849; x_wconf 89' lang='lat' dir='ltr'><strong>expeditis,</strong></span> <span class='ocrx_word' id='word_1_264' title='bbox 3316 789 3464 835; x_wconf 89' lang='lat' dir='ltr'><strong>recta</strong></span> <span class='ocrx_word' id='word_1_265' title='bbox 3490 796 3551 836; x_wconf 92' lang='lat' dir='ltr'><strong>se</strong></span> <span class='ocrx_word' id='word_1_266' title='bbox 3572 781 3662 835; x_wconf 90' lang='lat' dir='ltr'><strong>via</strong></span> <span class='ocrx_word' id='word_1_267' title='bbox 3684 798 3813 837; x_wconf 81' lang='lat' dir='ltr'><strong>cum</strong></span> 
     </span>
    </p>
   </div>
   <div class='ocr_carea' id='block_1_39' title="bbox 2233 864 3816 943">
    <p class='ocr_par' dir='ltr' id='par_1_39' title="bbox 2233 864 3816 943">
     <span class='ocr_line' id='line_1_39' title="bbox 2233 864 3816 943; baseline 0.004 -22"><span class='ocrx_word' id='word_1_268' title='bbox 2233 864 2460 924; x_wconf 89' lang='lat' dir='ltr'><strong>delectis</strong></span> <span class='ocrx_word' id='word_1_269' title='bbox 2505 869 2573 924; x_wconf 91' lang='lat' dir='ltr'><strong>ad</strong></span> <span class='ocrx_word' id='word_1_270' title='bbox 2603 869 2903 939; x_wconf 87' lang='lat' dir='ltr'><strong>hospitium</strong></span> <span class='ocrx_word' id='word_1_271' title='bbox 2940 869 3125 941; x_wconf 80' lang='lat' dir='ltr'><strong>dirigit</strong></span> <span class='ocrx_word' id='word_1_272' title='bbox 3175 871 3388 926; x_wconf 89' lang='lat' dir='ltr'><strong>matris.</strong></span> <span class='ocrx_word' id='word_1_273' title='bbox 3443 870 3635 937; x_wconf 84' lang='lat' dir='ltr'><strong>Qualis</strong></span> <span class='ocrx_word' id='word_1_274' title='bbox 3680 886 3816 943; x_wconf 82' lang='lat' dir='ltr'><strong>ergo</strong></span> 
     </span>
    </p>
   </div>
   <div class='ocr_carea' id='block_1_40' title="bbox 2233 960 3816 1031">
    <p class='ocr_par' dir='ltr' id='par_1_40' title="bbox 2233 960 3816 1031">
     <span class='ocr_line' id='line_1_40' title="bbox 2233 960 3816 1031; baseline 0.002 -16"><span class='ocrx_word' id='word_1_275' title='bbox 2233 974 2460 1027; x_wconf 78' lang='lat' dir='ltr'><strong>maror,</strong></span> <span class='ocrx_word' id='word_1_276' title='bbox 2514 960 2802 1030; x_wconf 88' lang='lat' dir='ltr'><strong>qualisque</strong></span> <span class='ocrx_word' id='word_1_277' title='bbox 2845 960 3031 1016; x_wconf 82' lang='lat' dir='ltr'><strong>latitia</strong></span> <span class='ocrx_word' id='word_1_278' title='bbox 3088 961 3146 1016; x_wconf 89' lang='lat' dir='ltr'><strong>in</strong></span> <span class='ocrx_word' id='word_1_279' title='bbox 3202 961 3323 1031; x_wconf 89' lang='lat' dir='ltr'><strong>ejus</strong></span> <span class='ocrx_word' id='word_1_280' title='bbox 3359 962 3597 1017; x_wconf 88' lang='lat' dir='ltr'><strong>adventu</strong></span> <span class='ocrx_word' id='word_1_281' title='bbox 3648 961 3816 1019; x_wconf 83' lang='lat' dir='ltr'><strong>fuerit</strong></span> 
     </span>
    </p>
   </div>
   <div class='ocr_carea' id='block_1_41' title="bbox 2232 1051 3817 1126">
    <p class='ocr_par' dir='ltr' id='par_1_41' title="bbox 2232 1051 3817 1126">
     <span class='ocr_line' id='line_1_41' title="bbox 2232 1051 3817 1126; baseline 0.001 -18"><span class='ocrx_word' id='word_1_282' title='bbox 2232 1060 2422 1108; x_wconf 89' lang='lat' dir='ltr'><strong>exorta</strong></span> <span class='ocrx_word' id='word_1_283' title='bbox 2449 1094 2464 1119; x_wconf 94' lang='lat'><strong>,</strong></span> <span class='ocrx_word' id='word_1_284' title='bbox 2506 1051 2653 1108; x_wconf 89' lang='lat' dir='ltr'><strong>nulla</strong></span> <span class='ocrx_word' id='word_1_285' title='bbox 2684 1052 2782 1107; x_wconf 89' lang='lat' dir='ltr'><strong>tibi</strong></span> <span class='ocrx_word' id='word_1_286' title='bbox 2806 1067 3049 1123; x_wconf 87' lang='lat' dir='ltr'><strong>unquam</strong></span> <span class='ocrx_word' id='word_1_287' title='bbox 3077 1054 3377 1124; x_wconf 81' lang='lat' dir='ltr'><strong>explicabit</strong></span> <span class='ocrx_word' id='word_1_288' title='bbox 3399 1055 3619 1126; x_wconf 80' lang='lat' dir='ltr'><strong>pagina.</strong></span> <span class='ocrx_word' id='word_1_289' title='bbox 3647 1053 3817 1110; x_wconf 88' lang='lat' dir='ltr'><strong>Dolor</strong></span> 
     </span>
    </p>
   </div>
   <div class='ocr_carea' id='block_1_42' title="bbox 2233 1142 3815 1216">
    <p class='ocr_par' dir='ltr' id='par_1_42' title="bbox 2233 1142 3815 1216">
     <span class='ocr_line' id='line_1_42' title="bbox 2233 1142 3815 1216; baseline 0.002 -18"><span class='ocrx_word' id='word_1_290' title='bbox 2233 1142 2379 1198; x_wconf 88' lang='lat' dir='ltr'><strong>haud</strong></span> <span class='ocrx_word' id='word_1_291' title='bbox 2407 1143 2657 1199; x_wconf 89' lang='lat' dir='ltr'><strong>modicus</strong></span> <span class='ocrx_word' id='word_1_292' title='bbox 2687 1143 3010 1211; x_wconf 86' lang='lat' dir='ltr'><strong>habebatur,</strong></span> <span class='ocrx_word' id='word_1_293' title='bbox 3041 1144 3173 1199; x_wconf 89' lang='lat' dir='ltr'><strong>dum</strong></span> <span class='ocrx_word' id='word_1_294' title='bbox 3207 1145 3263 1199; x_wconf 92' lang='lat' dir='ltr'><strong>in</strong></span> <span class='ocrx_word' id='word_1_295' title='bbox 3286 1145 3443 1201; x_wconf 82' lang='lat' dir='ltr'><strong>vultu</strong></span> <span class='ocrx_word' id='word_1_296' title='bbox 3466 1146 3588 1216; x_wconf 82' lang='lat' dir='ltr'><strong>ejus</strong></span> <span class='ocrx_word' id='word_1_297' title='bbox 3617 1142 3815 1201; x_wconf 78' lang='lat' dir='ltr'><strong>faciem</strong></span> 
     </span>
    </p>
   </div>
   <div class='ocr_carea' id='block_1_43' title="bbox 2230 1234 3815 1309">
    <p class='ocr_par' dir='ltr' id='par_1_43' title="bbox 2230 1234 3815 1309">
     <span class='ocr_line' id='line_1_43' title="bbox 2230 1234 3815 1309; baseline 0.003 -19"><span class='ocrx_word' id='word_1_298' title='bbox 2230 1236 2494 1305; x_wconf 86' lang='lat' dir='ltr'><strong>perempti</strong></span> <span class='ocrx_word' id='word_1_299' title='bbox 2536 1234 2721 1292; x_wconf 79' lang='lat' dir='ltr'><strong>fratris</strong></span> <span class='ocrx_word' id='word_1_300' title='bbox 2759 1244 2933 1291; x_wconf 88' lang='lat' dir='ltr'><strong>mater</strong></span> <span class='ocrx_word' id='word_1_301' title='bbox 2960 1236 3199 1307; x_wconf 91' lang='lat' dir='ltr'><strong>quadam</strong></span> <span class='ocrx_word' id='word_1_302' title='bbox 3246 1238 3639 1309; x_wconf 82' lang='lat' dir='ltr'><strong>imaginatione</strong></span> <span class='ocrx_word' id='word_1_303' title='bbox 3673 1254 3815 1301; x_wconf 76' lang='lat' dir='ltr'><strong>con-</strong></span> 
     </span>
    </p>
   </div>
   <div class='ocr_carea' id='block_1_44' title="bbox 2234 1326 3819 1401">
    <p class='ocr_par' dir='ltr' id='par_1_44' title="bbox 2234 1326 3819 1401">
     <span class='ocr_line' id='line_1_44' title="bbox 2234 1326 3819 1401; baseline 0.003 -20"><span class='ocrx_word' id='word_1_304' title='bbox 2234 1327 2609 1397; x_wconf 81' lang='lat' dir='ltr'><strong>templaretur.</strong></span> <span class='ocrx_word' id='word_1_305' title='bbox 2636 1326 2769 1384; x_wconf 87' lang='lat' dir='ltr'><strong>Item</strong></span> <span class='ocrx_word' id='word_1_306' title='bbox 2795 1327 2998 1399; x_wconf 84' lang='lat' dir='ltr'><strong>gaudio</strong></span> <span class='ocrx_word' id='word_1_307' title='bbox 3022 1344 3223 1401; x_wconf 87' lang='lat' dir='ltr'><strong>magno</strong></span> <span class='ocrx_word' id='word_1_308' title='bbox 3248 1330 3537 1401; x_wconf 81' lang='lat' dir='ltr'><strong>gaudebat,</strong></span> <span class='ocrx_word' id='word_1_309' title='bbox 3563 1330 3695 1385; x_wconf 89' lang='lat' dir='ltr'><strong>dum</strong></span> <span class='ocrx_word' id='word_1_310' title='bbox 3721 1345 3819 1385; x_wconf 81' lang='lat' dir='ltr'><strong>su-</strong></span> 
     </span>
    </p>
   </div>
   <div class='ocr_carea' id='block_1_45' title="bbox 2232 1419 3819 1490">
    <p class='ocr_par' dir='ltr' id='par_1_45' title="bbox 2232 1419 3819 1490">
     <span class='ocr_line' id='line_1_45' title="bbox 2232 1419 3819 1490; baseline 0.002 -15"><span class='ocrx_word' id='word_1_311' title='bbox 2232 1419 2513 1490; x_wconf 89' lang='lat' dir='ltr'><strong>perstitem</strong></span> <span class='ocrx_word' id='word_1_312' title='bbox 2542 1420 2758 1477; x_wconf 87' lang='lat' dir='ltr'><strong>salvum</strong></span> <span class='ocrx_word' id='word_1_313' title='bbox 2789 1420 2984 1479; x_wconf 86' lang='lat' dir='ltr'><strong>adesse</strong></span> <span class='ocrx_word' id='word_1_314' title='bbox 3025 1421 3131 1478; x_wconf 85' lang='lat' dir='ltr'><strong>sibi</strong></span> <span class='ocrx_word' id='word_1_315' title='bbox 3157 1422 3391 1478; x_wconf 86' lang='lat' dir='ltr'><strong>videbat.</strong></span> <span class='ocrx_word' id='word_1_316' title='bbox 3426 1420 3584 1478; x_wconf 89' lang='lat' dir='ltr'><strong>Unde</strong></span> <span class='ocrx_word' id='word_1_317' title='bbox 3607 1423 3819 1478; x_wconf 80' lang='lat' dir='ltr'><strong>viscera</strong></span> 
     </span>
    </p>
   </div>
   <div class='ocr_carea' id='block_1_46' title="bbox 2232 1513 3819 1589">
    <p class='ocr_par' dir='ltr' id='par_1_46' title="bbox 2232 1513 3819 1589">
     <span class='ocr_line' id='line_1_46' title="bbox 2232 1513 3819 1589; baseline -0.001 -15"><span class='ocrx_word' id='word_1_318' title='bbox 2232 1513 2432 1574; x_wconf 65' lang='lat' dir='ltr'><strong>divina</strong></span> <span class='ocrx_word' id='word_1_319' title='bbox 2463 1515 2855 1572; x_wconf 86' lang='lat' dir='ltr'><strong>misericordia</strong></span> <span class='ocrx_word' id='word_1_320' title='bbox 2882 1532 2944 1573; x_wconf 91' lang='lat' dir='ltr'><strong>se</strong></span> <span class='ocrx_word' id='word_1_321' title='bbox 2967 1518 3174 1574; x_wconf 86' lang='lat' dir='ltr'><strong>sciebat</strong></span> <span class='ocrx_word' id='word_1_322' title='bbox 3199 1520 3491 1589; x_wconf 87' lang='lat' dir='ltr'><strong>respicere,</strong></span> <span class='ocrx_word' id='word_1_323' title='bbox 3517 1534 3647 1575; x_wconf 90' lang='lat' dir='ltr'><strong>cum</strong></span> <span class='ocrx_word' id='word_1_324' title='bbox 3675 1534 3819 1573; x_wconf 88' lang='lat' dir='ltr'><strong>non-</strong></span> 
     </span>
    </p>
   </div>
   <div class='ocr_carea' id='block_1_47' title="bbox 2232 1605 3823 1683">
    <p class='ocr_par' dir='ltr' id='par_1_47' title="bbox 2232 1605 3823 1683">
     <span class='ocr_line' id='line_1_47' title="bbox 2232 1605 3823 1683; baseline 0.003 -21"><span class='ocrx_word' id='word_1_325' title='bbox 2232 1606 2364 1663; x_wconf 87' lang='lat' dir='ltr'><strong>dum</strong></span> <span class='ocrx_word' id='word_1_326' title='bbox 2395 1606 2489 1661; x_wconf 86' lang='lat' dir='ltr'><strong>tali</strong></span> <span class='ocrx_word' id='word_1_327' title='bbox 2525 1605 2884 1663; x_wconf 76' lang='lat' dir='ltr'><strong>frustraretur</strong></span> <span class='ocrx_word' id='word_1_328' title='bbox 2912 1610 3203 1666; x_wconf 89' lang='lat' dir='ltr'><strong>solamine.</strong></span> <span class='ocrx_word' id='word_1_329' title='bbox 3228 1609 3339 1667; x_wconf 81' lang='lat' dir='ltr'><strong>Nec</strong></span> <span class='ocrx_word' id='word_1_330' title='bbox 3366 1612 3532 1682; x_wconf 89' lang='lat' dir='ltr'><strong>longo</strong></span> <span class='ocrx_word' id='word_1_331' title='bbox 3556 1621 3682 1683; x_wconf 92' lang='lat' dir='ltr'><strong>post</strong></span> <span class='ocrx_word' id='word_1_332' title='bbox 3708 1612 3823 1667; x_wconf 84' lang='lat' dir='ltr'><strong>filio</strong></span> 
     </span>
    </p>
   </div>
   <div class='ocr_carea' id='block_1_48' title="bbox 2235 1703 3824 1774">
    <p class='ocr_par' dir='ltr' id='par_1_48' title="bbox 2235 1703 3824 1774">
     <span class='ocr_line' id='line_1_48' title="bbox 2235 1703 3824 1774; baseline 0.004 -21"><span class='ocrx_word' id='word_1_333' title='bbox 2235 1713 2363 1757; x_wconf 89' lang='lat' dir='ltr'><strong>eum</strong></span> <span class='ocrx_word' id='word_1_334' title='bbox 2394 1708 2568 1755; x_wconf 89' lang='lat' dir='ltr'><strong>matre</strong></span> <span class='ocrx_word' id='word_1_335' title='bbox 2598 1709 2848 1759; x_wconf 87' lang='lat' dir='ltr'><strong>morante</strong></span> <span class='ocrx_word' id='word_1_336' title='bbox 2871 1710 2926 1758; x_wconf 89' lang='lat' dir='ltr'><strong>et</strong></span> <span class='ocrx_word' id='word_1_337' title='bbox 2953 1711 3268 1763; x_wconf 79' lang='lat' dir='ltr'><strong>memorata</strong></span> <span class='ocrx_word' id='word_1_338' title='bbox 3291 1703 3526 1759; x_wconf 81' lang='lat' dir='ltr'><strong>visionis</strong></span> <span class='ocrx_word' id='word_1_339' title='bbox 3545 1704 3824 1774; x_wconf 87' lang='lat' dir='ltr'><strong>promissa</strong></span> 
     </span>
    </p>
   </div>
   <div class='ocr_carea' id='block_1_49' title="bbox 2237 1781 3819 1862">
    <p class='ocr_par' dir='ltr' id='par_1_49' title="bbox 2237 1781 3819 1862">
     <span class='ocr_line' id='line_1_49' title="bbox 2237 1781 3819 1862; baseline 0.001 -11"><span class='ocrx_word' id='word_1_340' title='bbox 2237 1781 2611 1862; x_wconf 79' lang='lat' dir='ltr'><strong>exspectante,</strong></span> <span class='ocrx_word' id='word_1_341' title='bbox 2640 1793 2817 1849; x_wconf 90' lang='lat' dir='ltr'><strong>nuntii</strong></span> <span class='ocrx_word' id='word_1_342' title='bbox 2852 1795 2976 1850; x_wconf 81' lang='lat' dir='ltr'><strong>lata</strong></span> <span class='ocrx_word' id='word_1_343' title='bbox 3006 1793 3242 1850; x_wconf 89' lang='lat' dir='ltr'><strong>ferentes</strong></span> <span class='ocrx_word' id='word_1_344' title='bbox 3264 1797 3457 1851; x_wconf 86' lang='lat' dir='ltr'><strong>nuntia</strong></span> <span class='ocrx_word' id='word_1_345' title='bbox 3504 1797 3819 1862; x_wconf 82' lang='lat' dir='ltr'><strong>adventant,</strong></span> 
     </span>
    </p>
   </div>
   <div class='ocr_carea' id='block_1_50' title="bbox 2233 1885 3822 1961">
    <p class='ocr_par' dir='ltr' id='par_1_50' title="bbox 2233 1885 3822 1961">
     <span class='ocr_line' id='line_1_50' title="bbox 2233 1885 3822 1961; baseline 0.003 -21"><span class='ocrx_word' id='word_1_346' title='bbox 2233 1886 2592 1957; x_wconf 85' lang='lat' dir='ltr'><strong>quividelicet</strong></span> <span class='ocrx_word' id='word_1_347' title='bbox 2612 1885 2907 1944; x_wconf 80' lang='lat' dir='ltr'><strong>Haraldum</strong></span> <span class='ocrx_word' id='word_1_348' title='bbox 2930 1899 3208 1943; x_wconf 87' lang='lat' dir='ltr'><strong>mortuum</strong></span> <span class='ocrx_word' id='word_1_349' title='bbox 3231 1891 3516 1957; x_wconf 89' lang='lat' dir='ltr'><strong>nuntiant;</strong></span> <span class='ocrx_word' id='word_1_350' title='bbox 3535 1890 3630 1961; x_wconf 91' lang='lat' dir='ltr'><strong>qui</strong></span> <span class='ocrx_word' id='word_1_351' title='bbox 3652 1891 3822 1945; x_wconf 89' lang='lat' dir='ltr'><strong>etiam</strong></span> 
     </span>
    </p>
   </div>
   <div class='ocr_carea' id='block_1_51' title="bbox 2234 1975 3826 2050">
    <p class='ocr_par' dir='ltr' id='par_1_51' title="bbox 2234 1975 3826 2050">
     <span class='ocr_line' id='line_1_51' title="bbox 2234 1975 3826 2050; baseline 0.003 -19"><span class='ocrx_word' id='word_1_352' title='bbox 2234 1975 2479 2033; x_wconf 89' lang='lat' dir='ltr'><strong>referunt</strong></span> <span class='ocrx_word' id='word_1_353' title='bbox 2511 1977 2769 2049; x_wconf 81' lang='lat' dir='ltr'><strong>Anglicus</strong></span> <span class='ocrx_word' id='word_1_354' title='bbox 2815 1980 2865 2034; x_wconf 91' lang='lat' dir='ltr'><strong>ei</strong></span> <span class='ocrx_word' id='word_1_355' title='bbox 2900 1979 3176 2050; x_wconf 87' lang='lat' dir='ltr'><strong>principes</strong></span> <span class='ocrx_word' id='word_1_356' title='bbox 3220 1981 3362 2036; x_wconf 86' lang='lat' dir='ltr'><strong>nolle</strong></span> <span class='ocrx_word' id='word_1_357' title='bbox 3395 1981 3696 2045; x_wconf 86' lang='lat' dir='ltr'><strong>adversari,</strong></span> <span class='ocrx_word' id='word_1_358' title='bbox 3727 1981 3826 2035; x_wconf 86' lang='lat' dir='ltr'><strong>sed</strong></span> 
     </span>
    </p>
   </div>
   <div class='ocr_carea' id='block_1_52' title="bbox 2234 2069 3824 2140">
    <p class='ocr_par' dir='ltr' id='par_1_52' title="bbox 2234 2069 3824 2140">
     <span class='ocr_line' id='line_1_52' title="bbox 2234 2069 3824 2140; baseline 0.003 -15"><span class='ocrx_word' id='word_1_359' title='bbox 2234 2069 2571 2125; x_wconf 88' lang='lat' dir='ltr'><strong>multimodis</strong></span> <span class='ocrx_word' id='word_1_360' title='bbox 2636 2069 3055 2140; x_wconf 89' lang='lat' dir='ltr'><strong>jubilationibus</strong></span> <span class='ocrx_word' id='word_1_361' title='bbox 3125 2072 3230 2127; x_wconf 91' lang='lat' dir='ltr'><strong>sibi</strong></span> <span class='ocrx_word' id='word_1_362' title='bbox 3292 2072 3592 2127; x_wconf 83' lang='lat' dir='ltr'><strong>conlatari.</strong></span> <span class='ocrx_word' id='word_1_363' title='bbox 3669 2069 3824 2129; x_wconf 58' lang='lat' dir='ltr'><strong>Unlc</strong></span> 
     </span>
    </p>
   </div>
   <div class='ocr_carea' id='block_1_53' title="bbox 2236 2160 3825 2231">
    <p class='ocr_par' dir='ltr' id='par_1_53' title="bbox 2236 2160 3825 2231">
     <span class='ocr_line' id='line_1_53' title="bbox 2236 2160 3825 2231; baseline -0.001 -16"><span class='ocrx_word' id='word_1_364' title='bbox 2236 2175 2466 2231; x_wconf 79' lang='lat' dir='ltr'><strong>regnum</strong></span> <span class='ocrx_word' id='word_1_365' title='bbox 2518 2160 2863 2216; x_wconf 84' lang='lat' dir='ltr'><strong>bareditario</strong></span> <span class='ocrx_word' id='word_1_366' title='bbox 2897 2160 3022 2231; x_wconf 88' lang='lat' dir='ltr'><strong>jure</strong></span> <span class='ocrx_word' id='word_1_367' title='bbox 3067 2160 3171 2221; x_wconf 88' lang='lat' dir='ltr'><strong>sibi</strong></span> <span class='ocrx_word' id='word_1_368' title='bbox 3230 2160 3469 2221; x_wconf 87' lang='lat' dir='ltr'><strong>debitum</strong></span> <span class='ocrx_word' id='word_1_369' title='bbox 3526 2175 3640 2218; x_wconf 88' lang='lat' dir='ltr'><strong>non</strong></span> <span class='ocrx_word' id='word_1_370' title='bbox 3673 2160 3825 2215; x_wconf 76' lang='lat' dir='ltr'><strong>dedi-</strong></span> 
     </span>
    </p>
   </div>
   <div class='ocr_carea' id='block_1_54' title="bbox 2237 2249 3826 2324">
    <p class='ocr_par' dir='ltr' id='par_1_54' title="bbox 2237 2249 3826 2324">
     <span class='ocr_line' id='line_1_54' title="bbox 2237 2249 3826 2324; baseline 0.002 -19"><span class='ocrx_word' id='word_1_371' title='bbox 2237 2260 2435 2322; x_wconf 90' lang='lat' dir='ltr'><strong>gnctur</strong></span> <span class='ocrx_word' id='word_1_372' title='bbox 2468 2259 2711 2322; x_wconf 88' lang='lat' dir='ltr'><strong>repetere</strong></span> <span class='ocrx_word' id='word_1_373' title='bbox 2738 2261 2793 2307; x_wconf 90' lang='lat' dir='ltr'><strong>et</strong></span> <span class='ocrx_word' id='word_1_374' title='bbox 2833 2269 2949 2309; x_wconf 81' lang='lat' dir='ltr'><strong>sua</strong></span> <span class='ocrx_word' id='word_1_375' title='bbox 2990 2252 3263 2324; x_wconf 85' lang='lat' dir='ltr'><strong>dignitati,</strong></span> <span class='ocrx_word' id='word_1_376' title='bbox 3310 2267 3611 2323; x_wconf 84' lang='lat' dir='ltr'><strong>eorumque</strong></span> <span class='ocrx_word' id='word_1_377' title='bbox 3661 2249 3826 2308; x_wconf 77' lang='lat' dir='ltr'><strong>saluti</strong></span> 
     </span>
    </p>
   </div>
   <div class='ocr_carea' id='block_1_55' title="bbox 2228 2340 3095 2412">
    <p class='ocr_par' dir='ltr' id='par_1_55' title="bbox 2228 2340 3095 2412">
     <span class='ocr_line' id='line_1_55' title="bbox 2228 2340 3095 2412; baseline 0.005 -16"><span class='ocrx_word' id='word_1_378' title='bbox 2228 2340 2387 2412; x_wconf 83' lang='lat' dir='ltr'><strong>juxta</strong></span> <span class='ocrx_word' id='word_1_379' title='bbox 2425 2342 2485 2405; x_wconf 85' lang='lat' dir='ltr'><strong>in</strong></span> <span class='ocrx_word' id='word_1_380' title='bbox 2510 2344 2753 2399; x_wconf 91' lang='lat' dir='ltr'><strong>medium</strong></span> <span class='ocrx_word' id='word_1_381' title='bbox 2785 2344 3095 2405; x_wconf 89' lang='lat' dir='ltr'><strong>consulere.</strong></span> 
     </span>
    </p>
   </div>
   <div class='ocr_carea' id='block_1_56' title="bbox 2305 2434 3830 2510">
    <p class='ocr_par' dir='ltr' id='par_1_56' title="bbox 2305 2434 3830 2510">
     <span class='ocr_line' id='line_1_56' title="bbox 2305 2434 3830 2510; baseline 0.004 -21"><span class='ocrx_word' id='word_1_382' title='bbox 2305 2434 2402 2491; x_wconf 81' lang='lat' dir='ltr'><strong>ilis</strong></span> <span class='ocrx_word' id='word_1_383' title='bbox 2443 2435 2792 2497; x_wconf 83' lang='lat' dir='ltr'><strong>Hardecnute</strong></span> <span class='ocrx_word' id='word_1_384' title='bbox 2823 2447 3107 2509; x_wconf 86' lang='lat' dir='ltr'><strong>materque</strong></span> <span class='ocrx_word' id='word_1_385' title='bbox 3158 2439 3384 2494; x_wconf 88' lang='lat' dir='ltr'><strong>animati</strong></span> <span class='ocrx_word' id='word_1_386' title='bbox 3418 2449 3666 2510; x_wconf 85' lang='lat' dir='ltr'><strong>repetere</strong></span> <span class='ocrx_word' id='word_1_387' title='bbox 3713 2448 3830 2495; x_wconf 76' lang='lat' dir='ltr'><strong>sta.—</strong></span> 
     </span>
    </p>
   </div>
   <div class='ocr_carea' id='block_1_57' title="bbox 2234 2529 3817 2603">
    <p class='ocr_par' dir='ltr' id='par_1_57' title="bbox 2234 2529 3817 2603">
     <span class='ocr_line' id='line_1_57' title="bbox 2234 2529 3817 2603; baseline 0.001 -20"><span class='ocrx_word' id='word_1_388' title='bbox 2234 2537 2396 2584; x_wconf 89' lang='lat' dir='ltr'><strong>tuunt</strong></span> <span class='ocrx_word' id='word_1_389' title='bbox 2442 2544 2570 2586; x_wconf 91' lang='lat' dir='ltr'><strong>oras</strong></span> <span class='ocrx_word' id='word_1_390' title='bbox 2622 2530 2752 2585; x_wconf 84' lang='lat' dir='ltr'><strong>aviti</strong></span> <span class='ocrx_word' id='word_1_391' title='bbox 2795 2530 2968 2603; x_wconf 83' lang='lat' dir='ltr'><strong>regni.</strong></span> <span class='ocrx_word' id='word_1_392' title='bbox 3014 2529 3187 2600; x_wconf 90' lang='lat' dir='ltr'><strong>Cujus</strong></span> <span class='ocrx_word' id='word_1_393' title='bbox 3228 2530 3308 2585; x_wconf 90' lang='lat' dir='ltr'><strong>rei</strong></span> <span class='ocrx_word' id='word_1_394' title='bbox 3347 2529 3495 2587; x_wconf 86' lang='lat' dir='ltr'><strong>fama</strong></span> <span class='ocrx_word' id='word_1_395' title='bbox 3539 2540 3601 2585; x_wconf 91' lang='lat' dir='ltr'><strong>ut</strong></span> <span class='ocrx_word' id='word_1_396' title='bbox 3633 2546 3817 2602; x_wconf 58' lang='lat' dir='ltr'><strong>pepua</strong></span> 
     </span>
    </p>
   </div>
   <div class='ocr_carea' id='block_1_58' title="bbox 2234 2622 3831 2692">
    <p class='ocr_par' dir='ltr' id='par_1_58' title="bbox 2234 2622 3831 2692">
     <span class='ocr_line' id='line_1_58' title="bbox 2234 2622 3831 2692; baseline 0.002 -17"><span class='ocrx_word' id='word_1_397' title='bbox 2234 2622 2378 2677; x_wconf 88' lang='lat' dir='ltr'><strong>lares</strong></span> <span class='ocrx_word' id='word_1_398' title='bbox 2399 2622 2615 2692; x_wconf 91' lang='lat' dir='ltr'><strong>impulit</strong></span> <span class='ocrx_word' id='word_1_399' title='bbox 2636 2638 2822 2690; x_wconf 87' lang='lat' dir='ltr'><strong>aures,</strong></span> <span class='ocrx_word' id='word_1_400' title='bbox 2847 2638 2979 2679; x_wconf 91' lang='lat' dir='ltr'><strong>mox</strong></span> <span class='ocrx_word' id='word_1_401' title='bbox 3003 2632 3202 2679; x_wconf 86' lang='lat' dir='ltr'><strong>cuncta</strong></span> <span class='ocrx_word' id='word_1_402' title='bbox 3217 2623 3403 2679; x_wconf 88' lang='lat' dir='ltr'><strong>dolore</strong></span> <span class='ocrx_word' id='word_1_403' title='bbox 3423 2632 3476 2678; x_wconf 90' lang='lat' dir='ltr'><strong>et</strong></span> <span class='ocrx_word' id='word_1_404' title='bbox 3496 2622 3649 2685; x_wconf 85' lang='lat' dir='ltr'><strong>luctu</strong></span> <span class='ocrx_word' id='word_1_405' title='bbox 3683 2638 3831 2682; x_wconf 69' lang='lat' dir='ltr'><strong>con-</strong></span> 
     </span>
    </p>
   </div>
   <div class='ocr_carea' id='block_1_59' title="bbox 2234 2710 3828 2783">
    <p class='ocr_par' dir='ltr' id='par_1_59' title="bbox 2234 2710 3828 2783">
     <span class='ocr_line' id='line_1_59' title="bbox 2234 2710 3828 2783; baseline -0.001 -17"><span class='ocrx_word' id='word_1_406' title='bbox 2234 2712 2370 2782; x_wconf 90' lang='lat' dir='ltr'><strong>pleri</strong></span> <span class='ocrx_word' id='word_1_407' title='bbox 2390 2728 2660 2767; x_wconf 89' lang='lat' dir='ltr'><strong>ccrncres.</strong></span> <span class='ocrx_word' id='word_1_408' title='bbox 2682 2711 2949 2768; x_wconf 86' lang='lat' dir='ltr'><strong>Dolebant</strong></span> <span class='ocrx_word' id='word_1_409' title='bbox 2970 2712 3117 2771; x_wconf 79' lang='lat' dir='ltr'><strong>enim</strong></span> <span class='ocrx_word' id='word_1_410' title='bbox 3137 2712 3332 2777; x_wconf 84' lang='lat' dir='ltr'><strong>divites</strong></span> <span class='ocrx_word' id='word_1_411' title='bbox 3353 2712 3473 2783; x_wconf 82' lang='lat' dir='ltr'><strong>ejus</strong></span> <span class='ocrx_word' id='word_1_412' title='bbox 3493 2710 3828 2778; x_wconf 83' lang='lat' dir='ltr'><strong>recessione,</strong></span> 
     </span>
    </p>
   </div>
   <div class='ocr_carea' id='block_1_60' title="bbox 2236 2804 3833 2874">
    <p class='ocr_par' dir='ltr' id='par_1_60' title="bbox 2236 2804 3833 2874">
     <span class='ocr_line' id='line_1_60' title="bbox 2236 2804 3833 2874; baseline 0.001 -15"><span class='ocrx_word' id='word_1_413' title='bbox 2236 2804 2394 2874; x_wconf 84' lang='lat' dir='ltr'><strong>cujus</strong></span> <span class='ocrx_word' id='word_1_414' title='bbox 2420 2819 2635 2874; x_wconf 89' lang='lat' dir='ltr'><strong>semper</strong></span> <span class='ocrx_word' id='word_1_415' title='bbox 2661 2806 2882 2860; x_wconf 88' lang='lat' dir='ltr'><strong>amabili</strong></span> <span class='ocrx_word' id='word_1_416' title='bbox 2921 2804 3243 2861; x_wconf 83' lang='lat' dir='ltr'><strong>fruebantur</strong></span> <span class='ocrx_word' id='word_1_417' title='bbox 3261 2806 3643 2861; x_wconf 87' lang='lat' dir='ltr'><strong>eollocutione.</strong></span> <span class='ocrx_word' id='word_1_418' title='bbox 3671 2804 3833 2861; x_wconf 83' lang='lat' dir='ltr'><strong>Dole-</strong></span> 
     </span>
    </p>
   </div>
   <div class='ocr_carea' id='block_1_61' title="bbox 2236 2893 3833 2966">
    <p class='ocr_par' dir='ltr' id='par_1_61' title="bbox 2236 2893 3833 2966">
     <span class='ocr_line' id='line_1_61' title="bbox 2236 2893 3833 2966; baseline 0.005 -19"><span class='ocrx_word' id='word_1_419' title='bbox 2236 2893 2367 2948; x_wconf 78' lang='lat' dir='ltr'><strong>bant</strong></span> <span class='ocrx_word' id='word_1_420' title='bbox 2390 2909 2657 2964; x_wconf 87' lang='lat' dir='ltr'><strong>pauperes</strong></span> <span class='ocrx_word' id='word_1_421' title='bbox 2667 2895 2787 2965; x_wconf 90' lang='lat' dir='ltr'><strong>ejus</strong></span> <span class='ocrx_word' id='word_1_422' title='bbox 2799 2895 3132 2963; x_wconf 88' lang='lat' dir='ltr'><strong>recessione,</strong></span> <span class='ocrx_word' id='word_1_423' title='bbox 3156 2896 3317 2965; x_wconf 88' lang='lat' dir='ltr'><strong>cujus</strong></span> <span class='ocrx_word' id='word_1_424' title='bbox 3335 2895 3560 2951; x_wconf 89' lang='lat' dir='ltr'><strong>diutinis</strong></span> <span class='ocrx_word' id='word_1_425' title='bbox 3588 2896 3833 2966; x_wconf 81' lang='lat' dir='ltr'><strong>largitio-</strong></span> 
     </span>
    </p>
   </div>
   <div class='ocr_carea' id='block_1_62' title="bbox 2238 2983 3832 3057">
    <p class='ocr_par' dir='ltr' id='par_1_62' title="bbox 2238 2983 3832 3057">
     <span class='ocr_line' id='line_1_62' title="bbox 2238 2983 3832 3057; baseline 0.002 -21"><span class='ocrx_word' id='word_1_426' title='bbox 2238 2983 2401 3039; x_wconf 86' lang='lat' dir='ltr'><strong>nibus</strong></span> <span class='ocrx_word' id='word_1_427' title='bbox 2448 2983 2519 3038; x_wconf 88' lang='lat' dir='ltr'><strong>ab</strong></span> <span class='ocrx_word' id='word_1_428' title='bbox 2565 2984 2822 3054; x_wconf 78' lang='lat' dir='ltr'><strong>egestatis</strong></span> <span class='ocrx_word' id='word_1_429' title='bbox 2868 2984 3295 3057; x_wconf 85' lang='lat' dir='ltr'><strong>defensabantur</strong></span> <span class='ocrx_word' id='word_1_430' title='bbox 3337 3000 3522 3040; x_wconf 85' lang='lat' dir='ltr'><strong>onere.</strong></span> <span class='ocrx_word' id='word_1_431' title='bbox 3562 2983 3832 3041; x_wconf 80' lang='lat' dir='ltr'><strong>Dolebam</strong></span> 
     </span>
    </p>
   </div>
   <div class='ocr_carea' id='block_1_63' title="bbox 2238 3075 3832 3148">
    <p class='ocr_par' dir='ltr' id='par_1_63' title="bbox 2238 3075 3832 3148">
     <span class='ocr_line' id='line_1_63' title="bbox 2238 3075 3832 3148; baseline 0.002 -19"><span class='ocrx_word' id='word_1_432' title='bbox 2238 3075 2418 3132; x_wconf 85' lang='lat' dir='ltr'><strong>vidua</strong></span> <span class='ocrx_word' id='word_1_433' title='bbox 2443 3091 2571 3131; x_wconf 91' lang='lat' dir='ltr'><strong>cum</strong></span> <span class='ocrx_word' id='word_1_434' title='bbox 2595 3077 2859 3147; x_wconf 89' lang='lat' dir='ltr'><strong>orphanis</strong></span> <span class='ocrx_word' id='word_1_435' title='bbox 2881 3093 3022 3148; x_wconf 92' lang='lat' dir='ltr'><strong>quos</strong></span> <span class='ocrx_word' id='word_1_436' title='bbox 3052 3077 3144 3131; x_wconf 91' lang='lat' dir='ltr'><strong>illa</strong></span> <span class='ocrx_word' id='word_1_437' title='bbox 3163 3087 3437 3133; x_wconf 90' lang='lat' dir='ltr'><strong>extractos</strong></span> <span class='ocrx_word' id='word_1_438' title='bbox 3479 3092 3641 3133; x_wconf 89' lang='lat' dir='ltr'><strong>sacro</strong></span> <span class='ocrx_word' id='word_1_439' title='bbox 3683 3076 3832 3132; x_wconf 79' lang='lat' dir='ltr'><strong>fonte</strong></span> 
     </span>
    </p>
   </div>
   <div class='ocr_carea' id='block_1_64' title="bbox 538 3163 3831 3254">
    <p class='ocr_par' dir='ltr' id='par_1_64' title="bbox 538 3163 3831 3254">
     <span class='ocr_line' id='line_1_64' title="bbox 538 3163 3831 3254; baseline -0.001 -26"><span class='ocrx_word' id='word_1_440' title='bbox 538 3171 842 3229; x_wconf 83' lang='lat' dir='ltr'><strong>necessitas</strong></span> <span class='ocrx_word' id='word_1_441' title='bbox 863 3169 1203 3254; x_wconf 82' lang='lat' dir='ltr'><strong>repugnandi</strong></span> <span class='ocrx_word' id='word_1_442' title='bbox 1231 3167 1534 3233; x_wconf 89' lang='lat' dir='ltr'><strong>accideret,</strong></span> <span class='ocrx_word' id='word_1_443' title='bbox 1571 3164 1827 3237; x_wconf 87' lang='lat' dir='ltr'><strong>prasidio</strong></span> <span class='ocrx_word' id='word_1_444' title='bbox 1872 3163 2136 3247; x_wconf 86' lang='lat' dir='ltr'><strong>adventa-</strong></span> <span class='ocrx_word' id='word_1_445' title='bbox 2163 3171 2206 3232; x_wconf 69' lang='grc' dir='ltr'><em>ε</em></span> <span class='ocrx_word' id='word_1_446' title='bbox 2237 3167 2582 3239; x_wconf 82' lang='lat' dir='ltr'><strong>baptismatis</strong></span> <span class='ocrx_word' id='word_1_447' title='bbox 2623 3185 2733 3224; x_wconf 84' lang='lat' dir='ltr'><strong>non</strong></span> <span class='ocrx_word' id='word_1_448' title='bbox 2776 3170 3007 3227; x_wconf 88' lang='lat' dir='ltr'><strong>modicis</strong></span> <span class='ocrx_word' id='word_1_449' title='bbox 3059 3170 3344 3226; x_wconf 87' lang='lat' dir='ltr'><strong>ditaverat.</strong></span> <span class='ocrx_word' id='word_1_450' title='bbox 3396 3168 3612 3236; x_wconf 90' lang='lat' dir='ltr'><strong>Quibus</strong></span> <span class='ocrx_word' id='word_1_451' title='bbox 3663 3170 3831 3241; x_wconf 84' lang='lat' dir='ltr'><strong>igitur</strong></span> 
     </span>
    </p>
   </div>
   <div class='ocr_carea' id='block_1_65' title="bbox 536 3255 2138 3333">
    <p class='ocr_par' dir='ltr' id='par_1_65' title="bbox 536 3255 2138 3333">
     <span class='ocr_line' id='line_1_65' title="bbox 536 3255 2138 3333; baseline -0.008 -12"><span class='ocrx_word' id='word_1_452' title='bbox 536 3274 645 3321; x_wconf 76' lang='lat' dir='ltr'><strong>ret.</strong></span> <span class='ocrx_word' id='word_1_453' title='bbox 677 3264 970 3331; x_wconf 85' lang='lat' dir='ltr'><strong>Caterum,</strong></span> <span class='ocrx_word' id='word_1_454' title='bbox 1005 3279 1114 3319; x_wconf 91' lang='lat' dir='ltr'><strong>non</strong></span> <span class='ocrx_word' id='word_1_455' title='bbox 1141 3262 1379 3333; x_wconf 89' lang='lat' dir='ltr'><strong>amplius</strong></span> <span class='ocrx_word' id='word_1_456' title='bbox 1402 3260 1590 3316; x_wconf 88' lang='lat' dir='ltr'><strong>decem</strong></span> <span class='ocrx_word' id='word_1_457' title='bbox 1618 3258 1851 3314; x_wconf 82' lang='lat' dir='ltr'><strong>navibus</strong></span> <span class='ocrx_word' id='word_1_458' title='bbox 1878 3272 1937 3313; x_wconf 92' lang='lat' dir='ltr'><strong>se</strong></span> <span class='ocrx_word' id='word_1_459' title='bbox 1966 3255 2138 3312; x_wconf 89' lang='lat' dir='ltr'><strong>comi-</strong></span> 
     </span>
    </p>
   </div>
   <div class='ocr_carea' id='block_1_66' title="bbox 540 3349 2137 3430">
    <p class='ocr_par' dir='ltr' id='par_1_66' title="bbox 540 3349 2137 3430">
     <span class='ocr_line' id='line_1_66' title="bbox 540 3349 2137 3430; baseline -0.007 -17"><span class='ocrx_word' id='word_1_460' title='bbox 540 3357 790 3413; x_wconf 84' lang='lat' dir='ltr'><strong>tantibus</strong></span> <span class='ocrx_word' id='word_1_461' title='bbox 816 3356 885 3412; x_wconf 90' lang='lat' dir='ltr'><strong>ad</strong></span> <span class='ocrx_word' id='word_1_462' title='bbox 907 3364 1138 3411; x_wconf 89' lang='lat' dir='ltr'><strong>matrem</strong></span> <span class='ocrx_word' id='word_1_463' title='bbox 1174 3354 1561 3426; x_wconf 80' lang='lat' dir='ltr'><strong>proficiscitur,</strong></span> <span class='ocrx_word' id='word_1_464' title='bbox 1598 3367 1721 3423; x_wconf 83' lang='lat' dir='ltr'><strong>qua</strong></span> <span class='ocrx_word' id='word_1_465' title='bbox 1756 3366 1868 3405; x_wconf 85' lang='lat' dir='ltr'><strong>non</strong></span> <span class='ocrx_word' id='word_1_466' title='bbox 1908 3349 2137 3430; x_wconf 85' lang='lat' dir='ltr'><strong>minima</strong></span> 
     </span>
    </p>
   </div>
   <div class='ocr_carea' id='block_1_67' title="bbox 544 3444 2135 3522">
    <p class='ocr_par' dir='ltr' id='par_1_67' title="bbox 544 3444 2135 3522">
     <span class='ocr_line' id='line_1_67' title="bbox 544 3444 2135 3522; baseline -0.006 -15"><span class='ocrx_word' id='word_1_467' title='bbox 544 3451 752 3507; x_wconf 89' lang='lat' dir='ltr'><strong>doloris</strong></span> <span class='ocrx_word' id='word_1_468' title='bbox 781 3450 1054 3505; x_wconf 78' lang='lat' dir='ltr'><strong>anxietate</strong></span> <span class='ocrx_word' id='word_1_469' title='bbox 1084 3448 1435 3522; x_wconf 87' lang='lat' dir='ltr'><strong>fatigabatur.</strong></span> <span class='ocrx_word' id='word_1_470' title='bbox 1477 3444 1617 3501; x_wconf 84' lang='lat' dir='ltr'><strong>Dum</strong></span> <span class='ocrx_word' id='word_1_471' title='bbox 1659 3446 1829 3517; x_wconf 90' lang='lat' dir='ltr'><strong>igitur</strong></span> <span class='ocrx_word' id='word_1_472' title='bbox 1871 3458 2135 3515; x_wconf 90' lang='lat' dir='ltr'><strong>prospero</strong></span> 
     </span>
    </p>
   </div>
   <div class='ocr_carea' id='block_1_68' title="bbox 537 3528 2134 3607">
    <p class='ocr_par' dir='ltr' id='par_1_68' title="bbox 537 3528 2134 3607">
     <span class='ocr_line' id='line_1_68' title="bbox 537 3528 2134 3607; baseline -0.006 -9"><span class='ocrx_word' id='word_1_473' title='bbox 537 3541 733 3598; x_wconf 88' lang='lat' dir='ltr'><strong>cursui</strong></span> <span class='ocrx_word' id='word_1_474' title='bbox 766 3540 960 3597; x_wconf 89' lang='lat' dir='ltr'><strong>intenti</strong></span> <span class='ocrx_word' id='word_1_475' title='bbox 1002 3556 1112 3596; x_wconf 92' lang='lat' dir='ltr'><strong>non</strong></span> <span class='ocrx_word' id='word_1_476' title='bbox 1153 3540 1316 3595; x_wconf 91' lang='lat' dir='ltr'><strong>modo</strong></span> <span class='ocrx_word' id='word_1_477' title='bbox 1348 3528 1600 3595; x_wconf 89' lang='lat' dir='ltr'><strong>certatim</strong></span> <span class='ocrx_word' id='word_1_478' title='bbox 1624 3550 1850 3607; x_wconf 89' lang='lat' dir='ltr'><strong>spumas</strong></span> <span class='ocrx_word' id='word_1_479' title='bbox 1873 3535 2004 3591; x_wconf 87' lang='lat' dir='ltr'><strong>salis</strong></span> <span class='ocrx_word' id='word_1_480' title='bbox 2025 3533 2134 3590; x_wconf 85' lang='lat' dir='ltr'><strong>are</strong></span> 
     </span>
    </p>
   </div>
   <div class='ocr_carea' id='block_1_69' title="bbox 544 3622 2138 3704">
    <p class='ocr_par' dir='ltr' id='par_1_69' title="bbox 544 3622 2138 3704">
     <span class='ocr_line' id='line_1_69' title="bbox 544 3622 2138 3704; baseline -0.005 -16"><span class='ocrx_word' id='word_1_481' title='bbox 544 3635 783 3689; x_wconf 88' lang='lat' dir='ltr'><strong>ruebant</strong></span> <span class='ocrx_word' id='word_1_482' title='bbox 804 3633 903 3704; x_wconf 74' lang='grc'>(2),</span> <span class='ocrx_word' id='word_1_483' title='bbox 928 3622 1117 3691; x_wconf 88' lang='lat' dir='ltr'><strong>verum</strong></span> <span class='ocrx_word' id='word_1_484' title='bbox 1142 3634 1306 3689; x_wconf 88' lang='lat' dir='ltr'><strong>etiam</strong></span> <span class='ocrx_word' id='word_1_485' title='bbox 1345 3646 1583 3702; x_wconf 83' lang='lat' dir='ltr'><strong>suppara</strong></span> <span class='ocrx_word' id='word_1_486' title='bbox 1606 3629 1854 3684; x_wconf 90' lang='lat' dir='ltr'><strong>velorum</strong></span> <span class='ocrx_word' id='word_1_487' title='bbox 1880 3625 2138 3683; x_wconf 90' lang='lat' dir='ltr'><strong>secundis</strong></span> 
     </span>
    </p>
   </div>
   <div class='ocr_carea' id='block_1_70' title="bbox 536 3710 2137 3793">
    <p class='ocr_par' dir='ltr' id='par_1_70' title="bbox 536 3710 2137 3793">
     <span class='ocr_line' id='line_1_70' title="bbox 536 3710 2137 3793; baseline -0.004 -14"><span class='ocrx_word' id='word_1_488' title='bbox 536 3725 767 3780; x_wconf 78' lang='lat' dir='ltr'><strong>ﬂatibus</strong></span> <span class='ocrx_word' id='word_1_489' title='bbox 792 3712 1151 3793; x_wconf 86' lang='lat' dir='ltr'><strong>attollebant,</strong></span> <span class='ocrx_word' id='word_1_490' title='bbox 1204 3736 1265 3779; x_wconf 92' lang='lat' dir='ltr'><strong>ut</strong></span> <span class='ocrx_word' id='word_1_491' title='bbox 1304 3722 1476 3779; x_wconf 91' lang='lat' dir='ltr'><strong>maris</strong></span> <span class='ocrx_word' id='word_1_492' title='bbox 1512 3721 1683 3777; x_wconf 86' lang='lat' dir='ltr'><strong>facies</strong></span> <span class='ocrx_word' id='word_1_493' title='bbox 1734 3710 1845 3777; x_wconf 87' lang='lat' dir='ltr'><strong>non</strong></span> <span class='ocrx_word' id='word_1_494' title='bbox 1894 3733 2137 3789; x_wconf 82' lang='lat' dir='ltr'><strong>unquam</strong></span> 
     </span>
    </p>
   </div>
   <div class='ocr_carea' id='block_1_71' title="bbox 538 3811 2139 3888">
    <p class='ocr_par' dir='ltr' id='par_1_71' title="bbox 538 3811 2139 3888">
     <span class='ocr_line' id='line_1_71' title="bbox 538 3811 2139 3888; baseline -0.002 -18"><span class='ocrx_word' id='word_1_495' title='bbox 538 3825 726 3882; x_wconf 84' lang='lat' dir='ltr'><strong>certa,</strong></span> <span class='ocrx_word' id='word_1_496' title='bbox 784 3816 879 3872; x_wconf 90' lang='lat' dir='ltr'><strong>sed</strong></span> <span class='ocrx_word' id='word_1_497' title='bbox 941 3832 1157 3888; x_wconf 87' lang='lat' dir='ltr'><strong>semper</strong></span> <span class='ocrx_word' id='word_1_498' title='bbox 1203 3816 1505 3872; x_wconf 84' lang='lat' dir='ltr'><strong>mobilitate</strong></span> <span class='ocrx_word' id='word_1_499' title='bbox 1557 3815 1785 3870; x_wconf 83' lang='lat' dir='ltr'><strong>ﬂatuum</strong></span> <span class='ocrx_word' id='word_1_500' title='bbox 1839 3811 2139 3887; x_wconf 71' lang='lat' dir='ltr'><strong>dubitanda</strong></span> 
     </span>
    </p>
   </div>
   <div class='ocr_carea' id='block_1_72' title="bbox 540 3906 2136 3982">
    <p class='ocr_par' dir='ltr' id='par_1_72' title="bbox 540 3906 2136 3982">
     <span class='ocr_line' id='line_1_72' title="bbox 540 3906 2136 3982; baseline -0.002 -22"><span class='ocrx_word' id='word_1_501' title='bbox 540 3906 780 3963; x_wconf 82' lang='lat' dir='ltr'><strong>habetur</strong></span> <span class='ocrx_word' id='word_1_502' title='bbox 806 3916 861 3964; x_wconf 89' lang='lat' dir='ltr'><strong>et</strong></span> <span class='ocrx_word' id='word_1_503' title='bbox 884 3908 1071 3975; x_wconf 83' lang='lat' dir='ltr'><strong>infida,</strong></span> <span class='ocrx_word' id='word_1_504' title='bbox 1102 3918 1324 3979; x_wconf 87' lang='lat' dir='ltr'><strong>repente</strong></span> <span class='ocrx_word' id='word_1_505' title='bbox 1354 3907 1498 3964; x_wconf 66' lang='lat' dir='ltr'><strong>foeda</strong></span> <span class='ocrx_word' id='word_1_506' title='bbox 1534 3915 1828 3979; x_wconf 89' lang='lat' dir='ltr'><strong>tempestas</strong></span> <span class='ocrx_word' id='word_1_507' title='bbox 1853 3914 2136 3982; x_wconf 73' lang='lat' dir='ltr'><strong>ventorum</strong></span> 
     </span>
    </p>
   </div>
   <div class='ocr_carea' id='block_1_73' title="bbox 544 3997 2139 4073">
    <p class='ocr_par' dir='ltr' id='par_1_73' title="bbox 544 3997 2139 4073">
     <span class='ocr_line' id='line_1_73' title="bbox 544 3997 2139 4073; baseline -0.001 -21"><span class='ocrx_word' id='word_1_508' title='bbox 544 4000 886 4071; x_wconf 84' lang='lat' dir='ltr'><strong>nubiumque</strong></span> <span class='ocrx_word' id='word_1_509' title='bbox 906 4017 937 4056; x_wconf 89' lang='lat' dir='ltr'><strong>a</strong></span> <span class='ocrx_word' id='word_1_510' title='bbox 963 4009 1115 4073; x_wconf 87' lang='lat' dir='ltr'><strong>tergo</strong></span> <span class='ocrx_word' id='word_1_511' title='bbox 1143 4000 1497 4073; x_wconf 88' lang='lat' dir='ltr'><strong>glomeratur,</strong></span> <span class='ocrx_word' id='word_1_512' title='bbox 1543 4010 1597 4056; x_wconf 92' lang='lat' dir='ltr'><strong>et</strong></span> <span class='ocrx_word' id='word_1_513' title='bbox 1626 4000 1777 4071; x_wconf 88' lang='lat' dir='ltr'><strong>ponti</strong></span> <span class='ocrx_word' id='word_1_514' title='bbox 1823 3997 2139 4070; x_wconf 83' lang='lat' dir='ltr'><strong>superﬁcies</strong></span> 
     </span>
    </p>
   </div>
   <div class='ocr_carea' id='block_1_74' title="bbox 545 4088 2139 4163">
    <p class='ocr_par' dir='ltr' id='par_1_74' title="bbox 545 4088 2139 4163">
     <span class='ocr_line' id='line_1_74' title="bbox 545 4088 2139 4163; baseline -0.001 -16"><span class='ocrx_word' id='word_1_515' title='bbox 545 4092 661 4162; x_wconf 88' lang='lat' dir='ltr'><strong>jam</strong></span> <span class='ocrx_word' id='word_1_516' title='bbox 703 4094 1217 4163; x_wconf 89' lang='lat' dir='ltr'><strong>supervenientibus</strong></span> <span class='ocrx_word' id='word_1_517' title='bbox 1249 4093 1453 4149; x_wconf 89' lang='lat' dir='ltr'><strong>austris</strong></span> <span class='ocrx_word' id='word_1_518' title='bbox 1486 4092 1758 4148; x_wconf 81' lang='lat' dir='ltr'><strong>turbatur.</strong></span> <span class='ocrx_word' id='word_1_519' title='bbox 1784 4088 2139 4161; x_wconf 82' lang='lat' dir='ltr'><strong>ltaquequod</strong></span> 
     </span>
    </p>
   </div>
   <div class='ocr_carea' id='block_1_75' title="bbox 543 4181 2139 4257">
    <p class='ocr_par' dir='ltr' id='par_1_75' title="bbox 543 4181 2139 4257">
     <span class='ocr_line' id='line_1_75' title="bbox 543 4181 2139 4257; baseline 0 -19"><span class='ocrx_word' id='word_1_520' title='bbox 543 4183 610 4238; x_wconf 83' lang='lat' dir='ltr'><strong>in</strong></span> <span class='ocrx_word' id='word_1_521' title='bbox 635 4194 744 4239; x_wconf 91' lang='lat' dir='ltr'><strong>tam</strong></span> <span class='ocrx_word' id='word_1_522' title='bbox 773 4186 949 4241; x_wconf 89' lang='lat' dir='ltr'><strong>atroci</strong></span> <span class='ocrx_word' id='word_1_523' title='bbox 975 4186 1197 4257; x_wconf 85' lang='lat' dir='ltr'><strong>negotio</strong></span> <span class='ocrx_word' id='word_1_524' title='bbox 1232 4187 1369 4242; x_wconf 89' lang='lat' dir='ltr'><strong>solet</strong></span> <span class='ocrx_word' id='word_1_525' title='bbox 1395 4186 1531 4253; x_wconf 81' lang='lat' dir='ltr'><strong>ﬁeri,</strong></span> <span class='ocrx_word' id='word_1_526' title='bbox 1568 4186 1826 4240; x_wconf 89' lang='lat' dir='ltr'><strong>anchora</strong></span> <span class='ocrx_word' id='word_1_527' title='bbox 1862 4183 1928 4238; x_wconf 92' lang='lat' dir='ltr'><strong>de</strong></span> <span class='ocrx_word' id='word_1_528' title='bbox 1958 4181 2139 4253; x_wconf 90' lang='lat' dir='ltr'><strong>proris</strong></span> 
     </span>
    </p>
   </div>
   <div class='ocr_carea' id='block_1_76' title="bbox 544 4268 2138 4347">
    <p class='ocr_par' dir='ltr' id='par_1_76' title="bbox 544 4268 2138 4347">
     <span class='ocr_line' id='line_1_76' title="bbox 544 4268 2138 4347; baseline 0 -18"><span class='ocrx_word' id='word_1_529' title='bbox 544 4276 706 4345; x_wconf 82' lang='lat' dir='ltr'><strong>jacta</strong></span> <span class='ocrx_word' id='word_1_530' title='bbox 743 4268 925 4331; x_wconf 88' lang='lat' dir='ltr'><strong>arenis</strong></span> <span class='ocrx_word' id='word_1_531' title='bbox 950 4275 1243 4347; x_wconf 72' lang='lat' dir='ltr'><strong>adiguntur</strong></span> <span class='ocrx_word' id='word_1_532' title='bbox 1287 4276 1461 4331; x_wconf 91' lang='lat' dir='ltr'><strong>fundi.</strong></span> <span class='ocrx_word' id='word_1_533' title='bbox 1490 4275 1624 4342; x_wconf 88' lang='lat' dir='ltr'><strong>Qua</strong></span> <span class='ocrx_word' id='word_1_534' title='bbox 1652 4291 1743 4331; x_wconf 89' lang='lat' dir='ltr'><strong>res</strong></span> <span class='ocrx_word' id='word_1_535' title='bbox 1772 4274 1992 4330; x_wconf 88' lang='lat' dir='ltr'><strong>tametsi</strong></span> <span class='ocrx_word' id='word_1_536' title='bbox 2023 4283 2138 4329; x_wconf 89' lang='lat' dir='ltr'><strong>tum</strong></span> 
     </span>
    </p>
   </div>
   <div class='ocr_carea' id='block_1_77' title="bbox 528 4365 2139 4438">
    <p class='ocr_par' dir='ltr' id='par_1_77' title="bbox 528 4365 2139 4438">
     <span class='ocr_line' id='line_1_77' title="bbox 528 4365 2139 4438; baseline 0.001 -19"><span class='ocrx_word' id='word_1_537' title='bbox 528 4365 658 4423; x_wconf 77' lang='lat' dir='ltr'><strong>illis</strong></span> <span class='ocrx_word' id='word_1_538' title='bbox 688 4365 849 4422; x_wconf 85' lang='lat' dir='ltr'><strong>fuerit</strong></span> <span class='ocrx_word' id='word_1_539' title='bbox 879 4367 1214 4437; x_wconf 72' lang='lat' dir='ltr'><strong>importuna,</strong></span> <span class='ocrx_word' id='word_1_540' title='bbox 1257 4376 1441 4423; x_wconf 91' lang='lat' dir='ltr'><strong>tamen</strong></span> <span class='ocrx_word' id='word_1_541' title='bbox 1468 4383 1577 4422; x_wconf 88' lang='lat' dir='ltr'><strong>non</strong></span> <span class='ocrx_word' id='word_1_542' title='bbox 1606 4368 1815 4438; x_wconf 84' lang='lat' dir='ltr'><strong>absque</strong></span> <span class='ocrx_word' id='word_1_543' title='bbox 1864 4366 1959 4422; x_wconf 89' lang='lat' dir='ltr'><strong>Dei</strong></span> <span class='ocrx_word' id='word_1_544' title='bbox 2002 4375 2139 4421; x_wconf 91' lang='lat' dir='ltr'><strong>nutu</strong></span> 
     </span>
    </p>
   </div>
   <div class='ocr_carea' id='block_1_78' title="bbox 547 4451 2137 4535">
    <p class='ocr_par' dir='ltr' id='par_1_78' title="bbox 547 4451 2137 4535">
     <span class='ocr_line' id='line_1_78' title="bbox 547 4451 2137 4535; baseline -0.001 -20"><span class='ocrx_word' id='word_1_545' title='bbox 547 4468 746 4515; x_wconf 89' lang='lat' dir='ltr'><strong>cuncta</strong></span> <span class='ocrx_word' id='word_1_546' title='bbox 768 4460 1108 4530; x_wconf 88' lang='lat' dir='ltr'><strong>disponentis</strong></span> <span class='ocrx_word' id='word_1_547' title='bbox 1132 4476 1254 4516; x_wconf 91' lang='lat' dir='ltr'><strong>esse</strong></span> <span class='ocrx_word' id='word_1_548' title='bbox 1279 4460 1520 4515; x_wconf 89' lang='lat' dir='ltr'><strong>creditur</strong></span> <span class='ocrx_word' id='word_1_549' title='bbox 1545 4451 1765 4535; x_wconf 26' lang='lat' dir='ltr'><strong>acta,u.t</strong></span> <span class='ocrx_word' id='word_1_550' title='bbox 1786 4459 2137 4531; x_wconf 88' lang='lat' dir='ltr'><strong>postmodum</strong></span> 
     </span>
    </p>
   </div>
   <div class='ocr_carea' id='block_1_79' title="bbox 546 4546 2140 4625">
    <p class='ocr_par' dir='ltr' id='par_1_79' title="bbox 546 4546 2140 4625">
     <span class='ocr_line' id='line_1_79' title="bbox 546 4546 2140 4625; baseline -0.001 -16"><span class='ocrx_word' id='word_1_551' title='bbox 546 4553 628 4609; x_wconf 92' lang='lat' dir='ltr'><strong>rei</strong></span> <span class='ocrx_word' id='word_1_552' title='bbox 684 4554 936 4625; x_wconf 70' lang='lat' dir='ltr'><strong>probavit</strong></span> <span class='ocrx_word' id='word_1_553' title='bbox 975 4564 1205 4609; x_wconf 86' lang='lat' dir='ltr'><strong>eventus</strong></span> <span class='ocrx_word' id='word_1_554' title='bbox 1231 4596 1247 4621; x_wconf 91' lang='lat'><strong>,</strong></span> <span class='ocrx_word' id='word_1_555' title='bbox 1300 4546 1585 4609; x_wconf 81' lang='lat' dir='ltr'><strong>membris</strong></span> <span class='ocrx_word' id='word_1_556' title='bbox 1616 4554 1864 4609; x_wconf 90' lang='lat' dir='ltr'><strong>omnium</strong></span> <span class='ocrx_word' id='word_1_557' title='bbox 1912 4553 2140 4624; x_wconf 85' lang='lat' dir='ltr'><strong>placida</strong></span> 
     </span>
    </p>
   </div>
   <div class='ocr_carea' id='block_1_80' title="bbox 548 4645 2136 4722">
    <p class='ocr_par' dir='ltr' id='par_1_80' title="bbox 548 4645 2136 4722">
     <span class='ocr_line' id='line_1_80' title="bbox 548 4645 2136 4722; baseline -0.001 -21"><span class='ocrx_word' id='word_1_558' title='bbox 548 4646 721 4716; x_wconf 85' lang='lat' dir='ltr'><strong>quieti</strong></span> <span class='ocrx_word' id='word_1_559' title='bbox 743 4647 922 4702; x_wconf 88' lang='lat' dir='ltr'><strong>somni</strong></span> <span class='ocrx_word' id='word_1_560' title='bbox 946 4646 1287 4702; x_wconf 76' lang='lat' dir='ltr'><strong>cedentibus.</strong></span> <span class='ocrx_word' id='word_1_561' title='bbox 1319 4645 1457 4722; x_wconf 83' lang='lat' dir='ltr'><strong>Nam</strong></span> <span class='ocrx_word' id='word_1_562' title='bbox 1489 4654 1706 4717; x_wconf 86' lang='lat' dir='ltr'><strong>postera</strong></span> <span class='ocrx_word' id='word_1_563' title='bbox 1735 4654 1916 4712; x_wconf 87' lang='lat' dir='ltr'><strong>nocte,</strong></span> <span class='ocrx_word' id='word_1_564' title='bbox 1947 4646 2136 4702; x_wconf 86' lang='lat' dir='ltr'><strong>eodem</strong></span> 
     </span>
    </p>
   </div>
   <div class='ocr_carea' id='block_1_81' title="bbox 547 4736 2140 4808">
    <p class='ocr_par' dir='ltr' id='par_1_81' title="bbox 547 4736 2140 4808">
     <span class='ocr_line' id='line_1_81' title="bbox 547 4736 2140 4808; baseline 0.001 -17"><span class='ocrx_word' id='word_1_565' title='bbox 547 4736 976 4793; x_wconf 75' lang='lat' dir='ltr'><strong>llardocnutone</strong></span> <span class='ocrx_word' id='word_1_566' title='bbox 1007 4738 1060 4791; x_wconf 93' lang='lat' dir='ltr'><strong>in</strong></span> <span class='ocrx_word' id='word_1_567' title='bbox 1090 4747 1267 4793; x_wconf 89' lang='lat' dir='ltr'><strong>stratu</strong></span> <span class='ocrx_word' id='word_1_568' title='bbox 1295 4738 1612 4808; x_wconf 86' lang='lat' dir='ltr'><strong>quiescente</strong></span> <span class='ocrx_word' id='word_1_569' title='bbox 1632 4779 1647 4806; x_wconf 93' lang='lat'><strong>,</strong></span> <span class='ocrx_word' id='word_1_570' title='bbox 1672 4737 1936 4794; x_wconf 88' lang='lat' dir='ltr'><strong>divinitus</strong></span> <span class='ocrx_word' id='word_1_571' title='bbox 1990 4751 2140 4807; x_wconf 84' lang='lat' dir='ltr'><strong>qua-</strong></span> 
     </span>
    </p>
   </div>
   <div class='ocr_carea' id='block_1_82' title="bbox 547 4818 2141 4901">
    <p class='ocr_par' dir='ltr' id='par_1_82' title="bbox 547 4818 2141 4901">
     <span class='ocr_line' id='line_1_82' title="bbox 547 4818 2141 4901; baseline -0.001 -15"><span class='ocrx_word' id='word_1_572' title='bbox 547 4828 676 4886; x_wconf 88' lang='lat' dir='ltr'><strong>dam</strong></span> <span class='ocrx_word' id='word_1_573' title='bbox 708 4818 1014 4885; x_wconf 79' lang='lat' dir='ltr'><strong>ostenditur</strong></span> <span class='ocrx_word' id='word_1_574' title='bbox 1034 4830 1198 4898; x_wconf 84' lang='lat' dir='ltr'><strong>visio,</strong></span> <span class='ocrx_word' id='word_1_575' title='bbox 1225 4846 1349 4901; x_wconf 74' lang='lat' dir='ltr'><strong>qua</strong></span> <span class='ocrx_word' id='word_1_576' title='bbox 1378 4847 1504 4886; x_wconf 91' lang='lat' dir='ltr'><strong>eum</strong></span> <span class='ocrx_word' id='word_1_577' title='bbox 1528 4828 1845 4900; x_wconf 83' lang='lat' dir='ltr'><strong>confortans</strong></span> <span class='ocrx_word' id='word_1_578' title='bbox 1867 4840 1920 4885; x_wconf 87' lang='lat' dir='ltr'><strong>et</strong></span> <span class='ocrx_word' id='word_1_579' title='bbox 1944 4845 2141 4885; x_wconf 89' lang='lat' dir='ltr'><strong>conso-</strong></span> 
     </span>
    </p>
   </div>
   <div class='ocr_carea' id='block_1_83' title="bbox 549 4922 2141 4993">
    <p class='ocr_par' dir='ltr' id='par_1_83' title="bbox 549 4922 2141 4993">
     <span class='ocr_line' id='line_1_83' title="bbox 549 4922 2141 4993; baseline 0.001 -16"><span class='ocrx_word' id='word_1_580' title='bbox 549 4922 694 4990; x_wconf 84' lang='lat' dir='ltr'><strong>lans,</strong></span> <span class='ocrx_word' id='word_1_581' title='bbox 741 4922 870 4976; x_wconf 86' lang='lat' dir='ltr'><strong>forti</strong></span> <span class='ocrx_word' id='word_1_582' title='bbox 906 4923 1063 4993; x_wconf 87' lang='lat' dir='ltr'><strong>jubet</strong></span> <span class='ocrx_word' id='word_1_583' title='bbox 1126 4939 1250 4978; x_wconf 85' lang='lat' dir='ltr'><strong>esse</strong></span> <span class='ocrx_word' id='word_1_584' title='bbox 1297 4924 1503 4979; x_wconf 87' lang='lat' dir='ltr'><strong>animo.</strong></span> <span class='ocrx_word' id='word_1_585' title='bbox 1562 4922 1824 4978; x_wconf 88' lang='lat' dir='ltr'><strong>llortatur</strong></span> <span class='ocrx_word' id='word_1_586' title='bbox 1879 4932 2141 4993; x_wconf 85' lang='lat' dir='ltr'><strong>praterca</strong></span> 
     </span>
    </p>
   </div>
   <div class='ocr_carea' id='block_1_84' title="bbox 549 4996 2139 5068">
    <p class='ocr_par' dir='ltr' id='par_1_84' title="bbox 549 5014 2139 5068">
     <span class='ocr_line' id='line_1_84' title="bbox 549 5014 2139 5068; baseline -0.001 0"><span class='ocrx_word' id='word_1_587' title='bbox 549 5032 621 5068; x_wconf 83' lang='lat' dir='ltr'><strong>ne</strong></span> <span class='ocrx_word' id='word_1_588' title='bbox 659 5014 727 5068; x_wconf 87' lang='lat' dir='ltr'><strong>ab</strong></span> <span class='ocrx_word' id='word_1_589' title='bbox 780 5016 1016 5068; x_wconf 73' lang='lat' dir='ltr'><strong>incauto</strong></span> <span class='ocrx_word' id='word_1_590' title='bbox 1064 5015 1381 5068; x_wconf 86' lang='lat' dir='ltr'><strong>desisteret.</strong></span> <span class='ocrx_word' id='word_1_591' title='bbox 1430 5016 1557 5068; x_wconf 78' lang='lat' dir='ltr'><strong>quia</strong></span> <span class='ocrx_word' id='word_1_592' title='bbox 1594 5031 1897 5068; x_wconf 82' lang='lat' dir='ltr'><strong>paucorum</strong></span> <span class='ocrx_word' id='word_1_593' title='bbox 1924 5016 2139 5068; x_wconf 88' lang='lat' dir='ltr'><strong>dierum</strong></span> 
     </span>
    </p>
   </div>
   <div class='ocr_carea' id='block_1_85' title="bbox 2170 4517 2217 4575">
    <p class='ocr_par' dir='ltr' id='par_1_85' title="bbox 2170 4517 2217 4575">
     <span class='ocr_line' id='line_1_85' title="bbox 2170 4517 2217 4575; baseline 0 0"><span class='ocrx_word' id='word_1_594' title='bbox 2170 4517 2217 4575; x_wconf 95' lang='lat' dir='ltr'><strong>D</strong></span> 
     </span>
    </p>
   </div>
   <div class='ocr_carea' id='block_1_86' title="bbox 2240 3260 3831 3333">
    <p class='ocr_par' dir='ltr' id='par_1_86' title="bbox 2240 3260 3831 3333">
     <span class='ocr_line' id='line_1_86' title="bbox 2240 3260 3831 3333; baseline 0.003 -18"><span class='ocrx_word' id='word_1_595' title='bbox 2240 3260 2381 3316; x_wconf 86' lang='lat' dir='ltr'><strong>hanc</strong></span> <span class='ocrx_word' id='word_1_596' title='bbox 2404 3262 2661 3321; x_wconf 71' lang='lat' dir='ltr'><strong>laudibus</strong></span> <span class='ocrx_word' id='word_1_597' title='bbox 2690 3262 2911 3317; x_wconf 71' lang='lat' dir='ltr'><strong>efferam</strong></span> <span class='ocrx_word' id='word_1_598' title='bbox 2934 3261 3138 3329; x_wconf 89' lang='lat' dir='ltr'><strong>nescio,</strong></span> <span class='ocrx_word' id='word_1_599' title='bbox 3171 3278 3294 3333; x_wconf 90' lang='lat' dir='ltr'><strong>qua</strong></span> <span class='ocrx_word' id='word_1_600' title='bbox 3314 3262 3515 3317; x_wconf 86' lang='lat' dir='ltr'><strong>ibidem</strong></span> <span class='ocrx_word' id='word_1_601' title='bbox 3543 3277 3831 3331; x_wconf 80' lang='lat' dir='ltr'><strong>nunquam</strong></span> 
     </span>
    </p>
   </div>
   <div class='ocr_carea' id='block_1_87' title="bbox 2240 3352 3832 3424">
    <p class='ocr_par' dir='ltr' id='par_1_87' title="bbox 2240 3352 3832 3424">
     <span class='ocr_line' id='line_1_87' title="bbox 2240 3352 3832 3424; baseline 0.001 -18"><span class='ocrx_word' id='word_1_602' title='bbox 2240 3352 2414 3409; x_wconf 83' lang='lat' dir='ltr'><strong>abfuit</strong></span> <span class='ocrx_word' id='word_1_603' title='bbox 2444 3355 2861 3410; x_wconf 86' lang='lat' dir='ltr'><strong>renascentibus</strong></span> <span class='ocrx_word' id='word_1_604' title='bbox 2892 3356 2946 3409; x_wconf 91' lang='lat' dir='ltr'><strong>in</strong></span> <span class='ocrx_word' id='word_1_605' title='bbox 2982 3354 3223 3410; x_wconf 82' lang='lat' dir='ltr'><strong>Christo.</strong></span> <span class='ocrx_word' id='word_1_606' title='bbox 3250 3353 3348 3409; x_wconf 85' lang='lat' dir='ltr'><strong>Hic</strong></span> <span class='ocrx_word' id='word_1_607' title='bbox 3372 3354 3494 3424; x_wconf 86' lang='lat' dir='ltr'><strong>ejus</strong></span> <span class='ocrx_word' id='word_1_608' title='bbox 3520 3353 3657 3409; x_wconf 83' lang='lat' dir='ltr'><strong>fides</strong></span> <span class='ocrx_word' id='word_1_609' title='bbox 3688 3362 3832 3423; x_wconf 82' lang='lat' dir='ltr'><strong>patet</strong></span> 
     </span>
    </p>
   </div>
   <div class='ocr_carea' id='block_1_88' title="bbox 2241 3443 3829 3512">
    <p class='ocr_par' dir='ltr' id='par_1_88' title="bbox 2241 3443 3829 3512">
     <span class='ocr_line' id='line_1_88' title="bbox 2241 3443 3829 3512; baseline -0.001 -11"><span class='ocrx_word' id='word_1_610' title='bbox 2241 3443 2531 3512; x_wconf 82' lang='lat' dir='ltr'><strong>laudanda,</strong></span> <span class='ocrx_word' id='word_1_611' title='bbox 2568 3447 2658 3502; x_wconf 87' lang='lat' dir='ltr'><strong>hic</strong></span> <span class='ocrx_word' id='word_1_612' title='bbox 2686 3447 2903 3503; x_wconf 83' lang='lat' dir='ltr'><strong>bonitas</strong></span> <span class='ocrx_word' id='word_1_613' title='bbox 2946 3446 3275 3507; x_wconf 85' lang='lat' dir='ltr'><strong>omnimodis</strong></span> <span class='ocrx_word' id='word_1_614' title='bbox 3297 3445 3649 3504; x_wconf 79' lang='lat' dir='ltr'><strong>celebranda.</strong></span> <span class='ocrx_word' id='word_1_615' title='bbox 3673 3444 3829 3512; x_wconf 74' lang='lat' dir='ltr'><strong>Quod</strong></span> 
     </span>
    </p>
   </div>
   <div class='ocr_carea' id='block_1_89' title="bbox 2241 3538 3831 3611">
    <p class='ocr_par' dir='ltr' id='par_1_89' title="bbox 2241 3538 3831 3611">
     <span class='ocr_line' id='line_1_89' title="bbox 2241 3538 3831 3611; baseline -0.003 -12"><span class='ocrx_word' id='word_1_616' title='bbox 2241 3538 2287 3599; x_wconf 78' lang='lat' dir='ltr'><strong>si</strong></span> <span class='ocrx_word' id='word_1_617' title='bbox 2310 3553 2409 3609; x_wconf 87' lang='lat' dir='ltr'><strong>pro</strong></span> <span class='ocrx_word' id='word_1_618' title='bbox 2434 3539 2667 3610; x_wconf 76' lang='lat' dir='ltr'><strong>singulis</strong></span> <span class='ocrx_word' id='word_1_619' title='bbox 2689 3540 2808 3610; x_wconf 90' lang='lat' dir='ltr'><strong>ejus</strong></span> <span class='ocrx_word' id='word_1_620' title='bbox 2827 3538 3127 3595; x_wconf 80' lang='lat' dir='ltr'><strong>benefactis</strong></span> <span class='ocrx_word' id='word_1_621' title='bbox 3147 3555 3335 3611; x_wconf 89' lang='lat' dir='ltr'><strong>parem</strong></span> <span class='ocrx_word' id='word_1_622' title='bbox 3359 3539 3654 3605; x_wconf 85' lang='lat' dir='ltr'><strong>disserere,</strong></span> <span class='ocrx_word' id='word_1_623' title='bbox 3676 3539 3831 3609; x_wconf 89' lang='lat' dir='ltr'><strong>prius</strong></span> 
     </span>
    </p>
   </div>
   <div class='ocr_carea' id='block_1_90' title="bbox 2240 3630 3833 3704">
    <p class='ocr_par' dir='ltr' id='par_1_90' title="bbox 2240 3630 3833 3704">
     <span class='ocr_line' id='line_1_90' title="bbox 2240 3630 3833 3704; baseline 0.003 -21"><span class='ocrx_word' id='word_1_624' title='bbox 2240 3645 2328 3684; x_wconf 90' lang='lat' dir='ltr'><strong>me</strong></span> <span class='ocrx_word' id='word_1_625' title='bbox 2358 3638 2575 3701; x_wconf 91' lang='lat' dir='ltr'><strong>tempus</strong></span> <span class='ocrx_word' id='word_1_626' title='bbox 2601 3647 2771 3701; x_wconf 86' lang='lat' dir='ltr'><strong>quam</strong></span> <span class='ocrx_word' id='word_1_627' title='bbox 2802 3647 2916 3689; x_wconf 89' lang='lat' dir='ltr'><strong>rem</strong></span> <span class='ocrx_word' id='word_1_628' title='bbox 2944 3631 3109 3704; x_wconf 86' lang='lat' dir='ltr'><strong>credo</strong></span> <span class='ocrx_word' id='word_1_629' title='bbox 3148 3632 3416 3689; x_wconf 89' lang='lat' dir='ltr'><strong>deserere.</strong></span> <span class='ocrx_word' id='word_1_630' title='bbox 3443 3630 3599 3687; x_wconf 90' lang='lat' dir='ltr'><strong>Unde</strong></span> <span class='ocrx_word' id='word_1_631' title='bbox 3636 3630 3707 3686; x_wconf 84' lang='lat' dir='ltr'><strong>ad</strong></span> <span class='ocrx_word' id='word_1_632' title='bbox 3745 3646 3833 3687; x_wconf 65' lang='grc' dir='ltr'><strong>εετ</strong></span> 
     </span>
    </p>
   </div>
   <div class='ocr_carea' id='block_1_91' title="bbox 2242 3720 3409 3795">
    <p class='ocr_par' dir='ltr' id='par_1_91' title="bbox 2242 3720 3409 3795">
     <span class='ocr_line' id='line_1_91' title="bbox 2242 3720 3409 3795; baseline 0.003 -21"><span class='ocrx_word' id='word_1_633' title='bbox 2242 3720 2379 3783; x_wconf 85' lang='lat' dir='ltr'><strong>riem</strong></span> <span class='ocrx_word' id='word_1_634' title='bbox 2404 3730 2606 3795; x_wconf 80' lang='lat' dir='ltr'><strong>nostra</strong></span> <span class='ocrx_word' id='word_1_635' title='bbox 2622 3722 2916 3781; x_wconf 80' lang='lat' dir='ltr'><strong>locutionis</strong></span> <span class='ocrx_word' id='word_1_636' title='bbox 2943 3738 3176 3795; x_wconf 84' lang='lat' dir='ltr'><strong>propero</strong></span> <span class='ocrx_word' id='word_1_637' title='bbox 3206 3721 3409 3779; x_wconf 91' lang='lat' dir='ltr'><strong>redire.</strong></span> 
     </span>
    </p>
   </div>
   <div class='ocr_carea' id='block_1_92' title="bbox 2248 3806 3830 3893">
    <p class='ocr_par' dir='ltr' id='par_1_92' title="bbox 2248 3806 3830 3893">
     <span class='ocr_line' id='line_1_92' title="bbox 2248 3806 3830 3893; baseline 0.003 -27"><span class='ocrx_word' id='word_1_638' title='bbox 2248 3806 2252 3810; x_wconf 74' lang='grc'><em>’</em></span> <span class='ocrx_word' id='word_1_639' title='bbox 2315 3812 2452 3893; x_wconf 85' lang='lat' dir='ltr'><strong>Dum</strong></span> <span class='ocrx_word' id='word_1_640' title='bbox 2480 3813 2683 3887; x_wconf 80' lang='lat' dir='ltr'><strong>regina</strong></span> <span class='ocrx_word' id='word_1_641' title='bbox 2708 3815 2912 3886; x_wconf 78' lang='lat' dir='ltr'><strong>filiique</strong></span> <span class='ocrx_word' id='word_1_642' title='bbox 2932 3816 3053 3887; x_wconf 90' lang='lat' dir='ltr'><strong>ejus</strong></span> <span class='ocrx_word' id='word_1_643' title='bbox 3078 3815 3286 3871; x_wconf 89' lang='lat' dir='ltr'><strong>reditus</strong></span> <span class='ocrx_word' id='word_1_644' title='bbox 3319 3824 3642 3887; x_wconf 89' lang='lat' dir='ltr'><strong>apparatur,</strong></span> <span class='ocrx_word' id='word_1_645' title='bbox 3670 3830 3830 3871; x_wconf 75' lang='lat' dir='ltr'><strong>omne</strong></span> 
     </span>
    </p>
   </div>
   <div class='ocr_carea' id='block_1_93' title="bbox 2242 3895 3830 3980">
    <p class='ocr_par' dir='ltr' id='par_1_93' title="bbox 2242 3895 3830 3980">
     <span class='ocr_line' id='line_1_93' title="bbox 2242 3895 3830 3980; baseline 0.002 -19"><span class='ocrx_word' id='word_1_646' title='bbox 2242 3907 2395 3967; x_wconf 86' lang='lat' dir='ltr'><strong>littus</strong></span> <span class='ocrx_word' id='word_1_647' title='bbox 2425 3908 2645 3978; x_wconf 80' lang='lat' dir='ltr'><strong>planctu</strong></span> <span class='ocrx_word' id='word_1_648' title='bbox 2670 3909 2984 3980; x_wconf 85' lang='lat' dir='ltr'><strong>gemituque</strong></span> <span class='ocrx_word' id='word_1_649' title='bbox 3017 3895 3605 3976; x_wconf 76' lang='lat' dir='ltr'><strong>confunditur,emnes</strong></span> <span class='ocrx_word' id='word_1_650' title='bbox 3628 3909 3830 3964; x_wconf 72' lang='lat' dir='ltr'><strong>dextra</strong></span> 
     </span>
    </p>
   </div>
   <div class='ocr_carea' id='block_1_94' title="bbox 2244 3999 3828 4073">
    <p class='ocr_par' dir='ltr' id='par_1_94' title="bbox 2244 3999 3828 4073">
     <span class='ocr_line' id='line_1_94' title="bbox 2244 3999 3828 4073; baseline 0 -18"><span class='ocrx_word' id='word_1_651' title='bbox 2244 4000 2387 4073; x_wconf 84' lang='lat' dir='ltr'><strong>coelo</strong></span> <span class='ocrx_word' id='word_1_652' title='bbox 2416 4000 2806 4055; x_wconf 88' lang='lat' dir='ltr'><strong>attollebantur</strong></span> <span class='ocrx_word' id='word_1_653' title='bbox 2830 4000 3077 4056; x_wconf 86' lang='lat' dir='ltr'><strong>infensa.</strong></span> <span class='ocrx_word' id='word_1_654' title='bbox 3102 3999 3330 4057; x_wconf 88' lang='lat' dir='ltr'><strong>Flebant</strong></span> <span class='ocrx_word' id='word_1_655' title='bbox 3361 4000 3528 4072; x_wconf 83' lang='lat' dir='ltr'><strong>igitur</strong></span> <span class='ocrx_word' id='word_1_656' title='bbox 3558 4016 3588 4055; x_wconf 88' lang='lat' dir='ltr'><strong>a</strong></span> <span class='ocrx_word' id='word_1_657' title='bbox 3627 4015 3686 4055; x_wconf 86' lang='lat' dir='ltr'><strong>se</strong></span> <span class='ocrx_word' id='word_1_658' title='bbox 3714 3999 3828 4055; x_wconf 89' lang='lat' dir='ltr'><strong>dis-</strong></span> 
     </span>
    </p>
   </div>
   <div class='ocr_carea' id='block_1_95' title="bbox 2242 4090 3829 4161">
    <p class='ocr_par' dir='ltr' id='par_1_95' title="bbox 2242 4090 3829 4161">
     <span class='ocr_line' id='line_1_95' title="bbox 2242 4090 3829 4161; baseline -0.003 -14"><span class='ocrx_word' id='word_1_659' title='bbox 2242 4092 2434 4147; x_wconf 90' lang='lat' dir='ltr'><strong>cedere</strong></span> <span class='ocrx_word' id='word_1_660' title='bbox 2480 4090 2649 4156; x_wconf 88' lang='lat' dir='ltr'><strong>il-lam,</strong></span> <span class='ocrx_word' id='word_1_661' title='bbox 2698 4107 2862 4161; x_wconf 90' lang='lat' dir='ltr'><strong>quam</strong></span> <span class='ocrx_word' id='word_1_662' title='bbox 2904 4100 3020 4147; x_wconf 89' lang='lat' dir='ltr'><strong>toto</strong></span> <span class='ocrx_word' id='word_1_663' title='bbox 3047 4090 3225 4147; x_wconf 86' lang='lat' dir='ltr'><strong>exsilii</strong></span> <span class='ocrx_word' id='word_1_664' title='bbox 3273 4099 3516 4161; x_wconf 86' lang='lat' dir='ltr'><strong>tempore</strong></span> <span class='ocrx_word' id='word_1_665' title='bbox 3549 4099 3619 4161; x_wconf 79' lang='lat' dir='ltr'><strong>ut</strong></span> <span class='ocrx_word' id='word_1_666' title='bbox 3655 4091 3829 4146; x_wconf 82' lang='lat' dir='ltr'><strong>civem</strong></span> 
     </span>
    </p>
   </div>
   <div class='ocr_carea' id='block_1_96' title="bbox 2240 4181 3827 4261">
    <p class='ocr_par' dir='ltr' id='par_1_96' title="bbox 2240 4181 3827 4261">
     <span class='ocr_line' id='line_1_96' title="bbox 2240 4181 3827 4261; baseline -0.003 -22"><span class='ocrx_word' id='word_1_667' title='bbox 2240 4183 2425 4239; x_wconf 86' lang='lat' dir='ltr'><strong>videre</strong></span> <span class='ocrx_word' id='word_1_668' title='bbox 2466 4199 2646 4239; x_wconf 91' lang='lat' dir='ltr'><strong>suam.</strong></span> <span class='ocrx_word' id='word_1_669' title='bbox 2691 4181 2835 4238; x_wconf 88' lang='lat' dir='ltr'><strong>Nulli</strong></span> <span class='ocrx_word' id='word_1_670' title='bbox 2885 4183 3115 4239; x_wconf 89' lang='lat' dir='ltr'><strong>divitum</strong></span> <span class='ocrx_word' id='word_1_671' title='bbox 3161 4182 3344 4255; x_wconf 87' lang='lat' dir='ltr'><strong>gravis</strong></span> <span class='ocrx_word' id='word_1_672' title='bbox 3376 4183 3645 4261; x_wconf 88' lang='lat' dir='ltr'><strong>hospita,</strong></span> <span class='ocrx_word' id='word_1_673' title='bbox 3697 4181 3827 4237; x_wconf 91' lang='lat' dir='ltr'><strong>nulli</strong></span> 
     </span>
    </p>
   </div>
   <div class='ocr_carea' id='block_1_97' title="bbox 2242 4273 3830 4351">
    <p class='ocr_par' dir='ltr' id='par_1_97' title="bbox 2242 4273 3830 4351">
     <span class='ocr_line' id='line_1_97' title="bbox 2242 4273 3830 4351; baseline -0.001 -20"><span class='ocrx_word' id='word_1_674' title='bbox 2242 4292 2543 4349; x_wconf 89' lang='lat' dir='ltr'><strong>pauperum</strong></span> <span class='ocrx_word' id='word_1_675' title='bbox 2571 4276 2627 4331; x_wconf 90' lang='lat' dir='ltr'><strong>in</strong></span> <span class='ocrx_word' id='word_1_676' title='bbox 2669 4277 2913 4348; x_wconf 91' lang='lat' dir='ltr'><strong>quolibet</strong></span> <span class='ocrx_word' id='word_1_677' title='bbox 2943 4292 3195 4332; x_wconf 90' lang='lat' dir='ltr'><strong>onerosa.</strong></span> <span class='ocrx_word' id='word_1_678' title='bbox 3227 4273 3430 4333; x_wconf 89' lang='lat' dir='ltr'><strong>Omnes</strong></span> <span class='ocrx_word' id='word_1_679' title='bbox 3459 4275 3625 4351; x_wconf 79' lang='lat' dir='ltr'><strong>igitur</strong></span> <span class='ocrx_word' id='word_1_680' title='bbox 3650 4274 3830 4330; x_wconf 87' lang='lat' dir='ltr'><strong>natale</strong></span> 
     </span>
    </p>
   </div>
   <div class='ocr_carea' id='block_1_98' title="bbox 2242 4354 3827 4440">
    <p class='ocr_par' dir='ltr' id='par_1_98' title="bbox 2242 4354 3827 4440">
     <span class='ocr_line' id='line_1_98' title="bbox 2242 4354 3827 4440; baseline -0.003 -15"><span class='ocrx_word' id='word_1_681' title='bbox 2242 4370 2420 4425; x_wconf 84' lang='lat' dir='ltr'><strong>solum</strong></span> <span class='ocrx_word' id='word_1_682' title='bbox 2463 4377 2675 4425; x_wconf 88' lang='lat' dir='ltr'><strong>mutare</strong></span> <span class='ocrx_word' id='word_1_683' title='bbox 2716 4354 2938 4440; x_wconf 84' lang='lat' dir='ltr'><strong>putares</strong></span> <span class='ocrx_word' id='word_1_684' title='bbox 2962 4409 2979 4437; x_wconf 95' lang='lat'><strong>,</strong></span> <span class='ocrx_word' id='word_1_685' title='bbox 3020 4377 3248 4425; x_wconf 91' lang='lat' dir='ltr'><strong>cunctas</strong></span> <span class='ocrx_word' id='word_1_686' title='bbox 3271 4382 3460 4424; x_wconf 91' lang='lat' dir='ltr'><strong>secum</strong></span> <span class='ocrx_word' id='word_1_687' title='bbox 3483 4376 3705 4421; x_wconf 87' lang='lat' dir='ltr'><strong>exteras</strong></span> <span class='ocrx_word' id='word_1_688' title='bbox 3730 4381 3827 4437; x_wconf 87' lang='lat' dir='ltr'><strong>pe-</strong></span> 
     </span>
    </p>
   </div>
   <div class='ocr_carea' id='block_1_99' title="bbox 2242 4457 3830 4541">
    <p class='ocr_par' dir='ltr' id='par_1_99' title="bbox 2242 4457 3830 4541">
     <span class='ocr_line' id='line_1_99' title="bbox 2242 4457 3830 4541; baseline -0.002 -26"><span class='ocrx_word' id='word_1_689' title='bbox 2242 4466 2357 4541; x_wconf 82' lang='lat' dir='ltr'><strong>tere</strong></span> <span class='ocrx_word' id='word_1_690' title='bbox 2398 4461 2535 4517; x_wconf 88' lang='lat' dir='ltr'><strong>velle</strong></span> <span class='ocrx_word' id='word_1_691' title='bbox 2586 4462 2799 4541; x_wconf 84' lang='lat' dir='ltr'><strong>diceres</strong></span> <span class='ocrx_word' id='word_1_692' title='bbox 2850 4462 3119 4534; x_wconf 89' lang='lat' dir='ltr'><strong>regiones.</strong></span> <span class='ocrx_word' id='word_1_693' title='bbox 3176 4458 3269 4515; x_wconf 87' lang='lat' dir='ltr'><strong>Sic</strong></span> <span class='ocrx_word' id='word_1_694' title='bbox 3311 4467 3428 4514; x_wconf 92' lang='lat' dir='ltr'><strong>toto</strong></span> <span class='ocrx_word' id='word_1_695' title='bbox 3469 4457 3830 4530; x_wconf 85' lang='lat' dir='ltr'><strong>plangebatur</strong></span> 
     </span>
    </p>
   </div>
   <div class='ocr_carea' id='block_1_100' title="bbox 2242 4539 3824 4626">
    <p class='ocr_par' dir='ltr' id='par_1_100' title="bbox 2242 4539 3824 4626">
     <span class='ocr_line' id='line_1_100' title="bbox 2242 4539 3824 4626; baseline -0.003 -18"><span class='ocrx_word' id='word_1_696' title='bbox 2242 4539 2423 4624; x_wconf 85' lang='lat' dir='ltr'><strong>littore</strong></span> <span class='ocrx_word' id='word_1_697' title='bbox 2450 4597 2465 4621; x_wconf 93' lang='lat'><strong>,</strong></span> <span class='ocrx_word' id='word_1_698' title='bbox 2491 4554 2573 4611; x_wconf 91' lang='lat' dir='ltr'><strong>sic</strong></span> <span class='ocrx_word' id='word_1_699' title='bbox 2619 4539 2689 4611; x_wconf 86' lang='lat' dir='ltr'><strong>ab</strong></span> <span class='ocrx_word' id='word_1_700' title='bbox 2740 4555 2890 4610; x_wconf 82' lang='lat' dir='ltr'><strong>omni</strong></span> <span class='ocrx_word' id='word_1_701' title='bbox 2939 4553 3255 4626; x_wconf 89' lang='lat' dir='ltr'><strong>plorabatur</strong></span> <span class='ocrx_word' id='word_1_702' title='bbox 3318 4551 3520 4622; x_wconf 90' lang='lat' dir='ltr'><strong>populo</strong></span> <span class='ocrx_word' id='word_1_703' title='bbox 3589 4560 3824 4606; x_wconf 81' lang='lat' dir='ltr'><strong>astante.</strong></span> 
     </span>
    </p>
   </div>
   <div class='ocr_carea' id='block_1_101' title="bbox 2243 4643 3827 4719">
    <p class='ocr_par' dir='ltr' id='par_1_101' title="bbox 2243 4643 3827 4719">
     <span class='ocr_line' id='line_1_101' title="bbox 2243 4643 3827 4719; baseline -0.004 -17"><span class='ocrx_word' id='word_1_704' title='bbox 2243 4647 2396 4719; x_wconf 67' lang='lat' dir='ltr'><strong>Licet</strong></span> <span class='ocrx_word' id='word_1_705' title='bbox 2428 4646 2478 4702; x_wconf 88' lang='lat' dir='ltr'><strong>ei</strong></span> <span class='ocrx_word' id='word_1_706' title='bbox 2519 4647 2929 4718; x_wconf 79' lang='lat' dir='ltr'><strong>quodammodo</strong></span> <span class='ocrx_word' id='word_1_707' title='bbox 2958 4645 3364 4717; x_wconf 90' lang='lat' dir='ltr'><strong>congauderent</strong></span> <span class='ocrx_word' id='word_1_708' title='bbox 3385 4643 3683 4714; x_wconf 90' lang='lat' dir='ltr'><strong>pristinum</strong></span> <span class='ocrx_word' id='word_1_709' title='bbox 3706 4658 3827 4715; x_wconf 88' lang='lat' dir='ltr'><strong>gra-</strong></span> 
     </span>
    </p>
   </div>
   <div class='ocr_carea' id='block_1_102' title="bbox 2241 4738 3831 4812">
    <p class='ocr_par' dir='ltr' id='par_1_102' title="bbox 2241 4738 3831 4812">
     <span class='ocr_line' id='line_1_102' title="bbox 2241 4738 3831 4812; baseline -0.005 -17"><span class='ocrx_word' id='word_1_710' title='bbox 2241 4740 2373 4796; x_wconf 91' lang='lat' dir='ltr'><strong>dum</strong></span> <span class='ocrx_word' id='word_1_711' title='bbox 2417 4749 2663 4810; x_wconf 89' lang='lat' dir='ltr'><strong>repetere</strong></span> <span class='ocrx_word' id='word_1_712' title='bbox 2701 4738 2984 4812; x_wconf 86' lang='lat' dir='ltr'><strong>dignitatis</strong></span> <span class='ocrx_word' id='word_1_713' title='bbox 3006 4780 3021 4805; x_wconf 94' lang='lat'><strong>,</strong></span> <span class='ocrx_word' id='word_1_714' title='bbox 3053 4753 3163 4792; x_wconf 89' lang='lat' dir='ltr'><strong>non</strong></span> <span class='ocrx_word' id='word_1_715' title='bbox 3190 4747 3371 4792; x_wconf 89' lang='lat' dir='ltr'><strong>tamen</strong></span> <span class='ocrx_word' id='word_1_716' title='bbox 3414 4751 3536 4790; x_wconf 86' lang='lat' dir='ltr'><strong>eam</strong></span> <span class='ocrx_word' id='word_1_717' title='bbox 3569 4743 3831 4789; x_wconf 73' lang='lat' dir='ltr'><strong>matrona</strong></span> 
     </span>
    </p>
   </div>
   <div class='ocr_carea' id='block_1_103' title="bbox 2242 4817 3830 4909">
    <p class='ocr_par' dir='ltr' id='par_1_103' title="bbox 2242 4817 3830 4909">
     <span class='ocr_line' id='line_1_103' title="bbox 2242 4817 3830 4909; baseline -0.004 -22"><span class='ocrx_word' id='word_1_718' title='bbox 2242 4832 2404 4901; x_wconf 83' lang='lat' dir='ltr'><strong>siccis</strong></span> <span class='ocrx_word' id='word_1_719' title='bbox 2424 4832 2697 4909; x_wconf 88' lang='lat' dir='ltr'><strong>dimittere</strong></span> <span class='ocrx_word' id='word_1_720' title='bbox 2723 4839 2973 4902; x_wconf 81' lang='lat' dir='ltr'><strong>poterant</strong></span> <span class='ocrx_word' id='word_1_721' title='bbox 2994 4817 3188 4899; x_wconf 86' lang='lat' dir='ltr'><strong>oculis.</strong></span> <span class='ocrx_word' id='word_1_722' title='bbox 3216 4826 3459 4883; x_wconf 86' lang='lat' dir='ltr'><strong>Tandem</strong></span> <span class='ocrx_word' id='word_1_723' title='bbox 3481 4827 3651 4882; x_wconf 89' lang='lat' dir='ltr'><strong>vincit</strong></span> <span class='ocrx_word' id='word_1_724' title='bbox 3679 4841 3830 4881; x_wconf 88' lang='lat' dir='ltr'><strong>amor</strong></span> 
     </span>
    </p>
   </div>
   <div class='ocr_carea' id='block_1_104' title="bbox 2242 4918 3828 4995">
    <p class='ocr_par' dir='ltr' id='par_1_104' title="bbox 2242 4918 3828 4995">
     <span class='ocr_line' id='line_1_104' title="bbox 2242 4918 3828 4995; baseline -0.005 -15"><span class='ocrx_word' id='word_1_725' title='bbox 2242 4925 2452 4995; x_wconf 86' lang='lat' dir='ltr'><strong>patria,</strong></span> <span class='ocrx_word' id='word_1_726' title='bbox 2500 4933 2573 4990; x_wconf 91' lang='lat' dir='ltr'><strong>ct,</strong></span> <span class='ocrx_word' id='word_1_727' title='bbox 2607 4925 2866 4979; x_wconf 92' lang='lat' dir='ltr'><strong>omnibus</strong></span> <span class='ocrx_word' id='word_1_728' title='bbox 2899 4923 3104 4979; x_wconf 90' lang='lat' dir='ltr'><strong>viritim</strong></span> <span class='ocrx_word' id='word_1_729' title='bbox 3136 4921 3396 4977; x_wconf 92' lang='lat' dir='ltr'><strong>osculatis</strong></span> <span class='ocrx_word' id='word_1_730' title='bbox 3445 4928 3501 4974; x_wconf 91' lang='lat' dir='ltr'><strong>et</strong></span> <span class='ocrx_word' id='word_1_731' title='bbox 3543 4918 3710 4974; x_wconf 80' lang='lat' dir='ltr'><strong>ﬂebili</strong></span> <span class='ocrx_word' id='word_1_732' title='bbox 3753 4918 3828 4973; x_wconf 86' lang='lat' dir='ltr'><strong>eis</strong></span> 
     </span>
    </p>
   </div>
   <div class='ocr_carea' id='block_1_105' title="bbox 2248 5011 3828 5066">
    <p class='ocr_par' dir='ltr' id='par_1_105' title="bbox 2248 5011 3828 5066">
     <span class='ocr_line' id='line_1_105' title="bbox 2248 5011 3828 5066; baseline -0.006 0"><span class='ocrx_word' id='word_1_733' title='bbox 2248 5017 2396 5066; x_wconf 75' lang='lat' dir='ltr'><strong>diem</strong></span> <span class='ocrx_word' id='word_1_734' title='bbox 2429 5018 2567 5064; x_wconf 68' lang='lat' dir='ltr'><strong>vale-</strong></span> <span class='ocrx_word' id='word_1_735' title='bbox 2611 5032 2736 5064; x_wconf 79' lang='lat' dir='ltr'><strong>cum</strong></span> <span class='ocrx_word' id='word_1_736' title='bbox 2775 5015 2888 5062; x_wconf 82' lang='lat' dir='ltr'><strong>filin</strong></span> <span class='ocrx_word' id='word_1_737' title='bbox 2914 5015 3140 5062; x_wconf 70' lang='lat' dir='ltr'><strong>suisque.</strong></span> <span class='ocrx_word' id='word_1_738' title='bbox 3163 5012 3331 5060; x_wconf 86' lang='lat' dir='ltr'><strong>altum</strong></span> <span class='ocrx_word' id='word_1_739' title='bbox 3361 5011 3495 5060; x_wconf 75' lang='lat' dir='ltr'><strong>netit</strong></span> <span class='ocrx_word' id='word_1_740' title='bbox 3523 5026 3698 5058; x_wconf 78' lang='lat' dir='ltr'><strong>mare-</strong></span> <span class='ocrx_word' id='word_1_741' title='bbox 3725 5024 3828 5058; x_wconf 88' lang='lat' dir='ltr'><strong>non</strong></span> 
     </span>
    </p>
   </div>
  </div>
