4038 6456
207 404 219 446 .’
228 387 373 445 1597

749 386 970 445 POPPO
1009 389 1469 448 TREVIRENSIS
1502 386 2115 450 ARCHIEPISCOPUS.
2148 425 2219 433 ———
2247 394 2524 449 ΝΟἹΊΤΙΑ
2558 376 2945 447 llISTQRlCA.

3338 374 3501 446 1598'

207 501 337 556 ,etis
363 500 561 556 incolis
606 501 851 572 ejusdem
882 513 1040 559 terrae
1089 505 1479 576 gloriosissime
1520 496 1818 578 recipiiur,
1851 527 1867 568 Α

1943 538 2099 583 nater
2138 529 2409 599 amboque
2452 527 2547 582 ﬁlii
2577 528 2727 598 regni
2755 524 2961 595 paratis
3005 520 3307 578 commodis
3349 520 3496 575 nulla

214 596 427 665 sicque
456 594 623 650 divini
661 585 907 654 muneris
938 600 1115 670 gratia
1155 616 1382 671 regnum
1415 604 1517 657 sibi
1563 585 1807 661 debitum

218 687 498 751 redditur.
532 687 629 743 His
670 689 744 744 ita
795 692 1027 760 peractis
1071 704 1123 747 et
1171 695 1427 749 omnibus
1469 697 1586 751 suis
1627 699 1681 751 in
1710 712 1807 767 pa-

212 778 314 833 .cis
356 780 747 848 tranquillitate
814 785 1171 852 compositis,
1232 786 1473 842 fraterno
1527 799 1810 859 correptus

212 884 421 927 .amore
449 872 670 927 nuntios
713 874 878 929 mittit
927 874 996 929 ad
1044 876 1371 932 Edwardum
1398 922 1413 946 ,
1460 897 1662 952 rogans
1706 891 1810 949 ut,

234 960 503 1027 veniens,
580 978 769 1019 secum
825 966 1094 1021 obtineret
1160 985 1408 1039 regnum.
1471 970 1573 1037 Qui
1626 972 1811 1029 fratris

203 1048 464 1123 Jussioni
526 1053 788 1111 obediens
854 1058 1107 1129 Anglicas
1157 1070 1340 1130 partes
1384 1063 1704 1133 advehitur,
1759 1076 1814 1121 et

216 1196 357 1223 ...η

1914 621 2011 675 lite
2043 622 2410 676 intercedente
2450 628 2699 675 utuntur.
2748 617 2847 673 llic
2892 615 3025 689 fides
3064 614 3299 669 habetur
3343 612 3497 685 regni

1914 712 2083 767 sociis
2104 753 2119 778 ,
2152 713 2243 767 hic
2267 713 2578 767 inviolabile
2603 712 2747 781 viget
2784 709 2962 766 foedus
2992 706 3222 762 materni
3247 704 3499 760 fraterni-

1919 819 2027 872 que
2055 803 2278 859 amoris.
2307 802 2433 858 [13:0
2463 803 2570 858 illis
2590 803 2774 857 omnia
2797 801 3067 872 prrestitit,
3090 798 3185 871 qui
3211 797 3498 852 unanimes

1916 895 1972 947 in
2014 894 2177 948 domo
2228 894 2475 948 habitare
2532 892 2661 947 facit
2698 890 2860 947 Jesus
2889 890 3142 945 Christus
3170 930 3185 955 ,
3233 888 3516 942 Dominus.

1918 984 2202 1050 omnium;
2234 985 2321 1043 cui
2354 985 2410 1038 in
2452 983 2717 1039 Trinitate
2763 981 3003 1039 manenti
3049 976 3500 1035 immarcescibile

1919 1074 2075 1129 ﬂoret
2102 1074 2391 1144 imperium
2410 1116 2425 1141 ,
2460 1073 2653 1141 Amen.

360 1195 3475 1241 “Mm—Md

930 1289 945 1299 “
989 1302 1082 1356 EX
1119 1303 1500 1371 CHRONICIS.
1524 1308 1636 1363 ΤΗ.
1679 1309 2056 1379 RUDBURNI,
2099 1313 2187 1367 DE
2222 1313 2418 1369 ΕΜΜΑ
2456 1314 2731 1371 REGINA.

1145 1396 1310 1453 Duxit
1334 1398 1615 1458 Etelredus
1642 1402 1783 1459 hanc
1808 1413 1863 1459 et
1885 1415 2081 1474 postea.
2102 1405 2333 1462 Cnutus.

1076 1487 1403 1544 Ezlwardum
1426 1501 1677 1547 sanctum
1714 1494 1856 1562 parit
1884 1496 2001 1550 haec
2020 1505 2074 1551 et
2097 1495 2525 1552 Hardecnutum.

1077 1578 1348 1644 Quattuor
1370 1581 1471 1636 hos
1507 1598 1662 1653 reges
1692 1584 1809 1639 haec
1827 1584 1965 1638 vidit
1983 1596 2197 1656 sceptra
2223 1597 2490 1658 gerentes.

1086 1670 1387 1743 Anglorum
1422 1689 1610 1744 regum
1634 1673 1738 1729 fuit
1766 1675 1883 1731 hate
1907 1675 1990 1731 sic
2023 1688 2197 1732 mater
2220 1686 2273 1732 et
2295 1694 2452 1734 uxor.

246 1802 3479 1848 W

1180 1921 1755 2062 EMME
1813 1926 2571 2043 REGINE

752 2111 1140 2173 EPISTOLA
1186 2115 1296 2175 AD
1340 2115 1600 2179 FILIOS
1644 2118 1838 2179 SUOS
1877 2118 2361 2185 EDW’ARDUM
2402 2120 2505 2182 ΕΤ
2548 2120 2984 2183 ALFRIDUM.

1546 2258 1708 2331 (Vide
1729 2278 1890 2331 supra
1924 2261 2024 2316 col.
2057 2262 2237 2334 1592.)

238 2403 3487 2469 Μ

1590 2556 1726 2596 ANNO
1763 2557 1949 2597 D0311!"
1987 2559 2149 2597 MXLV.

1480 2639 2292 2860 ponpo

715 2964 1662 3085 TREVIRENSIS
1745 2963 3013 3087 ARCHIEPISCOPUS.

1053 3272 1730 3365 NOTITIA
1804 3267 2711 3363 HISTORICA.

1234 3443 1435 3514 (Gallia
1466 3443 1798 3510 Christiana,
1828 3457 1956 3497 nov.
1980 3441 2109 3496 edit.
2130 3483 2145 3509 ,
2167 3439 2318 3509 XIII,
2347 3441 2499 3512 406.)

262 3606 267 3611 ’
317 3624 575 3696 Leopoldi
604 3622 939 3679 marehionis
978 3622 1215 3680 Austrize
1258 3637 1326 3677 ex
1363 3621 1637 3677 Rieharda
1668 3622 1824 3677 nobi-
1854 3625 1900 3684 Β
1927 3619 2166 3676 remedia
2191 3617 2605 3688 conquirere,et
2627 3618 2772 3674 viros
2792 3618 3013 3690 bellica:
3052 3621 3237 3693 glorim
3260 3606 3515 3687 laudibus

247 3720 464 3783 lissima
507 3718 736 3773 muliere
772 3717 937 3783 filius,
966 3716 1174 3787 Poppo,
1205 3724 1260 3770 et
1294 3715 1514 3770 Ernesti
1549 3714 1595 3768 Il
1626 3714 1838 3770 Suevize

250 3809 407 3864 ducis
436 3808 595 3878 cujus
622 3807 846 3861 tutelam
871 3806 1302 3877 gessitpatruus,
1328 3806 1635 3860 litterarum
1662 3805 1841 3859 virtu-

255 3911 479 3970 tumque
491 3899 688 3955 studiis
705 3900 948 3968 apprime
971 3899 1222 3954 excultus
1232 3897 1619 3968 Bambergensi
1645 3896 1839 3951 Eccle-

255 3990 351 4046 siae
380 3989 705 4060 praepositus
736 3989 790 4042 in
827 3989 1013 4043 locum
1056 3987 1405 4058 Megingaudi
1435 3987 1504 4041 ab
1531 3985 1768 4041 Henrico
1794 3985 1840 4040 Il

255 4081 582 4152 imperatore
608 4080 893 4145 suﬂicitur,
917 4079 1200 4135 vesaniam
1218 4092 1640 4147 compressurus
1674 4076 1842 4131 Adal-

257 4172 504 4241 beronis,
539 4174 635 4244 qui
659 4183 841 4228 tamen
868 4171 1119 4241 Popponi
1148 4170 1334 4228 cessit.
1389 4168 1490 4224 llic
1525 4178 1709 4224 autem
1739 4170 1842 4224 sub

258 4266 424 4323 tinem
453 4266 584 4321 anni
628 4264 765 4319 1016
791 4264 859 4319 ab
894 4264 1222 4333 imperatore
1254 4261 1522 4318 Trevirim
1553 4261 1838 4327 adductus,

260 4355 645 4425 communibus
676 4355 819 4411 votis
841 4363 1004 4425 atque
1034 4353 1308 4425 suffragiis
1329 4353 1457 4409 cleri
1483 4360 1538 4407 et
1565 4353 1749 4423 populi
1787 4351 1843 4406 in

262 4448 560 4505 antistitem
616 4448 945 4517 postulatus,
989 4447 1059 4501 ab
1101 4443 1489 4501 Erchenbardo
1530 4443 1841 4513 Moguntia-

261 4539 411 4595 censi
435 4538 866 4608 archiepiscopo,
883 4552 1046 4606 quem
1074 4537 1367 4605 imperator
1382 4550 1446 4588 ea
1473 4549 1640 4589 causa
1656 4532 1846 4587 Trevi-

263 4631 367 4685 ri'm
385 4628 916 4699 advocarat,ingenti
937 4643 1064 4683 cum
1087 4627 1250 4681 totius
1278 4626 1463 4696 populi
1492 4624 1679 4680 lzetitia
1713 4637 1846 4678 con-

264 4731 510 4778 secratus
539 4730 643 4788 est,
671 4736 816 4775 anno
840 4718 976 4774 1017
993 4718 1249 4774 Kalendis
1270 4716 1535 4772 Januarii.
1563 4714 1708 4770 Inter
1729 4714 1845 4784 epi-

263 4829 432 4885 copos
479 4815 572 4885 qui
608 4813 885 4883 Popponis
914 4827 1083 4867 sacra:
1111 4810 1357 4866 unctioni
1404 4807 1701 4863 interfuere
1738 4823 1844 4861 nu-

264 4915 505 4961 meratur
551 4905 923 4961 Thcodorieus
970 4902 1245 4969 Metensis,
1298 4902 1393 4972 qui
1442 4899 1843 4970 metropolitani

1941 3711 2212 3781 imprimis
2234 3709 2493 3765 ﬂorentes
2520 3709 2798 3767 beneficiis
2828 3712 2933 3768 sibi
2958 3712 3242 3787 feudisque
3264 3717 3515 3791 iungere,

1938 3804 2138 3874 quibus
2164 3802 2422 3872 pacanda
2457 3803 2751 3873 provinciae
2776 3800 3128 3876 tutandreque
3166 3814 3375 3872 munus
3402 3819 3515 3873 tra-

1940 3895 2110 3950 deret.
2153 3893 2359 3948 Horum
2397 3893 2563 3964 igitur
2589 3893 2873 3950 sedulitate
2901 3904 3063 3966 atque
3104 3897 3350 3970 impigris
3382 3917 3543 3977 usus,

1941 3984 2130 4051 armis,
2180 3985 2465 4054 praedones
2501 3985 2702 4055 ubique
2739 3987 2998 4054 castellis,
3044 4004 3167 4058 qua:
3210 3992 3520 4049 securitatis

1944 4076 2053 4146 ipsi
2090 4091 2259 4131 causa
2292 4076 2625 4144 insederant,
2660 4078 2876 4148 ejicere,
2916 4086 2970 4135 et
2996 4089 3222 4143 caeteros
3254 4098 3520 4139 novarum

1942 4184 2129 4223 rerum
2173 4167 2400 4238 cupidos
2430 4168 2485 4221 in
2506 4165 2613 4224 fide
2644 4178 2806 4239 atque
2827 4168 3004 4225 ollicio
3028 4172 3324 4228 continere.
3351 4171 3523 4231 Porro

1943 4274 2068 4314 cum
2103 4275 2247 4313 unus
2275 4258 2596 4314 Adelbertus
2624 4260 2887 4330 imperata
2914 4260 3093 4317 facere
3123 4263 3273 4320 solus
3303 4266 3519 4322 detrec-

1944 4359 2041 4418 tat,
2087 4359 2271 4422 atque,
2298 4366 2365 4405 ex
2403 4352 2629 4406 castello
2663 4350 2720 4405 S.
2761 4352 2924 4408 Cruci
2974 4354 3105 4409 olim
3132 4356 3339 4425 dicato,
3376 4360 3522 4429 quod

1944 4443 1999 4496 in
2036 4443 2218 4498 vicino
2264 4443 2418 4497 urbis
2455 4444 2591 4498 colle
2620 4443 2689 4498 ad
2733 4446 3015 4500 meridiem
3051 4448 3238 4515 situm,
3282 4450 3523 4522 episcOpi

1942 4533 2174 4599 curiam,
2223 4534 2444 4587 servitia
2476 4542 2641 4603 atque
2669 4544 3034 4590 commeatum
3067 4554 3285 4593 omnem
3312 4541 3523 4595 crebris

1943 4623 2371 4678 excursionibus
2390 4624 2553 4679 habet
2582 4625 2798 4693 infesta,
2830 4628 2899 4683 ad
2939 4636 3241 4685 extremum
3283 4631 3521 4700 Sikonis,

1944 4714 2185 4770 hominis
2246 4730 2413 4770 manu
2478 4718 2820 4788 consilioque
2883 4722 3220 4791 praestantis,
3284 4724 3523 4789 solertia,

1944 4806 2287 4861 contumacis
2336 4806 2544 4864 inimici
2594 4810 2818 4879 spiritus
2867 4814 3157 4884 repressit,
3208 4824 3371 4886 atque
3424 4816 3527 4872 hac

1948 4895 2118 4953 ferme
2147 4908 2264 4953 arte
2286 4898 2593 4955 debellavit.
2623 4900 2773 4968 Silio;
2804 4904 2897 4974 qui
2923 4904 2990 4959 ad
3021 4905 3075 4960 id
3105 4920 3324 4976 operam
3347 4908 3528 4963 consi-

268 4998 733 5055 consecrationem
792 4997 897 5053 sibi
943 5000 1247 5064 competere
1274 4995 1572 5049 incassum
1608 4990 1841 5049 iteravit.
1873 4976 1914 5033 Ο
1947 4989 2192 5061 liumque
2218 4988 2461 5061 Popponi
2483 4993 2771 5061 detulerat,
2801 4995 3001 5052 idoneo
3029 5005 3276 5068 tempore
3310 4999 3379 5055 ad
3408 5015 3528 5055 cas-

266 5090 372 5147 Vix
404 5091 752 5147 renuntiatus
786 5088 966 5143 fuerat
992 5088 1236 5158 pontifex
1270 5086 1457 5156 Poppo
1479 5101 1604 5147 cum
1646 5084 1847 5138 immu-

266 5184 466 5238 nitates
482 5192 536 5238 et
555 5182 834 5252 privilegia
851 5180 1106 5235 Ecclesia:
1126 5195 1240 5234 suae
1261 5178 1525 5247 imperiali
1546 5174 1848 5231 munimine

269 5274 440 5331 foveri
472 5274 701 5328 curavit.
736 5269 846 5326 Nec
871 5271 1045 5325 multo
1069 5277 1193 5338 post
1219 5266 1708 5332 consecrationem,
1739 5263 1849 5319 Ro-

271 5382 417 5427 mam
453 5366 662 5431 adiens,
694 5380 857 5419 usum
887 5363 1033 5433 pallii
1060 5377 1093 5415 a
1127 5360 1414 5415 Benedicto
1439 5357 1553 5411 \illl
1586 5372 1850 5413 consecu-

272 5466 361 5513 tus
396 5464 481 5511 est
508 5446 652 5511 bulla
681 5453 946 5524 8,Aprilis
966 5451 1211 5521 ejusdem
1240 5449 1389 5507 anni.
1418 5446 1586 5502 Suam
1615 5447 1668 5500 in
1705 5446 1844 5501 dim-

272 5548 440 5605 cesim
481 5563 755 5612 reversus,
786 5545 953 5599 variis
986 5558 1107 5605 eam
1136 5540 1449 5611 przedonum
1483 5536 1849 5607 populationi-

272 5641 376 5696 bus
399 5641 691 5694 lareratam
717 5624 1081 5705 afuit-tamque
1102 5631 1384 5701 comperit.
1418 5628 1629 5696 Quibus
1665 5627 1848 5683 Eccle-

276 5734 371 5788 siae
398 5747 511 5788 suae
537 5731 880 5796 vulneribus,
914 5737 973 5783 ut
1001 5727 1076 5782 ait
1104 5725 1392 5779 Browcrus
1420 5722 1512 5775 lib.
1548 5720 1845 5782 x1Annal.,
1885 5745 1893 5748 ν

275 5834 333 5878 ut
371 5824 687 5893 tempestive
735 5823 1062 5886 mederetur,
1098 5817 1334 5886 undique
1376 5813 1560 5868 omnia
1611 5811 1848 5866 instituit

1950 5082 2019 5136 tri
2046 5081 2193 5137 fores
2226 5083 2375 5139 solus
2398 5098 2466 5138 ex
2501 5084 2636 5139 urbe
2675 5082 2973 5155 profectus,
3002 5088 3072 5143 ab
3115 5088 3404 5144 Adelberto
3444 5097 3528 5160 ty-

1951 5188 2129 5230 ranno
2151 5174 2271 5229 sitis
2289 5190 2422 5245 ergo
2448 5176 2746 5245 explendm,
2775 5179 2887 5248 pro'
2902 5180 3159 5236 amicitias
3181 5180 3381 5236 veteris
3403 5196 3530 5245 usu,

1949 5274 2138 5337 potum
2167 5266 2272 5321 sibi
2298 5268 2558 5337 postulat,
2609 5284 2773 5338 quem
2794 5287 2920 5325 cum
2942 5272 3033 5327 ille
3060 5288 3169 5327 non
3197 5281 3415 5343 gravate
3438 5288 3534 5342 per

1952 5356 2264 5411 ministrum
2294 5357 2495 5425 offert,
2524 5359 2618 5414 ubi
2667 5369 2936 5430 quantum
2986 5363 3122 5419 satis
3152 5363 3357 5430 hausit,
3393 5380 3534 5418 nttn-
3560 5358 3565 5365 ’

1952 5448 2077 5501 tiari
2128 5447 2353 5502 domino
2395 5449 2552 5519 jubet
2595 5452 2798 5521 gratias
2856 5454 2908 5509 ei
2947 5469 3273 5526 permagnas
3322 5456 3531 5522 haberi,

1956 5536 2311 5607 futurumque
2346 5553 2515 5608 prope
2543 5541 2708 5609 diem,
2763 5543 2866 5599 hoc
2900 5553 2960 5599 ut
2992 5545 3267 5601 restincta
3294 5546 3415 5601 sitis
3440 5546 3536 5599 be-

1957 5629 2208 5684 neficium
2256 5631 2482 5685 memori
2505 5633 2786 5689 voluntate
2831 5646 2992 5708 atque
3022 5638 3156 5695 adeo
3188 5639 3306 5709 pari
3335 5640 3537 5710 gratia-

1956 5735 2077 5773 rum
2101 5719 2314 5784 mcrito,
2349 5730 2534 5775 cernat
2564 5732 2874 5793 repensum.

2028 5808 2238 5875 Quibus
2282 5810 2624 5882 dictis,,Siko
2670 5816 2824 5885 abiit,
2865 5827 3027 5891 atque
3068 5820 3182 5892 jam
3230 5817 3573 5873 destinatos»
