4038 6382
564 349 716 408 1599

1290 342 1508 401 porro
1548 339 2012 397 msvmsusrs
2049 330 2729 413 ARCHIEP.¢—NOTITIA
2758 326 3152 408 msrotucs.

3683 329 3797 389 μω

566 463 896 538 jampridem
927 460 1112 517 animo
1158 459 1335 528 dolos,
1381 459 1449 515 ad
1482 458 1729 533 fraudem
1765 455 2041 513 Adelbcrti
2065 469 2160 510 cx-
2187 462 2235 519 Α
2260 447 2377 520 qui,
2403 445 2777 538 Benedictinis
2816 460 2916 517 per
2944 446 3059 538 vim
3088 443 3360 538 exclusis,
3398 441 3572 538 locum
3599 430 3808 519 occa”;

572 556 774 626 plicare
806 552 992 625 erepit.
1022 552 1176 608 Dolia
1200 553 1313 607 vini
1347 552 1577 618 tricena,
1630 549 1900 621 impositis
1928 548 2154 603 totidem

572 647 801 703 armatis
829 645 1086 711 instruit;
1115 653 1278 716 atque
1306 645 1422 699 haec
1451 643 1589 712 ipsa,
1620 641 1943 712 praemunita
1988 638 2156 693 vecti-

573 747 675 794 bus
706 736 990 808 ausisque,
1040 735 1254 807 singula
1278 733 1422 789 binis
1448 730 1767 786 fortissimis
1796 730 1949 794 viris,
1979 728 2157 798 iisque

572 831 637 885 ad
663 826 1278 899 hostemdecipiendum
1296 824 1505 897 plebeia
1525 831 1673 879 veste
1694 820 1868 886 tectis,
1895 817 2157 892 gestanda

566 910 900 986 committit,
946 934 1138 974 eorum
1183 918 1313 972 item
1361 915 1531 970 armis
1588 912 1789 968 ibidem
1828 910 2154 980 reconditis;

573 1013 810 1083 dsnique
856 1027 1006 1076 vasa,
1047 1009 1113 1064 ad
1162 1006 1544 1064 occultandam
1596 1003 1869 1085 fraudem,
1915 1002 2156 1073 stragula

572 1113 723 1159 veste
748 1116 1039 1173 pannoque
1068 1100 1305 1172 plurimo
1343 1099 1617 1155 insternit.
1659 1096 1870 1165 Quibus
1900 1097 1975 1151 ita
2005 1111 2157 1153 com-

572 1198 799 1267 paratis,
824 1194 954 1249 Siko
982 1193 1179 1264 quierit
1201 1192 1269 1247 ad
1294 1191 1659 1262 peragendum
1701 1190 1996 1259 inemptum
2022 1197 2157 1243 tem-

571 1286 723 1357 poris
756 1293 1090 1356 opportuna;
1132 1297 1256 1353 qua:
1296 1282 1392 1357 ubi
1434 1288 1648 1347 nactus,
1680 1280 1873 1351 plenus
1902 1278 2017 1349 spei
2054 1277 2156 1334 bo-

573 1392 676 1442 nae,
733 1376 873 1430 clam
915 1372 1196 1440 omnibus,
1240 1373 1377 1427 urbe
1423 1386 1549 1443 cum
1597 1370 1799 1443 bajulis
1853 1368 2151 1447 egreditur.

574 1465 715 1536 Ipse,
751 1479 879 1519 raro
904 1463 1135 1520 satellite
1179 1462 1329 1519 fores
1368 1462 1577 1519 castelli
1624 1462 1852 1533 pulsans
1879 1469 1935 1516 et
1955 1458 2156 1530 aperiri

565 1557 787 1626 jubens,
820 1555 971 1612 audit
1011 1556 1236 1613 solitum
1279 1554 1414 1611 illud
1446 1573 1458 1610 :
1487 1553 1593 1622 Qui
1635 1554 1740 1621 vir,
1762 1552 1908 1609 unde
1934 1560 1989 1608 et
2022 1550 2155 1623 quid

569 1647 799 1715 petitum
826 1646 1071 1702 veniret?
1093 1645 1175 1718 Ad
1206 1660 1331 1717 quae
1371 1644 1515 1723 nihil
1544 1644 1694 1699 aliud
1738 1642 1828 1698 ille
1856 1657 2022 1713 quam
2068 1657 2158 1697 re-

568 1739 846 1815 nuntiaret
892 1739 1085 1795 adesse
1149 1733 1277 1794 eum
1341 1736 1638 1793 honorario
1684 1735 1814 1791 vino
1872 1732 2154 1800 Sikonem,

2260 547 2469 595 verant.
2492 537 2885 609 Imperatorem
2915 537 3081 592 etiam
3111 533 3407 590 Henricurn
3440 533 3484 589 ll
3518 535 3800 607 deprecatus

2256 643 2362 701 est,
2389 632 2736 703 pontiﬁcatus
2764 632 2853 687 sui
2890 645 3037 686 anno
3064 630 3265 700 primo,
3293 644 3384 684 xv:
3414 628 3530 685 Kal.
3576 629 3798 691 Novemb.

2257 725 2557 784 indictione
2589 740 2679 790 xv,
2695 732 2757 779 ut
2780 721 3090 779 fundationi
3124 722 3425 793 collegiata‘.
3444 724 3678 781 ecclesia:
3697 724 3805 783 Pru-

2258 819 2470 876 niensis
2490 832 2780 874 assensum
2812 816 3092 886 praberet.
3123 814 3307 886 Regia)
3349 815 3680 874 liberalitatis
3710 820 3806 885 exi:

2256 912 2429 975 mium
2447 924 2669 976 munus,
2700 923 2898 978 nempe
2936 906 3365 975 Conﬁnentiam,
3396 917 3453 964 et
3485 909 3736 966 abbatiam
3758 913 3807 968 in

2254 987 2397 1076 pago
2424 1002 2675 1077 Tricliire
2695 1015 2820 1067 cum
2852 1000 3112 1071 omnibus
3144 1000 3485 1077 appendiciis
3528 1011 3585 1057 ct
3621 1002 3807 1072 juribm

2257 1094 2506 1150 ecclesiae
2533 1108 2646 1149 suae
2667 1092 2870 1148 ascribi
2898 1091 3046 1171 fecit,
3081 1108 3225 1148 anno
3254 1091 3417 1151 l0l8.
3449 1091 3651 1149 Eodem
3674 1095 3810 1152 circi-

2260 1195 2345 1243 ter
2396 1194 2641 1258 tempore
2669 1195 2882 1242 curtem
2921 1184 3217 1240 Puzenvelt
3244 1200 3275 1259 a
3319 1186 3521 1241 comite
3573 1185 3812 1244 Kaledone

2258 1278 2491 1349 ejusque
2518 1293 2689 1334 uxore
2723 1275 3063 1349 lrmingarde
3096 1278 3258 1333 titulo
3309 1278 3572 1353 precariae
3616 1278 3814 1349 adeptus

2256 1378 2361 1428 est.
2401 1368 2739 1425 Versabatur
2786 1368 2842 1425 in
2894 1366 3052 1425 Italia
3116 1367 3386 1425 Henricus
3444 1368 3487 1423 1-1
3532 1370 3815 1441 imperator,

2257 1478 2403 1519 anno
2433 1461 2589 1529 1022,
2621 1461 2843 1518 Graecos
2872 1458 3307 1533 Saracenosque,
3328 1462 3580 1533 Apuliam
3606 1471 3658 1517 et
3680 1461 3815 1517 Cain-

2255 1554 2475 1627 paniam
2512 1553 2835 1609 infestantes
2862 1552 3233 1630 debellaturus
3255 1597 3270 1621 ,
3318 1556 3409 1609 cui
3452 1553 3638 1626 Poppo
3671 1556 3818 1610 unde-

2254 1647 2363 1722 cim
2402 1656 2741 1703 armatorum
2791 1645 2962 1701 millia
3008 1662 3107 1718 per
3128 1646 3436 1703 Marsorum
3475 1650 3740 1719 regionem
3760 1666 3817 1704 ex

2254 1749 2414 1814 gente
2450 1755 2550 1796 sua
2595 1739 2841 1817 deduxit.
2876 1738 3313 1821 Aquisgranensi
3359 1740 3598 1801 concilio
3650 1736 3819 1817 astitit,

568 1845 682 1901 quo
704 1830 1034 1900 promissam
1051 1829 1381 1907 jampridem
1423 1827 1673 1885 beneﬁcii
1702 1827 1935 1900 gratiam
1968 1826 2162 1903 exse]:
2185 1817 2231 1877 Β
2258 1847 2407 1909 anno
2439 1831 2607 1913 ίοεῗ)ξ

566 1930 679 1976 vat.
725 1919 842 1977 lloc
875 1921 1069 1976 nuntio
1119 1904 1446 1975 Adelbertus
1489 1926 1736 1989 accepto,
1763 1916 1873 1989 doli
1907 1916 2155 1988 ignarus,

568 2012 712 2069 ostia
753 2011 1027 2083 patefecit.
1055 2011 1211 2082 Tunc
1241 2009 1372 2069 Siko
1407 1996 1534 2068 vela
1555 2024 1876 2082 pannosque
1904 2022 2158 2063 amovere

567 2104 758 2174 jussit,
787 2104 881 2160 ubi
901 2104 1054 2160 brevi
1075 2103 1323 2160 oratione
1343 2117 1545 2158 munus
1573 2111 1841 2173 praesente
1864 2099 2166 2167 Adelberto,

570 2197 996 2264 commendavit,
1040 2197 1256 2268 signum
1302 2194 1592 2261 adoriundi
1639 2194 1757 2251 suis
1781 2192 1894 2249 dat.
1944 2191 2051 2259 Qui
2087 2191 2156 2249 ad

567 2287 809 2357 primum
836 2286 1054 2357 signum
1087 2274 1380 2341 tumultum
1406 2285 1528 2357 (sic)
1551 2300 1582 2340 e
1603 2284 1752 2340 vasis
1784 2282 2154 2355 prosilientes,

569 2379 776 2449 impetu
802 2379 857 2433 in
870 2377 1063 2439 obvios
1073 2392 1325 2449 quosque
1338 2375 1506 2443 facto,
1518 2382 1717 2437 cuncta
1740 2372 1981 2430 aedibus
1991 2377 2167 2449 atque

568 2478 750 2540 strage
776 2467 1002 2536 ftedant,
1034 2467 1249 2539 ipsique
1280 2475 1406 2541 ante
1425 2482 1620 2525 omnes
1640 2465 1931 2521 Adelberto
1957 2474 2166 2535 manus,

566 2561 831 2618 inferunt.
854 2546 1024 2618 Ctesis
1051 2561 1217 2633 igitur
1236 2570 1293 2617 et
1327 2560 1604 2632 oppressis
1659 2559 1727 2615 ad
1748 2559 1897 2613 hunc
1928 2556 2154 2627 modum

566 2663 623 2710 et
676 2653 964 2724 exstinctis
1013 2653 1385 2731 pradonibus,
1420 2652 1654 2707 munitio
1697 2651 1818 2709 solo
1856 2654 2075 2721 aequata
2100 2656 2155 2701 et

567 2747 637 2802 ad
666 2748 975 2817 vastitatem
1021 2746 1241 2802 redacta
1271 2754 1374 2801 est.
1406 2744 1537 2800 Siko
1574 2754 1778 2811 autem,
1805 2747 2033 2813 praeter,
2059 2753 2151 2807 re-

572 2838 747 2894 stituti
768 2838 937 2913 decus
953 2840 1050 2894 otii
1074 2847 1237 2910 atque
1265 2837 1416 2893 urbis
1439 2836 1509 2891 ab
1530 2835 1818 2891 Adelberto
1840 2838 2153 2903 grassatore

568 2929 831 2997 liberam,
861 2914 1094 2994 illustria
1122 2945 1153 2985 a
1178 2928 1619 3000 Poppone‘feuda
1660 2924 2034 2993 beneﬁciaque
2058 2928 2151 2979 tu-

569 3017 634 3073 lit
658 3037 670 3072 :
695 3006 996 3097 eodemque
1021 3024 1161 3088 pene
1192 3000 1437 3097 tempore
1463 3016 1626 3093 Skiva
1652 3014 1795 3095 apud
1824 3017 2018 3072 Sal-ani
2043 3005 2148 3060 ﬁu-

565 3108 748 3175 vium,
811 3094 960 3178 quod
993 3116 1183 3179 postea
1219 3094 1420 3165 Montis
1455 3106 1602 3165 Clari
1644 3094 1846 3171 nomen
1888 3111 2147 3183 obtinuit,

563 3199 851 3274 Adelberti‘
887 3208 1151 3266 castrum,
1173 3200 1335 3271 jussu
1368 3198 1643 3272 Popponis
1683 3217 1935 3259 eversum
1983 3192 2153 3276 atque

566 3292 805 3347 deletum
853 3290 1101 3348 funditus
1146 3301 1250 3348 est.
1292 3291 1397 3360 Ubi
1433 3292 1708 3364 Popponis
1749 3311 1841 3350 res
1878 3296 2144 3367 majorem

565 3384 622 3439 in
645 3383 867 3440 modum
891 3385 1133 3455 potentia
1163 3400 1228 3441 ac
1259 3384 1515 3445 felicitate
1552 3387 1781 3463 stabiliri
1809 3387 1942 3444 vidit
1986 3387 2159 3455 Adal-_

565 3478 720 3545 hero,
746 3478 919 3539 multo
959 3493 1127 3559 quam
1158 3487 1285 3534 ante
1328 3477 1609 3559 humilior,
1640 3495 1749 3536 non
1787 3464 1951 3535 modo
1993 3480 2147 3552 pala-

562 3570 703 3626 tium
763 3570 812 3628 ei
852 3578 1017 3642 atque
1057 3580 1354 3644 occupatas
1401 3571 1661 3637 Ecclesia;
1695 3588 1872 3640 arces,
1914 3574 2010 3629 sed
2052 3590 2148 3630 ca-

566 3656 721 3718 stella
743 3663 908 3735 etiam
950 3661 1585 3732 Sericumﬂtutichium,
1614 3663 1954 3736 Sarburgum
1988 3675 2151 3737 atque

566 3754 709 3811 Bern
754 3755 1062 3823 castellum,
1110 3770 1222 3828 uno
1261 3770 1453 3814 eorum
1496 3755 1599 3811 sibi
1638 3755 1800 3811 titulo
1846 3763 2148 3823 reservato,

564 3845 813 3914 tradidit,
839 3857 1004 3919 atque
1025 3835 1362 3904 monasterio
1383 3846 1509 3903 inde
1537 3846 1603 3903 D.
1634 3846 1872 3914 Paulini,
1901 3848 1988 3904 cui
2017 3832 2157 3917 pra)?

564 3937 806 4008 positum
860 3938 1032 3995 fuisse
1062 3938 1178 4010 jam
1230 3938 1635 4005 adnotavimus,
1686 3940 1943 4009 repetito,
1997 3933 2150 3994 omni

566 4028 779 4107 abiecta
820 4029 1149 4101 cogitatione
1201 4029 1474 4085 honorum
1501 4071 1517 4097 ,
1563 4029 1630 4085 ad
1676 4029 1918 4101 salutare
1972 4029 2147 4085 otium

564 4122 860 4179 concessit.
894 4122 1081 4194 Poppo
1101 4138 1250 4190 vero,
1273 4138 1400 4179 cum
1422 4137 1616 4191 omnes
1636 4123 1970 4193 munitiones
1990 4121 2151 4179 Adal-

564 4215 795 4285 beronis
818 4216 1097 4271 deditione
1123 4216 1179 4270 in
1222 4216 1384 4272 ﬁdem
1410 4216 1734 4287 accepisset,
1770 4215 1912 4272 Bern
1954 4216 2150 4271 castel-~

562 4311 703 4375 lum,
734 4307 935 4363 acriter
959 4306 1279 4377 aliquandiu
1314 4322 1345 4362 a
1368 4307 1729 4377 praedonibus
1749 4305 2034 4362 defensum
2063 4320 2150 4362 re-

564 4402 724 4469 stitit;
761 4398 855 4457 sed
874 4398 943 4475 ad
971 4406 1277 4477 extremum
1306 4408 1524 4469 captum
1542 4442 1557 4465 ,
1599 4399 1881 4479 dissipatis
1909 4415 1975 4471 ac
1998 4400 2150 4455 diru-

562 4493 1113 4567 tis'propugnaculis,
1140 4492 1387 4549 funditus
1413 4493 1634 4549 excidit.

632 4590 926 4655 Caeterum,
952 4594 1068 4643 toto
1091 4601 1159 4642 eo
1182 4595 1428 4657 tempore
1467 4603 1580 4657 quo
1625 4585 2023 4659 Megingaudus
2071 4596 2152 4641 te-

562 4681 685 4735 nuit
742 4680 1123 4751 episcopatum
1147 4720 1164 4745 ,
1218 4678 1473 4736 ecclesia
1514 4678 1857 4739 Trevirensis
1914 4678 2154 4737 factione

561 4770 921 4837 Adalberonis
946 4770 1214 4843 insignem
1232 4784 1417 4825 rerum
1432 4770 1679 4825 omnium
1703 4770 1979 4841 jacturam
2000 4770 2155 4825 dam-

558 4878 803 4934 numque
829 4861 980 4919 fecit.
1004 4861 1169 4917 Enim
1195 4876 1326 4917 vero
1357 4870 1468 4917 tam
1491 4871 1686 4919 tetram
1714 4862 1769 4917 in
1795 4862 2145 4918 solitudinem

555 4956 833 5010 redactam
876 4953 1049 5011 fuisse
1097 4953 1268 5010 tndem
1316 4955 1680 5010 cathedralem
1726 4954 2037 5031 perhibent,
2063 4964 2143 5023 ut,

555 5047 777 5103 nemine
811 5055 967 5115 sarta
992 5055 1132 5103 tecta
1154 5046 1424 5117 exigente,
1452 5046 1632 5101 clerus
1657 5046 1731 5101 sit
1751 5054 1977 5102 coactus
1996 5056 2145 5101 metu

556 5143 733 5196 ruinae
748 5139 1010 5211 templum
1024 5139 1294 5206 deserere,
1310 5147 1366 5195 et
1379 5138 1550 5194 cultui
1563 5138 1752 5194 divino
1763 5137 2139 5209 supersedere.

560 5232 895 5289 Monasteria
920 5231 1116 5289 eodem
1142 5230 1307 5291 modo
1331 5246 1553 5303 quoque
1593 5240 1837 5301 tempore
1866 5230 1935 5285 ad
1960 5246 2145 5285 rerum

561 5322 1002 5380 necessariarum
1036 5322 1325 5397 penuriam
1348 5321 1599 5391 prolapsa
1626 5328 1775 5375 sunt.
1792 5319 2004 5387 Quibus
2026 5335 2146 5375 ma—

559 5415 628 5470 lis
657 5413 840 5485 Poppo
871 5413 1174 5470 remedium
1206 5423 1265 5469 ut
1285 5412 1533 5480 afferret,
1567 5412 1941 5468 instaurandis
1985 5422 2150 5481 atque

562 5506 828 5563 ornandis
848 5507 1098 5563 ecclesiis
1120 5522 1180 5564 se
1207 5506 1434 5563 tradidit
1465 5505 1787 5576 impensius,
1823 5514 1988 5576 atque
2026 5520 2144 5559 mo-

559 5599 967 5670 nasteria,qute
1014 5598 1272 5656 intestina
1320 5598 1517 5654 seditio
1547 5598 1896 5664 exhauserat,
1923 5596 2145 5667 praediis

562 5702 613 5744 et
640 5691 1082 5760 possessionibus
1102 5691 1470 5760 locupletavit.
1498 5689 1796 5746 Monachos
1824 5690 1879 5745 in
1903 5689 2019 5745 aede
2042 5690 2148 5743 vir-

563 5782 707 5853 ginis
723 5782 967 5853 Deiparu:
996 5783 1061 5838 ad
1096 5782 1361 5853 Martyres
1387 5782 1644 5850 restituit,
1663 5782 1835 5853 pulsis
1862 5782 2145 5838 canonicis

2324 1925 2497 1985 Porro
2519 1928 2650 1983 dum
2674 1941 2840 1983 curas
2869 1942 3064 1983 omnes
3111 1927 3181 1982 ad
3239 1926 3499 1983 direcesis
3550 1941 3661 1982 suae
3708 1941 3821 1981 con-

2257 2018 2516 2074 tuendam
2545 2019 2868 2091 dignitatem
2915 2029 3286 2086 converteret,
3315 2034 3513 2092 mores,
3550 2020 3823 2081 sanetimo-q

2256 2112 2486 2185 nialjum
2516 2111 2769 2169 Palatioli
2801 2112 3060 2180 ctenobii,
3086 2113 3314 2168 lascivia
3361 2112 3609 2182 luxuque
3651 2112 3820 2181 remol-

2256 2204 2403 2272 litos,
2429 2206 2532 2261 hac
2562 2187 2855 2265 occasione
2877 2220 3075 2281 sanare
3101 2219 3396 2277 aggressus
3422 2210 3532 2264 est.
3559 2201 3714 2268 Forte
3742 2203 3825 2257 uni

2254 2313 2320 2355 ex
2350 2298 2459 2354 illis
2486 2299 2907 2374 commissuram
2932 2297 3102 2374 pallii,
3129 2305 3191 2351 ut
3216 2295 3342 2350 inde
3388 2294 3598 2366 caligas
3635 2294 3823 2364 episco-

2254 2389 2406 2461 pales
2426 2372 2755 2458 contexeret,
2786 2389 2853 2444 de
2880 2372 3049 2456 more,
3079 2387 3324 2443 dederat.
3350 2382 3468 2453 llla,
3492 2394 3556 2441 ut
3589 2386 3822 2441 antistitis

2254 2497 2499 2553 amorem
2534 2490 2770 2551 raperet,
2833 2488 3042 2535 vestem
3085 2478 3290 2550 philtro
3329 2477 3604 2532 imbutam
3650 2476 3821 2532 reddit.

2250 2570 2440 2645 Poppo
2470 2578 2531 2625 ut
2560 2571 2764 2642 caligas
2818 2569 3031 2638 induit,
3070 2578 3279 2630 tantam
3308 2567 3456 2639 illi(o
3489 2554 3691 2639 Iphiltri
3734 2568 3826 2621 vim

2236 2656 2449 2736 praeter
2501 2678 2712 2736 nmrem
2758 2670 3017 2735 expertus
3065 2668 3171 2727 est,
3201 2670 3265 2716 ut
3285 2661 3340 2714 in
3382 2659 3614 2731 nefaria:
3654 2661 3827 2716 mulie-

2204 2802 2211 2807 .
2251 2758 2331 2817 ris
2353 2770 2596 2812 amorem
2619 2764 2734 2811 tota
2759 2763 2943 2811 mente
2964 2763 3019 2810 et
3062 2753 3397 2825 cogitatione
3447 2752 3825 2813 exardesceret.

2252 2847 2560 2903 Demiratus
2599 2847 2907 2903 laseivioris
2933 2839 3126 2901 carnis
3163 2845 3439 2900 insolitam
3477 2825 3825 2917 tyrannidem,

2252 2937 2399 2998 facto
2425 2938 2479 2994 in
2507 2937 2633 2994 aliis
2655 2953 2878 3010 quoque
2903 2937 3073 2995 simili
3117 2937 3383 3009 periculo,
3408 2937 3719 3007 turpissimi
3748 2936 3829 2991 ῆι.

2253 3026 2371 3099 gitii
2407 3036 2685 3082 auctorem
2711 3027 2971 3083 feminam
2995 3042 3119 3090 esse
3145 3042 3257 3083 non
3285 3026 3585 3090 dubitavit.
3618 3024 3829 3081 Ventum

2251 3119 2380 3175 inde
2406 3118 2476 3174 ad
2500 3118 2627 3175 facti
2651 3119 3018 3190 cognitionem
3038 3160 3053 3186 ,
3083 3132 3260 3188 eoque
3292 3118 3557 3188 probato,
3593 3132 3701 3172 una
3730 3133 3831 3173 om-

2252 3194 2408 3267 nium
2437 3209 2708 3266 sententia
2733 3209 2834 3264 fuit
2869 3209 3245 3285 expellendam
3298 3223 3368 3273 ex
3420 3208 3521 3271 illo
3567 3216 3709 3264 cmtu
3748 3223 3829 3263 ne-

2263 3301 2589 3373 quissimam
2656 3301 3102 3381 incantatricem,
3144 3309 3366 3358 caeteras
3411 3300 3485 3356 ad
3552 3301 3833 3359 strictiores

2252 3395 2651 3449 monachorum
2680 3393 2830 3464 leges
2854 3392 3182 3464 redigendas
3207 3407 3349 3447 esse.
3373 3390 3539 3458 Quod
3564 3408 3692 3449 cum
3729 3406 3829 3446 ma-

2245 3486 2337 3557 jor
2370 3501 2519 3557 pars,
2563 3485 2690 3543 vita:
2736 3485 2966 3541 laxioris
3017 3494 3201 3549 tenax,
3263 3485 3498 3541 omnino
3551 3494 3828 3556 respueret,

2250 3577 2432 3632 visum
2485 3586 2572 3633 est
2625 3576 3043 3647 archiepiscopo
3098 3576 3390 3648 collegium
3451 3575 3592 3632 illud
3631 3576 3828 3647 penitus

2251 3665 2573 3733 dissolvere,
2605 3666 2752 3722 facta
2780 3666 3010 3739 reliquis
3039 3665 3107 3722 ad
3153 3666 3261 3741 alia
3301 3666 3637 3737 transeundi
3661 3681 3833 3722 mona-

2252 3758 2420 3834 steria
2458 3757 2741 3815 facultate.
2916 3757 2926 3767 “

2319 3849 2575 3904 Attamen
2603 3849 2811 3921 Poppo,
2834 3849 2939 3920 piae
2963 3849 3424 3921 peregrinationis
3453 3864 3633 3906 causa
3675 3847 3834 3904 Theo-

2251 3940 2447 4019 derico
2471 3940 2701 3997 Metensi
2730 3940 3064 3999 demandata
3088 3940 3350 3996 Ecclesia:
3370 3956 3489 3996 sua:
3535 3954 3694 4007 cura,
3718 3954 3829 3995 cum

2250 4033 2528 4103 primariis
2554 4047 2586 4089 e
2623 4033 2770 4090 clero
2816 4032 3247 4105 Hierosolymam
3297 4033 3568 4103 perrexit,
3602 4032 3834 4087 Simeone

2250 4126 2524 4181 monacho
2545 4123 2759 4180 Sinaita
2782 4125 3003 4191 comite,
3030 4125 3127 4195 qui
3155 4139 3225 4181 ex
3271 4122 3495 4180 Oriente
3544 4124 3604 4179 in
3650 4123 3832 4179 Gallias

2251 4218 2320 4273 ab
2342 4219 2536 4273 abbate
2556 4233 2661 4274 suo
2679 4218 2922 4274 directus
2943 4216 3123 4273 fuerat
3168 4226 3231 4273 ut
3277 4233 3311 4272 a
3356 4216 3493 4272 Rich
3504 4217 3671 4285 ardo,
3694 4214 3835 4271 Nort-

2252 4309 2490 4365 mannire
2514 4309 2675 4376 duce,
2702 4325 2813 4364 non
2853 4309 3083 4381 exiguas
3124 4307 3399 4379 acciperet
3440 4308 3829 4378 eleemosynas.

2252 4400 2465 4468 Quibus
2494 4416 2591 4472 per
2634 4401 2850 4457 sodales
2900 4400 2971 4459 ad
3015 4399 3418 4455 monasterium
3481 4399 3706 4466 delatis,
3754 4395 3837 4451 ille

2251 4494 2571 4565 aliquandiu
2611 4493 2937 4569 Bothomagi
2973 4493 3153 4561 stetit,
3198 4507 3263 4548 ac
3291 4492 3524 4563 proinde
3557 4490 3832 4548 consilium

2251 4588 2395 4659 cepit
2418 4587 2675 4643 Treviros
2709 4586 2969 4653 adeundi,
2994 4586 3142 4641 unde
3167 4584 3482 4655 Popponem
3536 4583 3610 4640 ad
3651 4593 3828 4640 terram

2250 4690 2499 4741 sanctam
2531 4680 2970 4751 proficiscentem
2999 4686 3085 4733 est
3108 4677 3425 4753 comitatus.
3462 4674 3548 4731 Eo
3572 4676 3630 4731 in
3658 4676 3834 4730 itinere

2251 4781 2364 4829 toto
2390 4756 2630 4828 triennio
2651 4770 2838 4842 Poppo
2869 4770 3208 4841 permansit;
3264 4776 3352 4824 ast
3407 4768 3462 4822 in
3511 4769 3711 4823 urbem
3752 4764 3829 4819 ubi

2252 4879 2507 4921 reversus
2531 4872 2637 4931 est,
2678 4879 2831 4943 anno,
2859 4862 3025 4943 1028,
3058 4876 3249 4917 mense
3277 4859 3603 4941 Vovembri,
3628 4873 3830 4929 compe-

2252 4956 2432 5028 ritque
2455 4939 2770 5012 Simeonem
2788 4956 2917 5011 vitae
2938 4939 3341 5033 tranquillioris
3363 4952 3548 5033 studio
3571 4939 3830 5007 secessum

2250 5060 2488 5120 captare,
2540 5049 2772 5120 ideoque
2819 5047 3023 5103 includi
3067 5047 3240 5112 velle,
3292 5032 3574 5114 optionem
3624 5042 3675 5097 ei
3724 5041 3832 5096 tulit

2251 5139 2438 5197 sedem
2475 5141 2530 5195 in
2560 5140 2769 5199 ditione
2800 5139 3152 5198 Trevirorum
3183 5137 3414 5217 ﬁgendi.
3446 5134 3499 5190 is
3549 5134 3733 5189 locum
3784 5134 3827 5186 in

2247 5235 2473 5304 antiqua
2525 5234 2689 5300 mole,
2734 5248 2902 5303 quam
2958 5230 3182 5303 Nigrum
3235 5228 3451 5285 Portam
3504 5227 3829 5287 vocitabant,

2250 5326 2523 5397 assignari
2546 5326 2653 5381 sibi
2685 5324 3001 5395 postulavit,
3036 5334 3202 5393 atque
3224 5320 3315 5375 die
3343 5319 3483 5397 festo
3509 5320 3695 5374 sancti
3735 5316 3831 5369 An-

2248 5420 2412 5483 drem,
2446 5416 2785 5474 circumfusa
2817 5415 2884 5471 ad
2915 5413 3289 5485 spectaculum
3326 5424 3523 5481 magna
3572 5425 3704 5464 cum
3746 5422 3828 5477 pa-

2251 5510 2365 5581 puli
2413 5518 2528 5564 tum
2578 5507 2709 5563 cleri
2759 5505 3151 5573 multitudine,
3198 5504 3269 5559 ab
3317 5500 3740 5571 archiepiscOpo
3782 5497 3826 5549 in

2249 5606 2545 5671 angustum
2585 5595 2882 5668 quemdam
2917 5595 3039 5666 ejus
3084 5592 3243 5649 molis
3288 5590 3551 5664 angulum
3600 5589 3828 5644 inclusus

2250 5700 2354 5756 cst,
2386 5691 2571 5760 ibique
2592 5690 2646 5744 in
2678 5686 2902 5745 assidua
2927 5686 3174 5742 oratione
3196 5697 3502 5757 magnaque
3526 5681 3660 5736 vitae
3687 5693 3828 5749 aspe-

2252 5785 2411 5839 ritate
2449 5790 2655 5853 septem
2685 5780 2831 5851 degit
2857 5794 3050 5834 annos.
