4038 6386
206 328 361 400 1ῥο1.

774 317 1294 378 ANGELRANNUS
1333 317 1559 377 ABBAS
1590 317 2090 378 CENTULENSIS.
2114 351 2191 362 -
2210 321 2499 382 NOTITIA.
2533 315 2924 384 HISTORICA.

3342 327 3484 387 uos

238 441 470 527 'Eodem
482 447 697 499 Cll‘Cllel'
709 446 972 510 tempore,
983 435 1317 505 Christiana,
1336 433 1800 507 sororPopponis,
1830 438 1877 496 Α
1901 437 2154 507 precibus
2177 454 2432 498 annuens
2457 440 2783 498 Benedictus
2802 441 3088 512 prtesulem
3109 442 3483 514 coadjutorem
3500 422 3531 503 ,-

206 537 278 592 ad
295 534 554 592 Simeonis
575 532 911 604 exemplum,
944 529 1088 601 intra
1110 529 1347 600 parietes
1387 527 1588 599 alicubi
1611 543 1799 586 sacros

208 628 443 693 inclusa,
464 624 914 695 sibiChristoque
935 622 1051 678 sola
1074 623 1229 679 vixit.
1256 622 1417 678 Anno
1439 628 1621 679 autem
1637 619 1797 688 1051,

208 739 302 777 xxv
346 719 466 775 Kal.
512 717 857 785 Novembris,
902 714 1092 788 Poppo
1134 717 1307 773 aedem
1334 715 1798 787 Epteruacensem

208 815 575 881 instauratam
626 810 889 880 invitatus
933 809 1003 865 ab
1033 807 1336 865 Humberto
1373 806 1569 862 abbate
1599 819 1799 861 conse-

209 905 403 973 cravit,
438 905 722 974 lcvataque
751 901 808 957 S.
843 900 1121 959 Villihrodi
1152 916 1281 969 ossa
1310 900 1365 954 in
1394 897 1800 955 honoratiorem

208 1001 485 1072 tumulum
510 997 808 1059 transtulit.
842 994 983 1051 Cum
1009 995 1208 1051 vicinis
1234 992 1648 1050 conventionem
1681 988 1802 1063 iniit

208 1095 420 1159 ratione
444 1093 811 1148 tet-minorum
836 1086 1080 1149 nemoris
1107 1085 1338 1154 Kilvald,
1368 1085 1630 1155 variaque
1658 1097 1799 1153 prae-

208 1184 299 1247 dia
322 1188 628 1244 abalienata
658 1182 903 1241 ecclesia:
924 1197 1042 1239 sua).
1073 1177 1389 1243 vindicavit,
1428 1177 1574 1232 circa
1596 1190 1802 1231 annum

209 1280 373 1355 1055.
402 1279 626 1335 Duabus
660 1277 717 1335 in
746 1273 1245 1348 permutationibus
1275 1271 1416 1326 inter
1444 1268 1659 1329 diversa
1686 1280 1805 1321 mo—

210 1372 452 1447 nasteria
480 1371 632 1426 initis
665 1367 908 1425 occurrit
950 1366 1098 1424 circa
1139 1379 1346 1420 annum
1380 1361 1539 1416 1055.
1584 1358 1806 1414 Duode-

212 1467 322 1525 cim
377 1480 622 1530 mansos,
661 1461 998 1531 totidemque
1022 1455 1295 1527 mancipia
1323 1470 1356 1509 a
1390 1450 1672 1508 Thiefrido
1709 1449 1807 1505 ad-

210 1568 405 1616 vocato
439 1546 776 1625 Trevirensi,
833 1550 931 1625 qui
966 1548 1271 1605 Luitardim
1336 1543 1804 1613 consanguineam

212 1640 374 1717 suam
399 1669 625 1709 uxorem
656 1652 909 1715 duxerat,
934 1644 1163 1715 accepit,
1189 1652 1354 1714 atque
1374 1641 1590 1697 duobus
1613 1638 1807 1709 conju-

214 1742 376 1828 gibus
411 1746 729 1803 cohabitare
750 1742 1032 1807 licentiam
1060 1739 1192 1797 fecit
1221 1754 1366 1794 anno
1404 1735 1561 1791 1056.
1600 1734 1804 1791 Eodem

215 1825 365 1917 anno
401 1846 457 1894 et
500 1837 812 1909 insequenti
854 1836 1011 1905 varia
1055 1834 1202 1901 dona
1243 1832 1313 1887 ab
1352 1830 1695 1885 Adalberone
1747 1825 1805 1883 S.

214 1929 433 2007 Paulini
455 1930 748 2000 praeposito
780 1929 982 1985 collata
1014 1924 1266 1982 emnobio
1300 1921 1357 1979 S.
1394 1920 1813 1985 Mathiaelauda-

214 2022 294 2079 vit
311 2040 325 2088 ;
341 2019 823 2097 synodumhabuit
844 2036 895 2075 v1
912 2016 1041 2075 Idus
1052 2015 1200 2072 Junii
1219 2013 1377 2081 1037,
1399 2012 1645 2083 adquam
1659 2024 1814 2065 acce-

216 2112 407 2169 dentes
418 2110 760 2178 Adelbertus,
773 2108 1021 2165 marchio
1032 2104 1419 2176 Lotbaringiae,
1432 2104 1480 2175 ej
1489 2118 1660 2173 usque
1672 2118 1812 2158 uxor

218 2200 439 2275 Juditha
449 2217 636 2259 coram
648 2202 768 2273 ipso
784 2200 969 2256 villam
979 2195 1512 2254 Momendorﬂ‘eidem
1535 2202 1813 2250 monaste-

218 2293 304 2351 rio
347 2292 715 2363 indulserunt.
743 2290 804 2346 In
842 2288 1261 2353 Palatiolensem
1293 2285 1693 2357 parthenonem
1716 2298 1810 2340 ca-

221 2391 452 2447 nonicos
495 2388 978 2445 sanctimonalium
1022 2387 1145 2441 loco
1180 2384 1247 2440 ad
1291 2384 1441 2439 hunc
1473 2397 1678 2437 annum
1709 2381 1815 2435 im-

222 2479 440 2553 misisse
465 2478 683 2535 dicitur.
711 2477 1045 2534 Comitatum
1084 2475 1152 2532 de
1173 2473 1447 2541 Marvelis,
1480 2488 1643 2543 quem
1667 2469 1815 2526 Con-

223 2572 390 2641 radus
416 2571 711 2641 imperator
741 2569 1054 2625 Trevirensi
1080 2566 1337 2624 Ecclesia:
1359 2565 1709 2637 praestiterat,
1745 2564 1815 2619 ab

224 2661 460 2718 Henrico
491 2660 558 2715 ΠΙ
606 2657 871 2732 perpetuo
911 2646 1302 2732 possidendum
1346 2655 1681 2728 impetravit,
1720 2671 1811 2710 an.

226 2753 387 2823 1059,
418 2753 600 2809 Idibus
625 2747 1576 2824 Septembris..Ad.Benedictum.IX
1607 2747 1840 2819 episto-.

225 2838 335 2895 lam
361 2838 578 2906 direxit,
611 2854 720 2909 qua
745 2853 874 2894 eum
904 2846 1161 2909 precatur
1195 2845 1257 2893 ut
1288 2835 1394 2894 sibi
1421 2836 1603 2891 mittat
1636 2836 1818 2892 virum

225 2930 548 3024 prudentem
594 2929 690 2999 qui
744 2929 795 2985 ei
845 2929 902 2983 in
952 2928 1375 2985 necessitatibus
1421 2926 1538 2983 suis
1586 2925 1816 2982 consilio

225 3019 393 3096 simul
434 3030 488 3077 et
536 3022 741 3089 auxilio
791 3020 1173 3094 suffragetur‘;
1202 3021 1443 3094 itemque
1494 3035 1694 3091 papam
1750 3019 1818 3074 de

1897 530 1948 585 ei
1972 529 2141 585 misit.
2180 528 2353 597 Quem
2403 530 2815 602 Papebrochius
2863 531 3085 603 conjicit
3126 531 3295 590 fuisse
3341 531 3484 591 Gra-

1898 622 2110 677 tianum
2154 623 2711 695 archipresbyterum,
2749 622 2929 679 virum
2980 624 3336 694 prudentem;
3382 626 3481 683 de-

1900 715 2077 790 cernit
2104 714 2273 771 etiam
2313 714 2493 771 virum
2540 714 2635 771 Dei
2666 715 2977 771 Simeonem
2999 723 3250 772 sanctum
3286 718 3486 775 debere

1898 808 2199 875 nominari,
2249 807 2505 879 diemque
2526 808 2646 879 ejus
2682 809 2940 877 natalem,
2991 809 3134 866 sicut
3153 819 3208 866 et
3252 812 3487 868 aliorum

1901 909 2218 956 sanctorum
2250 902 2693 958 reverentissime
2733 903 2969 975 singulis
3011 903 3172 959 annis
3199 904 3489 973 celebrari,

1900 993 1980 1050 uti
2010 1003 2158 1064 patet
2183 1009 2251 1049 ex
2289 993 2567 1064 pontificis
2608 994 2810 1050 litteris
2839 1002 2894 1049 et
2912 1009 2980 1050 ex
3012 994 3158 1049 bulla
3191 995 3490 1051 canoniza—

1902 1086 2068 1142 tionis
2096 1087 2240 1143 datis
2291 1102 2437 1143 anno
2477 1086 2637 1142 1042.
2682 1086 2987 1144 Eeclesiam
3020 1087 3211 1143 eodem
3252 1101 3398 1141 anno
3432 1086 3491 1141 in

1902 1178 2168 1234 honorem
2210 1178 2383 1249 ipsius
2429 1177 2486 1233 S.
2537 1177 2809 1234 Simeonis
2853 1177 3140 1235 aedificavit
3189 1177 3375 1249 Poppo
3433 1178 3495 1233 in

1901 1282 2057 1342 porta
2115 1288 2237 1343 qua:
2306 1272 2465 1327 Marti
2515 1272 2657 1344 apud
2707 1271 2948 1328 Gentiles
2993 1273 3125 1328 olim
3174 1281 3490 1329 consecrata

1905 1363 2103 1433 fuerat,
2149 1363 2203 1418 in
2234 1363 2511 1419 veteribus
2562 1364 2772 1420 scilicet
2832 1364 3008 1421 ruinis
3036 1364 3278 1434 antiquae
3331 1364 3496 1419 molis

1904 1472 2071 1529 quam
2122 1454 2179 1510 S.
2217 1453 2421 1522 Simeo,
2453 1456 2585 1511 dum
2630 1455 2687 1511 in
2733 1455 2872 1511 vivis
2925 1465 3110 1523 esset,
3158 1455 3491 1521 incoluerat;

1906 1549 2246 1619 immisitque
2294 1549 2350 1604 in
2382 1565 2503 1604 eam
2536 1547 2734 1605 fratres
2760 1548 2875 1603 sive
2900 1547 3220 1613 canonicos,
3254 1546 3350 1617 qui
3382 1545 3518 1600 Deo-

1906 1641 2105 1697 ibidem
2138 1642 2450 1708 servirent,
2482 1650 2646 1711 atque
2688 1639 2891 1712 praedia
2923 1654 3247 1709 annuosque
3281 1636 3495 1694 reditus

1909 1730 2041 1802 ipsis
2084 1731 2314 1803 largitus
2354 1739 2456 1787 est.
2504 1729 2739 1803 Insigne
2772 1729 3115 1801 privilegium
3162 1745 3262 1800 pro
3299 1726 3499 1785 conﬁr-

1912 1825 2153 1881 matione
2191 1825 2462 1880 bonorum
2497 1819 2631 1880 adis
2664 1822 2891 1894 majOris
2921 1823 2990 1891 ab
3017 1820 3253 1878 Henrico
3286 1818 3355 1873 Ill
3376 1817 3485 1875 im-

1910 1925 2161 1999 peratore
2191 1916 2503 1987 impetravit
2550 1932 2642 1971 an.
2688 1914 2847 1970 1045.
2893 1912 3211 1970 Exstinctos
3262 1926 3394 1968 vero
3430 1909 3499 1967 16

1909 2007 2060 2064 Junii
2094 2008 2252 2077 1017,
2276 2008 2331 2063 in
2359 2008 2591 2065 ecclesia
2632 2022 2799 2079 quam
2839 2014 3031 2063 sancto
3062 2003 3309 2061 Simeoni
3328 2003 3502 2061 aditi-

1911 2101 2436 2158 caveratchumatus
2481 2109 2585 2167 est,
2622 2142 2639 2168 ,
2695 2099 2872 2171 posita
2921 2113 3088 2169 supra
3147 2096 3270 2168 ejus
3308 2104 3500 2167 pectus

1911 2192 2164 2263 plumbea
2212 2192 2411 2247 tabel-la
2462 2207 2589 2247 cum
2641 2190 2746 2246 hac
2795 2188 3189 2259 inscriptione:
3247 2206 3266 2240 ί
3313 2184 3502 2257 Poppo

1913 2282 2266 2339 Trevirorum
2296 2282 2744 2354 archiepiscopus
2764 2279 2900 2337 obiit
2923 2276 3136 2335 decimo
3178 2286 3334 2333 sexto
3376 2274 3503 2331 Kal.

1911 2372 2063 2429 Julii.
2098 2394 2117 2427 ›
2159 2373 2280 2429 IEri
2307 2373 2640 2443 insculptum
2669 2379 2789 2428 erat
2821 2370 2877 2425 id
2904 2369 3242 2440 epitaphium
3282 2386 3295 2423 :
3337 2386 3356 2420 ‹
3386 2366 3503 2421 An-

1912 2482 1987 2522 no
2022 2465 2321 2521 Dominica:
2349 2462 2748 2520 incarnationis
2784 2459 2948 2528 1057,
3007 2458 3229 2515 Henrici
3277 2453 3505 2513 secundi

1912 2558 2061 2630 regis
2087 2573 2200 2612 xvu
2220 2598 2235 2623 ,
2264 2554 2614 2627 imperatoris
2639 2561 2821 2608 autem
2843 2551 3046 2624 primo,
3070 2565 3162 2605 xv:
3199 2546 3319 2604 Kal.
3349 2545 3503 2615 Julii,

1914 2646 2049 2703 obiit
2089 2644 2267 2718 hujus‘
2298 2634 2603 2701 Trevericaa
2641 2642 2790 2701 sedis
2817 2634 2941 2699 Deo.
2970 2641 3201 2698 dilectus
3230 2636 3507 2710 archiepi-

1913 2737 2399 2809 SCOpUsPGppo.)
2498 2776 2605 2788 .-η
2686 2778 2693 2781 γ
2776 2774 2805 2778 .,
2892 2772 2899 2779 ,

1985 2828 2177 2901 Opera:
2199 2829 2435 2901 pretium
2471 2834 2557 2883 est
2582 2826 2672 2882 hic
2699 2825 2965 2881 adnotare
3006 2821 3141 2877 nihil
3182 2819 3287 2890 ipsi
3333 2817 3509 2873 fuisse

1884 2930 1885 2935 ‘
1916 2935 2209 2979 commune
2242 2935 2368 2974 cum
2394 2918 2489 2972 illo
2510 2916 2771 2988 Poppone
2807 2914 2903 2986 qui
2935 2913 3120 2968 Danos
3146 2911 3215 2966 ad
3232 2907 3507 2965 Christia-

1915 3029 2047 3069 nam
2069 3012 2228 3068 tidem
2256 3009 2544 3077 convertit.
2568 3005 2840 3075 Quamvis
2863 3004 3011 3059 enim
3036 3002 3157 3074 ejus
3195 2998 3525 3077 sepulcrum?

228 3092 405 3191 rubrte
430 3114 704 3171 Simeonis
742 3074 994 3170 ει·ρωίῑὲ
1009 3074 1299 3176 certiorem
1346 3074 1515 3181 facit:
1548 3074 1817 3183 urgetque
1844 3148 1886 3206 ο
1918 3108 2195 3181 quondam
2226 3074 2432 3162 abistis
2457 3102 2674 3174 populis
2710 3100 3115 3171 frequentatum
3143 3094 3327 3164 fuerit,
3346 3074 3524 3173 μοι’-θ

228 3214 291 3283 ut
311 3207 402 3263 ille
430 3207 488 3263 in
512 3210 831 3264 Sanctorum
878 3222 1169 3262 numerum
1210 3204 1499 3259 referatur.
1537 3201 1815 3272 Pepponis
1847 3192 1886 3206 ν
1922 3215 2019 3256 sus
2045 3208 2232 3253 tamen
2266 3196 2336 3251 ab
2370 3195 2463 3250 illo
2489 3202 2573 3249 est
2604 3192 2876 3247 diversus.

775 3328 3462 3372 ______________.______————————

593 3421 1073 3608 Porrouts
1142 3488 1627 3592 EPISTOLA
1684 3489 1832 3587 ‘AD
1903 3479 2541 3586 BENEBIGTUM
2611 3478 2722 3577 1x-
2793 3470 3162 3575 PAPAM.

1234 3675 1398 3748 (Vide
1417 3691 1603 3748 supra,
1630 3674 1769 3729 inter
1791 3669 2046 3744 epistolas
2066 3668 2343 3725 Benedicti
2374 3665 2504 3739 IX.)

334 3804 3415 3893 Μ

1593 3996 1730 4038 ANNO
1767 3994 1953 4036 DOIINI
1990 3993 2155 4033 MXLV.

821 4088 2928 4350 V.ANGELRANNUS

422 4437 780 4549 ABBAS
848 4431 1595 4543 MONASTERII
1670 4428 1764 4519 S.
1846 4422 2394 4515 RICHARII
2472 4405 3333 4509 CENTULE'NSIS.

1119 4757 1723 4881 NOTITIA
1802 4746 2627 4873 HISTORICA.

1005 4990 1025 5061 (
1045 4987 1130 5044 Ex
1166 4987 1349 5044 Gallia
1389 4984 1733 5050 Christiana,
1774 4996 1901 5037 nov.
1941 4978 2072 5035 edit.
2112 4986 2245 5033 tom.
2283 4972 2369 5041 Χ,
2407 4987 2530 5043 pag.
2574 4965 2773 5032 1219.)

1750 5137 2093 5154 ἢ

319 5283 725 5359 Angelrannus,
787 5275 1020 5349 Sapiens
1073 5271 1492 5344 cognominatus
1517 5311 1533 5335 ,
1589 5265 1835 5323 Centula:
1867 5269 1913 5326 Ι)
1938 5278 2119 5334 regem
2146 5259 2380 5314 Romam
2416 5246 2987 5359 euntem‘comita‘tusj
3009 5239 3317 5359 sacerdotio
3343 5239 3529 5359 ini‘tia-

246 5355 499 5443 honestis
544 5370 864 5444 parentibus
912 5374 1075 5421 natus
1110 5372 1211 5420 est.
1251 5361 1586 5417 Adolescens
1636 5355 1694 5412 S.
1739 5355 1837 5409 Ri-

250 5468 427 5526 charii
487 5465 725 5522 claustra
763 5459 949 5526 subiit,
996 5457 1157 5528 cujus
1193 5456 1264 5511 ab
1307 5454 1506 5509 abbate
1545 5449 1836 5523 lngelardo

251 5563 410 5633 longe
442 5558 622 5630 posita
645 5562 992 5612 scrutaturus
1021 5550 1335 5606 scholarum
1364 5544 1678 5617 magisteria
1700 5541 1837 5598 mis-

1943 5331 2037 5410 tus
2060 5352 2350 5410 Centulam
2377 5347 2558 5414 rediit,
2606 5343 2703 5400 ubi
2744 5337 3026 5413 lngelardo
3070 5333 3327 5405 defuncto
3360 5348 3393 5388 a
3417 5331 3537 5387 ira-

1942 5447 2120 5502 tribus
2154 5459 2263 5499 una
2284 5455 2422 5497 voce
2445 5440 2652 5495 electus
2679 5443 2783 5491 est.
2824 5431 2929 5488 Sed
2952 5445 3076 5502 quae
3115 5434 3233 5483 erat
3261 5424 3365 5479 viri
3408 5440 3532 5479 mo-

1946 5538 2150 5595 destia!
2180 5533 2391 5590 Furtim
2414 5548 2473 5589 se
2502 5528 2734 5603 proripit
2758 5541 2789 5582 e
2817 5521 3176 5588 monasterio,
3201 5526 3256 5575 et
3284 5517 3340 5571 in
3384 5514 3534 5570 silvae

251 5605 376 5720 sust:
401 5605 718 5706 Fulbertum
753 5648 1149 5703 Carnotensem
1189 5605 1505 5712 episcopum
1545 5642 1842 5707 praecepto-
1946 5629 2217 5688 Olnodioli
2248 5626 2473 5683 latibula
2508 5638 2568 5681 se
2591 5621 2759 5677 abdit.
2793 5617 2915 5673 Mox
2953 5614 3097 5686 regis
3117 5611 3278 5717 jussu
3312 5605 3519 5720 perqui-

251 5760 368 5802 κω
404 5738 630 5819 adeptus
655 5747 737 5799 est
771 5749 825 5796 et
874 5735 1233 5825 didascalum,
1289 5731 1507 5788 interim
1543 5728 1839 5786 Robcrtum

1949 5723 2087 5781 situs
2115 5737 2179 5778 ac
2198 5720 2420 5777 demum
2467 5717 2723 5772 inventus
2769 5724 2912 5767 onus
2962 5704 3278 5778 imposan
3328 5697 3534 5755 invitus
