4066 5330
487 243 642 314 nos"

1450 229 1919 310 .ANGELRANNI
1954 253 2248 309 ABBATIS
2282 252 2765 311 CENTULENSIS

3628 210 3779 307 tios-

485 366 669 423 subire
694 365 927 439 cogitur.
974 364 1092 422 Rex
1120 365 1304 437 itaque
1331 365 1576 437 gaudens
1606 367 1849 423 ecclesiae
1876 367 2066 424 basili-
2096 375 2141 432 Α
2173 368 2319 440 cipui
2361 367 2534 436 fuere,
2591 365 2772 424 Guido
2815 362 3201 423 Ambianensis
3238 373 3292 420 et
3334 363 3519 436 Drogo
3557 362 3767 420 Tarra-

491 466 614 517 car'n
641 462 830 529 intrat,
859 461 1124 533 Omnique
1169 467 1447 531 spectante
1493 459 1760 515 nobilium
1785 470 1839 516 et
1862 462 2076 532 ignobi-

483 554 617 608 lium
673 562 915 621 caterva,
964 569 1063 625 per
1116 552 1275 608 funes
1324 552 1391 608 ad
1435 552 1588 624 signa
1630 555 1930 624 pendentes
1974 555 2076 627 ipsi

486 646 657 701 totius
689 646 799 702 loci
828 645 1257 702 dominationem
1280 645 1509 716 delegat,
1528 644 1790 717 jubetque
1814 654 1875 702 ut
1903 663 2079 719 quan-

486 739 663 794 tocius
683 738 806 809 ejus
832 737 1140 793 benedictio
1170 738 1521 793 acceleretur.
1553 735 1749 794 Statim
1777 739 1930 810 operi
1961 755 2079 795 ma—

486 844 617 884 num
650 829 903 885 admovet
923 828 1327 901 Angelrannus,
1356 829 1559 886 moenia
1586 830 1769 899 struit,
1794 847 1921 887 aras
1943 847 2079 887 auro

484 931 537 975 et
560 930 789 991 argento
822 922 1003 989 vestit,
1025 937 1159 977 vasa
1180 929 1369 978 sancta
1391 922 1634 993 ampliat,
1663 923 2078 979 conventionem

485 1014 639 1084 prius
670 1030 796 1070 cum
822 1014 1061 1069 Notkero
1086 1014 1404 1071 Leodicensi
1454 1015 1712 1086 episcopo
1760 1014 1961 1072 factam
1992 1032 2080 1072 re—

485 1114 653 1161 novat
699 1121 823 1161 rum
869 1106 1126 1162 Durando
1172 1122 1318 1162 anno
1370 1106 1530 1175 1022,
1584 1105 2009 1163 Scabellivillam
2047 1125 2079 1164 a

490 1194 765 1251 Hichardo
826 1195 1272 1253 Normannorum
1322 1198 1462 1254 duce
1511 1199 1774 1271 acquirit,
1824 1199 2081 1256 Comitis-

492 1287 686 1344 Villam
723 1305 754 1345 a
777 1290 975 1346 comite
1002 1289 1221 1346 Pontivi
1266 1292 1636 1363 Angelranno,
1668 1285 1972 1364 Noguerias
1999 1309 2082 1349 re-

489 1382 770 1452 cuperavit
795 1397 941 1437 anno
967 1383 1129 1451 1055,
1164 1391 1221 1439 et
1246 1370 1622 1440 molendinum
1653 1384 1719 1440 de
1747 1384 2081 1442 Montiniaco

487 1489 634 1530 anno
663 1473 821 1529 1044.
850 1473 1115 1531 Hortante
1152 1474 1413 1532 Fulberto
1453 1476 1776 1532 Carnotensi
1822 1477 2081 1548 episcopo

488 1564 671 1620 Vitam
725 1567 903 1623 sancti
964 1565 1208 1624 Bicbarii
1256 1583 1421 1624 versu
1483 1569 1706 1625 heroico
1747 1569 2078 1640 composuit,

486 1658 734 1729 ejusdem
784 1659 1050 1715 miracula
1102 1668 1158 1715 et
1203 1658 1526 1716 relationem
1578 1660 1635 1716 in
1684 1660 2079 1716 monasterium

487 1749 817 1808 Centulense
842 1794 857 1819 ,
915 1752 1060 1831 sicut
1109 1759 1165 1809 et
1196 1742 1519 1808 Passionem
1578 1753 1755 1808 sancti
1803 1751 2076 1809 Vincentii

487 1844 746 1915 martyris
774 1852 829 1900 et
855 1843 1037 1899 Vitam
1071 1844 1128 1899 S.
1161 1844 1534 1901 Austrebertaz
1577 1845 1808 1916 .virginis
1834 1864 1849 1913 ;
1875 1845 2076 1901 honori

2179 462 2365 518 nensis
2393 471 2579 533 postea
2609 459 2870 532 episcopi.
2904 458 3019 514 Sub
3049 460 3212 514 linem
3239 458 3365 514 vitae
3405 458 3644 531 paralysi
3686 458 3769 514 sic

2178 555 2404 610 allectus
2425 563 2527 621 est,
2551 563 2611 608 ut
2631 552 2821 619 Fulco,
2848 552 2968 623 ejus
2988 551 3095 608 loci
3118 552 3443 619 monachus,
3457 551 3768 606 interventu

2178 629 2351 717 patris
2380 646 2466 702 sui
2489 644 2820 717 Angelranni
2845 641 3086 711 comitis,
3118 642 3188 698 ab
3216 640 3452 697 Henrico
3494 656 3643 712 rege,
3671 640 3785 711 qui.

2179 749 2294 795 tum
2318 738 2457 795 forte
2492 739 2546 794 in
2572 738 2869 794 Pontivum
2919 742 3169 803 venerat,
3205 733 3481 790 abbatiam
3516 731 3770 788 obtinue—

2180 819 2270 888 rit.
2328 832 2485 900 Quod
2532 846 2657 887 cum
2711 829 2972 890 rescisset
3018 826 3442 900 Angelrannus,
3498 824 3797 897 quosdam;

2180 926 2443 981 militares
2476 941 2506 980 a
2539 923 2781 979 Fulcone
2814 921 2883 978 ad
2928 919 3186 978 festivum
3211 919 3317 975 hac
3350 919 3419 975 de
3442 934 3506 974 re
3545 918 3765 989 epulum

2180 1026 2508 1074 convocatos
2547 1016 2683 1073 diris
2722 1012 3399 1085 addixit,{Fulconemque,
3435 1026 3497 1067 se
3529 1011 3767 1079 vivente,

2180 1126 2249 1166 ne
2272 1109 2491 1182 quidem
2526 1108 2750 1165 alterius
2801 1106 2908 1167 loci
2960 1103 3078 1161 fore
3130 1105 3383 1161 abbatem
3430 1109 3770 1159 contestatus

2180 1210 2300 1269 est;
2337 1209 2393 1258 et
2421 1209 2482 1256 ut
2505 1202 2625 1272 ejus
2648 1198 3001 1256 ambitionem
3044 1196 3262 1254 facilius
3296 1195 3620 1252 retunderet
3659 1194 3772 1248 An-

2181 1295 2495 1368 gelrannus,
2521 1309 2705 1366 regem
2731 1308 2897 1348 curru
2933 1290 3223 1357 convenit,
3255 1289 3495 1360 graviter
3522 1288 3772 1358 increpa-

2182 1387 2279 1456 vit,
2316 1395 2371 1443 et
2416 1386 2485 1442 ad
2527 1385 2653 1442 facti
2709 1384 3089 1456 paenitentiam
3131 1382 3378 1447 adduxit.
3433 1380 3563 1443 Alio,
3605 1378 3771 1450 paulo

2180 1489 2306 1552 post
2334 1496 2365 1537 a
2395 1495 2520 1550 rege
2541 1479 2669 1535 dato
2701 1476 3009 1539 successori
3033 1475 3281 1532 redditur
3304 1489 3435 1530 cura
3455 1472 3770 1545 pastoralis.

2180 1571 2301 1628 Non
2334 1571 2428 1627 diu
2470 1578 2750 1641 superstes
2789 1566 2894 1622 fuit
2921 1566 3343 1638 Angelrannus,
3396 1564 3518 1635 qui,
3561 1561 3774 1618 diutina

2181 1664 2419 1737 paralysi
2455 1662 2739 1734 probatus,
2776 1660 2998 1715 demum
3039 1658 3108 1714 ad
3144 1666 3388 1714 extrema
3411 1654 3682 1727 pervenit,
3719 1661 3777 1708 et

2185 1755 2252 1811 ad
2282 1755 2559 1811 caelestem
2588 1751 2821 1823 patriam
2850 1749 3105 1822 migravit
3124 1766 3157 1804 v
3178 1747 3307 1804 ldus
3336 1742 3774 1803 DecemeOLS.

2182 1847 2397 1918 Corpus
2421 1844 2542 1916 ejus
2568 1843 2624 1897 in
2652 1841 2880 1897 basilica
2910 1839 2968 1895 S.
3012 1838 3257 1895 Richarii
3289 1838 3357 1893 ad
3400 1852 3554 1892 aram
3596 1833 3792 1890 sancti-

487 1950 715 2005 quoque
740 1944 1058 1993 sanctorum
1105 1936 1403 1993 Wlframni
1433 1937 1829 2009 archiepiscopi
1861 1947 1915 1994 et
1942 1938 2077 1994 Wa-
2182 1935 2462 1992 Laurentii
2486 1934 2760 2005 sepultum
2788 1938 2892 1999 est,
2931 1930 2998 1985 ad
3045 1930 3206 2001 cujus
3252 1926 3527 1984 tumulum
3576 1924 3779 1979 mulier

486 2023 643 2079 larici
670 2026 884 2082 abbatis
916 2028 1169 2098 proprios
1218 2027 1424 2098 aptavit
1470 2036 1683 2084 cantus.
1737 2028 1913 2084 Tanta
1961 2030 2082 2100 ejus
2178 2030 2474 2103 paralytica
2505 2037 2697 2086 sanata
2725 2028 2943 2083 dicitur.
2965 2024 3126 2081 Nullo
3157 2034 3338 2080 tamen
3368 2021 3592 2094 publico
3620 2018 3775 2074 cultu

490 2117 732 2175 nominis
770 2117 917 2175 fama
944 2119 1148 2190 ubique
1186 2120 1504 2192 pervulgata
1551 2130 1658 2189 est,
1701 2129 1762 2176 ut
1790 2121 1947 2177 multi
1975 2136 2080 2177 no-
2178 2123 2447 2178 hactenus
2492 2122 2793 2176 honoratus
2819 2162 2834 2187 ,
2884 2133 2985 2174 nec
3040 2115 3373 2172 Sanctorum
3424 2112 3554 2167 albo
3606 2107 3775 2165 ascri—

491 2207 628 2264 biles
653 2210 702 2265 ci
746 2226 804 2267 se
842 2212 1039 2268 litteris
1069 2212 1402 2269 erudiendos
1418 2211 1769 2268 tradiderint.
1798 2212 1920 2269 Duo
1943 2229 2083 2284 prae-
2184 2222 2311 2283 ptus
2349 2220 2451 2268 est.
3312 2222 3315 2223 '

1711 2809 2008 2866 ABBATIS
2025 2748 2550 2883 malum

497 2944 1186 3049 (EdiditbomMamLLou,
1219 2966 1480 3049 Acta_SS.
1507 2968 1712 3049 orans.
1739 2969 2104 3049 Bened.~S.fec_.
2142 2969 2225 3035 Vl,
2250 2980 2403 3049 parte
2431 2989 2473 3039 ι,
2494 2987 2616 3043 pag.
2643 2972 2770 3038 494,
2793 2990 2860 3029 ex
2899 2970 3167 3049 Hariulfo,
3191 2968 3451 3049 chronici
3476 2967 3774 3049 Gentulet-

674 3039 752 3093 sis
781 3039 1048 3110 scriptore
1074 3039 1397 3110 subzequali,
1444 3039 1590 3111 apud
1610 3039 1907 3097 Aeherium
1933 3040 2122 3110 Spicil.
2164 3039 2298 3097 toni.
2327 3041 2416 3109 IV,
2450 3039 2509 3098 et
2529 3039 2654 3098 cum
2681 3059 2786 3099 ms.
2821 3044 2943 3099 cod.
2980 3042 3318 3115 autographo
3346 3040 3604 3097 contulit.

511 2351 3733 2391 mw

255 2521 350 2581 {fw
421 2454 665 2616 ρ

1400 3474 1405 3478 θ
1455 3381 2323 3475 ΟΒΞΕΒἾΑΤΙΟΝΕΞ
2363 3382 2812 3466 PREVIZE.

583 3566 630 3618 Ι.
660 3561 1048 3618 Monasterium
1070 3559 1421 3628 Centulense,
1450 3561 1599 3632 quod
1626 3576 1659 3616 a
1689 3568 1880 3617 sancto
1895 3560 2155 3619 Riebario
2169 3570 2510 3619 exstructum
2540 3562 2712 3618 fuisse
2737 3562 2883 3617 circa
2907 3576 3112 3616 annum
3136 3560 3244 3615 625
3271 3559 3543 3632 diximus,
3568 3560 3785 3632 labente

504 3634 705 3689 smculo
728 3648 873 3687 nono
906 3648 936 3686 a
962 3632 1212 3703 barbaris
1241 3630 1485 3703 dirutum
1516 3631 1637 3699 fuit,
1663 3633 2035 3703 remansitque
2075 3649 2212 3703 pene
2258 3635 2522 3688 incultum
2560 3649 2735 3702 usque
2771 3633 2839 3703 ad
2871 3632 3055 3687 δωρηιί
3086 3632 3360 3703 undecimi
3399 3631 3575 3685 initia.
3608 3630 3781 3701 Hujus

504 3705 977 3763 locigrestaurator
1002 3702 1105 3757 fuit
1124 3701 1460 3773 lngelardus,
1491 3718 1557 3757 ex
1586 3704 1856 3758 monacho
1879 3701 2194 3773 Corbeiensi
2229 3705 2398 3759 abbas
2426 3701 2773 3759 Centulensis
2802 3702 3011 3768 factus;
3045 3703 3135 3757 cui
3165 3701 3774 3773 Angelrannusnosser,

506 3791 605 3831 seu
640 3783 700 3828 ut
723 3775 814 3828 alii
845 3774 1111 3845 pingunt,
1138 3772 1519 3845 lngelrannus,
1544 3774 1830 3840 successit,
1856 3772 1940 3845 vir
1957 3790 2067 3828 non
2094 3776 2271 3829 solum
2294 3776 2541 3829 doctrina
2590 3789 2690 3845 pro
2742 3789 2843 3829 suo
2878 3782 3127 3845 tempore
3134 3772 3573 3845 _pra§ditus,_sed
3616 3772 3777 3826 etiam

503 3845 764 3916 praeclare
787 3841 966 3916 gestis
984 3851 1038 3898 et
1066 3841 1264 3913 pietate
1288 3844 1539 3916 insignis,
1578 3845 1730 3916 unde
1766 3845 1816 3897 ei
1861 3842 2129 3916 Sapientis
2178 3861 2482 3916 cognomen
2528 3841 2765 3900 inditum
2806 3852 2910 3899 est.
2946 3841 3080 3913 Ejus
3104 3841 3384 3916 Vitam};
3416 3842 3559 3916 libro
3586 3852 3781 3916 (piat-to

502 3912 758 3970 Chronici
790 3912 1578 3986 Centulensis_exscripsimus,
1625 3915 1845 3970 omissis
1886 3912 2273 3969 nihilominus'
2294 3917 2361 3970 iis
2394 3932 2517 3986 quae
2562 3916 2629 3971 ad
2669 3931 2784 3969 rem
2831 3912 3076 3986 nostram
3125 3929 3235 3986 non
3269 3912 3574 3986 iaciebant.
3609 3912 3778 3981 Hujus

501 3986 759 4041 Chronici
784 3994 975 4040 auctor
994 3995 1079 4041 est
1114 3983 1412 4051 Hariulfus,
1441 3987 1535 4055 qui
1566 3986 1730 4056 paulo
1760 3993 1883 4055 post
1905 3985 2313 4056 Angelrannum
2359 3983 2426 4040 in'
2468 3987 2801 4041 monasterio
2828 3984 3143 4039 Centulensi
3172 3984 3328 4056 vixit,
3371 3983 3518 4056 quod
3554 3983 3779 4056 ipsemet

503 4071 613 4126 non
642 4057 831 4120 semel,
860 4056 1206 4125 potissimum
1235 4056 1292 4109 in
1318 4057 1423 4110 line
1446 4053 1774 4126 libriiQuarti
1809 4053 2116 4126 attestatur,
2151 4057 2243 4111 ubi
2273 4072 2332 4111 se
2356 4073 2388 4111 a
2413 4056 2650 4111 Gervino
2670 4056 2931 4121 secundo,
2962 4055 3314 4126 Angelranni,
3346 4053 3527 4126 medio
3545 4053 3779 4108 Ger-vino

502 4125 702 4197 primo,
740 4124 1075 4191 successore,
1106 4127 1532 4197 monac/rigatum
1568 4124 1739 4181 fuisse
1764 4126 1948 4197 refert.
1986 4125 2063 4180 Ex
2091 4127 2213 4195 ejus
2240 4142 2372 4181 vero
2396 4127 2884 4197 epitaphiotquod
2919 4124 3121 4197 tonui,
3161 4126 3407 4180 Analect.
3434 4124 3645 4179 editum
3677 4131 3776 4191 est,

502 4192 766 4250 discimus
794 4211 920 4249 eum
949 4211 1013 4249 ex
1046 4196 1313 4249 monacho
1343 4194 1658 4250 Ccntulensi
1683 4197 1903 4249 tertium
1924 4192 2385 4252 AldeWraenscm
2417 4192 2667 4252 abbatem
2682 4192 2903 4252 'Ta'ctum
2937 4192 3126 4251 fuisse.

572 4265 627 4320 2.
655 4265 1004 4338 Angelranno
1036 4265 1178 4338 inter
1199 4265 1495 4338 scriptores
1522 4266 1925 4338 ecclesiasticos
1969 4267 2120 4338 locus
2151 4263 2379 4322 debetur
2423 4270 2493 4323 ob
2538 4269 2785 4338 quaedam
2815 4268 3122 4338 ropuscular
3149 4266 3219 4338 ab
3257 4280 3333 4338 eo
3360 4265 3549 4338 Aedita.
3580 4263 3779 4338 Ex_b_is

502 4333 799 4407 supersunt
826 4336 883 4407 in
915 4352 1018 4391 ms.
1044 4335 1233 4391 codice
1259 4333 1575 4391 Céntulensi
1600 4344 1837 4407 quatuor
1870 4337 1993 4392 libri
2032 4337 2103 4392 De
2126 4338 2258 4401 vita,
2284 4333 2574 4394 miraculis
2590 4347 2644 4393 et
2674 4333 2935 4393 relatione
2956 4337 3129 4393 sancti
3153 4335 3418 4401 Richarii,
3452 4351 3616 4406 quos,
3651 4333 3775 4388 Ful-

501 4406 677 4478 berto,
706 4406 981 4478 quondam
1008 4422 1110 4461 suo
1136 4407 1419 4478 magistro,
1447 4406 1770 4463 adhortante
1794 4408 2121 4478 composuit,
2152 4419 2213 4463 ut
2245 4410 2471 4478 ipsemet
2498 4411 2553 4463 in
2579 4409 2806 4478 epistola
2837 4409 2904 4463 ad
2932 4409 3110 4478 ipsum
3137 4406 3456 4478 Fulbertum
3496 4420 3777 4478 nuncupa-

500 4476 640 4531 toria
662 4475 912 4560 testatur.
945 4477 1063 4532 Alia
1095 4475 1519 4560 itemiopuscula
1552 4479 1775 4534 rnetrice
1807 4475 2142 4560 composuit
2177 4475 2579 4560 angelrannus,
2613 4475 2694 4533 de
2739 4475 3095 4560 quibus-agit
3118 4477 3394 4560 "(lbroniei
3421 4475 3777 4560 auctor‘infra

502 4563 655 4619 num.
690 4549 775 4602 15.
798 4548 1068 4603 Craterum
1094 4546 1418 4604 Scholastici
1448 4565 1647 4603 nomen
1680 4549 1826 4618 quod
1856 4546 1971 4619 ipse
2000 4551 2102 4604 sibi
2130 4546 2318 4604 tribuit
2339 4551 2738 4619 Angelrannus,
2759 4546 2887 4603 tum
2922 4546 3088 4604 etiam
3117 4548 3241 4602 libri
3272 4563 3413 4619 quos
3443 4546 3780 4619 bibliotheca:

502 4616 817 4691 Centulensi
854 4620 1219 4691 comparavit,
1244 4636 1497 4690 magnam
1527 4621 1646 4687 ejus
1688 4616 1743 4673 in
1784 4616 1996 4675 litteras
2028 4629 2267 4691 arguunt
2318 4616 2767 4691 propensionem;
2796 4620 2939 4674 idem
2976 4620 3208 4691 probati}
3249 4616 3528 4691 discipuli,
3568 4617 3778 4691 quos_iu

503 4689 839 4761 monasterio
859 4686 1181 4761 Centulensi
1196 4686 1511 4761 frequentes
1545 4686 1754 4755 habuit,
1792 4705 1915 4761 quae
1943 4686 2127 4745 omnia
2159 4691 2215 4745 in
2244 4686 2363 4761 ejus
2392 4686 2513 4745 Vita
2543 4691 2720 4745 fusius
2747 4686 3114 4759 exponuntur.
3167 4686 3423 4761 Denique
3460 4688 3655 4761 beatus
3679 4686 3778 4741 Geo

501 4758 709 4823 raldus,
733 4768 918 4829 postea
948 4757 1357 4830 Silvz’e—Majoris
1381 4761 1571 4827 abbas,
1601 4761 1655 4814 in
1682 4757 1826 4815 libro
1851 4760 2235 4816 Miraculorum
2264 4757 2436 4817 sancti
2471 4760 2762 4816 Adbelardi
2783 4802 2799 4827 ,
2817 4757 3002 4830 quem
3024 4776 3151 4816 eum
3176 4759 3357 4814 adhuc
3384 4757 3633 4830 Corbeiae
3671 4772 3779 4830 tuo-

503 4838 719 4884 raretur
738 4828 930 4901 edidit.
953 4839 1182 4884 testatur
1224 4828 1613 4901 lngelrannum
1666 4832 1933 4885 miraculo
1980 4832 2196 4887 cuidam
2243 4834 2416 4888 sancti
2451 4831 2765 4886 Adhelardi,
2800 4828 3135 4895 interfuisse,
3185 4846 3296 4899 qua
3348 4828 3645 4901 occasione
3668 4828 3778 4901 ejus

500 4901 865 4973 eruditionem
902 4900 988 4955 his
1014 4902 1195 4955 verbis
1219 4897 1447 4973 extollit.
1497 4900 1763 4955 Intererat
1812 4903 2091 4955 matutinis
2130 4903 2291 4956 abbas
2329 4903 2704 4973 lngelrannus,
2739 4902 2828 4971 qui
2849 4918 2908 4955 eo
2942 4909 3170 4971 tempore
3196 4897 3401 4954 Ea’teris
3444 4897 3779 4973 philosoplta-

503 4971 661 5092 (quur
717 4969 917 5037 altius,
966 4987 1218 5042 quemque
1273 4972 1429 5042 hujus
1473 4972 1611 5042 signi
1656 4981 1839 5027 testem
1882 4989 1985 5027 non
2028 4974 2138 5045 fors
2181 4968 2432 5041 miserat,
2481 4974 2571 5027 sed
2603 4968 2760 5042 cujus
2799 4972 2972 5043 gregis
3022 4968 3207 5042 pastor
3249 4978 3386 5035 erat,
3434 4977 3653 5022 sanctus
3693 4968 3779 5021 Ri—
3848 4974 3881 5008 ο

503 5057 735 5092 cmrms.

502 5057 735 5095 cnarms.

2404 5113 2495 5124 ...Α
2571 5113 2586 5124 ς
3077 5112 3089 5124 ι
3282 5110 3295 5123 I
3457 5109 3531 5124 Il.
3654 5106 3777 5124 ,Δι’
