4066 5330
542 180 685 255 ιίιογ

1539 204 1985 265 ANGELRANM
2013 202 2309 261 ABBATIS
2341 203 2816 263 CENTULENSIS

3684 205 3825 264 μου

611 316 665 371 5.
718 319 893 392 Hujus
924 336 1055 395 ergo
1082 327 1282 377 eventu
1316 320 1529 378 itineris
1548 364 1564 389 ,
1602 321 1686 378 vir
1708 320 1804 378 Dei
1830 322 2136 395 Angelran-
2165 323 2213 380 Δ
2238 331 2325 379 sat
2345 331 2428 379 est
2450 323 2758 379 animarum
2784 322 3017 379 salutem
3050 321 3316 392 obtinere,
3352 322 3450 381 sed
3471 329 3632 380 curat
3653 324 3829 381 etiam

539 414 654 470 n‘u‘s
681 413 749 469 ad
785 411 948 484 Regis
990 412 1243 468 notitiam
1277 413 1460 481 venit;
1503 421 1838 485 quapropter
1870 413 1988 486 ipse
2037 429 2134 470 rex

538 512 658 557 nam
687 518 813 557 eum
837 502 980 558 inter
1018 502 1237 559 inﬁmos
1278 503 1586 575 relinquere
1624 505 1788 560 corde
1821 513 1982 563 tenus
2011 521 2134 562 am-

536 585 701 647 iiivit.
742 591 964 670 Interim
1020 608 1172 661 vero,
1225 593 1356 648 dum
1390 609 1485 648 rex
1516 595 1783 665 perquirit
1846 610 1957 667 quo
2005 611 2136 652 eum

545 683 756 740 honore
809 683 1037 752 fulciat,
1094 700 1310 756 semper
1362 687 1705 743 venerandus
1751 686 2134 760 Angelrannus

544 788 643 827 sua
680 773 1075 829 inbabitatione
1097 774 1380 829 Ccntulam
1409 775 1644 844 exaltat;
1670 784 1725 832 et
1748 777 1998 848 provenit
2019 776 2132 835 Deo

541 864 852 933 ordinante,
884 874 944 921 ut
980 865 1197 921 ahbatia
1238 864 1582 923 Centulensis
1622 877 1849 939 paterna
1882 868 2131 941 privare-

542 964 632 1031 tur
660 957 1044 1013 sollicitudine.
1078 957 1332 1013 Fratrum
1348 973 1479 1032 ergo
1503 960 1739 1017 sanioris
1763 962 1976 1019 consilii
1997 978 2132 1020 conv

540 1050 693 1125 cordi
738 1050 1002 1105 electione
1041 1050 1096 1105 id
1146 1050 1309 1107 ollicii
1351 1053 1632 1123 suscipere
1684 1054 1900 1125 cogitur
1928 1054 2129 1127 Angel-

539 1158 766 1207 rannus,
810 1142 906 1212 qui
950 1142 1165 1198 Domini
1196 1144 1536 1214 praescientia
1563 1154 1691 1202 ante
1723 1147 1908 1203 omnia
1929 1149 2151 1217 saecula

538 1232 606 1297 ad
644 1232 749 1289 hoc
785 1232 965 1292 fuerat
1011 1244 1365 1305 praeparatus.
1409 1234 1564 1293 Tunc
1603 1253 1700 1292 rex
1742 1253 1914 1295 ovans
1956 1237 2124 1310 quod,

536 1321 680 1378 sicut
701 1323 962 1393 cupierat,
992 1324 1172 1380 locum
1198 1326 1503 1382 honorandi
1533 1328 1844 1398 reperisset,
1882 1345 2024 1400 saepe
2044 1330 2127 1385 di-

534 1424 677 1477 utam
703 1415 988 1472 Centulam
1027 1417 1133 1473 hac
1160 1418 1226 1474 de
1263 1433 1428 1476 causa
1456 1419 1730 1477 concitato
1764 1421 1935 1493 gradu
1965 1421 2127 1478 deve-

533 1513 633 1570 nit.
692 1514 852 1572 Enim
899 1533 1031 1573 vero
1068 1516 1228 1574 famae
1261 1518 1541 1586 velocitas,
1583 1518 1917 1591 Angelranni
1962 1535 2126 1577 aures

530 1608 849 1678 percellens,
892 1610 1039 1666 dicto
1086 1610 1249 1668 citius
1279 1610 1475 1667 timore
1505 1611 1712 1667 salubri
1738 1611 1860 1682 ejus
1887 1628 2123 1683 praecor-

2234 416 2466 472 terrenis
2494 414 2738 472 aediliciis
2778 414 2960 471 locum
3001 416 3360 472 commissum
3383 416 3678 473 honorare.
3717 416 3831 473 De-

2232 506 2398 579 nique
2444 507 2646 563 mmnia
2685 507 2903 574 struxit,
2934 522 3122 564 sacras
3157 522 3281 564 aras
3312 522 3448 565 auro
3491 516 3548 565 et
3596 518 3829 581 argento

2228 599 2471 668 vestivit,
2493 598 2806 672 Christique
2831 615 2961 657 vasa
2998 608 3349 656 sacrosancta
3382 616 3483 672 pro
3507 616 3673 672 posse
3696 617 3819 657 amo

2230 690 2438 761 pliavit.
2475 690 2856 747 Delectabatur
2891 691 3053 763 plane
3083 698 3334 748 sanctum
3354 691 3635 763 ingenium
3672 692 3818 749 bono

2230 797 2425 853 opere,
2476 783 2801 854 pascebatur
2841 783 2931 855 pia
2972 797 3128 841 mens
3177 793 3366 840 sancta
3404 784 3814 840 exercitatione.

2228 868 2439 930 Interea
2460 872 2732 931 Notkerus
2749 874 3097 932 Leodieensis
3118 875 3427 948 episcopus,
3448 877 3592 933 cuia
3614 877 3818 933 domno

2228 964 2510 1040 lngelardo
2553 968 2750 1025 abbate
2794 968 3047 1041 quaedam
3096 967 3284 1025 Sancti
3326 968 3572 1026 Richarii
3610 969 3816 1041 prmia

2228 1059 2448 1117 fuerant
2468 1061 2842 1133 oppignerata,
2871 1061 3106 1130 obierat,
3140 1070 3195 1118 et
3226 1070 3351 1134 post
3373 1061 3509 1117 alios
3537 1060 3681 1118 duos
3706 1060 3818 1117 Du-

2227 1153 2433 1210 randus
2473 1153 2647 1224 ipsius
2694 1153 2839 1210 sedis
2886 1162 3202 1226 susceperat
3244 1154 3618 1225 praesulatum.
3658 1152 3817 1211 Hunc

2226 1244 2411 1317 itaque
2457 1246 2625 1303 abbas
2644 1246 3025 1320 Angelrannus
3049 1247 3203 1316 adiit,
3233 1255 3308 1316 et,
3350 1256 3414 1304 ut
3443 1247 3814 1305 conditionem

2225 1355 2390 1411 quam
2414 1338 2562 1395 illius
2595 1347 2650 1396 et
2678 1356 2814 1396 suus
2838 1338 3042 1398 fecerat
3071 1349 3385 1398 antecessor
3406 1349 3721 1409 renovaret,
3744 1356 3812 1397 ne

2225 1430 2615 1498 infirmarctur,
2640 1431 2908 1488 exoravit.
2948 1429 3053 1498 Qui
3074 1431 3364 1503 episcopus
3390 1431 3689 1487 venerandi
3711 1429 3814 1486 viri

2224 1522 2478 1592 precibus
2496 1523 2872 1593 acquiescens,
2895 1539 3023 1578 nam
3045 1531 3101 1580 et
3124 1538 3157 1579 a
3180 1524 3383 1580 domno
3411 1521 3582 1579 Ebalo
3607 1522 3684 1595 (2)
3702 1519 3811 1577 Re-

2226 1630 2441 1671 morum
2465 1617 2708 1673 antistite
2729 1615 2965 1688 idipsum
2988 1615 3166 1672 facere
3194 1614 3373 1672 fuerat
3389 1624 3671 1683 exoratus,
3703 1602 3811 1669 tale

530 1697 621 1754 dia
674 1700 863 1770 replet.
921 1699 1061 1767 Quid
1105 1709 1289 1774 ageret
1329 1716 1442 1758 non
1496 1701 1838 1771 inveniebat;
1890 1701 2122 1759 fratrum
2158 1688 2202 1752 Β
2228 1705 2408 1763 denuo
2465 1709 2793 1780 rescriptum
2849 1707 3211 1780 promulgavit
3248 1726 3264 1762 :
3297 1706 3356 1762 In
3410 1706 3632 1762 nemine
3676 1720 3809 1761 san-

530 1792 810 1849 unanimis
828 1793 1041 1862 electio,
1074 1802 1324 1852 exstante
1349 1795 1645 1852 admodum
1675 1811 1843 1867 parva
1861 1812 2128 1867 quorum-

527 1883 654 1943 dam
685 1900 786 1942 sua
812 1885 1093 1942 nobilitate
1122 1885 1437 1949 inflatorum
1459 1886 1911 1954 contradictione,
1940 1897 2128 1958 pasto-

525 1977 798 2037 ralitatem
827 1978 1108 2048 suscipere
1148 1979 1396 2049 cogebat,
1438 1979 1588 2051 regia
1627 1978 1794 2036 etiam
1825 1981 2128 2038 auctoritas

525 2069 595 2124 ad
622 2068 728 2125 hoc
761 2069 1066 2141 impulsura
1095 2071 1516 2143 prepinquabat.
1561 2070 1667 2128 Sed
1709 2072 1821 2141 ille,
1866 2074 1961 2144 qui
1992 2074 2124 2131 suh-a

525 2176 647 2221 esse
681 2177 848 2232 quam
888 2177 1123 2234 praeesse
1164 2162 1421 2231 malebat,
1459 2164 1689 2220 omnino
1736 2180 1796 2220 se
1835 2164 2121 2237 indignum

524 2251 753 2321 hujusce
801 2254 879 2309 rei
926 2256 1274 2325 perceptione
1309 2255 1715 2326 prtejudicabat.
1760 2256 1991 2328 Sumpto
2017 2259 2121 2331 igis

522 2351 615 2398 tur
647 2360 786 2400 ausu
823 2345 1086 2402 silvarum
1119 2347 1294 2403 lustra
1321 2348 1545 2417 expetit,
1575 2347 1761 2419 ibique
1784 2365 1844 2406 se
1868 2366 1937 2405 ne
1966 2350 2119 2407 inve-

521 2434 732 2499 niretur
761 2437 960 2494 abditis
994 2438 1324 2509 quibusdam
1353 2440 1622 2496 recondit.
1660 2440 1780 2497 Rex
1818 2442 2117 2507 adveniens

518 2526 700 2582 virum
727 2527 1057 2602 interrogat;
1089 2530 1277 2587 furtim
1304 2547 1432 2587 eum
1453 2532 1788 2590 abscessisse
1821 2536 2119 2591 monacho-1

520 2632 646 2685 rum
707 2620 866 2675 turba
921 2621 1240 2692 proclamat.
1299 2622 1415 2679 Rex
1458 2625 1687 2681 miratur
1730 2626 2110 2695 intentionem,

519 2711 780 2779 praedicat
817 2713 1204 2783 humilitatem,
1237 2715 1501 2787 iubetque
1538 2725 1600 2773 ut
1630 2717 1793 2774 citius
1832 2727 2106 2788 pergatur,

517 2816 582 2859 ac
607 2802 810 2858 electus
843 2803 1061 2861 Domini
1088 2806 1156 2861 ad
1179 2821 1238 2863 se
1258 2807 1570 2863 reducatur.
1608 2807 1820 2872 Excutit
1849 2824 1982 2879 ergo
2000 2809 2108 2867 mi-

515 2890 702 2947 litares
730 2895 1052 2964 praeclarum
1075 2895 1171 2952 Dei
1202 2896 1432 2954 militem
1466 2898 1866 2969 perquirentes,
1917 2899 2109 2956 scisci-

515 2977 702 3057 tantur
767 2999 802 3038 a
860 2984 1284 3057 quibuscunque
1324 2988 1672 3065 obviantibus
1722 2989 1896 3046 sicubi
1952 2991 2106 3048 visus

514 3071 712 3150 fuisset
758 3072 839 3130 vir
884 3077 1328 3147 cluentissimus;
1380 3082 1597 3138 tandem
1646 3083 1831 3153 igitur,
1887 3095 2106 3155 peracta

513 3168 684 3222 multa
704 3170 1057 3240 scrutatione,
1082 3172 1137 3227 in
1160 3173 1297 3229 silva
1329 3171 1598 3230 Olnodioli
1639 3176 1976 3248 dignoscitur
2020 3179 2104 3234 la-

511 3269 646 3317 tere.
688 3259 800 3317 ltur
821 3264 1000 3332 ocius,
1022 3266 1378 3337 perquiritur,
1412 3268 1667 3325 inventus
1689 3269 2102 3338 addueitur,re—

512 3354 707 3431 gisque
744 3353 968 3411 Roberti
1003 3358 1303 3427 praesentia:
1330 3359 1563 3417 sistitur.
1598 3359 1715 3417 Rex
1744 3361 1927 3435 itaque
1964 3380 2102 3436 gau-

511 3444 648 3529 dens
680 3446 927 3502 ecclesiae
964 3447 1249 3509 basilicam
1295 3451 1484 3519 intrat,
1528 3454 1790 3524 omnique
1824 3440 2102 3529 spectante

510 3535 776 3595 nobilium
802 3538 887 3594 vel
921 3538 1241 3611 ignobilium
1269 3550 1509 3610 caterva,
1540 3559 1637 3614 per
1657 3542 1819 3601 funes
1844 3545 1910 3600 ad
1944 3546 2099 3617 signa

509 3629 807 3697 pendentes
858 3630 961 3701 ipsi
1009 3632 1178 3688 totius
1238 3632 1346 3688 loci
1391 3634 1820 3692 dominationem
1864 3637 2094 3710 delegat.

509 3718 643 3779 Dein
658 3721 883 3790 jubetur
913 3724 983 3779 ab
1016 3723 1135 3794 ipso
1158 3740 1285 3796 rege
1314 3732 1375 3780 ut
1401 3728 1730 3797 quantocius
1763 3730 2099 3786 accelerare-

507 3821 599 3867 tur
620 3812 1021 3872 benedictionis
1040 3816 1383 3872 consecratio
1412 3817 1594 3889 digna.
1636 3818 1775 3877 Vere
1816 3837 1947 3893 ergo
1993 3821 2097 3877 iste

507 3906 731 3975 superni
771 3906 1078 3963 membrum
1119 3907 1314 3979 capitis
1356 3907 1479 3976 fuit,
1533 3908 1631 3980 qui
1676 3926 1887 3968 memor
1930 3928 2095 3968 suum

506 4000 990 4077 Dominum,‘dum
1029 4020 1154 4060 eum
1189 4005 1387 4060 vellent
1431 4005 1615 4076 populi
1662 4005 1841 4063 facere
1885 4024 2091 4079 regem,

505 4086 713 4160 fugisse
734 4090 789 4144 in
811 4101 1076 4160 montem,
1102 4109 1173 4149 ne
1195 4095 1489 4165 supercilio
1515 4096 1846 4166 prazlationis
1866 4101 2093 4157 extolle-

505 4187 677 4247 retur,
714 4181 907 4237 maluit
940 4183 1125 4238 subire
1156 4200 1467 4240 cavernam.

2229 1806 2350 1865 oue,
2378 1806 2482 1857 etc.
2524 1801 2658 1856 Acta
2688 1807 2817 1856 sunt
2836 1799 2953 1855 hzec
2984 1798 3187 1856 Leodio
3220 1798 3453 1869 publice,
3479 1798 3584 1854 sub
3605 1797 3695 1885 die
3718 1811 3809 1851 xiv

2226 1886 2347 1943 Kal.
2381 1887 2654 1958 Octobris,
2694 1904 2839 1945 anno
2884 1888 3183 1945 Dominica:
3216 1888 3614 1944 Incarnationis
3644 1885 3807 1952 1023,

2225 1980 2441 2051 imperii
2475 1997 2606 2037 vero
2639 1980 2859 2038 Henrici
2899 1998 3015 2050 xix,
3056 1990 3162 2038 etc.
3202 1980 3314 2038 Hac
3357 1982 3525 2053 igitur
3556 1979 3805 2051 pactione

2223 2075 2428 2133 utiliter
2449 2084 2719 2147 reparata,
2756 2075 3147 2132 monasterium
3175 2090 3430 2131 reversus
3450 2082 3553 2130 est.

2294 2164 2343 2218 7.
2382 2164 2693 2238 Aliquando
2718 2165 2883 2221 etiam
2918 2164 3231 2222 Ncustriam
3273 2164 3393 2232 ivit,
3433 2172 3490 2220 et
3529 2161 3807 2237 colloquio,
3894 2238 3899 2247 .

2220 2258 2559 2318 marchionis
2583 2257 2844 2315 Richardi
2880 2274 3038 2326 usus,
3078 2256 3371 2328 postulavit
3409 2255 3665 2312 eumdem
3702 2254 3803 2309 du—

2217 2365 2357 2416 cem,
2391 2358 2451 2406 ut
2483 2366 2582 2421 pro
2609 2350 2784 2407 salute
2818 2366 2931 2409 sua:
2964 2350 3162 2406 animae
3185 2347 3676 2406 Sancto‘Ricbario
3704 2347 3803 2401 ali-

2214 2442 2346 2513 quid
2376 2438 2687 2514 largiretur.
2724 2440 2850 2511 Qui,
2884 2442 3064 2499 sciens
3094 2442 3272 2497 virum
3314 2456 3436 2497 esse
3480 2440 3799 2511 prudentem

2213 2542 2267 2593 et
2296 2534 2589 2591 monastici
2628 2534 2863 2591 tramitis
2886 2543 3208 2601 amatorem,
3256 2533 3488 2605 benigne
3518 2531 3570 2586 ei
3598 2530 3800 2602 paruit,

2211 2623 2501 2681 conferens
2523 2641 2618 2697 per
2645 2626 2766 2697 ejus
2794 2642 3019 2682 manum
3044 2624 3244 2682 Sancto
3271 2623 3530 2681 Ricbario
3554 2624 3800 2681 casulam

2208 2717 2461 2787 pretiosae
2489 2734 2762 2790 purpuris,
2800 2726 2855 2774 et
2878 2719 3164 2776 ecclesiam
3189 2718 3580 2785 Scabellivillze,
3613 2717 3682 2773 de
3702 2733 3802 2773 cu-

2203 2809 2297 2880 jus
2317 2810 2610 2866 donatione
2641 2811 2804 2867 talem
2843 2812 3083 2867 condidit
3110 2811 3554 2883 descriptionem.

2284 2932 2306 2965 ι
2331 2910 2390 2966 In
2422 2914 2645 2977 nomine
2675 2922 2879 2971 sancta:
2923 2921 2979 2969 et
3020 2912 3313 2969 individua:
3351 2911 3658 2979 Trinitatis,
3699 2927 3807 2984 ego

2209 3001 2514 3059 Richardus
2545 3004 2621 3074 (5)
2667 3004 2848 3059 divina
2874 3004 3205 3060 concedente
3236 3003 3408 3076 gratia
3430 3002 3806 3060 Nortmanno~

2207 3111 2329 3150 rum
2358 3096 2489 3150 dux.
2525 3094 2877 3167 Compertum
2899 3110 3021 3153 esse
3043 3096 3294 3152 volumus
3314 3096 3564 3151 omnium
3595 3104 3800 3151 sancta-

2206 3186 2300 3242 Dei
2327 3187 2583 3245 Ecclesiae
2610 3187 2851 3243 fidelium
2898 3188 3181 3247 industria:
3228 3188 3376 3259 quod
3415 3186 3801 3260 Angelrannns

2205 3280 2374 3336 abbas
2392 3278 2739 3336 Ccntulensis
2759 3280 3018 3347 cmnobii,
3046 3281 3141 3336 ubi
3163 3278 3490 3336 venerabilis
3516 3278 3801 3336 confessor

2204 3381 2431 3428 sanctus
2485 3372 2777 3429 Richarius
2834 3374 3096 3444 quiescit,
3152 3373 3499 3429 clementiam
3548 3382 3799 3428 nostram

2202 3462 2485 3532 expetierit
2521 3470 2792 3533 quatenus
2834 3462 2939 3534 ipsi
2990 3472 3180 3519 sancto
3234 3452 3524 3535 largitione
3596 3470 3801 3518 nostra

2199 3551 2559 3625 eleemosyna:
2579 3551 2953 3619 conferremus
2994 3552 3221 3624 aliquid.
3277 3552 3525 3609 Consilio
3568 3569 3700 3625 ergo
3741 3561 3797 3609 et

2200 3653 2456 3718 suggestu
2509 3654 2825 3701 nostrorum
2877 3646 3140 3714 ﬁdelium,
3184 3645 3531 3702 decrevimus
3578 3644 3797 3700 tradere

2197 3746 2459 3809 perpetuo
2487 3738 2745 3808 pmdicto
2775 3748 2965 3795 sancto
3001 3747 3056 3794 et
3101 3738 3277 3795 servis
3320 3738 3443 3809 ejus
3501 3737 3796 3801 ecclesiam

2196 3844 2319 3900 qua:
2347 3830 2452 3884 sita
2480 3830 2644 3887 estin
2682 3829 2915 3886 Seabelli
2950 3830 3098 3886 villa.
3138 3828 3405 3886 Praefatus
3442 3844 3578 3886 vero
3623 3829 3799 3885 abbas

2195 3931 2249 3978 et
2284 3921 2510 3991 fratres,
2545 3921 2649 3979 sub
2684 3923 3061 3979 testiﬁcatione
3100 3923 3382 3995 praesentis
3415 3922 3795 3994 chirographi,

2168 3997 2610 4086 rspopondcrunt
2650 4016 2794 4087 quod
2823 4031 3009 4073 amore
3044 4014 3305 4087 genitoris
3338 4013 3536 4081 nostri,
3577 4021 3794 4081 nostro,

2193 4114 2246 4161 et
2280 4107 2490 4174 matris,
2519 4107 2772 4179 conjugis
2796 4116 2851 4163 et
2872 4107 3065 4178 prolis,
3089 4122 3322 4179 persona
3344 4106 3511 4161 unius
3532 4105 3793 4162 monachi

2193 4200 2368 4272 ipsius
2393 4200 2829 4271 congregationis
2855 4207 3146 4271 augeretur
3180 4213 3466 4265 numerus,
3502 4213 3569 4253 ca
3598 4191 3791 4253 condi-

525 4291 536 4301 ’
576 4270 631 4328 6.
675 4269 794 4327 Jam
830 4288 980 4341 vero,
1033 4284 1254 4346 sumpto
1294 4276 1505 4333 abbatis
1552 4277 1749 4347 oflicio,
1800 4280 1926 4351 quis
1971 4282 2090 4353 ejus
2189 4269 2339 4346 tione
2367 4299 2446 4357 ut,
2471 4269 2564 4346 illo
2590 4269 2884 4347 decedente
2911 4269 3190 4357 avsaaculo,
3218 4290 3564 4361 alteriusper
3588 4289 3787 4345 saecula

500 4361 648 4423 bona
681 4365 839 4437 disne
864 4374 1059 4437 potens
1089 4367 1159 4425 Sil
1188 4368 1502 4439 explicare?
1541 4370 1673 4427 Εῐειι
1714 4373 1861 4429 enim
1891 4374 1941 4429 ei
1977 4386 2095 4431 slu-
2125 4388 2170 4442 D
2196 4385 2560 4455 subsequatur
2582 4384 2892 4449 successio;
2918 4382 3050 4438 illud
3079 4382 3246 4438 etiam
3290 4391 3369 4449 ut,
3413 4382 3483 4437 ab
3522 4381 3786 4436 hodierna

499 4457 652 4514 dium
683 4457 812 4529 juge
840 4460 1071 4529 propriae
1094 4460 1218 4517 vita:
1244 4462 1411 4518 naevis
1439 4479 1645 4531 carere,
1674 4482 1862 4522 coram
1904 4467 2017 4524 Deo
2037 4480 2092 4525 et

500 4549 816 4625 hominibus
867 4551 1010 4607 bona
1052 4568 1266 4624 semper
1311 4556 1618 4625 providere,
1664 4558 2106 4616 commissorum

500 4639 680 4711 inepta
720 4657 986 4710 resecare,
1012 4653 1124 4698 tam
1151 4647 1400 4716 exemplo
1432 4663 1599 4718 quam
1627 4650 1794 4705 verbo
1816 4651 1959 4706 bona
1989 4658 2087 4708 eo-

498 4748 621 4799 rum
653 4750 868 4805 augere,
894 4736 1157 4807 quidquid
1188 4736 1393 4792 bonum
1416 4756 1629 4811 semper
1661 4742 1890 4810 ambire,
1920 4744 2085 4814 quid-

498 4825 630 4897 quid
663 4841 891 4896 pravum
917 4841 1133 4898 semper
1160 4844 1372 4885 cavere.
1412 4827 1524 4885 Nec
1553 4832 1673 4902 ejus
1698 4834 2087 4903 benevolentia:

497 4982 1140 5057 nonnulligconsignant.
1194 4984 1266 5041 At
1312 5002 1377 5041 ex
1429 4985 1672 5043 Historia
1709 4992 2085 5050 translationis

499 5049 599 5134 ξε,
651 5049 980 5134 saviniani,‘
1003 5065 1132 5122 etc.,
1184 5072 1549 5134 q_uam___supra
1581 5061 1899 5134 edidimus,
1937 5049 2084 5134 patet

497 5121 796 5204 llohertum
808 5127 1002 5204 ⁸φυηρ
1025 5121 1187 5183 antea
1202 5121 1318 5204 "iter
1341 5121 1474 5204 illud
1502 5132 1831 5201 suscepisse.
1866 5121 2080 5190 Etenim

497 5192 594 5275 ibi,
640 5195 894 5275 (δεμ-ἓξ.
951 5197 1271 5275 Constantia
1302 5200 1489 5271 regina
1534 5192 1919 5275 cum-parvulo
1966 5206 2082 5275 ﬁlio

494 5261 723 5330 Hau-0R5
768 5262 906 5318 Tillo
957 5270 1309 5330 remansisse.
1350 5261 1425 5330 é't.
1470 5272 1632 5326 anxia
1656 5261 1723 5327 ne
1759 5272 1918 5330 Bcrta
1959 5261 2079 5330 eam

2195 4475 2283 4530 die
2307 4486 2361 4530 et
2381 4476 2655 4547 deinceps,
2681 4492 2801 4542 nos,
2830 4475 3113 4545 nostrique
3145 4473 3242 4529 filii
3283 4474 3612 4545 supradictae
3656 4489 3787 4529 con-

2194 4568 2528 4640 gregationis
2568 4571 2823 4641 appellati
2864 4572 3021 4638 socii,
3051 4571 3297 4626 omnium
3341 4585 3463 4640 quae
3512 4568 3588 4623 ibi
3634 4576 3795 4640 gesta»

2192 4657 2396 4715 fuerint
2420 4661 2683 4717 bonorum
2708 4662 3009 4719 habeamur
3032 4663 3345 4733 participes.
3384 4661 3454 4717 Ut
3482 4662 3650 4733 igitur
3671 4662 3785 4716 hac

2191 4751 2755 4831 futuristemporibus
2793 4755 3016 4811 donatio
3050 4756 3261 4812 stabilis
3301 4762 3640 4826 permaneat.
3681 4754 3781 4809 sub

2192 4846 2342 4917 gravi
2371 4848 2715 4902 anathemate
2749 4847 2893 4905 facto
2922 4848 2991 4905 ab
3022 4849 3455 4921 archiepiscopo,
3500 4864 3589 4904 me
3638 4852 3776 4919 prai-

2193 5018 2589 5156 ‘nuégfolzlhalus
2632 5074 3300 5156 Bemcnscmhﬂcclcsiam
3345 5075 3431 5156 ab.
3456 5089 3606 5130 anno
3644 5074 3780 5156 1(ῌὲ

2189 5145 2360 5218 tenuit
2396 5160 2570 5215 usque
2593 5146 2659 5218 ad
2682 5161 2887 5200 annum
2925 5147 3066 5200 1055
3099 5164 3211 5218 quo
3253 5162 3284 5201 e
3325 5147 3484 5218 vivis,
3506 5145 3772 5218 excessit;

2188 5216 2434 5289 sepultus
2481 5225 2565 5270 est
2613 5217 2667 5269 in
2714 5232 2814 5270 sua
2873 5215 3320 5330 ccclesia'pt'ope
3358 5217 3561 5330 gradus
3602 5215 3772 5271 chori.

2188 5285 2417 5330 Exstant.
2450 5286 2515 5330 ml
2548 5287 2724 5330 insnm
2760 5286 3003 5330 pniemlm
3043 5288 3248 5330 nnnnnl
3272 5305 3317 5330 ιιι
3404 5287 3601 5330 nllmrti
3641 5286 3771 5330 Car-

2188 5285 2417 5330 Eiemnt
2450 5286 2515 5330 ml
2548 5287 2724 5330 insnm
2760 5286 3003 5330 pniemlm
3043 5285 3317 5330 nmmum.
3361 5285 3601 5330 Fnllmrti
3641 5286 3771 5330 Car-

3864 4980 3895 5007 ο
