4038 6418
283 323 312 380 Ι
324 317 432 380 ιοθ

1817 318 2000 376 VITA.

3433 326 3580 381 H‘IO

281 443 460 500 sente,
484 430 622 488 vela
645 429 971 502 quibusdam
999 427 1272 500 episcOpis
1299 444 1426 486 cum
1451 429 1566 486 suis
1592 431 1885 487 saecrooti-
1911 437 1957 493 A
1983 432 2108 489 dam
2141 432 2312 488 habiti
2345 442 2399 488 et
2435 432 2598 488 modo
2641 433 2838 504 perditi
2885 434 3186 491 amissione
3233 445 3447 494 constet
3485 453 3581 495 eos

279 529 409 593 bus,
442 525 536 596 qui
567 523 705 580 forte
727 531 858 579 tunc
881 532 1083 578 nostra;
1112 523 1341 578 aderant
1382 523 1568 590 curim,
1604 523 1877 593 jussimus

279 619 558 686 roborari,
603 625 657 672 et
697 617 838 671 hanc
890 615 1118 684 insuper
1167 615 1470 669 chartulam
1523 615 1660 681 fieri,
1709 631 1877 686 quam

283 715 445 785 signo
479 727 676 766 manus
714 707 947 780 propria:
980 707 1255 762 voluimus
1290 707 1622 775 consignari.
1655 726 1672 757 ι

363 825 384 857 ‹
415 804 642 876 Signum
669 801 926 857 Richardi
950 798 1305 854 marchionis.
1357 797 1414 852 S.
1447 798 1669 853 Robcrti
1705 800 1879 855 archi-

280 897 546 968 episcopi.
609 894 666 950 8.
705 893 1036 950 Gonnoridis
1065 891 1256 946 matris
1297 906 1507 946 eorum.
1555 891 1612 947 8.
1665 891 1873 949 Judith.

289 989 350 1044 S.
385 986 642 1043 Richardi
680 985 856 1056 pueri.
909 983 969 1039 8.
1017 982 1240 1038 Roberti
1286 983 1459 1052 pueri.
1520 982 1577 1037 S.
1615 983 1876 1041 Willelmi

284 1081 464 1152 pueri.
508 1077 568 1134 8.
608 1077 849 1149 Malgeri.
882 1095 901 1130 ι

362 1192 382 1226 ‹
411 1172 608 1228 Actum
637 1170 980 1241 Rothomago
1014 1185 1052 1224 ιι
1087 1167 1214 1224 ldus
1235 1167 1437 1224 Martii.
1466 1187 1485 1221 ι

357 1259 628 1320 Robertus
660 1264 735 1335 (4)
773 1277 993 1332 quoque
1024 1261 1141 1330 ipse
1191 1261 1649 1332 Rothomageusis
1689 1261 1874 1316 archi-

280 1358 594 1429 episcopus,
639 1357 816 1410 virum
847 1355 1052 1410 bonum
1084 1369 1206 1409 esse
1243 1369 1582 1424 cognoscens
1611 1355 1872 1408 domuum

279 1452 715 1524 Angelranuum,
741 1448 962 1503 donavit
990 1447 1041 1502 ei
1075 1463 1244 1501 unum
1266 1447 1469 1501 bonum
1501 1447 1735 1514 dorsale,
1763 1463 1874 1518 quo

279 1543 556 1613 hodieque
586 1550 776 1596 nostra
802 1540 1034 1596 ecclesia
1058 1547 1305 1595 ornatur.

353 1635 407 1690 8.
445 1636 515 1689 At
543 1634 674 1705 quia
709 1649 857 1688 nunc
894 1631 1312 1687 Nortmanniam
1339 1630 1686 1697 intravimus,
1742 1631 1874 1686 libet

274 1739 576 1798 parumper
607 1725 926 1792 subsistere,
968 1731 1028 1778 ut
1066 1723 1338 1793 quoddam
1363 1724 1738 1779 necessarium
1773 1739 1871 1777 ex-

275 1821 567 1893 plicemus.
609 1818 939 1883 Retulimus,
986 1817 1088 1871 sub
1125 1816 1330 1871 domno
1375 1815 1677 1886 lngelardo,
1728 1815 1873 1870 beati

281 1912 501 1984 Vigoris
524 1911 762 1981 episcopi
793 1925 992 1979 corpus
1023 1907 1340 1962 honorabile
1371 1923 1402 1962 a
1435 1906 1687 1962 Neustria
1727 1906 1872 1962 Cen-

279 2005 451 2059 tulam
483 2004 836 2069 translatum;
865 2001 1010 2071 quod
1036 2001 1167 2073 quia
1193 2000 1517 2067 meruimus,
1552 1999 1662 2053 Deo
1690 1999 1872 2053 omni-

273 2096 485 2167 potenti
515 2111 582 2150 ex
605 2095 768 2149 corde
802 2093 994 2148 intimo
1020 2093 1223 2164 gratias
1254 2092 1637 2162 rependamus.
1683 2088 1871 2144 Securi

279 2192 448 2262 igitur
477 2189 543 2244 dc
569 2188 664 2243 Dei
696 2203 923 2242 munere
959 2186 1013 2240 in
1054 2186 1228 2241 sancti
1263 2185 1510 2254 corporis
1541 2183 1735 2239 collata
1769 2200 1872 2237 no-

273 2281 366 2336 bis
394 2280 789 2345 benedictione,
811 2278 922 2347 jam
954 2278 1117 2332 modo
1147 2285 1337 2332 contra
1375 2276 1498 2330 illos
1526 2290 1754 2346 agamus
1776 2273 1869 2342 qui

272 2381 493 2427 tantum
535 2372 739 2427 bonum
794 2378 1041 2425 nostrum
1095 2369 1391 2424 obscurare
1445 2368 1711 2421 nituntur.
1775 2364 1871 2420 Est

272 2468 424 2522 enim
452 2465 708 2536 quiddam
733 2464 986 2520 sensibus
1019 2462 1223 2518 nostris
1256 2462 1486 2526 illatum,
1539 2460 1704 2531 quod,
1758 2457 1870 2512 Deo

268 2557 597 2624 auxiliante,
621 2557 920 2613 abundanti
961 2556 1171 2610 ratione
1204 2554 1547 2626 purgabitur,
1594 2553 1641 2607 si
1688 2561 1868 2605 tamen

273 2651 512 2707 faciente
552 2649 755 2705 invidia
789 2649 1044 2718 obliquus
1073 2663 1182 2703 non
1218 2647 1362 2701 adsit
1392 2646 1624 2700 auditor.
1666 2642 1868 2698 Verum

276 2757 380 2797 nos
409 2741 758 2812 singulariter
795 2740 1068 2794 neminem
1110 2738 1437 2808 appetimus,
1483 2735 1739 2791 omnibus
1776 2750 1867 2790 se-

276 2835 386 2889 mel
415 2833 832 2904 respondentes;
866 2831 996 2886 dum
1029 2831 1174 2885 enim
1199 2844 1531 2900 quemquam
1559 2835 1865 2882 nostratum

275 2942 402 2982 cum
428 2923 772 2980 Neustrianis
802 2923 887 2978 vel
918 2921 1419 2977 Silvanectensibus
1447 2921 1513 2976 de
1539 2919 1714 2974 sancti
1753 2934 1870 2974 cor-

277 3034 410 3089 pore
431 3018 667 3088 colloqui
693 3017 977 3087 contingit,
1004 3015 1314 3071 dicentibus
1343 3015 1466 3069 istis
1508 3014 1636 3084 quia
1681 3021 1867 3067 noster

276 3111 566 3180 episcopus
588 3109 708 3176 fuit,
744 3108 902 3163 nobis
939 3107 1202 3178 quiescit;
1242 3105 1348 3160 illis
1386 3121 1540 3177 atque
1581 3104 1866 3159 referenti—
1893 3147 1934 3204 Ο

277 3201 381 3256 bus
411 3217 469 3256 se
493 3201 640 3255 hunc
663 3200 885 3266 habere,
921 3207 1106 3254 noster
1144 3213 1175 3252 a
1206 3197 1318 3252 Deo
1354 3199 1515 3252 nobis
1550 3197 1710 3251 datus
1744 3197 1864 3250 the-

278 3309 476 3348 saurus
497 3293 639 3363 apud
667 3293 905 3348 incertos
924 3290 1082 3361 quasi
1108 3289 1310 3345 fuscari
1334 3290 1566 3344 videtur.
1598 3287 1751 3344 Unde
1773 3304 1865 3343 sa-

276 3388 349 3443 tis
401 3385 708 3443 necessarie
755 3385 898 3440 hanc
949 3384 1112 3439 modo
1157 3384 1424 3438 rationem
1478 3383 1863 3453 persolvimus,

272 3493 387 3549 qua
413 3477 619 3534 scilicet
647 3476 791 3547 apud
828 3491 928 3531 nos
960 3476 1113 3530 illum
1153 3490 1274 3531 esse
1315 3475 1582 3531 veraciter
1609 3489 1864 3544 compro-

268 3570 491 3626 bemus.
531 3568 688 3636 Quod
723 3569 769 3624 si
796 3568 1088 3638 quisquam
1128 3567 1556 3623 clarescentibus
1583 3565 1865 3622 miraculis

275 3662 424 3718 hunc
457 3676 515 3716 sc
541 3661 742 3715 habere
770 3659 1042 3726 defendat,
1073 3669 1125 3714 et
1156 3675 1258 3714 nos
1289 3660 1462 3715 multo
1507 3658 1863 3730 magniﬁcen-

277 3753 386 3808 tius
426 3752 614 3806 cadcm
662 3751 868 3821 experti
916 3765 1127 3805 sumus.
1185 3749 1325 3806 Vere
1361 3751 1508 3805 enim
1550 3750 1864 3806 Christiana

276 3845 410 3899 fides
440 3842 639 3897 fatetur
670 3858 859 3897 omnes
895 3841 1007 3896 Deo
1043 3842 1385 3911 conjunctos,
1420 3857 1529 3897 non
1563 3857 1628 3897 eo
1651 3850 1862 3896 tantum

273 3929 396 3991 loco
425 3951 535 4006 quo
570 3951 798 4005 corpore
819 3935 1106 4002 habentur,
1151 3933 1245 3990 sed
1287 3935 1598 4006 ubicunque
1638 3935 1864 3991 ﬁdeliter

276 4036 560 4099 rogantur,
596 4028 778 4082 divina
819 4043 982 4099 posse
1026 4035 1352 4083 monstrare.
1396 4026 1502 4084 Sed
1531 4028 1644 4098 jam
1675 4036 1864 4100 pergat

275 4134 457 4175 sermo
479 4120 534 4173 in
559 4120 778 4174 nomine
798 4119 1014 4174 Domini
1036 4136 1145 4191 quo
1175 4121 1505 4176 destinatum
1547 4131 1647 4188 est,
1686 4121 1862 4176 hunc-

278 4227 383 4282 que
405 4220 651 4266 sanetum
676 4227 778 4266 nos
807 4211 1194 4268 confirmemus
1229 4214 1449 4281 habere,
1478 4213 1695 4268 tametsi
1727 4213 1864 4269 alias

279 4317 475 4372 magna
529 4302 746 4372 operari
804 4303 1069 4360 videatur.
1129 4304 1382 4361 Christus
1444 4283 1660 4361 veritas.
1704 4305 1863 4360 nobis

279 4393 626 4464 astipulatur,
671 4394 788 4463 ipsa
841 4397 1015 4450 sancti
1062 4397 1167 4451 viri
1213 4399 1394 4451 anima
1446 4397 1657 4453 caelesti
1712 4414 1860 4454 sem-e

277 4501 373 4556 per
418 4485 732 4540 haereditate
774 4486 932 4540 beata
971 4487 1340 4541 testimonium
1389 4487 1595 4554 reddet,
1638 4489 1748 4543 imo
1797 4489 1864 4542 de
1897 4493 1941 4546 D

277 4578 459 4633 verbis
482 4577 601 4648 ejus
624 4578 774 4633 verbi
805 4579 976 4633 nostri
1010 4580 1375 4634 testimonium
1405 4580 1512 4635 fiet.
1553 4579 1865 4636 Neustriani

280 4679 482 4737 tamen,
503 4670 596 4740 qui
620 4680 673 4725 et
712 4669 1054 4739 Nortmanni,
1103 4672 1187 4726 sui
1214 4672 1455 4742 episcopi
1475 4688 1586 4728 non
1608 4673 1744 4728 bene
1763 4691 1863 4729 cu—

280 4761 463 4816 stoditi
513 4761 776 4832 arguendi
799 4761 1152 4828 videbantur;
1186 4763 1279 4817 sed
1313 4771 1546 4818 mentem
1589 4765 1864 4819 remordet

281 4853 434 4922 quia:
467 4872 484 4904 ‹
504 4851 618 4908 Nisi
634 4851 897 4908 Dominus
914 4854 1233 4909 custodierit
1254 4854 1547 4922 civitatem,
1574 4855 1777 4911 frustra
1790 4855 1865 4910 vi-

280 4945 407 5015 gilat
426 4947 519 5016 qui
544 4947 908 5001 custoditeam
935 4946 1109 5018 (Psal.
1146 4964 1326 5014 cxxvt,
1346 4948 1450 5021 1).»
1469 4947 1858 5005 Obboeautcm

278 5036 398 5092 illos
420 5039 660 5105 sitientes
685 5039 789 5092 alia
801 5039 1174 5108 expediamus,
1195 5039 1325 5100 dum
1347 5049 1400 5095 et
1419 5040 1662 5096 thesauri
1688 5056 1860 5111 quon-

345 5193 422 5262 (4)
459 5192 631 5248 Annis
666 5193 1026 5264 quadraginta
1061 5203 1114 5249 et
1145 5204 1270 5250 octo
1301 5195 1600 5252 Ecclesium
1642 5197 1853 5253 Rotho-

276 5277 586 5341 magensem
624 5265 897 5341 rexituab
919 5280 1064 5341 anno
1084 5267 1291 5341 scilicet
1324 5267 1428 5341 989
1451 5268 1519 5322 ad
1557 5267 1715 5341 1057,
1741 5284 1853 5339 quo

276 5333 426 5408 obiit.
468 5332 543 5386 De
564 5349 628 5408 eo
650 5335 760 5408 agit
788 5334 1077 5408 Ordericus
1108 5335 1318 5403 Vitalis,
1358 5338 1517 5408 eique
1561 5332 1852 5395 Fulbertus

274 5401 640 5477 Carnotensis
660 5401 867 5477 aliquot
900 5405 1108 5461 litteras
1147 5401 1382 5477 scripsit.

343 5473 421 5554 (5)
460 5473 646 5554 Saucti
693 5476 938 5530 Audoeni
982 5477 1194 5554 celebre
1243 5473 1639 5554 monasterium
1683 5479 1854 5536 Roto-

273 5545 418 5666 mag}
460 5545 735 5628 hodieque
764 5562 795 5600 a
830 5547 1115 5604 monachis
1140 5547 1510 5604 Benedictinis
1535 5561 1848 5623 congregat.

276 5612 331 5666 8.
367 5652 380 5666 .
420 5630 540 5666 auri
574 5617 851 5666 incolitur.

276 5612 331 5668 8.
367 5612 540 5670 Mauri
573 5612 851 5672 incolitur.
1133 5669 1135 5672 .

314 5684 418 5767 .(6)
456 5685 520 5767 [Et
548 5694 730 5767 tamen
757 5688 871 5767 jau}
898 5690 1099 5767 saeculo
1143 5705 1290 5745 nono
1315 5692 1853 5767 recepta_erat_(_)m-

275 5755 422 5810 nium
473 5755 797 5814 Sanctorum
843 5757 1132 5830 festivitas,
1160 5777 1325 5832 quam
1353 5755 1663 5820 Ludovicus
1695 5763 1849 5833 Pius,

1983 524 2118 580 satis
2156 523 2330 580 fuisse
2361 525 2603 594 punitos.
2648 525 2971 582 Silvanectis
3017 537 3199 582 autem
3249 529 3466 586 civibus
3511 532 3579 586 de

1981 617 2154 670 sancti
2214 631 2439 685 corpore
2493 617 2726 671 inaniter
2782 618 3035 687 superbis
3084 619 3199 689 jam
3260 621 3424 676 modo
3482 638 3577 677 ora

1980 707 2319 763 elaudamus.
2383 706 2504 773 Quo
2540 708 2716 777 primo
2749 708 2916 778 igitur
2952 716 3196 778 tempore
3235 712 3411 766 sancti
3449 728 3576 767 cor-

1979 798 2130 869 poris
2187 798 2430 854 illatione
2478 799 2637 852 beata
2703 807 2788 852 est
2849 798 3121 866 Centula,
3194 802 3404 872 absque
3449 803 3578 858 ullis

1978 899 2258 960 gestorum
2304 891 2423 960 ejus
2469 892 2818 946 adminiculis
2871 893 3189 964 aliquandiu
3250 896 3572 964 permansit.

1977 980 2198 1037 Delator
2225 999 2439 1053 nempe,
2472 984 2693 1039 nomine
2718 993 2765 1039 et
2791 986 2958 1056 gradu
3007 991 3171 1055 atque
3206 988 3428 1042 civitate
3455 989 3575 1057 epi-

1978 1075 2129 1144 scopi
2179 1074 2299 1144 ejus
2326 1076 2530 1142 rclatis,
2560 1077 2627 1131 de
2675 1078 2888 1133 caeteris
2915 1079 3275 1134 conticuerat.
3305 1078 3444 1133 Cum
3472 1096 3573 1134 au-

1977 1173 2087 1220 tem
2113 1165 2381 1236 lngelardi
2410 1167 2623 1222 abbatis
2651 1167 2719 1223 de
2745 1169 2925 1224 medio
2973 1168 3102 1223 facti
3132 1170 3220 1224 hic
3245 1171 3574 1227 venerabilis

1976 1257 2379 1328 Angelrannus,
2411 1269 2773 1331 cognomento
2801 1259 3053 1330 Sapiens,
3083 1261 3260 1317 vicem
3295 1263 3573 1333 suscepis-

1977 1360 2077 1417 set,
2093 1350 2196 1406 fuit
2220 1352 2271 1405 ei
2298 1353 2724 1420 necessitasilla,
2741 1369 2864 1423 quae
2890 1370 3056 1424 supra
3083 1355 3329 1424 exposita
3354 1363 3461 1422 est,
3495 1354 3575 1408 ire

1974 1440 2415 1497 Nortmanniam.
2439 1442 2535 1499 llis
2557 1462 2655 1515 pro
2681 1446 2882 1515 quibus
2909 1447 3046 1500 ierat
3071 1447 3338 1516 peroratis
3361 1447 3447 1502 vel
3472 1447 3570 1502 dc-

1977 1535 2170 1602 linitis,
2207 1552 2238 1590 a
2274 1537 2489 1592 clericis
2536 1539 2709 1608 ipsius
2758 1539 3054 1609 provincia:
3097 1548 3152 1594 et
3199 1557 3230 1594 a
3285 1541 3572 1597 monachis

1976 1629 2154 1683 sancti
2183 1628 2430 1685 Audoeni
2461 1632 2537 1702 (5)
2566 1631 2731 1702 coepit
2778 1633 3056 1702 inquirere
3100 1648 3169 1686 an
3217 1641 3446 1689 nossent
3472 1633 3573 1688 ali-

1975 1737 2138 1791 quem
2184 1733 2500 1779 sanctorum
2551 1726 2643 1795 qui
2689 1726 2962 1780 diceretur
3007 1724 3192 1796 Vigor.
3246 1724 3330 1779 Illi
3388 1734 3571 1781 autem

1907 1800 1949 1854 Β
1975 1815 2180 1884 optime
2206 1816 2355 1871 hunc
2379 1816 2635 1884 scientes,
2663 1818 2770 1872 hoe
2815 1819 2992 1872 solum
3031 1818 3214 1872 mirati
3244 1830 3375 1873 sunt
3422 1820 3571 1889 quod

1971 1906 2091 1976 ipse
2117 1907 2284 1961 abbas
2312 1916 2526 1962 tantum
2565 1908 2933 1964 confessorem
2978 1911 3235 1977 nesciret,
3272 1911 3572 1967 referentes

1973 2007 2175 2064 ortum,
2204 1999 2396 2066 vitam,
2421 2000 2651 2070 ejusque
2681 2001 3021 2072 dignitatem.
3055 2000 3194 2055 Tum
3223 2003 3391 2057 abbas
3415 2011 3572 2073 rogat

1974 2091 2077 2145 sibi
2106 2093 2400 2146 monstrari
2430 2091 2567 2147 Vita:
2593 2094 2921 2162 scripturam
2939 2135 2952 2159 ,
2981 2101 3034 2148 et
3081 2094 3425 2148 describendi
3463 2094 3571 2147 lar-

1973 2183 2076 2252 giri
2100 2184 2332 2253 cepiam.
2363 2185 2430 2238 At
2457 2185 2532 2238 illi
2558 2201 2683 2239 cum
2711 2186 3054 2250 annuisscnt,
3081 2185 3172 2239 tali
3197 2186 3264 2239 ab
3288 2200 3353 2240 eo
3380 2186 3567 2240 auditu

1972 2277 2342 2346 percelluntur
2380 2278 2705 2343 :Cuanobio,
2735 2278 2943 2352 inquit,
2986 2278 3232 2333 Ccntulae
3272 2279 3327 2332 in
3375 2293 3564 2333 mona-

1973 2373 2141 2427 sterio
2167 2373 2375 2427 domini
2413 2373 2518 2427 mei
2548 2373 2722 2428 sancti
2751 2371 2992 2426 Richarii
3042 2371 3208 2442 hujus
3236 2373 3410 2427 sancti
3438 2387 3567 2426 cor-

1969 2482 2074 2537 pus
2101 2467 2350 2521 habetur.
2386 2465 2525 2520 Tum
2571 2466 2825 2519 monachi
2865 2465 3010 2519 beati
3037 2463 3285 2520 Audoeni
3311 2464 3570 2519 dixerunt

1971 2561 2020 2614 ei
2050 2579 2062 2613 :
2092 2558 2150 2613 In
2197 2560 2322 2625 hoc,
2368 2558 2694 2613 honorande
2740 2556 2921 2623 Pater,
2951 2565 3003 2611 te
3031 2557 3170 2610 scito
3196 2557 3343 2610 hunc
3377 2571 3567 2611 revera

1969 2649 2192 2718 habere,
2223 2649 2290 2716 si,
2321 2664 2448 2704 ossa
2477 2649 2594 2720 ipsa
2623 2649 2958 2718 inspectans,
2986 2655 3232 2702 mentum
3276 2662 3387 2702 non
3416 2648 3567 2702 inve-

1968 2742 2117 2798 neris
2144 2743 2286 2812 apud
2315 2751 2367 2797 te
2398 2760 2410 2795 :
2441 2741 2584 2812 quod
2634 2741 2837 2795 idcirco
2885 2740 3017 2795 illuc
3061 2749 3116 2794 tu
3157 2755 3266 2794 non
3296 2739 3564 2806 invenies,

1968 2833 2096 2903 quia
2125 2832 2235 2888 Deo
2259 2834 2462 2903 gratias
2490 2832 2623 2887 illud
2652 2847 2753 2886 nos
2800 2832 3086 2886 habemus.
3117 2830 3184 2885 At
3211 2831 3304 2885 ubi
3330 2830 3566 2901 patriam

1969 2933 2214 2978 nostram
2243 2940 2367 2979 cum
2394 2923 2579 2978 libello
2605 2922 2745 2978 Vita:
2770 2923 2892 2992 ejus
2914 2922 3214 2992 repedavit,
3244 2923 3458 2977 curavit
3483 2922 3568 2976 in-

1969 3015 2186 3071 sinuata
2214 3015 2378 3071 citius
2403 3016 2656 3087 probare.
2704 3012 2956 3069 Revolvit
2990 3021 3180 3068 sancta
3215 3013 3484 3080 membra,
3513 3020 3570 3068 et

1968 3109 2190 3165 inventa
2217 3115 2329 3163 tota
2357 3100 2566 3164 oSsium
2595 3107 2870 3180 congerie,
2899 3114 3143 3161 mentum
3191 3106 3382 3161 deesse
3415 3106 3569 3160 inve-

1971 3201 2069 3255 nit.
2120 3199 2259 3266 Quia
2306 3215 2437 3255 vero
2484 3200 2658 3269 ipsius
2699 3198 2831 3253 Vitae
2876 3199 3036 3254 lectio
3083 3197 3315 3252 docebat
3342 3213 3450 3267 qua
3477 3197 3567 3252 die

1969 3303 2193 3349 sanctus
2219 3308 2249 3347 e
2276 3293 2481 3347 mundo
2508 3292 2802 3363 migrasset
2825 3332 2840 3357 ,
2889 3290 3175 3346 haesitabat
3212 3305 3403 3360 parum
3432 3287 3567 3360 quid

1968 3383 2199 3452 faceret;
2250 3385 2383 3455 quia
2428 3399 2548 3439 eam
2593 3383 2736 3438 diem
2764 3381 3023 3437 Omnium
3053 3380 3381 3437 Sanctorum
3409 3381 3565 3436 festi-

1965 3477 2108 3532 vitas
2129 3493 2195 3533 ει
2218 3477 2480 3531 moderna
2507 3475 2732 3530 Patrum
2761 3475 2836 3547 (6)
2864 3473 3206 3530 institutione
3229 3474 3562 3529 vindicabat.

1969 3567 2172 3623 Statuit
2199 3576 2381 3622 autem
2409 3577 2470 3622 ut
2499 3567 2751 3637 sequenti
2800 3567 2888 3622 die
2937 3566 3207 3621 festivitas
3246 3583 3345 3621 sua
3373 3575 3566 3621 sancto

1965 3662 2392 3716 reexhiberetur.
2444 3659 2779 3731 Factumque
2824 3670 2907 3715 est
2955 3659 3029 3714 ita
3057 3701 3072 3726 ,
3121 3659 3216 3714 sed
3261 3673 3370 3712 non
3400 3657 3567 3714 sicut

1964 3762 2180 3808 tantum
2207 3754 2485 3809 decuisset
2509 3752 2903 3808 confessorem.
2938 3750 3036 3806 llis
3062 3751 3323 3822 proficue,
3354 3760 3413 3806 ut
3439 3766 3566 3821 spe-

1965 3860 2174 3911 ramus,
2209 3845 2449 3910 insertis,
2491 3845 2558 3900 ad
2589 3845 2776 3899 domui
2806 3842 3141 3913 Angelranni
3171 3841 3352 3897 Vitam
3381 3850 3565 3898 trans-

1963 3950 2178 4002 eamus,
2211 3936 2338 3990 alibi
2371 3935 2447 4006 (7)
2498 3935 2565 3990 de
2612 3948 2802 3990 sancto
2841 3933 3041 4006 Vigore
3070 3935 3326 4002 certiora,
3359 3944 3412 3989 et
3440 3934 3565 4006 qui-

1965 4030 2068 4085 bus
2090 4028 2296 4085 obviari
2325 4044 2433 4083 non
2460 4026 2655 4098 possit,
2687 4027 3043 4098 probamenta
3073 4025 3296 4082 dicturi.

2035 4143 2088 4198 9.
2125 4141 2295 4197 Multo
2326 4141 2526 4198 sudore
2554 4150 2608 4196 et
2637 4139 2856 4218 ingenio
2886 4139 2975 4194 hic
3012 4138 3358 4195 venerandus
3391 4138 3561 4194 homo

1965 4252 2182 4306 semper
2209 4235 2417 4291 studuit
2465 4235 2534 4290 ad
2581 4249 2745 4289 usum
2788 4232 3110 4288 monasterii
3157 4232 3250 4288 illa
3302 4247 3562 4288 revocare

1965 4341 2108 4398 quae,
2136 4325 2223 4381 vel
2255 4323 2608 4381 desolationis
2636 4332 2880 4394 tempore
2909 4323 2996 4378 vel
3047 4322 3150 4378 sub
3199 4322 3284 4378 sui
3318 4313 3564 4394 tempore

1965 4417 2352 4486 autecessoris,
2383 4418 2566 4488 aliqua
2615 4415 2832 4470 fuerant
2860 4414 3050 4470 fraude
3085 4415 3372 4470 subducta.
3413 4412 3560 4469 Con-

1968 4510 2168 4564 stantia
2203 4509 2402 4578 quippe
2433 4510 2659 4562 interna:
2685 4505 3038 4582 fortitudinis,
3069 4521 3191 4575 qua:
3235 4506 3402 4559 menti
3433 4506 3556 4575 ejus

1969 4599 2184 4666 inerat,
2223 4600 2450 4655 multam
2506 4600 2809 4669 potentium
2860 4598 3174 4668 superbiam
3226 4599 3556 4666 edomabat;

1966 4691 2094 4761 quia
2117 4691 2311 4746 fiducia
2340 4689 2643 4745 sanctitatis
2668 4705 2726 4744 se
2750 4690 3006 4756 vallante,
3031 4689 3234 4745 nullius
3259 4689 3556 4758 potentiam

1966 4786 2274 4840 verebatur.
2301 4784 2682 4856 Angelrannus
2707 4783 2940 4853 denique
2961 4798 3146 4838 comes
3173 4781 3556 4851 Pontivorum,

1966 4877 2212 4950 Hugonis
2242 4878 2490 4932 advocati
2542 4876 2687 4931 tilius
2712 4918 2727 4942 ,
2777 4891 2899 4929 cum
2950 4876 3019 4930 ob
3061 4885 3338 4944 eXpertam
3376 4874 3430 4928 in
3462 4875 3558 4930 illo

1966 4969 2311 5024 sanctitatem
2365 4976 2646 5038 eompater
2694 4967 2812 5036 ejus
2870 4965 3047 5020 factus
3097 4964 3310 5030 fuisset,
3355 4981 3556 5038 magno

1965 5059 2129 5114 etiam
2153 5059 2346 5113 timore
2368 5073 2493 5128 erga
2522 5056 2673 5110 illum
2704 5057 2982 5126 agebatur,
3011 5055 3208 5125 quippe
3229 5055 3371 5126 apud
3393 5071 3554 5124 quem

1964 5211 2289 5265 adhortante
2317 5208 2582 5279 Gregorio
2608 5207 2674 5260 lV
2711 5223 2930 5262 summo
2973 5206 3256 5279 pontifice,
3291 5205 3346 5259 in
3381 5203 3552 5279 Gallia

1962 5291 2016 5336 ct
2037 5280 2327 5336 Germania
2353 5276 2616 5334 celébrari
2643 5279 2939 5333 mandavit.
2973 5277 3105 5332 Vide
3128 5276 3553 5331 Thomassinum

1963 5353 2018 5406 in
2062 5360 2296 5407 tractatu
2348 5350 2424 5411 De
2463 5349 2656 5414 festis,
2705 5350 2798 5403 lib.
2855 5366 2914 5408 ιι.
2960 5364 3080 5420 cap.
3127 5349 3217 5402 2|.
3273 5345 3556 5420 Hodieque

1961 5422 2018 5477 S.
2051 5421 2267 5491 Vigoris
2299 5436 2500 5491 corpus
2549 5420 2691 5490 apud
2742 5436 2799 5474 se
2832 5422 3039 5474 servari
3086 5427 3340 5473 asserunt
3379 5419 3552 5473 nostri

1957 5493 2337 5548 Centulenses.

2031 5563 2121 5634 (η
2148 5563 2204 5617 In
2235 5563 2415 5633 capite
2453 5561 2662 5634 scilicet
2690 5559 2763 5634 20
2801 5560 2968 5634 hujus
2993 5560 3197 5634 Aquarti
3223 5561 3348 5616 libri
3377 5559 3554 5634 Chro-

1956 5630 2066 5688 niei
2092 5630 2464 5700 Centulénsis,
2494 5634 2549 5687 in
2579 5632 2775 5704 Gestisg
2805 5632 2948 5685 beati
2981 5630 3224 5701 cervini,
3249 5647 3372 5704 quae
3397 5631 3554 5686 dabi-

1958 5721 2083 5760 mus
2110 5705 2165 5761 in
2195 5705 2367 5761 altero
2402 5704 2568 5775 hujus
2595 5703 2782 5759 saeculi
2807 5710 2977 5758 tomo.
