4038 6410
484 314 614 397 uti

1434 320 1871 378 ANGELRANNI
1906 304 2704 374 ABBATiSCENTULENSlS

3608 304 3749 361 ut!

482 446 710 504 humani
756 443 956 517 ingenii
997 424 1247 513 pravitati
1274 424 1431 493 nihil
1476 422 1790 492 successum
1815 423 2061 489 sciebat.
2099 440 2141 494 Α
2171 430 2298 484 hinc
2318 427 2666 517 patuit,idum
2694 416 2882 480 contra
2906 420 3053 517 hunc
3073 418 3427 486 ﬂuebat-tum,
3454 422 3755 517 contraque

483 537 799 607 Antiquitus
827 542 1039 589 servata
1065 540 1147 586 est
1172 528 1530 593 consuetudo,
1560 535 1619 581 ut
1645 527 1698 579 in
1726 525 1867 580 festo
1891 524 2067 579 sancti

486 626 730 681 Richarii
757 634 870 681 tota
898 622 1253 677 Pontivorum
1303 618 1491 672 militia
1520 614 1806 670 Centulam
1833 613 2062 677 veniret,

483 724 538 772 et
559 716 722 770 veluti
748 713 938 784 patriae
962 712 1210 776 domino;
1240 724 1305 763 ac
1335 723 1447 762 sure
1476 705 1669 761 salutis
1694 703 1860 757 tutori
1889 710 1945 756 et
1973 700 2072 755 ad-

484 813 680 860 vocato
713 804 1008 859 solemnem
1035 799 1242 854 curiam
1271 795 1559 851 faciebant.
1589 794 1726 847 Cum
1753 793 1937 861 itaque
1952 791 2067 860 jam

487 895 666 950 dictus
692 907 875 948 crimes
908 890 1287 949 inevitabiliter
1320 886 1389 941 ad
1423 884 1596 941 sancti
1636 882 1815 937 Patris
1845 880 2068 945 festum,

486 994 581 1039 aut
608 984 711 1038 alia
744 982 987 1054 qualibet
1016 981 1104 1035 die
1152 976 1544 1033 monasterium
1576 975 1852 1039 intrasset,
1885 971 2068 1027 statim

487 1077 557 1130 ab
584 1076 778 1130 abbate
805 1072 1119 1137 venerabili,
1149 1071 1193 1126 si
1224 1069 1355 1140 quid
1382 1069 1504 1122 loco
1539 1066 1839 1121 abstulerat
1860 1105 1875 1130 ,
1918 1072 2070 1118 tanta

486 1166 808 1223 invectionis
854 1164 1177 1220 auctoritate
1226 1161 1585 1231 arguebatur,
1630 1166 1690 1212 ut
1733 1157 1874 1211 miro
1908 1156 2071 1210 modo

489 1274 602 1314 non
627 1257 880 1313 comitem
909 1271 940 1309 a
972 1252 1264 1317 monacho,
1295 1251 1390 1306 sed
1421 1264 1640 1304 servum
1669 1264 1699 1302 a
1728 1246 1951 1301 domino
1983 1245 2071 1298 in-

488 1349 702 1419 crepari
728 1348 988 1418 qualitate
1015 1359 1199 1399 rerum
1225 1351 1466 1413 putares.
1497 1338 1557 1393 Si
1581 1336 1875 1406 aliquando
1895 1334 2064 1390 corri-

490 1440 659 1511 pienli
686 1454 795 1493 non
831 1437 1146 1501 obediisset,
1180 1435 1350 1489 abbas
1376 1433 1478 1486 loci
1504 1437 1737 1493 amator,
1768 1427 1864 1496 qui
1890 1426 2073 1481 dicere

487 1538 701 1601 poterat
729 1546 745 1581 :
770 1526 926 1582 Zelus
954 1526 1141 1579 domus
1168 1524 1261 1578 Dei
1286 1522 1508 1576 comedit
1539 1536 1641 1585 me,
1670 1518 1930 1573 continuo
1951 1530 2074 1570 sese

492 1620 548 1672 in
598 1618 780 1673 verbis
827 1630 1202 1688 exaggerans,
1248 1613 1510 1680 illumque
1558 1608 1826 1663 inﬁdelem
1855 1647 1870 1673 ,
1917 1605 2073 1660 illum

489 1708 1100 1779 raptoremclamitans,
1129 1704 1236 1760 nisi
1263 1704 1554 1758 emendare
1597 1700 1906 1770 sponderet,
1936 1713 2075 1753 con-

2170 534 2362 574 omnes
2387 519 2482 588 qui
2506 516 2739 571 fratrum
2768 515 3148 585 possessiones
3173 526 3364 583 rapere
3387 512 3753 574 conabantur,

2169 621 2278 668 tam
2305 613 2612 667 divinarum
2637 624 2799 679 quam
2829 609 3190 661 humanarum
3220 606 3403 676 legum
3430 604 3755 659 auctoritate

2168 710 2378 758 certare
2403 717 2511 756 non
2542 701 2767 756 destitit.
2816 697 2951 752 Nam
2990 698 3084 753 Dei
3116 706 3170 752 et
3210 696 3425 751 Domini
3466 696 3643 750 nostri
3668 695 3759 748 in-

2167 792 2438 848 formatus
2464 792 2732 861 exemplo,
2760 799 2813 845 et
2839 804 3102 844 accensus
3146 802 3352 854 amore,
3391 788 3481 858 qui
3519 803 3617 855 pro
3644 788 3756 839 suis

2169 885 2355 939 ovibus
2395 884 2630 936 animam
2671 882 2883 951 posuit;
2934 881 3049 950 ipse
3098 895 3316 949 quoque
3362 894 3463 949 pro
3497 877 3761 933 Ecclesiae

2167 972 2517 1029 Centulensis
2547 971 2694 1027 villis
2742 972 2829 1025 vel
2874 970 3093 1041 praediis
3122 970 3293 1024 multa
3320 970 3585 1039 pericula,
3612 969 3760 1022 mul'o

2172 1073 2363 1134 tasque
2394 1064 2707 1133 iniquorum
2741 1062 2971 1117 insidias
3022 1062 3226 1132 perpeti
3256 1078 3364 1116 non
3396 1060 3715 1115 formidavit
3740 1078 3760 1139 ς

2171 1171 2270 1226 pro
2300 1155 2409 1208 illis
2441 1160 2585 1207 certe
2614 1153 2708 1223 qui
2735 1152 2837 1207 sibi
2866 1162 3022 1206 erant
3050 1152 3330 1206 commissi
3381 1152 3623 1205 animam
3660 1167 3764 1219 po-

2172 1248 2393 1309 suisset,
2427 1245 2474 1298 si
2527 1243 2581 1298 id
2630 1259 2854 1299 necesse
2903 1242 3114 1309 fuisset,
3150 1243 3245 1313 qui
3290 1258 3389 1312 pro
3437 1244 3764 1298 corumdem

2172 1356 2235 1395 re
2261 1338 2565 1408 temporali,
2594 1353 2719 1392 cum
2752 1351 2972 1391 necesse
3024 1335 3145 1401 fuit,
3178 1336 3365 1390 multis
3408 1336 3629 1403 injuriis
3671 1333 3765 1387 af-

2173 1428 2283 1500 ﬂigi
2330 1444 2441 1483 non
2490 1426 2784 1481 recusavit.
2837 1424 2906 1479 Ut
2947 1424 3093 1479 cnim
3142 1424 3510 1494 subjectorum
3547 1425 3768 1477 animas

2174 1520 2428 1583 salvaret,
2454 1518 2569 1588 ipse
2594 1517 2879 1587 temporali
2902 1532 3015 1570 suae
3041 1516 3203 1571 saluti
3235 1531 3515 1585 nunquam
3540 1515 3768 1587 agnitus

2172 1619 2258 1667 est
2286 1611 2614 1681 pepercisse.
2664 1607 2803 1663 Nam
2829 1624 2940 1665 non
2970 1607 3025 1661 in
3056 1616 3269 1663 tantum
3297 1617 3543 1662 creverat
3576 1616 3772 1678 tyran-

2173 1717 2372 1757 norum
2401 1701 2681 1767 atrocitas,
2712 1707 2773 1755 ut
2815 1713 3066 1769 corpora'
3096 1700 3411 1769 perimendo
3440 1700 3655 1754 animas
3684 1698 3777 1754 ef—

488 1800 643 1853 tinuo
689 1797 1215 1853 excommunicabat.
1274 1793 1417 1857 Haec,
1444 1793 1564 1862 ejus
1611 1791 1779 1846 animi
1817 1790 2075 1845 fortitudo
2107 1805 2150 1864 Β
2176 1792 2466 1864 fugarent;
2517 1791 2613 1846 sed
2640 1791 2708 1846 ad
2739 1792 2846 1865 hoc
2871 1800 3216 1860 processerat
3246 1806 3437 1845 eorum
3467 1791 3770 1860 cupiditas,

488 1890 784 1960 plurimum
815 1887 1066 1953 contulit,
1101 1892 1240 1941 etut
1266 1900 1367 1940 suo
1391 1893 1635 1954 tempore
1660 1881 1797 1935 nihil
1828 1881 1948 1936 loco
1978 1896 2077 1935 ra-

491 1986 710 2049 peretur
738 1977 991 2032 obtinuit.
1022 1975 1177 2043 Quod
1204 1988 1304 2029 nos
1327 1974 1448 2028 ideo
1477 1974 1558 2028 sic
1584 1972 1897 2038 didicimus,
1922 1971 2075 2040 quia,

464 2068 615 2125 'cum
642 2077 831 2124 nostro
856 2083 972 2123 aevo
1017 2067 1196 2121 desint
1240 2066 1545 2136 largitores,
1593 2064 1730 2118 bene
1780 2062 1939 2118 nobis
1985 2078 2075 2117 res

493 2175 654 2231 agerc
678 2159 970 2225 videretur,
996 2157 1042 2212 si
1065 2172 1175 2212 non
1198 2165 1506 2226 pateremur
1530 2153 1914 2209 infestissimos
1940 2168 2079 2223 prae—

494 2250 730 2315 datores.
788 2247 1125 2303 Venerabilis
1161 2253 1344 2301 tamen
1389 2243 1767 2316 Angelrannus
1816 2258 1927 2298 non
1972 2244 2079 2298 hoc

495 2340 674 2395 solum
730 2339 966 2394 obtinuit
1010 2329 1071 2391 ut
1122 2336 1226 2392 sibi
1273 2337 1407 2392 nihil
1456 2336 1755 2400 tolleretur,
1783 2334 1877 2389 sed
1928 2342 2081 2389 etut

493 2432 667 2486 multa
698 2446 795 2500 per
819 2430 916 2486 Dei
942 2430 1170 2501 gratiam
1198 2428 1303 2483 sibi
1331 2427 1595 2482 darentur
1620 2437 1673 2481 et
1700 2426 2075 2480 redderentur.

494 2520 872 2595 Angelrannus
909 2519 1073 2590 igitur
1103 2533 1307 2583 comes,
1343 2517 1568 2571 monitis
1617 2516 1738 2585 ejus
1782 2516 2076 2581 animatus,

493 2594 680 2666 villam
705 2611 999 2682 quamdam
1022 2619 1214 2666 sancto
1240 2609 1496 2664 Richario
1519 2608 1805 2678 delegavit,
1831 2607 1897 2661 de
1922 2609 2081 2676 cujus

493 2703 765 2758 deditione
791 2709 1178 2779 testamentum
1200 2701 1524 2773 conﬁciens,
1562 2700 1710 2772 regia
1757 2699 2079 2755 auctoritate

497 2794 811 2850 confirmari
837 2794 1028 2861 voluit,
1057 2795 1133 2848 ita
1168 2809 1227 2850 se
1263 2794 1471 2848 habens
1501 2810 1514 2847 :
2062 2862 2065 2867 ⁴

576 2905 594 2937 ‹
622 2885 682 2939 In
709 2886 928 2943 nomine
943 2895 1146 2940 sanctzn
1175 2893 1225 2939 et
1242 2886 1473 2939 invidum
1494 2884 1792 2939 Trinitatis.
1822 2884 1936 2956 Ego
1964 2884 2078 2939 An-

502 2977 796 3048 gelrannus
821 2987 1161 3048 compertum
1198 2976 1314 3032 fore
1341 2977 1502 3047 cupio
1529 2986 1851 3032 cunctorum
1879 2986 2081 3032 sanctae

476 3067 902 3147 ,Dei’Ecclesiae
947 3070 1187 3125 fidelium
1233 3069 1529 3136 industriae,
1561 3070 1728 3140 quod,
1773 3079 2081 3124 remorante

2177 1891 2236 1936 ut
2259 1898 2379 1950 eos,
2406 1882 2570 1936 rebus
2595 1881 2913 1951 spoliantes,
2944 1880 3174 1936 miseros
3203 1880 3477 1936 efﬁcerent
3504 1900 3518 1934 :
3550 1891 3605 1935 et
3634 1882 3774 1950 quia

2174 1973 2348 2029 isdem
2376 1972 2701 2043 magniﬁcus
2731 1972 2818 2027 vir
2846 1987 3037 2026 eorum
3065 1972 3287 2026 saevitiae
3312 1987 3506 2042 perpes
3541 1981 3774 2026 contra-

2173 2066 2351 2120 dictor
2378 2065 2606 2131 exstitit,
2634 2065 2703 2118 ab
2731 2064 2810 2119 eis
2848 2060 3019 2118 multa
3064 2078 3379 2133 perpessus,
3406 2064 3575 2118 etiam
3602 2063 3772 2134 gladii

2176 2157 2585 2226 percussionem
2636 2142 2732 2210 Dei
2762 2163 2975 2229 amator
3005 2154 3276 2221 toleravit.
3327 2153 3436 2209 Sed
3482 2155 3613 2224 quia
3643 2169 3774 2210 vere

2177 2247 2333 2303 fateri
2368 2264 2663 2318 possumus
2707 2249 2922 2318 justum
2978 2246 3253 2302 conlidere
3302 2246 3464 2316 quasi
3507 2247 3727 2300 leonem
3754 2287 3775 2312 ,

2176 2340 2277 2394 iste
2302 2356 2400 2409 pro
2427 2340 2758 2405 commissis,
2794 2340 2936 2393 bona
2966 2339 3303 2393 conscientia
3332 2337 3527 2403 fretus,
3560 2338 3774 2393 nullam

2179 2431 2360 2485 timuit
2384 2432 2716 2500 passionem.
2765 2428 3020 2484 Charitas
3054 2430 3199 2485 enim
3242 2429 3297 2483 in
3347 2444 3414 2484 eo
3451 2429 3634 2484 locum
3665 2429 3774 2483 sibi

2178 2522 2491 2577 vindicabat
2540 2522 2777 2591 priorem
2804 2562 2820 2589 ,
2869 2538 2991 2592 quae
3038 2520 3187 2576 foras
3218 2521 3404 2591 utique
3435 2521 3781 2591 propellebat

2181 2613 2451 2668 timorem.
2486 2612 2699 2667 Taudiu
2729 2614 2910 2682 itaque
2936 2622 3126 2668 contra
3180 2611 3515 2667 Hucbertum
3549 2612 3779 2679 institit,

2182 2719 2466 2773 usquequo
2496 2719 2782 2774 procerum
2805 2704 3012 2774 judicio
3043 2704 3099 2757 in
3132 2704 3277 2776 regis
3303 2705 3621 2774 praesentia,
3648 2719 3778 2759 eam

2180 2811 2349 2865 quam
2375 2796 2616 2849 diximus
2643 2797 2827 2849 villam
2859 2782 3249 2856 deratiouaret.

2258 2887 2340 2941 ll.
2382 2878 2487 2942 Sed
2510 2882 2633 2958 quae
2664 2904 2772 2941 non
2800 2889 3117 2942 mortalium
3165 2888 3331 2943 corda
3365 2889 3659 2965 rapacitas
3674 2905 3781 2961 ur-

2182 2989 2303 3051 get,
2351 2981 2399 3036 si
2431 2981 2572 3035 adsit
2595 2981 2790 3036 locus?
2828 2979 2938 3035 [lex
2963 2980 3107 3036 enim
3138 2979 3408 3037 Henricus
3436 2977 3655 3037 illectus
3681 2999 3782 3037 cu-

2183 3073 2426 3140 piditate,
2462 3081 2754 3142 postquam
2802 3072 2979 3127 fuerat
3022 3074 3303 3128 deﬁnitum
3346 3082 3407 3129 ut
3464 3073 3784 3131 llucbertus

498 3162 995 3231 praecellentissimo
1044 3178 1169 3233 rege
1213 3162 1449 3218 Robertn
1493 3161 1814 3231 Compendii
1856 3163 2077 3233 palatio,
2107 3168 2147 3224 (ζ
2183 3179 2291 3217 non
2320 3165 2543 3219 haberet
2570 3163 2623 3217 in
2665 3165 2947 3233 proprium
2996 3164 3110 3235 jus,
3138 3167 3321 3219 villam
3350 3167 3491 3233 tulit,
3526 3175 3585 3220 et
3609 3167 3785 3236 quin-

499 3256 955 3311 corroborandam
983 3256 1040 3309 in
1068 3252 1353 3326 praesentia
1380 3256 1498 3325 ejus
1526 3256 1698 3309 obtuli
1746 3271 1910 3324 quam
1945 3254 2087 3311 fece-

475 3363 618 3409 .ram
639 3354 829 3403 sancto
851 3347 1106 3402 Richario
1124 3347 1401 3418 quondam
1422 3348 1735 3402 donationis
1758 3331 2083 3402 chartulam.

500 3436 854 3492 Tradideram
882 3437 1148 3508 siquidem
1178 3439 1281 3508 ipsi
1327 3446 1521 3493 sancto
1564 3438 1619 3491 in
1671 3454 1807 3508 pago
1853 3437 2084 3492 Pontivo

498 3528 684 3607 villam
750 3544 873 3599 quae
903 3529 1131 3585 Comitis
1167 3528 1304 3583 Villa
1340 3538 1587 3594 vocatur,
1642 3544 1707 3583 eo
1759 3529 2086 3584 conditionis

499 3628 660 3690 pacto
691 3628 750 3675 ut
776 3632 879 3692 ego
908 3621 1048 3692 ipse,
1076 3621 1205 3676 dum
1234 3620 1441 3686 vixero,
1465 3628 1520 3675 et
1548 3628 1669 3690 post
1694 3636 1779 3674 me
1806 3636 1949 3675 unus
1976 3620 2086 3674 hie-

500 3726 614 3778 rcs,
665 3727 829 3782 quem
879 3690 1068 3767 vivens
1114 3700 1492 3783 designa‘vero,
1536 3720 1772 3776 teneam,
1821 3719 1984 3780 atque
2030 3712 2086 3764 in

474 3802 794 3871 ,festivitate
820 3804 996 3859 sancti
1028 3802 1294 3869 Richarii,
1323 3818 1445 3873 quae
1468 3819 1545 3858 vn
1584 3802 1710 3857 Idus
1734 3801 1984 3857 Octobris
2009 3802 2084 3873 (8)

503 3895 829 3962 celebratur,
857 3910 936 3950 xu
961 3895 1216 3950 denarios
1247 3895 1305 3948 in
1345 3908 1516 3950 censu
1565 3894 1893 3963 persolvant.
1933 3892 2087 3959 Quod

504 3986 552 4041 si
580 3985 755 4042 haeres
780 4001 811 4040 a
838 4002 925 4042 me
948 3986 1265 4057 designatus
1292 3985 1516 4040 reddere
1541 3985 1856 4056 neglexerit,
1885 3993 1977 4039 aut
2008 3985 2088 4038 le-

504 4078 694 4151 galiter
716 4078 965 4134 emendet
990 4088 1083 4159 aut
1114 4079 1336 4149 perdat,
1382 4093 1549 4147 quam
1597 4079 2005 4132 concessionem
2032 4077 2089 4131 in

504 4169 793 4239 prazscntia
839 4169 984 4240 regis
1027 4166 1599 4240 regnique'nobilium
1628 4167 1819 4244 .obtuli
1853 4178 1906 4223 et
1941 4168 2089 4238 regia

507 4257 831 4311 auctoritate
859 4257 1288 4312 conﬁrmandam
1314 4257 1523 4312 censui.

487 4357 500 4407 ῐ
589 4366 607 4399 ι
642 4346 870 4418 Signum
897 4346 1120 4403 Roberti
1142 4348 1306 4419 regis.
1356 4346 1469 4418 Sig.
1502 4347 1836 4403 Constantize
1869 4347 2085 4419 reginae.

513 4426 625 4512 Sig.
670 4439 889 4495 Henriei
915 4440 1088 4496 ducis.
1133 4439 1244 4512 Sig.
1274 4437 1517 4496 Roberti.
1563 4439 1675 4512 Sig.
1705 4438 1926 4497 Odonis.
1971 4440 2082 4513 Sig.

506 4531 841 4603 Angelranni
873 4533 1113 4588 comitis.

485 4608 495 4615 ’
583 4641 603 4676 ι
630 4608 824 4679 Actum
849 4609 1164 4695 compendii
1195 4623 1395 4695 palatio
1422 4623 1605 4681 Nonas
1628 4624 1861 4695 Aprilis.‘
1887 4643 1906 4676 ι

579 4716 666 4773 10.
700 4716 1004 4772 llucbcrtus
1025 4717 1247 4788 quidam
1275 4718 1452 4785 miles,
1481 4718 1573 4788 qui
1596 4716 1939 4773 beneficiarie
1965 4731 2089 4771 cum

506 4808 862 4880 jurejurando
888 4809 1119 4863 nostrati
1146 4808 1328 4883 abbati
1374 4808 1628 4863 famulari
1668 4808 1921 4873 habebat,
1962 4807 2091 4861 huic

509 4901 808 4957 venerabili
836 4900 1183 4972 Angclranno
1215 4901 1503 4971 aliquoties
1551 4916 1720 4956 causa
1754 4899 2090 4970 probationis

508 4994 734 5050 exstitit.
802 4991 1082 5063 Siquidem
1126 4993 1293 5064 aliqui
1347 5009 1415 5050 ex
1475 4993 1590 5049 suis
1627 4994 1944 5064 parentibus
1988 4994 2091 5047 sub

509 5085 855 5155 prmstationc
881 5085 1015 5140 certi
1059 5085 1318 5155 temporis
1364 5094 1652 5140 tenuerant
1696 5085 1882 5139 villam
1918 5085 2091 5140 sancti

511 5177 776 5245 Richarii,
803 5178 1071 5233 vocabulo
1096 5176 1419 5248 Noguerias,
1446 5186 1501 5233 et
1533 5177 1627 5231 tali
1654 5177 1943 5231 occasione
1969 5184 2089 5229 tan—

509 5284 674 5340 quam
724 5270 1090 5324 hzcreditatem
1141 5270 1245 5324 sibi
1295 5269 1622 5325 vindicabat.
1670 5266 2089 5323 Contradicente

512 5357 724 5424 abbate,
751 5368 805 5412 et
829 5358 921 5412 illo
949 5358 1274 5425 insaniente,
1302 5358 1472 5413 multa
1509 5359 1659 5412 dura.
1678 5357 1905 5428 contigit
1924 5370 2088 5411 vene-

514 5448 740 5502 rabilem
764 5447 1166 5519 Angelrannum
1195 5451 1313 5522 ejus
1350 5450 1689 5504 immissione
1715 5449 1822 5517 pati
1860 5467 1872 5502 :
1903 5462 2098 5516 nempe

512 5553 677 5609 quam
720 5537 846 5593 forti
890 5542 1094 5597 amoris
1118 5543 1336 5599 vinculo
1378 5556 1507 5613 erga
1544 5555 1675 5596 suos
1717 5539 2093 5610 stringeretur,

2186 3257 2427 3326 quemlio
2452 3256 2599 3310 illius
2618 3256 2883 3311 reditibus
2930 3272 3066 3311 usus
3090 3265 3191 3311 est.
3216 3255 3320 3311 Sed
3340 3272 3465 3311 cum
3487 3259 3559 3312 ab
3585 3258 3783 3311 abbate

2186 3347 2502 3418 frequenter
2532 3355 2872 3425 argueretur,
2905 3349 3121 3423 tandem
3153 3358 3298 3402 metu
3321 3348 3662 3419 judiciorum
3688 3349 3783 3404 Dei

2185 3448 2428 3505 coactus,
2459 3448 2514 3493 et
2544 3439 2871 3494 venerabilis
2913 3438 3245 3511 Angelranni
3280 3441 3500 3495 assidua
3533 3443 3785 3497 intermi-

2184 3531 2405 3585 natisne
2425 3530 2656 3597 fractus,
2683 3530 2844 3584 nobis
2869 3546 2992 3584 eam
3019 3531 3201 3594 cessit,
3230 3539 3283 3585 et
3307 3547 3473 3602 super
3502 3534 3628 3602 ejus
3660 3534 3789 3589 red-

2185 3622 2388 3677 ditione
2422 3629 2805 3676 testamentum
2835 3620 3091 3689 confecit,
3120 3623 3265 3692 quod
3291 3638 3394 3678 nos
3422 3640 3649 3696 quoque
3678 3626 3789 3680 uti-

2178 3713 2312 3791 liter
2344 3714 2433 3769 hic
2459 3696 2850 3785 consignamus
2882 3733 2895 3768 :

2264 3824 2282 3856 ι
2305 3803 2360 3857 In
2390 3805 2610 3860 nomine
2636 3814 2839 3860 sanctae
2863 3813 2919 3859 et
2943 3804 3235 3861 individua:
3256 3805 3565 3863 Trinitatis.
3588 3806 3791 3864 Henri-

2187 3913 2286 3951 cus
2332 3895 2426 3950 Dei
2453 3897 2625 3967 gratia
2664 3896 3000 3952 Francorum
3044 3913 3160 3964 rex,
3200 3898 3457 3954 omnibus
3501 3901 3789 3955 catholica

2189 3986 2446 4043 Ecclesiae
2466 3988 2612 4055 filiis,
2640 3989 2841 4058 quibus
2866 3996 2952 4044 est
2976 4004 3109 4044 cura
3133 3990 3329 4043 animae
3350 3999 3404 4044 et
3429 3992 3711 4060 corporis.

2266 4099 2283 4128 ι
2309 4076 2507 4134 Notum
2538 4094 2661 4133 esse
2689 4080 2943 4135 volumus
2970 4081 3181 4136 cunctis
3204 4079 3400 4135 futuris
3419 4090 3469 4135 et
3498 4082 3775 4150 praesenti-

2189 4170 2293 4225 bus
2338 4170 2556 4240 qualem
2582 4170 2817 4225 reditum
2854 4182 3044 4227 sancto
3073 4171 3328 4226 Richario
3354 4187 3455 4240 pro
3490 4174 3787 4228 animabus

2191 4246 2395 4316 nostris
2415 4270 2469 4316 et
2495 4278 2876 4318 successorum
2900 4263 3331 4333 permiscrimus.
3355 4262 3513 4318 Miles
3534 4265 3783 4333 quidam,

2191 4351 2500 4409 Hucbertus
2528 4355 2775 4420 nomine,
2802 4353 3206 4424 Noguenariam
3252 4370 3377 4409 cum
3427 4356 3546 4409 suis
3578 4371 3786 4425 appeti.

2190 4442 2369 4508 dic'is,
2397 4443 2691 4513 quamdam
2720 4442 2893 4498 sancti
2926 4442 3168 4497 Richarii
3194 4444 3398 4509 villam,
3429 4445 3655 4498 tenebat
3675 4460 3785 4499 sua:

2119 4517 2165 4576 ί)
2194 4532 2490 4588 invasionis
2516 4534 2852 4589 tortitudine.
2904 4524 3181 4604 Quotquot
3228 4550 3357 4589 vero
3399 4544 3785 4592 antecessores

2192 4624 2311 4695 ejus
2338 4633 2647 4693 tenuerant,
2676 4635 2866 4681 sancto
2893 4625 3151 4681 Richario
3181 4643 3273 4697 per
3299 4630 3672 4696 prtestationis
3697 4645 3788 4684 oc—

2191 4718 2465 4773 casionem
2497 4718 2795 4785 tollebant;
2824 4719 2925 4773 iste
2950 4734 3078 4773 vero
3104 4719 3262 4788 quasi
3292 4720 3566 4789 propriam
3592 4723 3786 4775 volens

2191 4809 2466 4874 invadere,
2501 4809 2753 4878 repulsus
2786 4818 2870 4864 est
2916 4810 3260 4879 aliquantum
3307 4811 3520 4866 abbatis
3565 4821 3623 4865 et
3674 4812 3785 4889 fra-

2195 4908 2337 4956 trum
2364 4901 2752 4956 ree‘lamatione
2776 4919 2790 4967 ;
2820 4909 2874 4955 et
2900 4901 2991 4955 illo
3016 4901 3262 4956 funditus
3286 4903 3526 4970 repulso,
3550 4919 3785 4959 censura

2193 4992 2386 5063 judicii
2428 4994 2603 5048 nostri
2633 4993 2835 5063 decidit
2883 4993 2936 5047 in
2962 5005 3213 5048 nostram
3237 4994 3577 5062 jussionem;
3622 4997 3787 5065 quin-

2197 5084 2438 5153 quennio
2466 5082 2612 5139 tenui
2667 5076 2896 5139 solidam
2941 5092 2996 5139 et
3029 5086 3268 5153 quietam
3297 5085 3486 5139 habui.
3537 5085 3789 5141 Posthac

2198 5189 2408 5231 memor
2433 5176 2631 5230 animae
2657 5190 2812 5239 meae,
2837 5184 2911 5241 et,
2959 5175 3087 5230 licet
3130 5176 3403 5230 modicum
3430 5177 3684 5247 cogitans
3727 5180 3789 5230 de

2195 5263 2315 5331 ejus
2361 5265 2772 5335 redemptione,
2827 5265 3119 5319 inclinatus
3163 5267 3329 5319 etiam
3364 5266 3434 5320 ab
3479 5266 3681 5322 abbate
3740 5271 3788 5318 et

2196 5356 2593 5410 monachorum
2622 5356 2870 5427 collegio,
2900 5356 3097 5411 tradidi
3124 5372 3242 5411 eam
3277 5367 3468 5412 sancto
3504 5354 3784 5412 Richarid.

2198 5444 2419 5501 Addidit
2443 5449 2610 5504 etiam
2641 5464 2827 5504 comes
2855 5447 3240 5519 Angelrannus
3280 5449 3528 5519 ejusdem
3554 5449 3667 5504 loci
3695 5450 3788 5504 ad—

2191 5547 2426 5596 vocatus
2452 5555 2609 5596 suam
2652 5542 2991 5610 petitionem,
3021 5541 3110 5595 cui
3136 5555 3238 5610 ego
3284 5556 3351 5595 eo
3378 5550 3571 5596 tenore
3599 5540 3784 5604 annui,

588 5647 665 5725 (8}
701 5625 883 5700 Prima
900 5625 1258 5725 iseilicetejus
1287 5650 1569 5705 translatio
1594 5664 1660 5705 ex
1705 5638 1870 5703 veteri
1901 5647 2120 5720 preprio
2152 5646 2426 5719 Centulaz;
2481 5652 2725 5722 ejusdem
2752 5652 2941 5708 Natale
2987 5652 3295 5711 celebratur
3324 5652 3411 5710 die
3441 5652 3514 5707 26
3540 5653 3782 5725 Aprilis;

515 5716 707 5771 relatio
734 5724 913 5769 autem
941 5719 1027 5772 die
1057 5720 1091 5772 2
1115 5716 1283 5774 Junii.
