4038 6402
280 295 423 353 N13

1819 291 1998 349 VlTA.

3414 300 3553 373 ιιιι

213 465 226 473 ,
276 420 340 468 ut
366 423 648 482 nunquam
677 393 802 466 inde
820 407 1096 478 acciperet
1119 406 1356 479 aliquam
1385 405 1857 463 consuetudinem.
1889 412 1937 469 Α
1964 402 2270 459 sanctitatis
2293 400 2572 475 requirere
2602 405 2871 462 debitum!
2905 405 3080 464 Verus
3107 408 3291 481 itaque
3312 409 3408 468 Dei
3431 401 3554 469 eul-

268 497 433 572 ‘Quod
458 518 527 557 ne
573 501 697 572 quis
731 502 896 557 etiam
941 516 1322 563 successorum
1369 506 1618 554 meoruin
1665 498 1862 552 audeat

271 595 592 668 infringere,
621 592 861 665 Hezelini
912 592 1309 648 Parisiacensis
1355 591 1595 661 episcopi
1622 590 1859 660 perculsi

265 674 571 759 [percussi]
597 687 963 753 anathemate,
992 695 1046 741 et
1071 685 1319 740 omnium
1345 683 1440 753 qui
1469 699 1680 738 mecum
1703 690 1861 738 erant

270 774 645 849 Francigente,
680 793 783 832 nec
808 777 987 848 ipsum
1045 776 1233 846 excepi
1281 776 1553 841 abbatem,
1599 782 1660 829 ut
1694 775 1859 830 alicui

267 882 366 938 per
400 868 642 939 aliquam
670 869 849 924 tradat
888 868 1264 933 occasionem,
1312 882 1381 921 ne
1428 867 1609 936 aliqua
1658 866 1856 921 iterum

267 960 470 1016 erratio
490 968 692 1017 nostrae
719 962 915 1017 anima:
937 960 1030 1015 ﬁat
1051 960 1313 1031 periculo.
1343 959 1702 1015 Prohibemus
1726 974 1856 1030 ergo

266 1052 467 1108 iterum
502 1062 666 1125 atque
697 1052 896 1109 iterum
947 1061 1138 1108 nostro
1190 1052 1419 1123 imperio
1448 1093 1462 1118 ,
1517 1059 1572 1106 et
1608 1052 1855 1106 omnium

264 1143 649 1213 episcoporum
696 1151 1008 1198 nostrorum
1056 1141 1520 1208 interminatione,
1550 1156 1619 1196 ne
1654 1143 1854 1212 aliquis

265 1234 687 1291 malefactorum
714 1235 901 1310 aliquo
927 1236 1091 1292 modo
1116 1234 1314 1290 audeat
1340 1249 1627 1305 usurpare,
1657 1242 1717 1288 ut
1743 1250 1853 1289 non

259 1328 362 1384 ﬁat
392 1328 526 1383 mihi
555 1329 612 1383 in
637 1329 730 1384 illa
754 1329 1065 1399 reprobatio
1115 1328 1472 1393 necessitate,
1519 1327 1610 1381 ubi
1658 1327 1851 1381 merita

260 1434 386 1473 mea
412 1434 522 1474 non
555 1426 850 1489 potuerunt
879 1434 967 1473 me
993 1418 1208 1489 juvare.
1256 1417 1493 1474 Prorsus
1539 1433 1606 1471 ne
1652 1417 1852 1487 aliquis

260 1510 475 1565 dubitet
515 1508 843 1580 imperium,
890 1509 1069 1565 videat
1113 1508 1317 1579 scriptu
1371 1508 1688 1579 imperantis
1736 1507 1852 1563 edi-

256 1610 431 1658 ctum.
924 1651 938 1661 .
1070 1608 1073 1609 ⁷

335 1716 354 1747 ι
390 1696 590 1752 Actum
621 1705 706 1753 est
748 1709 893 1750 anno
919 1692 1216 1749 Dominicae
1255 1691 1657 1749 Incarnationis
1686 1691 1844 1758 1053,

253 1797 519 1860 regnante
551 1786 789 1843 Henrico
823 1802 980 1858 rege,
1016 1800 1162 1840 anno
1194 1784 1347 1856 regni
1383 1783 1529 1839 illius
1556 1801 1636 1838 ιιι.
1661 1783 1844 1840 Abbas

252 1870 636 1951 Angelrannus
670 1878 1024 1948 subscripsit;
1053 1876 1353 1933 Rollandus
1380 1877 1684 1932 monachus
1713 1876 1846 1934 sub-

252 1972 502 2042 scripsit,
579 1970 872 2026 Gualterus
923 1969 1276 2039 subscripsit;
1332 1968 1552 2040 Algisus
1600 1969 1843 2025 subseri-

251 2064 381 2134 psit,
404 2073 509 2118 etc.
536 2061 602 2116 ili
637 2063 802 2118 etiam
827 2069 956 2117 sunt
986 2069 1158 2117 testes
1192 2060 1439 2115 omnium
1460 2060 1841 2131 episcoporum

250 2154 858 2221 excommunicationis,
905 2152 1174 2224 prmeipue
1222 2148 1465 2205 Ilezelini
1499 2150 1839 2205 Parisiacen-

248 2251 349 2305 sis.
387 2246 496 2315 Qui
552 2247 810 2316 deinceps
865 2243 1147 2316 infregerit
1174 2244 1301 2311 ista,
1359 2259 1484 2297 cum
1528 2241 1740 2296 Datlian
1787 2251 1841 2297 et

248 2341 458 2397 Abiron
508 2340 605 2396 ﬁat
651 2340 702 2395 ei
736 2339 1028 2395 anathema
1082 2336 1424 2391 maranatlia.
1476 2333 1670 2390 Amen.
1732 2333 1838 2389 Hic

248 2434 544 2488 omittimus
568 2432 955 2486 restitutionem
983 2427 1294 2493 molendini,
1319 2426 1487 2480 eidem
1517 2426 1837 2480 monasterio

249 2544 282 2581 α
316 2516 584 2597 Regi-nera
619 2522 790 2576 milite
827 2522 1048 2591 factum.
1073 2538 1091 2572 ι
1820 2520 1825 2526 ‘

318 2618 408 2673 12.
439 2616 579 2672 Cum
626 2615 684 2670 in
717 2614 974 2669 omnibus
1010 2628 1138 2682 erga
1169 2612 1316 2666 hunc
1345 2617 1595 2665 sanctum
1649 2602 1836 2666 locum

245 2707 579 2782 Angelranni
613 2706 827 2763 abbatis
850 2720 979 2760 cura
1010 2703 1236 2774 provida
1282 2717 1497 2772 semper
1521 2701 1832 2769 haberetur,

246 2818 356 2858 non
384 2814 562 2856 tamen
592 2798 713 2870 ejus
739 2797 1117 2853 benevolentia
1159 2793 1506 2850 sublevanda:
1531 2808 1834 2865 pauperum

246 2892 561 2950 necessitati
589 2893 791 2947 deerat.
826 2889 953 2945 Fuit
988 2888 1154 2960 igitur
1182 2886 1234 2942 ei
1262 2886 1436 2957 pietas
1464 2902 1650 2942 comes
1686 2886 1834 2945 inse-

234 2987 527 3060 parabilis,
554 3001 650 3055 per
676 2999 866 3056 quam,
889 2982 984 3038 Dei
1008 2982 1181 3053 gratia
1214 2996 1273 3037 se
1300 2980 1621 3045 auxiliante,
1663 2980 1832 3035 mise-

244 3095 433 3135 rorum
492 3077 805 3133 consolator
854 3074 1129 3146 splenduit
1180 3072 1497 3143 singularis.
1553 3069 1831 3126 Multoties
1859 3102 1901 3158 ο

243 3173 389 3226 enim
413 3164 710 3226 e‘claustro
739 3167 1027 3238 processit,
1060 3174 1119 3221 ut
1161 3163 1453 3219 miserendi
1474 3163 1658 3217 locum
1690 3176 1831 3236 quo-

243 3263 519 3333 quomodo
549 3268 736 3332 posset
768 3258 1045 3324 nancisci;
1073 3265 1127 3312 et
1161 3271 1286 3311 eum
1324 3269 1422 3325 pro
1454 3254 1687 3323 alicujus
1724 3253 1833 3307 uti-

232 3348 413 3411 litatis
439 3353 782 3409 ordinatione
806 3358 1089 3422 putaretur
1122 3347 1324 3419 egredi,
1372 3347 1482 3414 ille,
1508 3344 1735 3416 justitiae
1751 3343 1832 3398 fa-

241 3448 495 3513 melicus,
554 3443 949 3500 misericordia:
999 3440 1213 3496 actibus
1261 3437 1515 3508 cupiebat
1568 3436 1826 3507 saginari.

237 3532 538 3595 Enimvero
573 3537 821 3609 gestabat
868 3547 1268 3602 nonnunquam
1300 3531 1425 3601 pius
1459 3529 1599 3584 latro
1634 3543 1830 3584 saccu-

240 3634 357 3689 lum
391 3628 779 3687 misericordiaa
811 3626 961 3699 gazis
998 3624 1281 3691 refertum,
1327 3631 1381 3678 et
1424 3622 1553 3676 dum
1604 3621 1732 3676 hinc
1768 3636 1832 3675 ac

234 3719 368 3781 inde
397 3730 646 3779 cerneret
667 3716 1288 3791 pauperem‘quemlibet
1308 3714 1639 3786 proximare,
1677 3721 1832 3767 ante-

239 3832 405 3890 quam
438 3822 628 3871 contra
652 3814 805 3868 illum
832 3810 1192 3882 pervenisset,
1212 3815 1463 3877 sumptos
1491 3805 1748 3861 denarios
1773 3804 1830 3858 in

233 3918 442 3965 terram
470 3907 682 3963 solebat
712 3904 947 3979 jactare,
979 3902 1245 3971 illumque
1270 3898 1540 3953 volentem
1571 3896 1827 3961 transire,

237 4002 309 4057 ad
337 4017 394 4057 se
420 3999 581 4055 Pater
604 3997 920 4075 misericors
945 3994 1226 4059 evocabat,
1267 3999 1341 4057 et,
1378 3989 1540 4061 quasi
1587 3988 1826 4053 nescius,

241 4093 373 4164 quid
396 4091 527 4148 illud
546 4106 669 4148 esse
688 4098 876 4161 posset
902 4086 1052 4159 quod
1076 4085 1192 4142 solo
1213 4093 1373 4139 tenus
1396 4082 1616 4152 jacebat
1640 4080 1829 4135 scisci-

238 4178 477 4242 tabatur.
516 4184 614 4241 Ille
658 4184 752 4255 qui
791 4182 1074 4254 ignorabat
1114 4177 1601 4243 aetum:Domine,
1627 4176 1825 4243 aiebat,

233 4276 398 4334 video
433 4290 690 4332 nummos
734 4289 899 4346 super
926 4282 1128 4328 terram
1151 4271 1356 4342 jacere.
1386 4268 1524 4323 Tum
1571 4268 1661 4324 ille
1691 4270 1828 4323 bene

233 4366 640 4436 fraudulentus,
685 4377 739 4423 et
786 4366 873 4438 pie
913 4364 1191 4435 deceptor,
1228 4362 1314 4417 ire
1360 4362 1588 4432 jubebat
1627 4369 1682 4415 et
1721 4360 1825 4415 sibi

1961 503 2051 550 tor
2064 498 2447 567 Angelrannus
2468 498 2739 553 bonorum
2771 513 3000 569 operum
3025 501 3299 556 eicrcitiis
3322 494 3554 558 illustra-

1961 595 2072 655 tus,
2104 588 2491 658 hospitalitatis
2527 599 2740 645 amator
2770 591 3022 658 devotus,
3061 593 3386 650 humilitatis
3433 612 3551 651 scr-

1960 687 2119 734 vator
2133 681 2413 750 assiduus,
2428 683 2711 738 charitatis
2724 682 2890 738 etiam
2904 684 3062 739 obses
3073 687 3278 740 mansit
3290 696 3453 741 :etern
3463 702 3545 743 us.

2034 771 2120 825 15.
2155 769 2353 827 Verum
2378 772 2581 844 ingenii
2611 774 2785 844 ipsius
2809 775 3023 846 sagacis
3053 790 3160 830 non
3188 774 3364 832 facere
3396 796 3549 835 men-

1960 860 2188 930 tionem,
2238 864 2625 935 impiissimum
2671 867 2813 921 duco
2843 883 3105 922 errorem.
3156 867 3314 936 Nam,
3354 873 3547 940 praeci-

1957 954 2138 1023 piente
2164 955 2267 1011 sibi
2288 960 2584 1013 venerabili
2606 972 2707 1015 suo
2729 960 3006 1029 quondam
3031 961 3313 1031 magistro,
3341 962 3545 1019 domno

1958 1049 2166 1103 scilicet
2196 1049 2451 1105 Fulberto
2478 1051 2802 1107 Carnetcnsi
2829 1054 3105 1123 episcopo,
3140 1054 3365 1109 almillui
3410 1073 3544 1111 con-

1955 1140 2185 1199 fessoris
2206 1140 2409 1197 Christi
2440 1141 2682 1197 Richarii
2710 1142 2887 1198 Vitam
2931 1147 2999 1200 ab
3026 1148 3266 1218 antiquis
3289 1163 3547 1217 compen-

1955 1235 2109 1290 diose
2138 1234 2492 1304 descriptam,
2524 1251 2685 1289 versu
2710 1236 2933 1291 heroico
2958 1237 3343 1306 jucundiorem
3384 1238 3541 1305 fecit;

1955 1327 2090 1381 nihil
2127 1342 2262 1397 pene
2287 1328 2629 1383 eXtrinsecus
2655 1327 2879 1395 addens,
2906 1330 3000 1384 sed
3027 1332 3278 1385 eumdem
3318 1347 3541 1386 sensum

1952 1428 2049 1490 per
2071 1411 2255 1475 omnia
2296 1430 2715 1490 repraesentans.
2752 1419 2896 1477 Sane
2944 1423 3230 1490 miracula,
3268 1440 3390 1495 qum
3437 1425 3543 1478 Do-

1952 1514 2136 1567 minus
2167 1527 2231 1566 ac
2254 1511 2507 1567 Salvator
2534 1522 2718 1568 noster
2745 1528 2843 1582 per
2865 1512 3110 1582 ejusdem
3143 1515 3318 1569 sancti
3348 1515 3543 1569 merita

1953 1614 2056 1655 suo
2080 1607 2322 1671 tempore
2347 1601 2615 1668 exhibuit,
2637 1602 2691 1655 in
2716 1618 2825 1656 uno
2853 1603 3035 1658 libello
3061 1605 3414 1675 compingens
3438 1604 3541 1676 (9),

1951 1693 2194 1765 antiquis
2244 1694 2364 1764 ejus
2414 1694 2697 1751 miraculis
2725 1696 3165 1767 compaginavit;
3205 1699 3261 1752 in
3304 1716 3539 1768 quorum

1947 1786 2124 1856 capite
2167 1796 2358 1858 postea
2396 1804 2519 1859 quae
2565 1804 2730 1858 supra
2777 1790 3145 1849 texueratsic
3181 1805 3414 1845 exorsus
3458 1800 3542 1846 est

1946 1877 2049 1933 fari
2082 1897 2096 1932 :
2282 1912 2285 1914 -
2683 1882 2691 1888 “
2892 1902 2895 1903 ν
3232 1902 3235 1905 λ

2019 1968 2177 2023 Nunc
2203 1986 2266 2023 ea
2297 1970 2619 2041 complectar
2638 1963 2884 2042 proprius
2911 1988 3029 2044 quia
3054 1972 3185 2027 vidit
3212 1972 3426 2027 ocellus.

1947 2059 2463 2133 Subsequcnterque
2505 2064 2698 2119 intexit
2727 2065 2878 2119 illam
2914 2066 3089 2122 sancti
3118 2064 3537 2141 Richariilrela-

1942 2153 2169 2220 tionem,
2205 2170 2329 2224 qua:
2375 2155 2433 2209 in
2476 2156 2800 2225 praecedenti
2831 2157 3014 2212 libello
3065 2173 3097 2212 a
3140 2158 3298 2213 nobis
3321 2158 3536 2229 plenius

1941 2246 2191 2316 exposita
2212 2255 2295 2302 est
2328 2246 2464 2319 (10).
2677 2256 2683 2262 '
3409 2302 3413 2306 .

2014 2337 2103 2392 14.
2150 2336 2324 2411 Hujus
2373 2347 2555 2394 autem
2608 2337 2720 2394 Deo
2754 2348 2866 2395 tam
2902 2341 3053 2396 eliari
3097 2341 3204 2396 vita
3260 2341 3534 2420 excellens

1941 2431 2243 2485 multorum
2276 2432 2454 2487 studia
2486 2432 2553 2486 ad
2578 2444 2943 2502 supernorum
2984 2449 3227 2488 amorem
3265 2436 3536 2491 accende-

1937 2532 2025 2578 rat
2050 2542 2063 2578 :
2089 2524 2233 2578 unde
2266 2540 2413 2579 nunc
2439 2524 2820 2593 zequissimum
2858 2525 3175 2595 judicamus
3213 2524 3267 2580 in
3296 2525 3419 2596 ejus
3446 2526 3533 2581 di-

1938 2612 2278 2687 scipulorum
2346 2614 2563 2668 actibus
2624 2623 2832 2685 quanta
2905 2613 3001 2671 Dei
3063 2616 3237 2686 gratia
3301 2616 3538 2688 viguerit

1938 2706 2255 2773 ostendere;
2281 2713 2340 2761 ut
2356 2721 2517 2777 quem
2530 2707 2643 2775 jam
2662 2708 3096 2763 monstravimus
3116 2723 3242 2763 vere
3256 2719 3530 2776 sanctum,

1936 2794 2002 2853 ac
2028 2814 2126 2869 per
2148 2800 2253 2854 hoc
2276 2798 2388 2854 Deo
2418 2799 2753 2869 proximum,
2788 2799 2914 2855 inde
2958 2800 3133 2871 magis
3166 2800 3288 2871 ejus
3316 2802 3533 2857 bonitas

1936 2889 2300 2959 resplendeat,
2331 2896 2443 2959 quo
2474 2906 2584 2943 non
2617 2890 2735 2944 suis
2765 2889 2919 2955 solis,
2969 2890 3064 2944 sed
3095 2899 3150 2944 et
3201 2891 3530 2945 commisso-

1935 2995 2059 3035 rum
2080 2980 2446 3049 provectibusr
2463 2981 2787 3051 magniﬁcus
2814 2981 3219 3051 comprobatur.
3249 2980 3381 3035 Erat
3402 2997 3531 3053 ergo

1936 3069 1993 3124 in
2016 3071 2122 3125 hoc
2153 3079 2344 3129 sancto
2380 3072 2630 3126 coenobio
2671 3072 3000 3126 venerabilis
3031 3073 3156 3125 vine
3180 3071 3281 3139 vir,
3311 3073 3531 3126 nomine

1936 3160 2256 3233 Odelgcrus,
2293 3164 2389 3233 qui
2426 3164 2771 3218 abstinentize
2802 3164 2976 3230 mirae,
3017 3162 3340 3218 obedientire
3372 3179 3527 3217 sum-

1936 3269 2057 3320 mae,
2082 3255 2276 3326 suique
2305 3262 2492 3309 custos
2523 3254 2657 3321 oris,
2706 3270 2966 3326 magnum
2998 3254 3280 3324 religionis
3311 3270 3408 3325 per
3434 3253 3528 3309 Dei

1934 3345 2165 3417 gratiam
2196 3347 2467 3416 praebebat
2492 3347 2678 3401 lumen
2708 3364 2719 3400 :
2746 3347 2891 3417 quia
2916 3362 3089 3417 puero
3110 3346 3330 3418 quidem
3356 3346 3530 3401 sacris

1932 3437 2115 3493 fuerat
2162 3439 2266 3494 sub
2298 3439 2503 3494 domno
2545 3438 2829 3510 lngelardo
2860 3430 3056 3493 abbate
3096 3438 3401 3509 disciplinis
3442 3437 3527 3492 in-

1934 3530 2223 3600 formatus,
2266 3531 2363 3587 sed
2399 3524 2504 3587 Sub
2538 3531 2998 3588 reverendissimo
3026 3531 3401 3603 Angelranno,
3433 3531 3532 3585 de-

1931 3625 2055 3681 cani
2078 3624 2161 3679 vel
2185 3623 2385 3693 prioris
2412 3624 2724 3694 potiebatur
2751 3624 3077 3680 ministerio.
3102 3623 3203 3679 Hic
3233 3638 3365 3697 ergo
3393 3624 3529 3679 assi—

1932 3714 2039 3770 due
2096 3714 2320 3769 lectioni
2367 3723 2422 3769 et
2466 3714 2704 3768 orationi
2753 3713 3037 3780 insistens,
3082 3713 3254 3767 animi
3303 3725 3527 3784 quoque

1932 3807 2267 3878 simplicitati
2291 3814 2345 3862 et
2366 3805 2589 3877 puritati
2622 3806 2868 3873 studens,
2902 3820 3116 3876 magna;
3152 3806 3283 3859 vita:
3325 3804 3525 3860 studiis

1929 3900 2184 3971 pollebat.
2230 3898 2287 3953 In
2329 3898 2695 3954 exterioribus
2745 3898 2910 3953 etiam
2960 3897 3341 3952 ministrandis
3388 3897 3524 3953 satis

1930 3992 2134 4063 probus
2162 4008 2227 4048 ac
2248 3992 2403 4046 valde
2427 4001 2587 4062 aptus
2612 3990 2838 4046 exstitit.
2883 3989 3240 4044 Consuetudo
3266 3999 3449 4045 autem
3471 3976 3523 4045 ei

1930 4084 2110 4139 fuerat
2151 4093 2410 4154 perpetua
2443 4084 2773 4154 ut,'quando
2822 4082 3042 4149 fratres,
3070 4097 3136 4137 ex
3185 4082 3522 4155 indulgentia

1930 4176 2263 4233 remissioris
2302 4177 2448 4244 vitm,
2488 4176 2691 4246 aliquid
2735 4175 2998 4231 szeculare
3030 4184 3125 4231 aut
3151 4175 3314 4231 etiam
3342 4175 3519 4230 irreli‘

1929 4271 2144 4350 giosum
2189 4270 2244 4325 in
2272 4270 2553 4327 communi
2587 4269 3113 4334 sermocinarentur,
3162 4269 3439 4325 secederet
3466 4268 3522 4323 in

1929 4363 2239 4430 ecclesiam,
2272 4361 2478 4432 ibique,
2531 4362 2851 4433 psalmodiae
2886 4371 2940 4416 et
2995 4361 3402 4432 eompunctioni
3440 4360 3524 4415 in-

233 4463 450 4526 tollere,
479 4460 669 4515 dicens
699 4474 730 4513 a
758 4456 990 4512 Domino
1014 4455 1092 4508 illi
1126 4467 1249 4509 esse
1283 4461 1635 4522 praeparatos.
1669 4449 1714 4504 Ο
1745 4452 1826 4505 vi-

1941 4463 2133 4521 :entus,
2164 4456 2348 4510 sedule
2370 4454 2605 4509 Domino
2625 4455 2979 4525 jungebatur.
3011 4455 3116 4521 Qui
3143 4455 3309 4509 etiam
3333 4469 3401 4508 ne
3424 4454 3524 4507 ali-

238 4569 364 4609 rum
386 4566 511 4606 vere
540 4548 653 4605 Deo
678 4539 937 4620 dignum!
971 4561 1005 4600 ο
1040 4545 1287 4600 animum
1321 4543 1470 4598 omni
1501 4543 1661 4597 laude
1681 4543 1827 4611 δίιςί-

239 4655 324 4701 ter
351 4642 735 4700 attollendum!
770 4656 842 4696 ne
875 4638 1021 4694 enim
1048 4638 1174 4692 vitae
1197 4650 1391 4706 expers
1418 4642 1687 4699 maneret,
1722 4634 1829 4704 piis

241 4737 454 4793 actibus
505 4735 765 4794 continue
798 4731 1070 4795 instabat;
1117 4736 1171 4784 et
1203 4744 1270 4783 ne
1295 4723 1420 4782 eum
1457 4728 1579 4783 laus
1622 4726 1828 4781 transi-

241 4829 380 4884 toria
407 4826 747 4899 percelleret,
776 4823 929 4893 ipsos
950 4822 1072 4892 pios
1102 4828 1259 4874 actus
1297 4819 1627 4873 occultabat.
1672 4816 1828 4871 Libet

238 4936 534 4994 parumper
572 4925 817 4973 nostram
874 4913 1220 4984 pravitatem,
1274 4919 1585 4981 nostrzeque
1631 4910 1829 4964 intueri

242 5015 442 5070 mentis
470 5012 869 5068 tortitudinem.
888 5006 1025 5062 Nam
1053 5015 1250 5061 etcum
1273 5004 1417 5058 bona
1441 5019 1547 5058 non
1572 5003 1827 5069 facimus.

241 5107 493 5177 cupimus
530 5100 773 5167 laudari;
810 5107 867 5155 et
900 5098 948 5153 si
995 5112 1188 5168 parum
1234 5096 1364 5166 quid
1397 5094 1685 5165 contigerit
1728 5112 1828 5151 nos

239 5200 369 5255 boni
422 5197 622 5262 facere,
669 5194 739 5250 ab
785 5190 1041 5247 omnibus
1069 5188 1322 5259 cupimus
1370 5187 1671 5257 prazdicari.
1715 5185 1826 5243 Nos

240 5292 343 5348 nec
363 5299 485 5346 actu
512 5304 613 5344 nec
636 5288 837 5341 virtute
860 5282 1102 5354 qualibet
1131 5279 1566 5351 resplendemus,
1596 5288 1651 5334 et
1677 5280 1826 5333 velut

241 5383 543 5442 sanctiores
577 5393 676 5450 pro
708 5377 827 5433 solo
868 5373 1059 5430 habitu
1097 5373 1362 5426 honorem
1411 5378 1820 5441 extcii-quemus.

240 5473 561 5532 Damnanda
590 5484 827 5545 prorsus
852 5465 1096 5533 miseria,
1131 5479 1243 5519 non
1291 5478 1412 5519 esse
1456 5471 1728 5530 sanctum,
1770 5472 1825 5518 et

224 5648 227 5655 ,
335 5588 390 5659 9)
413 5584 549 5640 Vide
574 5580 988 5639 observationes
1014 5577 1269 5701 praevias,
1282 5591 1452 5658 .num.

313 5588 426 5730 illi)
457 5654 643 5730 Hicin
686 5651 875 5730 codice
896 5650 1009 5730 _ti_tu
1036 5655 1328 5730 usucapitis
1364 5648 1419 5727 β,
1450 5660 1531 5730 sic

340 5646 426 5725 ill)
457 5654 558 5710 llic
588 5655 643 5708 in
686 5651 875 5725 codice
896 5646 1106 5725 titulus
1117 5648 1328 5725 capitis
1364 5648 1419 5725 _9,
1450 5646 1531 5702 sic
1551 5646 1783 5701 habetur
1808 5668 1821 5703 :

243 5718 331 5784 De‘
355 5718 629 5781 miraculis
684 5723 859 5779 sancti
889 5720 1148 5786 Richarii,
1179 5734 1296 5789 qua:
1324 5718 1438 5789 ejus
1469 5726 1699 5788 tempore
1728 5726 1821 5771 ac-

1928 4560 2040 4615 quo
2074 4545 2311 4615 impulsu
2339 4587 2353 4610 ,
2392 4555 2486 4600 aut
2530 4546 2763 4615 alicujus
2809 4561 3041 4600 occursu
3100 4545 3518 4614 praepediretur,

1929 4636 2213 4707 superiora
2263 4637 2446 4707 templi
2503 4637 2871 4692 conscendere
2922 4636 3276 4706 procumbat,
3336 4634 3520 4705 ibique

1928 4728 2066 4784 liber
2091 4734 2146 4782 et
2164 4736 2431 4794 remotus,
2457 4727 2617 4797 quasi
2641 4728 2708 4781 de
2748 4727 3000 4797 proximo
3024 4741 3087 4780 ac
3109 4725 3175 4780 de
3203 4724 3404 4790 vicino,
3433 4724 3521 4779 di-

1929 4819 2075 4876 vinis
2093 4819 2374 4875 obtutibus
2404 4819 2628 4874 laudum
2651 4827 2705 4873 et
2727 4834 2950 4888 precum
2979 4818 3300 4873 holocausta
3327 4816 3526 4872 oilere-

1930 4912 2041 4967 bat.
2095 4909 2197 4967 llic
2235 4911 2421 4982 itaque
2464 4921 2588 4981 post
2630 4911 2853 4981 longam
2900 4910 2956 4965 in
3002 4920 3194 4965 sancto
3240 4909 3520 4980 proposito

1930 5012 2177 5081 exactam
2223 5004 2421 5071 vitam,
2477 5003 2542 5059 ad
2608 5012 2852 5059 extrema
2908 5003 3171 5074 pervenit.
3227 5001 3331 5069 Qui
3393 5006 3537 5082 cum.

1930 5088 2095 5152 morti
2117 5097 2402 5167 proximus
2421 5096 2698 5163 existeret,
2717 5102 2771 5151 et
2796 5110 2826 5149 a
2851 5092 3115 5149 fratribus
3136 5092 3221 5150 vel
3246 5108 3275 5147 a
3300 5091 3521 5167 famulis

1929 5166 2174 5243 ecclesia:
2198 5186 2654 5253 circumdaretur,
2668 5194 2904 5255 repente
2928 5182 3256 5238 exclamavit
3276 5190 3329 5236 et
3350 5166 3515 5275 dixitf:

1930 5277 2071 5333 Ecce
2106 5278 2309 5333 chorus
2334 5276 2486 5331 adest
2524 5276 2863 5347 angelorum.
2894 5272 2969 5329 Ut
2992 5274 3138 5329 enim
3174 5272 3519 5343 omnipotens

1930 5378 1985 5424 et
2009 5370 2134 5440 pius
2164 5368 2307 5424 Deus
2355 5369 2667 5424 ostenderet
2696 5383 2864 5438 quam
2912 5366 3105 5422 devote
3138 5365 3187 5420 ei
3234 5365 3515 5429 servierat,

1928 5461 2102 5516 voluit
2123 5477 2237 5517 sure
2257 5460 2557 5517 divinitatis
2575 5460 2625 5515 ei
2649 5460 2915 5515 morituro
2937 5459 3218 5515 ministros
3244 5457 3521 5522 transmit-

1930 5576 2190 5630 ciderunt.
2242 5578 2309 5630 At
2358 5583 2521 5644 caput
2563 5574 2741 5644 ipsum
2795 5573 3158 5639 desideratur,
3190 5570 3519 5644 quodﬂl‘ojte

1930 5647 2247 5770 niihil-aliud
2270 5655 2413 5701 esset
2428 5642 2465 5700 ξι
2488 5642 2670 5701 libello
2697 5646 2764 5702 de
2782 5644 3044 5700 relatione
3067 5646 3310 5716 ejusdem
3425 5642 3518 5695 [ti-

1931 5732 1959 5770 ο
1982 5733 2122 5770 ιεινιι.
3480 5728 3493 5753 ³

1931 5728 2122 5773 Charu.
3480 5728 3493 5753 ³
