4038 6386
593 321 737 390 1413

1561 306 1999 387 'ANGEL'RAN‘NI
2033 302 2326 383 annuis
2362 311 2841 383 CENTULENSIS

3702 288 3820 389 tut

581 459 718 515 tere,
762 443 900 503 utin
929 458 1121 501 eorum
1170 453 1466 514 conspectu
1516 452 1681 515 atque
1716 455 2026 515 praesentia,
2059 459 2179 500 sme
2206 450 2253 509 Α
2281 445 2488 516 gratias
2506 444 2693 500 retulit
2720 443 3027 512 Conditori,
3059 454 3115 501 et
3144 444 3233 500 cui
3269 452 3427 500 antea
3455 444 3507 499 in
3542 445 3685 499 omni
3704 446 3823 503 bona

582 538 734 611 gravi
778 545 928 593 metu
970 546 1024 593 et
1051 535 1239 593 dolore
1280 535 1349 591 de
1374 549 1607 605 corpore
1629 534 1823 590 exiret.
1850 532 1965 590 Hac
1994 545 2177 591 autem

585 631 727 698 vice,
751 629 1010 685 omnibus
1049 628 1144 700 qui
1187 627 1415 683 aderant
1448 624 1787 696 stupefactis,
1817 635 2042 697 repente
2077 627 2178 682 ite-

583 736 709 775 rum
736 719 1039 789 subjunxit,
1088 727 1142 773 et
1175 718 1289 772 ait:
1322 715 1465 771 Ecce
1506 716 1708 773 chorus
1762 718 2174 787 prophetarum.

587 811 927 881 Silentioque
952 824 1252 881 parumper
1274 807 1483 873 habito,
1514 806 1596 862 sic
1634 807 1819 862 intulit
1845 826 1857 862 :
1882 806 2023 864 Ecce
2042 808 2178 863 cho-

585 920 683 960 rns
705 903 1109 975 apostolorum;
1138 918 1206 957 ac
1233 901 1428 956 deinde
1456 920 1468 955 :
1498 898 1657 968 Ecce,
1681 900 1779 968 ait,
1803 901 2009 957 chorus
2033 917 2181 956 mar-

586 1006 790 1068 tyrum.
824 995 1075 1066 Cumque
1116 994 1400 1066 paululum
1449 994 1807 1050 conticuisset
1839 1013 1851 1049 :
1885 993 2043 1062 Ecce,
2096 996 2181 1050 in-

587 1087 730 1158 quit,
795 1088 998 1142 ehorus
1053 1084 1464 1155 confessorum;
1523 1085 1822 1141 novissime
1870 1101 2002 1141 vero
2052 1102 2178 1142 cum

586 1179 988 1244 denuntiasset,
1022 1176 1241 1232 dicens:
1266 1175 1409 1232 Ecce
1430 1177 1635 1232 chorus
1664 1176 1964 1247 virginum,
1987 1177 2180 1232 eodem

586 1278 868 1326 momento
898 1268 1148 1340 spiritum
1178 1268 1383 1323 emisit.
1410 1266 1478 1322 Et
1497 1269 1628 1340 quia
1651 1270 1917 1325 veraciter
1941 1269 2180 1326 caelestis

587 1361 781 1434 patria:
822 1360 968 1416 cives
1011 1360 1080 1415 ad
1117 1375 1177 1415 se
1212 1360 1623 1430 suscipiendum
1661 1361 1878 1417 venisse
1932 1361 2179 1430 vidisset,

590 1450 871 1522 sequendo
911 1456 1143 1505 testatus
1178 1457 1281 1505 est.
1310 1444 1823 1506 Reverendissimus
1848 1467 1983 1506 vero
2010 1452 2181 1509 abbas

588 1539 971 1611 Angelrannus
1001 1554 1151 1605 eum,
1175 1546 1237 1593 ut
1263 1539 1508 1607 decebat,
1541 1555 1667 1595 vere
1701 1548 1975 1610 sanetum,
2000 1541 2057 1597 in
2091 1558 2183 1598 ec-

587 1619 812 1688 clesiola
840 1630 1030 1687 Sancti
1045 1630 1318 1687 Vincentii
1341 1632 1619 1702 martyris,
1643 1648 1768 1705 quae
1791 1641 1911 1688 erat
1934 1634 2181 1692 claustro

587 1723 866 1795 contigua,
882 1721 1264 1778 venerabiliter
1286 1722 1550 1791 sepelivit,
1564 1730 1617 1778 et
1634 1738 1798 1795 super
1818 1724 1939 1795 ejus
1960 1724 2181 1780 bustum

597 1815 708 1872 tale
733 1815 1074 1888 epitaphium
1098 1814 1443 1895 composuit:
1792 1812 1798 1819 ’

735 1925 980 1982 Iustitia:
1014 1924 1190 1979 cultor
1218 1924 1342 1993 fuit,
1365 1932 1414 1979 et
1449 1923 1701 1978 bonitatis
1727 1934 1937 1980 amator

809 1996 1119 2067 Odelgerus,
1150 1995 1205 2048 in
1236 1995 1332 2048 hoc
1369 1996 1459 2067 qui
1490 1994 1703 2067 recubat
1738 1997 1964 2067 tumulo.

736 2064 1022 2136 Subtrafrit
1052 2066 1169 2120 vita
1190 2081 1344 2136 quem
1366 2064 1461 2118 lux
1488 2064 1783 2119 Februario
1811 2081 1970 2135 nona,

811 2135 882 2192 Ut
905 2152 1021 2209 spes
1049 2144 1152 2203 est,
1180 2135 1338 2207 regno
1370 2136 1517 2189 misit
1532 2145 1585 2190 et
1615 2137 1862 2191 wthereo.

665 2271 752 2327 l5.
811 2269 1194 2343 Angelrannus
1234 2274 1566 2331 venerabilis
1615 2274 1759 2329 inter
1808 2291 1924 2331 sua:
1974 2291 2189 2347 magna:

596 2364 885 2435 sapientiae
926 2363 1292 2435 monimenta,
1344 2366 1402 2421 in
1452 2367 1629 2422 sancti
1680 2366 1928 2423 Richarii
1956 2368 2184 2438 honore,

598 2457 854 2527 quamvis
885 2457 1099 2530 antiqui
1123 2459 1488 2529 abundarent,
1538 2461 1807 2532 quosdam
1838 2473 2034 2518 cantus
2066 2462 2189 2519 dul-

592 2548 733 2604 ciori
752 2550 1067 2621 composuit
1094 2551 1362 2619 melodia;
1391 2567 1495 2606 nec
1518 2568 1626 2607 non
1662 2562 1981 2609 sanctorum
1998 2552 2187 2609 Wala-

592 2642 696 2697 rici
719 2641 956 2710 abbatis,
1009 2651 1064 2699 et
1092 2643 1367 2699 “lfranni
1395 2646 1795 2718 archiepiscOpi
1845 2648 2041 2703 honori
2067 2664 2190 2718 pro-

592 2734 746 2804 pries
770 2741 967 2788 cantus
993 2734 1269 2805 coaptavit
1297 2753 1310 2788 :
1335 2734 1478 2790 beati
1507 2752 1728 2807 quoque
1756 2735 2025 2793 Vincentii
2043 2756 2190 2794 mar-

598 2824 733 2897 tyris
763 2823 1089 2879 Passionem
1112 2825 1339 2881 metrice
1370 2828 1703 2898 composuit,
1736 2837 2052 2900 sanctaeque
2072 2831 2187 2886 vir-

597 2914 743 2988 ginis
794 2915 1164 2970 Austrebertae
1215 2914 1390 2970 Vitam
1449 2926 1627 2973 metro
1662 2920 1896 2990 subegit.
1944 2920 2012 2975 Et
2059 2921 2188 2993 quia

597 3016 785 3062 tantus
809 3007 1055 3064 scientia:
1085 3006 1266 3081 fulgor
1302 3025 1410 3064 non
1457 3008 1617 3066 facile
1664 3022 1876 3083 poterat
1903 3015 2186 3084 abscondi,

598 3099 759 3154 multi
787 3098 1001 3155 nobiles
1029 3099 1150 3170 ejus
1182 3116 1241 3157 se
1265 3101 1557 3158 subdidere
1595 3105 1942 3175 magistratui
1974 3122 2038 3163 :e
2059 3109 2187 3178 qui-

600 3192 706 3249 bus
736 3191 962 3248 fuerunt
985 3193 1097 3248 duo
1144 3190 1435 3250 honorifici
1467 3195 1592 3263 viri,
1623 3195 1800 3251 Guido
1833 3198 1944 3270 (11)
1990 3203 2193 3271 pracsul

594 3283 1010 3353 Ambianensis,
1046 3293 1101 3340 et
1142 3283 1323 3357 Drogo
1359 3285 1471 3357 (ιῖ)
1522 3288 1814 3359 episcopus
1845 3288 2195 3348 Ta‘rvennen—

598 3377 697 3432 sis.
725 3375 792 3430 Hi
822 3377 941 3447 ejus
969 3392 1028 3432 se
1055 3376 1356 3449 discipulos
1385 3396 1399 3445 ;
1432 3377 1512 3445 hi,
1542 3380 1727 3450 quoad
1750 3380 2024 3450 vixerunt,
2050 3400 2195 3439 sem-

590 3484 698 3541 per
724 3469 981 3540 gratulati
1018 3477 1146 3524 sunt
1183 3484 1242 3525 se
1266 3469 1386 3540 ejus
1429 3470 1721 3541 prudentia
1773 3472 2100 3529 illustratos.
2132 3472 2190 3530 ln

596 3570 814 3617 tantum
852 3562 1003 3618 enim
1057 3561 1364 3632 disciplinae
1409 3562 1528 3633 ejus
1563 3563 1783 3620 bonitas
1818 3563 1922 3637 [se,
1975 3565 2074 3620 En.
2105 3565 2194 3639 P.]

600 3662 909 3724 sparserat,
940 3661 1004 3709 ut
1038 3654 1241 3726 ubique
1274 3654 1344 3709 ab
1365 3655 1624 3711 omnibus
1655 3655 2045 3727 Angelrannus
2094 3656 2196 3713 Sa-

600 3746 762 3819 piens
786 3747 1097 3817 specialiter
1117 3764 1227 3803 non
1255 3748 1541 3804 immerito
1563 3759 1874 3807 vocaretur.

676 3838 762 3892 16.
803 3837 943 3893 Cum
972 3838 1139 3911 igitur
1163 3840 1331 3896 tantis
1381 3849 1436 3895 et
1461 3841 1664 3897 talibus
1690 3842 1848 3899 bonze
1871 3841 2033 3899 famae
2073 3845 2195 3915 opi—

597 3930 859 3987 nionibus
898 3931 1041 3986 miro
1084 3932 1249 3988 modo
1294 3933 1539 4004 polleret,
1578 3934 2004 4006 implereturque
2032 3936 2088 3990 in
2130 3951 2196 3992 eo

600 4022 693 4079 ille
734 4024 1070 4093 apostolicus
1111 4039 1294 4079 sermo
1328 4043 1341 4079 :
1383 4024 1587 4080 Christi
1644 4026 1808 4081 bonus
1855 4028 1985 4082 odor
2014 4045 2195 4082 sumus

600 4111 712 4166 Deo
748 4114 804 4166 in
833 4115 976 4168 omni
1005 4114 1122 4168 loco
1146 4113 1234 4186 (II
1252 4113 1377 4171 Cor.
1414 4132 1475 4184 ιι,
1504 4117 1591 4188 15)
1618 4135 1632 4184 ;
1659 4117 1936 4188 inspector
1963 4120 2052 4175 ille
2072 4136 2198 4175 cor-

601 4206 778 4273 dium,
837 4207 1031 4264 videns
1076 4208 1328 4263 eumdem
1378 4225 1541 4264 suum
1575 4209 1839 4266 famulum
1872 4211 2197 4284 infatigabili

605 4296 883 4352 desiderio
910 4296 1015 4352 sibi
1039 4299 1176 4353 velle
1212 4299 1433 4366 sociari,
1464 4310 1523 4354 ut
1555 4302 1835 4371 puriorem
1869 4306 2199 4378 quandoque

603 4387 929 4459 susciperet,
959 4389 1070 4446 imo
1097 4399 1158 4446 ut
1178 4392 1503 4447 meritorum
1530 4392 1745 4464 c0piam
1773 4395 1825 4450 ei
1878 4399 2165 4454 accumula
2182 4426 2197 4438 ο

600 4472 704 4549 rei,
738 4482 929 4537 statuit
956 4499 1082 4538 eum
1139 4483 1319 4540 adhuc
1369 4486 1692 4542 tentationis
1738 4488 1869 4544 lima
1905 4490 2098 4560 polire,
2130 4507 2195 4548 ac

602 4589 769 4643 super
808 4573 1066 4629 incudem
1112 4590 1389 4645 corporea:
1433 4576 1789 4647 infirmitatis,
1821 4580 2019 4636 malleo
2068 4598 2197 4652 pro-

602 4665 740 4736 pria:
790 4666 1168 4736 percussionis
1198 4668 1555 4741 interrogare.
1588 4669 1834 4742 Denique
1870 4680 2023 4728 tanta
2069 4690 2196 4730 eum

602 4757 875 4829 paralysis
934 4758 1231 4815 acerbitate
1280 4761 1532 4830 perculit,
1565 4771 1623 4816 ut
1653 4778 1764 4818 non
1792 4779 2017 4819 manum
2043 4764 2110 4821 ad
2133 4781 2197 4822 os

606 4844 827 4914 ducere,
853 4862 967 4902 non
990 4848 1044 4903 in
1067 4849 1269 4905 lectulo
1301 4866 1360 4906 se
1404 4852 1661 4924 deinceps
1690 4855 1927 4926 quiverit
1952 4872 2190 4914 movere.

603 4935 930 5010 Religantur
955 4956 1153 5010 manus
1182 4942 1501 5000 innocentes
1530 4961 1781 5017 superna:
1828 4947 2197 5005 districtionis

601 5030 849 5101 vinculo,
872 5041 950 5101 et,
983 5049 1112 5106 qua:
1126 5034 1185 5089 in
1222 5035 1383 5092 bonis
1409 5054 1468 5093 se
1494 5054 1710 5109 semper
1732 5052 2108 5109 exercuerant,
2133 5057 2199 5098 ac

602 5123 749 5180 mala
781 5125 1086 5183 studiosius
1117 5138 1395 5197 caverant,
1434 5130 1552 5185 haec
1596 5131 1681 5186 vel
1711 5132 1824 5199 illa,
1879 5133 2023 5188 bona
2068 5134 2192 5189 dico

603 5216 692 5273 vel
718 5216 885 5285 mala,
919 5235 988 5275 ne
1027 5220 1371 5291 contingant,
1406 5230 1712 5278 arctantur.
1767 5222 1996 5295 Semper
2024 5225 2193 5298 igitur

679 5395 789 5465 (11)
829 5395 1006 5452 Guido
1044 5406 1169 5469 post
1198 5397 1495 5456 Fuleonem
1528 5401 1542 5454 i
1584 5400 1700 5457 sius
1726 5398 1972 5468 fratrem,
2004 5400 2098 5472 qui
2138 5402 2193 5456 in

679 5467 818 5520 nodo
853 5466 1106 5524 Remensi
1157 5470 1260 5524 sub
1292 5469 1472 5524 Leone
1520 5417 1591 5524 1%
1626 5487 1762 5524 naua
1806 5481 2193 5524 exauctoratus

608 5467 818 5537 synodo
853 5466 1106 5524 Remensi
1157 5470 1260 5525 sub
1292 5469 1472 5526 Leone
1520 5466 1591 5525 IX
1625 5487 1762 5541 papa
1806 5466 2194 5528 exauCtoratus

605 5535 730 5598 fuit,
772 5535 1192 5595 Ambianensem
1236 5541 1496 5596 thronum
1548 5543 1813 5597 ascendit.
1868 5542 2015 5596 Obiit
2049 5558 2196 5598 anno

609 5577 2196 5686 liliiexéi'E‘JiéZﬁhiiiiféﬁZii'tiri-21333.."£33513:

610 5676 880 5729 diaconus
905 5677 1125 5732 dicitur.

944 5693 1125 5732 lClll‘ll'.

684 5744 796 5813 (12)
838 5742 990 5800 Hanc
1018 5749 1199 5803 sedem
1226 5751 1461 5806 obtinuit
1482 5750 1663 5824 Drogo
1694 5754 1764 5810 ab
1788 5769 1935 5814 anno
1965 5752 2094 5808 1051
2129 5756 2197 5810 ad

2278 537 2594 608 operatione
2620 553 2679 594 se
2698 537 2956 592 devotum
2990 536 3335 603 exhibuerat,
3379 553 3523 592 nunc
3552 537 3825 595 valetudine

2278 645 2523 700 pressus,
2548 629 2710 684 corde
2738 637 2793 684 et
2816 629 3002 700 lingua
3024 629 3207 711 laudis
3259 627 3590 684 sacrificium
3611 630 3827 685 victima-

2280 721 2374 775 bat
2399 739 2414 789 ;
2442 732 2644 777 etcum
2666 721 2774 776 hoc
2800 720 2995 776 morbo
3025 722 3106 776 sic
3134 720 3446 776 vinculatus
3470 731 3614 776 esset
3656 730 3711 776 ut
3737 739 3830 777 om-

2279 812 2413 867 nino
2453 811 2540 867 sui
2569 810 2841 881 impotens
2866 819 3133 878 maneret,
3160 819 3343 866 tamen
3396 811 3516 882 ejus
3538 812 3729 882 ubique
3750 829 3829 868 an-

2280 902 2509 959 ctoritas
2560 903 2924 970 metuebatur,
2956 903 3078 973 ejus
3104 903 3308 974 ubique
3346 919 3547 959 nomen
3579 905 3829 959 revereba-

2280 1004 2389 1050 tur.
2426 993 2578 1067 Stepe
2602 1004 2786 1051 autem
2813 996 3013 1051 accidit
3043 1004 3103 1049 ut
3151 996 3398 1066 quolibet
3430 996 3675 1050 residens
3694 996 3831 1051 uber-

2280 1088 2419 1143 rim‘e
2446 1086 2619 1154 fleret,
2651 1096 2707 1143 et
2734 1104 2860 1143 cum
2910 1088 2979 1142 ab
3009 1087 3395 1143 assistentibus
3442 1088 3832 1159 interrogaretur

2281 1195 2531 1249 quaenam
2567 1188 2712 1235 esset
2733 1196 2898 1235 causa
2929 1180 3194 1250 ploratus,
3218 1196 3277 1235 se
3298 1190 3648 1251 peccatorum
3674 1196 3832 1251 pinnas

2282 1271 2630 1327 formidando
2674 1272 2919 1342 cogitare
2965 1272 3350 1343 respondebat,
3383 1288 3525 1344 quas
3573 1273 3707 1326 intra
3746 1283 3834 1328 tar-

2283 1361 2387 1417 tari
2410 1362 2672 1429 claustra,
2705 1362 2925 1417 diabolo
2936 1362 3308 1431 ministrante,
3326 1362 3691 1433 patiebantur,
3715 1372 3761 1417 et
3781 1364 3837 1417 ob

2286 1451 2397 1507 hoc
2437 1452 2602 1507 modo
2646 1468 2757 1507 non
2788 1468 2951 1522 posse
2976 1453 3153 1507 omitti
3189 1454 3324 1523 quin
3348 1451 3520 1507 fleret.
3578 1452 3653 1507 lta
3701 1455 3836 1508 etiam

2283 1558 2408 1598 cum
2436 1544 2834 1599 alternantibus
2862 1544 3075 1601 vicibus
3122 1561 3181 1601 se
3223 1546 3571 1601 laetissimum
3606 1563 3839 1617 praemon-

2285 1642 2503 1699 straret,
2545 1636 3056 1707 interrogarentque
3115 1634 3447 1692 famulantes
3489 1637 3741 1706 quidnam
3776 1635 3838 1690 rei

2285 1732 2433 1778 esset
2464 1724 2611 1794 quod
2659 1733 2773 1779 tam
2823 1725 3004 1780 alacer
3040 1725 3343 1794 videretur,
3373 1727 3562 1782 aiebat
3580 1728 3653 1781 de
3701 1729 3839 1783 cmic-

2217 1793 2262 1848 Β
2289 1815 2459 1870 stium
2516 1816 2732 1888 gaudiis
2781 1818 3127 1888 angelorum,
3166 1817 3345 1889 deque
3399 1828 3714 1874 sanctorum
3746 1819 3842 1873 feli-

2287 1905 2453 1962 citate
2489 1915 2746 1976 perpetua
2772 1906 2913 1961 hanc
2939 1907 3045 1961 sibi
3068 1922 3358 1963 emanasse
3382 1908 3809 1963 exsultationem.

2359 1995 2447 2050 17.
2488 1994 2820 2052 Senescente
2841 2006 3023 2051 autem
3060 1997 3176 2064 illo,
3205 2012 3334 2052 cum
3387 1998 3584 2053 multis
3623 1998 3746 2053 utile
3784 1999 3840 2052 vi-

2286 2085 2532 2158 deretur_
2554 2095 2617 2141 ut
2672 2086 2850 2142 eidem
2902 2097 3085 2143 rector
3133 2088 3563 2144 substitueretur
3590 2132 3605 2157 ,
3653 2088 3842 2160 quidam

2216 2230 2229 2239 .
2288 2181 2591 2237 secundum
2617 2196 2840 2237 carnem
2880 2181 3102 2248 nobilis,
3132 2180 3278 2236 filius
3323 2197 3521 2252 nempe
3547 2181 3843 2252 Angelranni

2287 2270 2647 2328 Pontivorum
2691 2272 2930 2339 comitis,
2968 2273 3192 2327 nomine
3224 2271 3428 2339 'Fulco,
3476 2272 3719 2343 ejusdem
3758 2273 3844 2329 103i

2289 2365 2569 2430 alumnus,
2603 2373 2894 2434 parentum
2919 2363 3149 2430 auxilio,
3187 2379 3327 2434 saepe
3352 2364 3487 2418 dicti
3520 2364 3628 2418 loci
3670 2361 3843 2417 Centu-

2289 2456 2461 2511 lensis
2485 2456 2727 2527 regimen
2759 2455 2977 2511 sibimet
3014 2471 3283 2526 usurpare
3311 2456 3575 2510 tentabat.
3598 2454 3701 2511 Sed
3725 2456 3844 2509 enim

2288 2566 2416 2606 cum
2444 2566 2541 2607 rex
2567 2550 2908 2606 Francorum
2949 2548 3245 2618 Henricus,
3274 2566 3385 2621 quo
3406 2552 3600 2606 nescio
3635 2567 3754 2606 casu
3774 2566 3846 2605 ac-

2288 2643 2525 2711 cidente,
2555 2641 2849 2698 Pontivum
2878 2643 3210 2710 devenisset,
3241 2643 3384 2699 idem
3414 2642 3611 2710 Fulco,
3644 2644 3845 2699 interce.

2288 2735 2451 2791 dente
2468 2735 2582 2806 jam
2601 2736 2747 2791 dicto
2780 2736 2980 2791 comite
3012 2742 3168 2806 patre
3191 2750 3314 2803 suo,
3346 2736 3609 2806 cupiebat
3634 2737 3847 2790 obtinere

2290 2827 2359 2881 ab
2384 2828 2576 2882 eodem
2623 2844 2749 2900 rege
2780 2829 2951 2882 totius
2995 2828 3577 2885 loci'dominationem
3606 2847 3621 2884 :
3658 2826 3849 2899 quodet

2289 2917 2496 2974 factum
2534 2928 2638 2986 est,
2679 2919 2968 2990 ignorante
3012 2919 3234 2990 penitus
3280 2919 3486 2973 domno
3534 2920 3849 2991 Angelranno

2291 3011 2505 3066 abbate.
2534 3009 2654 3065 lam
2684 3011 2864 3066 dictus
2901 3026 3031 3066 vero
3056 3010 3248 3076 Fulco,
3280 3027 3405 3066 cum
3454 3012 3529 3066 ob
3565 3013 3759 3067 donum
3781 3026 3850 3067 re-

2218 3137 2260 3195 c
2293 3103 2440 3174 gium
2468 3119 2527 3158 se
2552 3100 2803 3158 abbatem
2828 3103 2944 3159 fore
2967 3104 3368 3173 auspicaretur,
3406 3114 3628 3176 sumpta
3655 3106 3848 3159 audacia

2294 3195 2619 3266 impudenti,
2668 3196 3003 3267 quibusdam
3040 3196 3372 3251 militaribus
3421 3196 3481 3251 in
3530 3197 3849 3252 fratrumre—

2293 3286 2544 3356 fectorio,
2572 3304 2724 3344 more
2747 3289 2956 3344 scilicet
2977 3289 3388 3359 incompetenti,
3410 3291 3721 3344 convivium
3741 3305 3851 3360 cpu-

2293 3383 2413 3439 lens
2467 3384 2739 3453 exhibuit,
2802 3400 2914 3455 quo
2964 3384 3069 3440 sibi
3125 3381 3329 3439 faceret
3367 3384 3665 3453 ﬁdeliores,
3715 3394 3763 3439 et
3798 3382 3849 3438 ai

2294 3476 2691 3547 acquirendum
2749 3477 2853 3532 sibi
2907 3478 3175 3532 honorem
3235 3479 3624 3547 promptiores.
3678 3478 3740 3531 At
3779 3476 3848 3530 ubi

2294 3569 2603 3624 nuntiatum
2632 3577 2718 3625 est
2738 3569 2885 3626 istud
2926 3571 3066 3640 patri
3090 3572 3461 3643 Angelranno,
3490 3571 3762 3626 ministros
3782 3583 3851 3621 vo-

2295 3669 2404 3726 cat,
2436 3660 2799 3732 protinusque
2814 3677 2872 3717 se
2896 3662 3024 3717 illuc
3049 3663 3326 3733 deportari
3355 3663 3603 3717 mandat.
3638 3660 3851 3716 Manibus

2295 3768 2427 3825 ergo
2472 3738 2806 3809 famulorum
2844 3754 2911 3809 ad
2940 3755 3148 3809 ostium
3191 3770 3368 3825 usque
3398 3752 3676 3810 refectorii
3720 3753 3849 3807 deve-

2296 3846 2445 3902 hitur
2483 3848 2709 3919 ;ibique
2734 3847 2906 3920 ﬁgens
2954 3849 3206 3920 gradum,
3254 3863 3318 3903 ex
3349 3849 3676 3903 auctoritate
3703 3844 3850 3901 omni-

2296 3940 2535 4010 potentis
2593 3939 2687 3995 Dei
2739 3956 2834 3997 eos
2876 3941 2968 4011 qui
3014 3949 3388 3997 convenerant
3436 3940 3847 3996 anathematizat.

2297 4031 2438 4089 lliuc
2460 4048 2591 4089 vero
2615 4034 2796 4089 omnis
2826 4034 2915 4088 illa
2940 4031 3133 4089 eOrum
3163 4033 3330 4088 factio
3359 4034 3586 4089 inchoat
3606 4031 3848 4103 dissipari.

2297 4123 2561 4181 Cerneres
2582 4126 2731 4179 enim
2758 4126 3014 4181 meliores
3043 4141 3320 4197 quosque,
3352 4125 3407 4181 in
3446 4129 3653 4198 quibus
3690 4141 3849 4197 parum

2298 4216 2430 4287 quid
2460 4217 2675 4272 timoris
2729 4218 3030 4284 resederat,
3070 4218 3230 4289 quasi
3278 4235 3400 4274 reos
3451 4229 3584 4275 ante
3623 4219 3848 4291 judicem,

2301 4310 2382 4366 sic
2410 4319 2536 4365 ante
2563 4309 2701 4379 justi
2728 4308 2927 4366 faciem
2957 4311 3223 4381 pavitare,
3273 4320 3328 4365 et
3375 4311 3632 4367 incendio
3669 4325 3851 4366 excom-

2302 4401 2694 4457 municationis
2726 4403 2796 4457 ab
2825 4417 2893 4457 eo
2922 4402 3086 4458 illatae
3138 4403 3282 4458 miro
3332 4404 3495 4459 modo
3535 4404 3737 4459 terreri.
3779 4399 3852 4454 l'ir

2226 4481 2271 4535 Ι)
2298 4492 2394 4547 Dei
2419 4493 2603 4564 itaque
2639 4493 2902 4550 secedens
2951 4494 3077 4550 inde
3113 4494 3409 4550 Fulconem
3453 4506 3667 4562 evocat,
3709 4505 3754 4549 et
3795 4509 3849 4546 aa

2297 4585 2468 4640 abbas
2490 4584 2628 4641 efIici
2656 4586 2809 4655 velit,
2835 4586 3039 4642 minaci
3071 4587 3240 4662 verbo
3286 4588 3625 4645 sciscitatur.
3649 4588 3741 4643 Cui
3766 4600 3852 4657 prae

2297 4680 2507 4751 pudore
2528 4680 2666 4735 nihil
2694 4681 3049 4751 respondenti
3101 4681 3433 4737 sententiam
3462 4683 3667 4749 intulit,
3696 4683 3851 4737 dicens

2299 4784 2410 4825 non
2439 4785 2601 4839 posse
2623 4786 2748 4826 eum
2797 4769 2915 4826 fieri
2949 4772 3202 4827 abbatem
3232 4771 3366 4842 (15),
3407 4773 3652 4843 quandiu
3683 4770 3851 4827 scilicet

2299 4859 2417 4930 ipse
2446 4860 2502 4914 in
2532 4875 2763 4931 corpore
2788 4871 3118 4917 moraretur.
3145 4860 3209 4916 Et
3237 4864 3489 4932 quamvis
3522 4844 3692 4918 isdem
3720 4860 3850 4914 Fulco

2299 4951 2468 5007 etiam
2492 4952 2721 5007 alterius
2743 4952 2978 5009 abbatiae
3008 4954 3216 5009 donum
3244 4970 3276 5007 a
3304 4937 3459 5024 patre
3484 4971 3589 5009 suo
3615 4952 3842 5009 habuerit.

2300 5057 2583 5115 nunquam
2608 5052 2812 5111 tamen,
2844 5045 3090 5116 quandiu
3111 5047 3196 5100 vir
3222 5047 3415 5102 beatus
3451 5047 3762 5117 supervixit,
3786 5041 3847 5097 ef-

2300 5134 2390 5190 fici
2417 5134 2587 5190 abbas
2616 5135 2894 5191 ullatenus
2920 5139 3121 5208 potuit,
3169 5139 3299 5208 quia
3346 5140 3601 5195 videlicet
3637 5138 3734 5194 viri
3776 5135 3848 5188 Dei

2299 5242 2481 5284 sermo
2519 5228 2775 5283 obtinuit.
2804 5227 2921 5296 Qua
2968 5231 3024 5286 in
3077 5246 3136 5287 re
3178 5231 3632 5287 animadvertitur
3665 5238 3849 5286 sanctus

2298 5402 2457 5459 1078.
2493 5401 2743 5460 Interfuit
2781 5407 3016 5462 concilio
3058 5406 3317 5464 Remensi
3350 5411 3453 5465 sub
3481 5409 3661 5465 Leone
3688 5408 3849 5463 [Sele-

2294 5475 2504 5552 vationi
2551 5478 2799 5547 corporis
2847 5480 3021 5534 sancti
3062 5477 3287 5535 Bertini.
3321 5479 3396 5536 De
3428 5497 3493 5536 eo
3516 5482 3632 5552 jam
3661 5497 3758 5535 non
3785 5486 3848 5529 es!

2298 5548 2470 5605 semel
2496 5556 2681 5602 actum
2709 5557 2814 5603 est.

2374 5618 2491 5743 “32
2528 5617 2647 5674 Non
2697 5620 2873 5674 solum
2932 5620 3103 5677 abbas
3148 5621 3494 5680 Centulensis
3548 5638 3657 5677 non
3707 5616 3845 5691 pomi!

2374 5704 2425 5743 se
2489 5688 2650 5743 ‘ulco.
2680 5690 2895 5743 vivente
2945 5691 3314 5743 Amrelranno.
3349 5694 3527 5743 sedet
3572 5709 3673 5743 nec
3717 5690 3845 5743 ullius

2301 5688 2657 5762 essel‘ulco,
2680 5690 2895 5745 vivente
2945 5691 3315 5762 Angelranno,
3349 5694 3444 5748 sed
3474 5703 3527 5750 et
3572 5709 3673 5748 nec
3708 5688 3846 5745 ullius

2305 5759 2533 5814 omnino
2561 5760 2685 5821 loci,
2710 5766 2769 5814 ut
2795 5776 2860 5815 cx
2884 5759 3239 5831 sequentibus
3261 5774 3429 5832 patet.
