4038 6418
257 287 426 349 Mli

1822 288 1984 345 VITA
2040 335 2048 338 Α
2111 335 2114 338 .
2194 348 2201 356 '

3402 300 3543 358 “13

254 408 335 462 vir
361 395 682 478 prophetico
707 405 906 477 spiritu
938 415 1092 461 actus
1116 405 1307 472 fuisse,
1349 406 1443 477 qui
1488 420 1596 460 non
1631 405 1840 475 absque
1877 415 1919 464 Λ
1948 404 2195 461 ecclesia:
2237 405 2422 462 Sancti
2453 386 2699 463 Richarii
2744 409 3001 468 defensor
3033 411 3196 469 fuerit
3220 430 3250 469 a
3289 430 3413 486 rege
3439 414 3549 470 Hu‘

256 508 393 553 nutu
418 497 604 553 divino
626 497 949 568 praedixerat
979 499 1228 552 eumdem
1260 514 1369 553 non
1398 514 1560 569 posse
1585 497 1702 551 ﬁeri
1745 497 1843 551 ab-

256 590 460 657 batem,
490 591 734 660 quandiu
764 591 972 645 scilicet
996 606 1117 661 ipse
1150 606 1203 644 tn
1229 606 1457 659 corpore
1514 599 1842 645 moraretur.

256 682 319 737 Si
342 682 561 753 quidem
585 691 878 754 postquam
902 682 1228 738 venerabilis
1254 681 1417 738 Pater
1462 683 1846 753 Augelrannus

230 775 483 831 coelicas
507 775 733 832 recessit
766 775 834 831 ad
858 775 1022 843 aedes,
1050 775 1194 830 idem
1223 774 1392 830 Fulco
1432 775 1644 830 abbatis
1672 773 1849 830 cilicio

258 868 497 925 donatus
525 876 610 925 est
648 858 830 940 primo
884 876 1009 939 post
1033 868 1155 939 ejus
1199 869 1535 939 sepulturam
1572 868 1679 935 die,
1711 883 1850 937 prte-

258 959 514 1032 latusque
556 958 889 1017 monasterio
934 958 1270 1026 Forestensi,
1305 960 1452 1030 quod
1499 975 1565 1015 ex
1588 954 1845 1029 antiquo,

235 1059 323 1107 "ut
348 1054 402 1107 in
429 1054 533 1108 hoc
557 1068 720 1123 opere
742 1052 919 1109 lucide
938 1060 1108 1122 patet,
1136 1050 1370 1107 fratrum
1410 1051 1586 1107 sancti
1608 1050 1849 1106 Richarii

242 1144 394 1201 .cella
430 1145 653 1212 fuerat;
710 1145 805 1200 sed
854 1135 1018 1216 paulo
1069 1154 1195 1200 ante
1243 1160 1275 1199 a
1327 1144 1623 1200 comitibus
1672 1142 1852 1197 Ponti-

255 1249 458 1292 vorum
508 1232 877 1306 subtractum,
918 1237 1207 1293 abbatiolae
1257 1251 1461 1293 nomen
1519 1236 1626 1293 sibi
1674 1236 1852 1292 vindi-

254 1337 375 1384 cat.
1437 1396 1441 1400 ,

336 1418 423 1474 l8.
464 1419 530 1476 Et
557 1420 686 1492 quia
730 1420 798 1476 ad
838 1420 891 1475 id
936 1418 1039 1476 loci
1068 1423 1435 1492 pervenimus,
1467 1422 1596 1477 libet
1640 1437 1850 1477 memo-

254 1526 408 1579 rare,
439 1511 510 1565 ob
532 1527 716 1566 rerum
744 1512 997 1566 notitiam
1029 1513 1264 1581 posteris
1303 1513 1680 1581 intimandum,
1712 1530 1851 1585 qua-

258 1604 384 1659 liter
414 1605 558 1661 idem
585 1604 742 1660 locus
778 1605 937 1660 nobis
968 1606 1183 1662 ablatus
1226 1614 1328 1662 est.
1367 1606 1450 1662 Ab
1496 1623 1558 1662 ea
1606 1607 1694 1663 die
1743 1625 1851 1678 qua

236 1697 452 1754 'beatus
480 1707 533 1752 et
587 1707 812 1754 sanctus
857 1696 1018 1754 Pater
1060 1695 1353 1755 Richarius
1407 1699 1481 1754 ibi
1531 1700 1696 1754 tinem
1731 1701 1855 1756 vitae

253 1790 513 1847 mortalis
554 1790 781 1861 accepit,
810 1799 865 1846 et
893 1790 1148 1862 deinceps
1174 1807 1351 1862 usque
1373 1792 1440 1848 ad
1472 1801 1718 1862 tempora
1757 1791 1848 1847 In-

251 1899 309 1953 ἐἰ
329 1872 471 1938 lardi
494 1882 728 1949 abbatis,
767 1883 823 1938 in
859 1892 1166 1939 uostratum
1198 1883 1385 1955 deguit
1428 1883 1655 1940 ditione.
1694 1882 1852 1957 Hugo

261 1990 391 2029 vero
420 1975 599 2046 primo
625 1976 760 2041 dux,
792 1986 980 2046 postea
1031 1992 1147 2042 rex,
1176 1990 1242 2030 eo
1274 1986 1519 2046 tempore
1560 1992 1672 2047 quo
1720 1993 1851 2047 pro-

260 2078 380 2139 pter
408 2069 772 2125 barbarorum
802 2069 1076 2124 carendos
1107 2069 1385 2135 incursus,
1412 2069 1852 2126 Abbatis-villam

254 2161 418 2217 nobis
446 2160 704 2217 auferens
724 2169 966 2217 castrum
990 2161 1194 2229 effecit,
1222 2161 1380 2234 eique
1404 2160 1687 2234 Hugonem
1709 2179 1849 2233 prae-

253 2253 443 2323 posuit
465 2254 713 2321 militem,
744 2252 987 2310 Forestis
1024 2254 1217 2309 cellam
1249 2263 1451 2311 nostra:
1491 2256 1686 2313 ditioni
1722 2258 1853 2313 sub-

260 2344 449 2416 ripuit,
490 2354 545 2400 et
591 2346 767 2401 eidem
801 2344 1014 2416 llugoni
1050 2355 1314 2417 perpetuo
1370 2348 1678 2404 habendam
1726 2365 1854 2404 con—

262 2438 505 2503 tradidit,
532 2438 661 2509 quia
691 2438 941 2495 videlicet
984 2438 1159 2509 ipsius
1198 2440 1354 2495 ducis
1395 2441 1586 2507 tiliam,
1627 2442 1852 2498 nomine

260 2527 471 2595 Gelani,
500 2545 725 2586 uxorem
751 2532 1003 2588 duxerat.
1030 2533 1202 2588 Antea
1232 2533 1398 2603 igitur
1421 2534 1476 2588 in
1506 2534 1694 2589 eadem
1717 2534 1851 2589 cella

261 2619 447 2673 clerici
478 2619 714 2676 Domino
767 2622 1179 2689 militaverant;
1236 2623 1351 2688 sed,
1396 2622 1624 2695 Hugonc
1657 2633 1849 2695 postu-

262 2710 428 2777 lante,
456 2712 624 2783 aliqui
643 2728 710 2768 ex
746 2714 950 2769 nostris
995 2714 1105 2769 illic
1140 2715 1425 2770 monachis
1469 2716 1659 2772 statuti
1700 2726 1848 2783 sunt,

261 2803 356 2872 qui
389 2812 442 2859 et
468 2805 719 2861 abbatem
756 2815 1076 2862 meruerunt
1126 2807 1290 2862 simili
1326 2809 1488 2864 modo
1517 2809 1849 2865 monachum

264 2905 563 2952 nostratem
593 2940 608 2963 ,
650 2899 873 2954 nomine
923 2897 1245 2967 Guidonem,
1289 2901 1475 2956 domui
1519 2901 1851 2974 Angclranni

264 2982 532 3051 fratrem;
566 2985 770 3056 quique
821 3004 948 3042 cum
999 2988 1294 3058 aliquantis
1347 2990 1550 3046 ibidem
1585 2992 1746 3048 annis
1792 2992 1847 3047 in

1950 512 2089 566 gone
2122 498 2427 555 institutus.
2461 498 2580 567 Quo
2615 501 2781 556 etiam
2826 505 3051 559 nomine
3093 504 3241 561 filius
3278 506 3399 576 ejus
3428 508 3543 563 An-

1951 588 2274 659 gelrannus,
2327 590 2493 660 hujus
2545 590 2807 647 Fulconis
2857 601 3030 663 pater,
3080 593 3183 650 fuit
3229 604 3539 665 contentus,

1950 681 2124 738 donec
2179 668 2456 752 permissu
2507 683 2603 738 Dei
2658 683 3044 743 Boloniensem
3093 690 3350 745 comitem
3402 690 3545 747 bello

1949 771 2213 842 peremit,
2266 772 2497 845 ejusque
2545 774 2793 830 relictam
2836 777 3272 846 nobilissimam,
3321 782 3544 837 nomine

1950 865 2260 934 Adeluiam,
2292 866 2349 921 in
2384 866 2796 923 matrimonium
2822 871 3072 943 accepit.
3109 869 3175 927 Et
3204 889 3333 942 quta
3373 874 3546 929 comi-

1938 953 2144 1009 tissam
2186 955 2343 1009 duxit
2380 970 2630 1023 uxorem,
2673 956 2881 1013 idcirco
2908 960 3164 1035 deinceps
3192 962 3409 1018 comitis
3446 978 3545 1018 no-

1954 1060 2077 1100 men
2127 1046 2369 1116 accepit,
2414 1045 2562 1118 quod
2612 1063 2644 1101 a
2693 1050 3110 1106 successoribus
3153 1051 3275 1122 ejus
3314 1051 3430 1122 jam
3476 1067 3546 1109 ex

1952 1137 2351 1193 consuetudine
2390 1138 2579 1194 tritum
2612 1149 3026 1210 perseveranter
3058 1149 3292 1197 tenetur.
3530 1138 3533 1139 ⁷

2029 1228 2115 1284 19.
2161 1227 2266 1284 Sed
2298 1230 2365 1285 ad
2401 1240 2649 1286 nostrum
2690 1229 3098 1304 Angelrannum
3140 1235 3449 1304 redeamus,
3493 1246 3549 1294 et

1953 1321 2186 1392 qualiter
2231 1334 2410 1378 nonus
2462 1321 2666 1378 bonum
2714 1324 2967 1380 habuerit
3009 1341 3385 1383 successorem
3422 1329 3541 1400 jam

1953 1413 2133 1469 dicere
2162 1415 2504 1471 inchoemus.
2541 1415 2702 1484 Cum,
2732 1427 2790 1472 ut
2825 1434 2989 1490 supra
3020 1419 3226 1475 dictum
3248 1420 3357 1488 est,
3389 1415 3542 1479 coni-

1953 1504 2186 1576 perissct
2233 1505 2529 1562 Fulconem
2578 1514 2866 1577 parentum
2916 1509 3248 1577 intercessu,
3293 1519 3350 1566 ct
3387 1513 3547 1582 pretii

1952 1595 2195 1663 datioue,
2234 1597 2523 1669 praeripere
2559 1599 2805 1655 voluisse
2852 1600 3137 1671 regiminis
3182 1603 3547 1659 ministratio-

1956 1704 2101 1755 nem,
2126 1690 2299 1745 voluit
2324 1691 2475 1746 adire
2502 1690 2706 1762 regiam
2737 1693 3105 1763 majestatem,
3137 1710 3207 1751 ne
3234 1696 3544 1753 animarum

1954 1796 2085 1836 cura
2123 1782 2447 1837 venderetur
2490 1791 2769 1841 oraturus.
2809 1783 2964 1852 Quod
3010 1787 3139 1858 quia
3174 1788 3331 1844 aliter
3360 1789 3430 1843 ob
3460 1789 3546 1842 in-

1954 1872 2266 1928 ﬁrmitatem
2306 1889 2418 1929 non
2466 1876 2673 1946 potuit,
2725 1890 2888 1933 curru
2931 1887 3120 1935 vectus
3177 1881 3451 1952 implevit,
3492 1890 3549 1938 et

1953 1963 2098 2036 regis
2139 1965 2369 2022 auribus
2405 1969 2540 2023 satis
2570 1967 2706 2023 dura
2742 1967 3003 2038 inferens,
3034 1980 3305 2029 tormenta
3347 1974 3545 2030 inferni

1954 2055 2108 2112 illum
2139 2058 2323 2114 subire
2357 2060 2428 2115 ob
2462 2060 2877 2117 distractionem
2918 2064 3108 2134 gratiae
3148 2065 3390 2122 minatus
3435 2075 3542 2123 est.

1954 2147 2018 2203 Et
2053 2166 2169 2217 rex,
2200 2151 2295 2221 qui
2339 2151 2495 2207 bonae
2526 2153 2725 2209 mentis
2754 2153 3081 2222 habebatur,
3109 2157 3383 2226 paenituit,
3423 2175 3547 2215 rea-

1956 2248 2151 2310 tusque
2196 2232 2754 2314 indulgentia‘rogata
2796 2258 2856 2298 se
2902 2246 3197 2316 spopondit
3224 2247 3553 2321 emendatus

1952 2347 2096 2387 rum.
2127 2331 2245 2387 Non
2292 2334 2448 2389 multi
2480 2342 2604 2404 post
2631 2335 2748 2389 haec
2789 2333 3060 2392 tinxerant
3093 2337 3233 2406 dies,
3267 2356 3390 2395 cum
3416 2356 3544 2397 ecce

1953 2439 2021 2480 ex
2065 2425 2271 2492 divina,
2302 2434 2363 2480 ut
2396 2434 2669 2493 tenemus,
2710 2427 3012 2496 voluntate,
3042 2431 3212 2502 regali
3252 2432 3546 2489 audientiae

1954 2516 2201 2572 interfuit
2238 2516 2598 2573 Virdunensis
2636 2518 2807 2575 abbas
2839 2518 3167 2587 Richardds,
3203 2524 3548 2580 rever-endis-

1954 2608 2154 2663 simum
2187 2608 2539 2676 monachum,
2572 2617 2627 2665 et
2667 2611 2864 2667 merito
2905 2611 3168 2670 bonitatis
3206 2614 3370 2671 unice
3403 2616 3541 2671 dile-

1954 2708 2133 2766 ctum,
2189 2699 2488 2756 Gervinum
2553 2716 2740 2757 secum
2796 2701 3004 2757 habens
3062 2703 3423 2775 capellanum.
3479 2705 3550 2761 Et

1953 2792 2082 2864 quia
2118 2792 2223 2848 iste
2255 2801 2340 2848 est
2369 2791 2660 2860 Cervinus,
2699 2793 2767 2850 de
2796 2794 2955 2864 cujus
2983 2803 3107 2865 post
3136 2795 3546 2867 Augelrannum

1954 2882 2305 2939 successione
2340 2882 2570 2939 Centula
2605 2884 2793 2955 gavisa
2830 2893 2935 2952 est,
2956 2884 3418 2947 decentissimum
3464 2890 3540 2944 in~

1955 2980 2171 3027 tuemur
2206 2989 2237 3028 a
2275 2974 2546 3045 principio
2594 2989 2816 3029 sursum
2859 2975 2986 3045 quis
3034 2974 3195 3032 fuerit
3230 2976 3454 3044 referre,
3488 2988 3548 3034 ut

264 3076 574 3145 animarum
614 3080 878 3151 regimine
918 3081 1305 3149 ministrassct,
1350 3083 1508 3149 cilicii
1561 3100 1850 3140 successo-
1879 3094 1925 3157 C
1958 3063 2123 3118 homo
2165 3062 2503 3157 diu?“de
2548 3078 2659 3134 quo
2703 3065 2900 3120 men“
2950 3067 3217 3134 ηοδοίίυτν
3256 3068 3454 3124 melius
3493 3079 3550 3124 οε

264 3182 377 3222 rem
405 3168 616 3238 habuit,
647 3167 979 3226 Hucbertum
1008 3173 1253 3238 nomine,
1305 3182 1602 3229 nostratem
1655 3191 1849 3229 mona-

264 3261 452 3327 chum.
502 3259 958 3333 Quandoquidem
1006 3264 1162 3319 nobis
1210 3264 1299 3319 ille
1350 3265 1505 3320 locus
1538 3265 1848 3331 tollebatur,

262 3361 445 3409 tamen
470 3354 538 3408 ob
567 3370 808 3409 amorem
831 3365 883 3409 et
911 3355 1176 3410 honorem
1223 3355 1356 3410 almi
1405 3355 1647 3410 Richarii
1677 3363 1875 3410 statu-,

256 3450 377 3497 tum
401 3454 502 3510 est,
529 3451 587 3498 ut
609 3444 676 3499 de
697 3446 900 3510 nostris
922 3458 1137 3516 semper
1186 3445 1383 3499 ibidem
1416 3445 1605 3500 ﬁerent
1628 3445 1853 3500 abbates

263 3537 572 3603 monachis.
628 3535 904 3593 llucberto
932 3552 1152 3608 quoque
1200 3544 1439 3602 mortuo,
1470 3536 1589 3592 eius
1632 3537 1735 3591 loci
1767 3552 1853 3589 rc-

263 3626 446 3697 gimen
478 3630 718 3699 suscepit
765 3619 854 3685 hie
886 3627 1070 3696 Fulco,
1109 3644 1271 3699 quem
1321 3630 1495 3685 nostri
1532 3616 1852 3683 monasterii

262 3719 568 3795 dominium
620 3722 725 3776 sibi
752 3738 1016 3793 usurpare
1041 3722 1277 3777 voluisse
1329 3722 1660 3777 notavimus.
1698 3720 1853 3776 Libet

266 3796 395 3867 vero
421 3812 603 3869 dicere
632 3813 699 3868 de
736 3815 941 3870 domno
988 3813 1235 3869 Guidone
1277 3814 1495 3880 abbate,
1546 3814 1692 3884 quod
1724 3829 1851 3868 cum

162 3934 170 3940 ε
258 3904 496 3983 egregiis
541 3906 786 3961 moribus
810 3914 864 3961 et
894 3904 1005 3961 Deo
1037 3907 1252 3977 placitis
1281 3905 1532 3978 fulgeret,
1564 3907 1850 3962 oculorum

264 3996 490 4065 lumine,
520 3998 663 4053 sicut
692 4006 745 4052 et
776 4006 1017 4065 sanctus
1046 3984 1267 4065 Tobias,
1296 3999 1548 4069 privatus
1593 4009 1698 4065 est,
1741 4014 1854 4053 om-

260 4092 398 4148 nino
420 4100 602 4147 tamen
631 4101 1012 4162 perseverante
1038 4092 1091 4145 in
1125 4100 1307 4147 mente
1340 4091 1461 4161 ejus
1484 4091 1685 4147 divinae
1723 4108 1855 4146 con-

260 4174 946 4257 templationis.claritate.
1000 4183 1125 4239 Mox
1169 4200 1299 4240 vero
1345 4194 1405 4240 ut
1448 4185 1552 4241 hoc
1582 4184 1852 4255 flagellqu

266 4294 390 4342 cum
415 4278 714 4348 gratiarum
740 4276 957 4332 actione
980 4294 1008 4332 a
1033 4278 1122 4348 pio
1150 4286 1301 4347 patre
1331 4276 1442 4333 Deo
1471 4277 1700 4348 CXl‘epit,
1731 4294 1855 4333 suc-

264 4370 383 4441 cedi
415 4370 519 4427 sibi
556 4371 806 4440 poposcit
836 4390 850 4439 ;
908 4378 959 4426 et
992 4372 1207 4426 rediens
1233 4370 1543 4437 Centulam,
1575 4371 1719 4441 quod
1758 4387 1852 4426 su-

263 4461 468 4532 perfuit
491 4454 660 4518 totius
687 4464 807 4519 vita:
837 4463 890 4518 in
935 4472 1126 4518 sancto
1162 4462 1634 4531 ibidem‘explevit
1680 4460 1852 4515 servi-

266 4555 362 4610 tio.
390 4554 496 4622 Qui
528 4555 691 4610 etiam
722 4571 817 4609 vur
842 4554 960 4609 Kal.
1017 4553 1140 4607 Maii
1196 4553 1308 4635 (lt)
1340 4552 1724 4627 dormitionem
1760 4567 1852 4605 ac-

264 4642 428 4715 cepit,
455 4652 565 4700 eta
613 4643 907 4726 venerabili
959 4643 1126 4700 fratre
1171 4658 1272 4698 suo
1318 4643 1657 4714 Angelranno
1695 4642 1849 4711 juxta

267 4737 442 4792 sancti
471 4736 619 4793 illius
654 4735 909 4791 monachi
934 4732 1183 4806 Odelgeri
1209 4749 1411 4805 corpus
1439 4733 1699 4787 humatus
1744 4739 1847 4796 est,

266 4828 470 4898 talique
496 4829 709 4911 dictitio
739 4835 1073 4900 praanotatus
1101 4846 1113 4881 :

269 4938 602 5013 Maywleum
632 4942 716 4996 hic
743 4951 951 5013 patrem
978 4939 1440 5013 recolettg’umrige
1472 4936 1787 5013 ﬁnitionem,

344 5008 592 5083 Sculptus
615 5008 865 5067 litterulis
894 5020 1154 5066 mansne!
1179 5010 1368 5065 Ιείιέλενε
1386 5008 1555 5083 lapis.

271 5080 481 5155 Extulit
504 5086 725 5155 egregia
751 5088 906 5155 quem
931 5083 1127 5137 mundo
1148 5082 1326 5153 gratia
1345 5082 1467 5155 vitm
1489 5095 1509 5133 :

322 5152 639 5219 summa
655 5152 882 5211 mundus
909 5155 1046 5208 hunc
1072 5152 1241 5223 {adiat
1262 5152 1527 5222 precibus.

270 5291 472 5350 Verum
501 5304 555 5349 et
582 5292 714 5348 illud
752 5294 927 5377 placet
957 5291 1182 5355 referre,
1208 5288 1354 5359 quod
1384 5287 1432 5343 is
1460 5287 1528 5342 de
1554 5300 1669 5358 quo
1695 5298 1861 5364 supra

270 5389 511 5443 diximus
547 5382 732 5458 l’lugo',
776 5403 885 5442 non
933 5400 1150 5450 comes,
1199 5384 1294 5440 sed
1338 5384 1638 5439 advocatus
1677 5378 1862 5434 dictus

271 5480 455 5546 fuerit,
488 5482 635 5551 quod
680 5496 877 5536 nomen
925 5479 1001 5535 illi
1036 5488 1161 5535 erat
1192 5478 1427 5547 insigne,
1460 5474 1533 5529 ob
1569 5474 1673 5529 hoc
1713 5470 1860 5541 quod

342 5619 457 5690 (Ην)
491 5620 653 5677 llunc‘
678 5621 859 5692 ipsum
884 5621 1027 5676 diem
1046 5619 1295 5693 assignat
1313 5606 1697 5693 Xr‘crtrlogium:
1724 5609 1862 5693 Cen.

272 5676 484 5748 infense
512 5692 596 5747 his
630 5676 820 5745 verbis
847 5712 860 5747 :
892 5708 988 5745 vru
1035 5676 1195 5744 Ιὶιιι.υ
1212 5689 1343 5741 Maii
1389 5687 1516 5741 obiit
1548 5676 1722 5739 fluido
1758 5676 1873 5735 ab?
1906 5676 1920 5685 ’

275 5765 388 5830 bus,
419 5763 509 5834 qui
534 5764 634 5831 fuit
662 5765 827 5826 frater
849 5762 1174 5830 Angeb‘auut’
1201 5759 1429 5813 abbatis.

515 5860 787 5921 Parnm.
827 5857 925 5917 CX

1954 3163 2171 3209 ametur
2195 3155 2332 3224 (15),
2357 3163 2460 3210 etc.

2022 3266 2111 3319 20.
2155 3263 2359 3321 Rerum
2403 3266 2588 3338 itaque
2630 3268 2881 3329 conditor
2925 3268 3104 3336 Deus,
3138 3271 3230 3341 qui
3273 3268 3361 3327 sui
3403 3268 3548 3327 servi

1953 3355 2284 3411 desiderium
2332 3357 2671 3430 jamjamque
2727 3359 3077 3430 disposuerat
3128 3360 3342 3418 caelesti
3389 3364 3550 3436 regni

1951 3450 2269 3506 ammnitate
2302 3451 2563 3518 mulcere,
2597 3451 2802 3522 quique
2831 3467 2957 3507 eum
2994 3453 3097 3509 sibi
3128 3454 3365 3509 habilem
3401 3453 3547 3513 fece-

1951 3548 2037 3594 rat
2069 3540 2377 3611 longissimi
2400 3543 2723 3613 purgatione
2752 3543 3053 3614 languoris,
3084 3547 3302 3601 interno
3325 3548 3549 3617 sapien-

1952 3629 2042 3683 tiae
2076 3645 2189 3684 suae
2229 3631 2496 3698 consilio,
2538 3647 2647 3702 quo
2690 3647 2907 3688 omnem
2949 3634 3121 3690 filium
3171 3637 3546 3706 receptihilem

1951 3718 2213 3792 ﬂagellat,
2271 3722 2517 3793 ejusdem
2573 3721 2767 3779 famuli
2822 3726 2906 3780 sui
2961 3726 3329 3783 valetudinem
3382 3728 3548 3784 solito

1952 3810 2288 3868 acerbiorem
2314 3812 2514 3881 effecit,
2540 3822 2595 3869 et
2622 3814 2710 3869 cui
2741 3830 2869 3870 mox
2901 3815 3398 3887 incomparabiliter
3424 3818 3551 3873 dul-

1954 3903 2038 3958 cia
2078 3914 2198 3960 erat
2230 3905 2481 3973 daturus,
2509 3906 2718 3962 doloris
2744 3907 2837 3962 diu
2869 3909 3081 3963 tolerati
3110 3908 3379 3965 fervorem
3404 3912 3550 3966 mulo

1951 3996 2182 4067 tiplicat.
2219 3996 2345 4065 Sed,
2376 4007 2436 4053 ut
2461 3999 2771 4054 ostenderet
2796 4000 2943 4070 quod
2972 4016 3083 4055 non
3130 4017 3198 4057 ex
3223 4002 3324 4069 ira,
3354 4002 3446 4060 sed
3479 4018 3549 4073 ex

1954 4105 2170 4144 summa
2195 4089 2569 4146 misericordia
2592 4091 2707 4147 haec
2729 4091 2850 4162 ejus
2874 4093 3234 4162 processisset
3256 4094 3547 4164 correptio,

1953 4183 2377 4244 eridentissima:
2403 4183 2755 4256 benignitatis
2784 4200 2947 4255 super
2976 4201 3099 4241 cum
3129 4185 3279 4257 signa
3313 4194 3547 4255 pragten-

1955 4279 2053 4335 dit.
2082 4276 2239 4341 Nam,
2264 4295 2390 4333 cum
2414 4278 2590 4334 isdem
2619 4277 2705 4333 vir
2724 4277 3074 4335 beatissimus
3106 4294 3274 4333 sacra:
3293 4275 3547 4350 Scripta-

1956 4384 2031 4426 rae
2057 4371 2254 4426 studiis
2288 4369 2652 4426 attentissime
2675 4386 2891 4441 semper
2912 4368 3076 4426 fuerit
3103 4369 3420 4440 implicitus,
3447 4384 3550 4424 nec

1956 4461 2117 4515 modo
2157 4461 2377 4531 quidem
2413 4477 2539 4516 cum
2582 4461 2911 4532 gravissimo
2947 4461 3141 4515 morbo
3178 4470 3479 4531 urgeretur,
3516 4476 3550 4513 a

1956 4551 2158 4607 divinis
2197 4551 2455 4621 operibus
2498 4551 2725 4607 affectus
2768 4552 2888 4622 ejus
2917 4561 2968 4606 ct
3011 4551 3264 4605 voluntas
3303 4566 3547 4622 unquam

1957 4644 2134 4714 potuit
2158 4643 2419 4710 inhiberi;
2451 4642 2614 4699 modo
2643 4637 2959 4714 psalmodire
2987 4641 3296 4698 indefessus
3321 4641 3547 4697 insiste-

1958 4738 2082 4805 bat;
2129 4736 2291 4792 modo
2322 4735 2497 4792 sacris
2525 4735 2835 4789 divinorum
2881 4742 3274 4805 praeceptorum
3317 4733 3548 4789 medita-

1958 4833 2202 4888 tionibus
2246 4832 2516 4899 hazrebat;
2559 4830 2723 4888 modo
2751 4830 3046 4886 missarum
3090 4829 3351 4885 solemnia
3390 4827 3444 4882 in
3479 4829 3552 4883 le-
3593 4845 3595 4848 ‘

1957 4920 2105 4976 ctulo
2142 4918 2433 4983 recubans,
2466 4932 2532 4972 ac
2571 4917 2618 4972 si
2651 4916 2719 4971 ad
2756 4915 2926 4971 altare
2964 4923 3156 4979 staret,
3193 4928 3288 4969 ore
3326 4913 3549 4984 prepriu

1906 5076 1911 5083 ,
1956 5010 2302 5067 decantabat.
2330 5005 2497 5077 .Unde
2554 5015 2610 5062 et
2663 5002 3010 5076 contingebat
3048 5004 3316 5076 quosdam
3360 5003 3550 5059 mirari

1956 5098 2018 5157 ut
2049 5102 2155 5168 vir,
2189 5100 2286 5171 qui
2319 5108 2485 5154 tanta:
2514 5096 2793 5169 sapientiae
2819 5096 3112 5160 sciebatur,
3141 5095 3299 5166 quasi
3327 5095 3552 5150 demen—

1956 5197 2140 5255 titium
2180 5190 2320 5267 Opus
2350 5193 2575 5259 faceret,
2599 5208 2725 5248 cum
2756 5192 2845 5246 ille
2881 5207 3076 5248 omnes
3101 5206 3242 5261 quos
3278 5190 3401 5246 inde
3447 5189 3551 5244 mi-

1956 5292 2068 5347 rari
2107 5290 2381 5353 audiebat,
2416 5287 2634 5357 ineptos
2657 5293 2712 5340 et
2737 5282 2906 5340 tutius
2932 5283 3062 5338 boni
3105 5283 3322 5338 nescios
3350 5281 3523 5353 dijudi
3552 5308 3557 5315 ι

1914 5399 1921 5408 ‘
1961 5391 2129 5439 caret.
2153 5381 2364 5437 Accidit
2403 5394 2533 5453 ergo
2575 5387 2635 5432 ut
2668 5377 2904 5449 quadam
2926 5375 3042 5431 vice
3072 5391 3195 5431 cum
3231 5375 3461 5428 missam
3492 5371 3553 5428 in

1960 5478 2100 5533 lecto
2148 5473 2471 5539 recumbens
2499 5470 2776 5544 protensis
2806 5469 3061 5523 manibus
3102 5468 3467 5533 deeantasset,
3498 5480 3554 5519 ct

2038 5612 2148 5682 (15)
2188 5609 2351 5682 Multa
2376 5609 2468 5663 hic
2482 5599 2657 5682 habet
2682 5605 2750 5660 de
2778 5603 3035 5671 Gervino,
3064 5617 3313 5673 (μεωευο
3334 5602 3458 5657 loco
3484 5600 3552 5655 ad

1963 5677 2162 5739 annua;
2210 5681 2341 5735 10ῖῶ
2373 5677 2734 5750 proferemus.

3080 5827 3155 5889 1ιὸ
