4066 5330
558 134 700 189 1419

1550 132 1998 191 ΑΝοΕιιωΝΝι
2032 131 2329 188 ABBATlS
2357 132 2864 219 CEXTULENSIS

3707 128 3849 188 ΝΞΟ

556 249 905 319 omnipotens
932 246 1077 305 Deus
1108 249 1239 322 quid
1270 264 1402 321 erga
1432 249 1587 307 illum
1628 260 1883 323 ageretur
1910 250 2151 307 revelare
2179 252 2229 313 Α
2256 263 2409 305 num.
2449 249 2752 308 Monachus
2783 258 2993 318 autem,
3021 247 3109 306 his
3130 264 3230 321 pro
3256 247 3459 322 quibus
3486 247 3695 304 missus
3723 246 3848 304 fue—

556 341 747 397 insciis
783 341 1065 408 voluisset,
1098 351 1222 412 post
1264 341 1488 398 missam
1526 341 1734 398 finitam
1770 342 1919 398 sitim
1948 357 2006 398 se
2035 340 2148 412 pati

555 433 881 491 insinuaret.
930 432 1193 504 Praecepit
1239 434 1422 506 itaque
1470 433 1726 490 ministro
1773 444 1833 490 ut
1877 434 1982 491 sibi
2035 432 2149 489 vini

553 528 811 598 poculum
866 528 1221 584 ministraret.
1260 526 1353 584 Ille
1401 527 1650 583 concitus
1695 528 1880 583 vinum
1932 526 2145 593 detulit,

554 621 652 676 sed
690 636 757 676 ex
798 620 898 676 hoc
938 637 997 677 se
1046 621 1191 676 nolle
1238 620 1423 676 bibere
1462 628 1688 676 sanctus
1726 619 2005 677 indicavit.
2046 618 2147 674 Mi-

551 713 724 770 nister
753 714 1062 784 regrediens
1094 714 1240 768 aliud
1266 712 1479 780 detulit,
1515 712 1609 768 sed
1662 713 1730 768 ad
1762 714 1999 784 primum
2040 728 2143 783 gu-

551 816 719 871 stum,
745 814 797 861 et
831 807 934 862 hoc
963 806 1153 861 beatus
1191 806 1356 860 homo
1392 804 1718 876 repudiavit.
1769 805 2018 876 Cumque
2063 804 2145 859 fa-

549 897 734 954 mulus
786 914 909 953 eum
965 898 1192 953 vidisset
1231 905 1286 953 et
1324 898 1493 954 semel
1531 904 1586 953 et
1623 898 1708 953 bis
1746 898 1937 953 vinum
1982 912 2143 968 repu—

548 991 698 1057 lisse,
732 991 988 1061 aliudque
1033 1004 1093 1046 se
1141 989 1278 1046 velle
1322 990 1509 1046 senior
1555 990 1843 1057 indicaret,
1890 991 2143 1046 minister

546 1084 652 1139 alia
682 1086 819 1138 vina'
838 1100 896 1139 se
921 1098 1029 1139 non
1056 1083 1259 1139 habere
1287 1093 1565 1139 causatur.
1601 1083 1756 1139 Tunc
1781 1092 2008 1140 sanctus
2034 1084 2140 1151 vir,

544 1177 661 1246 ipsa
693 1177 856 1232 verba
882 1175 1113 1232 dicenda
1156 1185 1286 1235 sunt
1312 1197 1325 1232 :
1356 1175 1434 1232 De
1470 1177 1583 1243 illo,
1613 1177 1812 1248 inquit,
1847 1177 1978 1233 all‘er
2001 1176 2137 1232 mihi

543 1270 610 1325 de
635 1286 743 1341 quo
774 1285 917 1325 nunc
956 1268 1027 1326 ad
1063 1269 1290 1325 missam
1317 1269 1504 1325 habui.
1533 1269 1654 1339 Quo
1682 1270 1869 1327 audito
1901 1272 2137 1327 circum-

540 1374 749 1423 stantes
786 1366 978 1421 timore
1007 1365 1376 1439 obrigescunt,
1403 1375 1457 1421 ct
1483 1366 1803 1422 dulcissimo
1831 1362 1980 1420 Patri
2010 1380 2134 1420 cum

540 1458 797 1531 lzcrymis
826 1459 1228 1529 responderunt
1258 1456 1372 1513 :De
1395 1458 1508 1525 illo,
1539 1457 1721 1523 Pater,
1750 1457 1983 1513 ulterius
2022 1472 2131 1512 non

539 1551 786 1619 habebis,
816 1552 923 1606 nisi
955 1552 1053 1608 tibi
1082 1551 1292 1608 dederit
1321 1552 1417 1622 qui
1447 1562 1501 1608 et
1527 1552 1680 1623 prius
1711 1550 1877 1607 dedit.
1924 1548 1981 1605 Si
2008 1550 2132 1621 qui-

2253 348 2338 395 rat
2390 342 2641 413 expletis,
2677 341 3069 408 revertebatur,
3111 356 3237 396 cum
3280 340 3465 397 subito
3514 340 3575 396 in
3624 339 3847 398 civitate

2249 425 2638 501 Ambianensi,
2690 449 2801 505 quo
2844 449 3012 491 causa
3060 433 3374 505 hospitandi
3417 433 3741 499 diverterat,
3775 433 3846 489 de

2249 524 2401 579 obitu
2431 523 2609 581 Patris
2641 525 2759 582 dira
2798 541 2925 582 eum
2971 526 3161 581 nuntia
3206 526 3525 595 porcellum.
3558 524 3715 611 Tune
3754 539 3844 581 re-

2246 617 2377 672 licto
2405 618 2665 689 hospitio,
2691 628 2745 675 et
2770 619 3017 676 ciborum
3045 629 3328 691 apparatu,
3361 635 3488 675 nam
3530 619 3841 691 vespertina

2246 710 2381 767 hora
2424 722 2561 779 erat,
2593 721 2645 768 et
2678 714 2907 769 cmnulce
2941 712 3280 778 studebatur,
3313 712 3678 784 certatimque
3701 727 3839 769 con—

2245 804 2455 862 scensis
2495 805 2654 876 equis
2688 804 2974 861 Centulam
3012 806 3309 876 repedavit,
3354 804 3673 877 invenitque
3706 820 3839 860 sau-

2244 902 2391 951 ctum
2434 911 2633 967 corpus
2663 896 2777 967 iam
2823 897 3077 953 exanime
3118 896 3172 951 in
3215 896 3546 953 monasterio
3571 896 3838 968 positum,

2242 986 2473 1046 fratrum
2516 990 2765 1045 excubiis
2791 989 3179 1047 venerabiliter
3212 987 3840 1059 Cil‘CtlllldtNLPI‘Mima

2240 1079 2376 1135 hora
2414 1082 2711 1152 sepultura:
2748 1080 3093 1137 tradendum.
3127 1081 3314 1137 Adfuit
3353 1095 3505 1153 ergo,
3542 1079 3841 1137 obsecutus

2239 1181 2345 1240 est,
2375 1182 2431 1229 et
2472 1175 2695 1253 impleto
2716 1174 2838 1244 ejus
2864 1174 3155 1243 desiderio,
3188 1175 3351 1230 etiam
3395 1174 3573 1231 Patris
3601 1175 3841 1246 prophe-

2241 1266 2311 1322 tia
2340 1264 2559 1338 impleta
2590 1278 2694 1337 est,
2720 1270 2813 1341 qui
2846 1269 3173 1341 promiserat
3204 1286 3406 1342 corpus
3437 1286 3599 1327 suum
3630 1278 3838 1325 terram

2239 1376 2349 1418 non
2390 1362 2619 1430 intrare,
2643 1362 2819 1419 donec
2866 1363 3009 1419 idem
3061 1364 3368 1420 monachus
3402 1364 3468 1420 de
3507 1365 3653 1437 regis
3684 1363 3836 1420 curia

2239 1462 2616 1511 reverteretur.
2652 1454 2936 1526 Sepultum
2977 1468 3107 1511 vero
3149 1465 3235 1511 est
3274 1456 3449 1511 sancti
3482 1456 3587 1510 viri
3631 1470 3839 1527 corpus

2237 1545 2380 1602 infra
2421 1548 2612 1604 militis
2641 1547 2846 1605 Christi
2882 1532 3215 1605 sanctissimi
3246 1547 3489 1605 Richarii
3523 1548 3839 1605 venerabile

536 1644 661 1699 dem
691 1660 817 1700 cum
848 1644 1076 1700 missam
1104 1642 1313 1700 faciens
1341 1653 1493 1700 extra
1524 1661 1581 1701 se
1604 1644 1939 1712 crederetur,
1971 1644 2130 1699 dum—
2163 1612 2207 1673 Β
2236 1641 2520 1712 templum,
2548 1657 2614 1697 eo
2653 1641 2760 1697 loci
2797 1642 2849 1697 in
2891 1658 3004 1713 quo
3030 1643 3175 1698 beati
3228 1641 3508 1699 Laurentii
3544 1652 3835 1700 veneratur

535 1750 643 1805 que
690 1734 757 1789 ad
803 1734 981 1805 ipsum
1027 1736 1211 1791 locum
1257 1734 1553 1802 veniretur,
1596 1735 1817 1806 quando
1859 1734 2131 1791 Dominici

534 1827 782 1898 corporis
832 1837 1184 1883 sacrosancta
1230 1827 1419 1884 libatio
1463 1828 1550 1899 agi
1601 1828 1770 1894 solet,
1814 1827 2129 1889 cmlcstibus

532 1918 676 1974 escis
711 1935 949 1990 superno
985 1920 1131 1975 dono
1168 1919 1515 1977 transmissis
1546 1920 1920 1977 refovebatur.
1960 1920 2129 1992 Igitur

531 2011 972 2068 animadvertens
1013 2013 1161 2084 quod
1205 2012 1309 2083 ipsi
1344 2012 1430 2069 sui
1470 2012 1769 2069 familiares
1805 2029 1921 2069 rem
1955 2028 2129 2069 secre-

528 2113 642 2161 tam
668 2106 1040 2177 agnovissent,
1066 2105 1364 2177 volensque
1386 2107 1539 2161 omni
1565 2107 1729 2162 modo
1760 2109 1940 2163 celare
1966 2108 2126 2163 boni-

527 2204 696 2251 tatem
728 2196 821 2252 Dei
848 2197 903 2252 in
934 2212 993 2253 se
1014 2207 1313 2268 peractam,
1338 2199 1498 2270 quasi
1526 2208 1807 2269 permotus
1837 2200 1994 2271 jubet
2027 2216 2124 2256 eos

527 2289 691 2365 citius
734 2288 1007 2345 recedere.
1056 2288 1270 2346 llabent
1314 2290 1461 2345 enim
1506 2291 1682 2347 sancti
1715 2291 1821 2346 viri
1857 2292 1961 2347 hoc
1993 2307 2122 2363 pro-

522 2378 726 2449 prium,
754 2387 816 2435 ut
858 2396 984 2436 eum
1036 2382 1179 2437 bona
1219 2380 1449 2448 faciunt,
1488 2384 1754 2439 occultari
1800 2384 1969 2439 velint
2012 2399 2122 2439 :ne

448 2474 455 2480 ’
524 2470 761 2538 scilicet,
785 2466 979 2527 laudis
996 2473 1327 2529 transitoria:
1352 2474 1604 2543 plausum
1628 2475 1974 2545 recipientes,
1996 2485 2121 2531 ante

520 2558 619 2633 Dei
645 2562 836 2619 oculos
861 2564 1335 2635 operationissuze
1356 2566 1660 2620 mercedem
1694 2565 2045 2622 imminuant.

593 2650 683 2708 21.
725 2652 864 2709 Dum
915 2670 1043 2710 vero
1084 2656 1189 2711 ista
1237 2665 1559 2727 agerentur,
1610 2664 1664 2712 et
1720 2658 1912 2715 beatus
1952 2658 2118 2714 homo

519 2747 745 2818 iamiam
789 2763 901 2819 pra:
942 2748 1111 2803 multa
1164 2749 1502 2805 infirmitatis
1550 2749 1847 2805 acerbitate
1888 2766 2117 2821 corpore

520 2847 808 2907 putaretur
848 2839 1080 2908 absolvi,
1111 2850 1165 2898 et
1203 2843 1275 2898 ob
1310 2842 1414 2897 hoc.
1458 2842 1527 2898 ab
1562 2842 1649 2898 his
1679 2858 1821 2913 quos
1848 2842 2116 2899 nutrierat

2233 1737 2578 1807 martyrium.
2612 1735 2784 1807 Cuius
2815 1736 3166 1792 tumulationi
3192 1738 3523 1794 venerabilis
3548 1738 3670 1809 ejus
3706 1753 3833 1795 suc-

2230 1824 2420 1885 cessor
2461 1829 2631 1885 abbas
2671 1829 2943 1885 Cervinus
2982 1837 3197 1885 tantum
3242 1829 3472 1887 contulit
3509 1830 3744 1896 decoris,
3774 1840 3830 1885 ut

2229 1919 2523 1989 cujuslibet
2593 1920 2947 1990 antiquorum
3014 1918 3240 1975 Patrum
3312 1921 3592 1977 sanctitati
3656 1921 3829 1975 honor

2229 2022 2393 2069 tanta:
2422 2015 2719 2085 sepultura:
2770 2013 3015 2070 sufﬁcere
3049 2030 3213 2085 posse
3249 2016 3595 2083 crederetur;
3632 2015 3817 2086 aequis

2232 2107 2433 2162 simum
2464 2106 2886 2177 contemplatus,
2926 2115 2985 2161 ut
3027 2107 3235 2163 honore
3278 2107 3489 2163 decenti
3519 2117 3824 2164 servaretur

2224 2201 2345 2271 ejus
2367 2202 2616 2272 corporis
2642 2201 2817 2271 gleba,
2843 2200 2936 2271 qui
2960 2201 3186 2271 perenni
3211 2202 3368 2256 lauro
3392 2200 3682 2257 redimitus
3702 2217 3826 2257 cum

2226 2294 2488 2350 cmlicolis
2507 2293 2695 2349 laudes
2708 2292 2929 2349 Christo
2946 2293 3228 2365 hymnizat
3250 2294 3304 2349 in
3326 2302 3614 2349 retentum.
3628 2293 3825 2349 Amen.

2294 2385 2430 2439 Acta
2476 2393 2608 2440 sunt
2660 2384 2779 2440 biec
2824 2398 2969 2439 anno
2994 2384 3263 2441 incarnati
3318 2384 3441 2440 Filii
3498 2383 3597 2441 Dei
3648 2385 3829 2452 1043,

2224 2478 2339 2535 iud.
2374 2495 2473 2534 xu.

2292 2571 2383 2626 29..
2425 2571 2496 2627 At
2542 2570 2797 2628 Christus
2838 2570 3127 2638 Dominus,
3158 2569 3249 2627 cui
3289 2571 3378 2628 hic
3421 2570 3618 2626 beatus
3659 2569 3823 2625 homo

2220 2665 2452 2721 fideliter
2495 2666 2779 2730 servierat,
2821 2664 3012 2736 quanti
3068 2664 3212 2736 apud
3261 2678 3321 2720 se
3369 2663 3493 2734 ejus
3535 2662 3819 2718 servitium

2220 2759 2568 2829 penderetur,
2621 2768 2939 2830 quantaque
2981 2758 3129 2813 hunc
3183 2758 3553 2813 remuneratio
3604 2757 3823 2813 ccelitus

2216 2852 2500 2918 exaltaret,
2533 2851 2697 2909 claris
2728 2850 2947 2906 indiciis
2980 2849 3294 2906 mortalium
3338 2849 3547 2905 notitiae
3585 2849 3820 2922 pandere

521 2926 1180 3028 SQlliCi‘éObS'CI‘Wl‘le‘,
1220 2932 1422 3001 βοοίάίί
1468 2933 1839 3015 ιιθεθξείῐυάον
1872 2949 1972 3006 PFO
2005 2951 2119 3017 (illi!
2142 2963 2186 3028 (ς
2218 2945 2475 3017 dignatus
2503 2952 2606 3000 est.
2645 2941 2849 3015 Nempe
2880 2942 2935 2997 in
2978 2958 3119 3016 pago
3164 2941 3448 2999 Vimmaco
3479 2940 3584 2997 fuit
3626 2942 3814 2997 mulier

519 3019 586 3075 ad
626 3021 860 3091 regalem
901 3022 1113 3086 curiam
1152 3025 1367 3081 mittere
1408 3027 1781 3082 necessarium
1812 3025 1934 3082 fuit.
1969 3025 2114 3083 Prce-

519 3111 663 3182 cepit
689 3113 872 3184 itaque
896 3114 1133 3173 domnus
1159 3116 1449 3184 Cervinus,
1479 3118 1573 3189 qui
1593 3119 1707 3187 jam
1737 3118 1842 3174 loci
1865 3120 2115 3176 domina-

518 3207 634 3255 tum
664 3203 950 3269 retinebat,
975 3205 1069 3259 uni
1092 3194 1126 3260 e
1152 3204 1435 3272 fratribus,
1458 3217 1520 3261 ut
1543 3208 1595 3262 id
1623 3208 1825 3279 negotii
1851 3209 2108 3280 expleret.

516 3290 610 3347 ille
640 3309 769 3349 vero
793 3294 884 3366 qui
909 3296 1250 3354 desiderabat
1275 3298 1465 3369 optimi
1496 3298 1673 3356 Patris
1701 3303 2113 3371 prresentialiter

516 3380 781 3439 illustrari
811 3387 1067 3454 transitu,
1091 3398 1144 3442 et
1173 3388 1441 3458 implicari
1470 3389 1766 3461 exsequiis,
1797 3392 2109 3448 omnimoda

514 3477 870 3533 excusatione
919 3495 978 3533 se
1029 3495 1141 3535 non
1172 3481 1242 3536 'id
1295 3481 1567 3537 facturum
1619 3484 1917 3554 respondit.
1958 3483 2111 3541 Tunc

513 3570 841 3625 venerabilis
862 3568 1150 3639 Gcrviuus,
1177 3572 1267 3627 tali
1297 3589 1563 3644 responso
1588 3586 1830 3643 coactus,
1858 3587 2105 3632 sanetum

513 3655 610 3714 Dei
647 3660 827 3716 virum
872 3661 1280 3734 Angelrannum
1325 3681 1437 3735 quo
1483 3666 1700 3736 iacebat
1744 3668 1909 3733 adiit,
1948 3670 2107 3739 eique

513 3750 767 3812 monachi
798 3756 1221 3814 inobedientiam
1254 3759 1546 3814 intlmavit.
1576 3759 1695 3832 lpse
1729 3771 1911 3817 autem
1951 3778 2110 3817 eum-

509 3845 634 3903 dem
663 3850 995 3905 monachum
1026 3851 1094 3906 ad
1122 3868 1180 3907 se
1213 3853 1398 3910 vocari
1433 3851 1661 3919 faciens,
1696 3854 1979 3925 inquisivit
2007 3872 2109 3911 cur

513 3954 624 3996 non
657 3949 987 4013 praeceptum
1032 3942 1330 4014 implesset,
1366 3943 1491 3998 dein
1523 3944 1681 4014 jubet
1716 3946 1879 4001 etiam
1916 3956 1973 4001 ut
2004 3948 2106 4001 im—

509 4022 672 4100 pleat.
705 4032 954 4115 Cumque
986 4035 1165 4090 adhuc
1190 4035 1280 4090 ille
1308 4035 1495 4101 nollet,
1525 4047 1749 4093 sanctus
1780 4038 1950 4093 abbas
1973 4054 2104 4110 pro-

510 4122 709 4191 phetici
752 4125 978 4195 spiritus
1014 4127 1189 4197 gratia
1225 4126 1526 4184 luminatus
1564 4128 1834 4199 promisit,
1871 4131 2100 4187 dicens:

510 4212 657 4269 Vade
692 4224 745 4271 et
784 4214 872 4271 fac
905 4218 1051 4288 quod
1093 4218 1188 4273 tibi
1222 4219 1556 4289 przecipitur,
1583 4229 1634 4275 cl
1671 4238 1815 4277 scias
1848 4230 1951 4278 hoc
1980 4240 2103 4279 cor-

2220 3040 2428 3095 habens
2476 3038 2642 3094 filiam
2678 3035 2916 3109 paralysi
2969 3050 3322 3107 percussam,
3367 3050 3491 3106 quae.
3542 3035 3614 3092 ad
3655 3050 3819 3091 omne

2217 3145 2356 3201 opus
2406 3129 2663 3186 inhabilis
2708 3129 2937 3201 grabato
2977 3127 3303 3184 moribunda
3343 3127 3650 3183 tenebatur.
3692 3126 3815 3182 limo.

2215 3231 2495 3294 comperta
2544 3222 2689 3279 beati
2744 3222 2958 3278 abbatis
3016 3221 3350 3294 Angelranni
3394 3220 3718 3286 sanctitate,
3762 3231 3811 3275 et

2217 3313 2339 3372 fidei
2388 3314 2599 3371 fervore
2653 3330 2941 3380 succensa,
2990 3312 3295 3384 salutisque
3331 3311 3457 3368 filiae
3499 3310 3810 3383 cupida,”

2215 3408 2459 3463 tumbam
2501 3408 2623 3478 ejus
2667 3422 2793 3463 cum
2845 3406 3070 3462 candela
3105 3405 3252 3461 illam
3283 3404 3529 3462 deduxit.
3565 3404 3812 3475 Cumque

2214 3500 2330 3570 ipsa
2356 3510 2559 3570 zegrota
2596 3499 2848 3570 sepulcro
2892 3496 3135 3554 nominis
3164 3496 3260 3553 Dei
3306 3497 3590 3553 candelam
3621 3497 3813 3552 devote

2212 3593 2523 3657 obtulisset,
2555 3592 2692 3648 sedit
2718 3592 2877 3661 juxta
2907 3590 3242 3661 sepulcrum,
3270 3597 3325 3646 et
3360 3605 3560 3646 somno
3615 3588 3810 3660 paulu-

2213 3678 2328 3740 lum
2369 3684 2615 3740 indulsit.
2660 3683 2866 3739 Deinde
2906 3682 3171 3752 evigilans
3214 3683 3509 3739 sanissima
3544 3682 3811 3751 redditur,

2209 3789 2265 3835 et
2287 3778 2597 3833 videntibus
2621 3776 2883 3833 fratribus
2904 3775 3247 3841 monasterii,
3272 3774 3555 3847 Deumque
3581 3775 3808 3831 laudari.

2214 3869 2453 3936 tibus,ad
2469 3870 2651 3925 villam
2665 3869 2808 3924 unde
2822 3876 3067 3935 venerat,
3081 3867 3350 3925 vocabulo
3360 3867 3691 3941 Filcharias(
3699 3868 3808 3939 l6),

2208 3962 2447 4033 prepriis
2467 3961 2692 4017 sedibus
2711 3958 2964 4015 alacriter
2985 3975 3111 4016 cum
3133 3959 3335 4032 gaudio
3355 3959 3805 4025 rediit,omnibus

2208 4053 2541 4109 annuntians
2576 4060 2780 4125 quanta
2804 4052 2908 4109 sibi
2946 4050 3089 4108 Deus
3115 4068 3214 4124 per
3243 4052 3464 4108 beatum
3499 4053 3801 4126 Angelran—

2207 4162 2337 4202 num
2363 4145 2611 4201 abbatem
2630 4145 2869 4202 fecisset.
2886 4144 3066 4202 Guido
3086 4144 3254 4218 igitur
3271 4154 3401 4201 tunc
3418 4144 3801 4203 Ambianensis

2206 4237 2466 4296 Ecclesia:
2496 4239 2952 4307 archidiaconus,
3001 4248 3188 4311 postea
3222 4238 3468 4311 ejusdem
3520 4239 3666 4295 sedis
3694 4240 3802 4311 epi-

506 4322 609 4404 P_"s
640 4316 838 4404 ιειτξυξι
868 4323 974 4363 ¹¹⁰¹¹
1007 4309 1217 4404 ίηᾷιτίπθ
1247 4310 1422 4404 (“meo
1444 4313 1756 4370 τενθηθνίδ·
1791 4313 1909 4370 Ta“
1937 4332 2103 4387 δβοη-
2137 4311 2181 4367 D
2207 4347 2427 4404 scapus,
2457 4331 2552 4404 qui
2577 4330 2724 4389 illius
2759 4329 2933 4387 fuerat
2974 4309 3031 4386 in
3062 4309 3263 4387 studio
3285 4330 3596 4387 litterarum
3633 4309 3797 4387 disci-

505 4399 661 4454 sione
684 4401 1026 4457 exhilaratus
1051 4400 1221 4458 frater
1249 4403 1394 4458 viam
1432 4406 1683 4475 arripuit,
1708 4415 1763 4462 et
1784 4422 1849 4462 ea
1878 4417 2097 4479 propter

502 4505 626 4561 quae
663 4492 982 4548 mittebatur
1005 4495 1148 4564 apud
1182 4494 1362 4567 regias
1397 4512 1560 4553 aures
1587 4497 1789 4569 optime
1821 4499 2092 4571 allegavit.

503 4579 931 4652 Superveniente
978 4593 1163 4641 autem
1213 4587 1501 4644 vocatione
1540 4604 1799 4660 superna,
1834 4606 1942 4661 qua
1982 4606 2097 4648 cm-

501 4666 655 4729 lestia
688 4685 877 4746 petens
912 4676 1294 4749 Angelrannus
1337 4686 1553 4735 terrena
1584 4680 1875 4747 desereret,
1904 4692 2094 4739 sancta

500 4764 590 4821 illa
614 4768 820 4835 anima,
844 4770 1165 4841 angelorum
1191 4770 1500 4827 ministerio
1524 4769 1617 4826 Dei
1646 4772 1927 4829 obtutibus
1950 4789 2091 4845 pra:-

499 4859 782 4926 seutanda,
818 4877 851 4915 v
900 4860 1025 4917 ldus
1068 4859 1385 4918 Decembris
1432 4863 1615 4919 carnis
1657 4864 1793 4920 exiit
1832 4866 2091 4922 claustra.

494 4947 616 5005 Jam
644 4966 773 5007 vero
797 4952 886 5007 ille
913 4954 1007 5025 qui
1036 4952 1359 5011 multiformi
1389 4970 1715 5028 argumento
1738 4958 1941 5027 politus
1972 4958 2091 5015 fue-

499 5052 583 5121 rat
607 5041 746 5113 lapis
774 5046 982 5102 easiesti
1013 5046 1245 5103 aediﬁcio
1282 5047 1533 5116 locatur;
1567 5050 1682 5121 iam
1716 5053 1807 5121 qui
1853 5052 1907 5105 in
1953 5053 2095 5108 valle

498 5133 823 5193 humilitatis
854 5152 1093 5210 superno
1123 5154 1249 5215 rore
1283 5141 1539 5197 humecta
1564 5151 1829 5209 creverat,
1861 5144 1960 5199 lilii
1990 5143 2092 5201 flos

496 5223 716 5283 cwleste
768 5235 975 5285 sertum
1028 5239 1287 5299 exornat;
1330 5232 1446 5304 jam
1489 5249 1613 5305 qua:
1659 5235 1799 5291 inter
1842 5235 2090 5292 diversas

2204 4425 2366 4494 pulus
2389 4423 2524 4495 (l7),
2564 4423 2656 4478 tali
2683 4423 2803 4494 eius
2833 4422 3078 4478 tumbam
3104 4423 3382 4495 epitaphio
3408 4423 3689 4479 decoravit
3714 4442 3728 4477 :

2206 4534 2371 4602 Quem
2394 4536 2521 4606 tegit
2546 4535 2632 4589 hic
2656 4534 2913 4599 tumulus,
2938 4534 3255 4589 lectissimus
3279 4535 3696 4607 Angeliranlus,

2276 4627 2451 4698 Hujus
2475 4626 2693 4681 cmucbii
2717 4635 2903 4697 pastor
2920 4634 2971 4679 et
2991 4625 3127 4681 abba
3152 4626 3255 4697 fuit
3277 4642 3297 4680 .'

2204 4718 2327 4773 Dux
2351 4719 2521 4790 gregis
2546 4716 2819 4783 Ecclesiw,
2845 4717 3160 4771 uacuae/mm
3188 4734 3303 4788 spes
3328 4717 3532 4788 inclyta
3558 4719 3699 4784 title,

2280 4810 2445 4876 Vixit,
2473 4820 2519 4865 et
2548 4811 2602 4864 in
2632 4808 2828 4862 mundo
2870 4807 3104 4877 uundus,
3128 4818 3179 4863 et
3207 4811 3264 4864 in
3298 4808 3551 4865 Domino.

2264 4926 2358 4981 9.3.
2398 4924 2502 4993 Qui
2554 4922 2721 4995 igitur
2769 4937 2934 4979 nosse
2979 4922 3094 4977 vult
3149 4932 3370 4995 quanta:
3424 4940 3595 4995 penes
3650 4925 3783 4979 hunc

2196 5025 2448 5074 sanctum
2510 5012 2694 5071 locum
2734 5012 2901 5070 fuerit
2940 5013 3218 5083 utilitatis,
3247 5015 3552 5073 versiculos
3582 5016 3779 5072 intuea-

2194 5120 2304 5178 tur,
2328 5112 2423 5182 qui
2449 5110 2517 5166 de
2541 5108 2758 5175 eodem,
2783 5115 2843 5162 ut
2867 5107 3073 5178 posteri
3100 5108 3307 5164 scirent
3336 5117 3394 5165 et
3425 5108 3775 5171 imitarentur,

2194 5202 2453 5275 descripti
2491 5211 2620 5258 sunt
2645 5198 2742 5255 tali
2771 5205 2963 5254 tenore
2992 5216 3006 5250 :
