4066 5330
482 190 635 255 1415

510 308 2954 334 W

1488 179 1931 240 ANGELRANNI
1970 181 2262 239 ABBATIS
2298 177 2775 237 CENTULENSIS

3633 174 3772 263 μὲι

1616 452 2154 569 INCIPIT
2241 422 2641 631 VITA.

502 681 621 738 Vita
654 678 830 736 Patris
851 684 1024 734 sancti
1046 691 1208 732 versu
1232 681 1502 744 descripta
1530 670 1773 739 Richari,

564 771 742 843 Ipsius
767 768 1007 826 famulus
1030 782 1195 839 quam
1217 764 1321 822 sibi
1333 762 1642 833 composuit

494 864 648 919 Abba
676 862 1070 934 Ingelramnus,
1101 873 1313 914 necnon
1342 855 1608 911 miracula
1643 855 1798 925 plura

572 952 695 1009 Vita
715 960 838 1009 acta
865 951 1031 1024 gessit
1057 964 1179 1022 qua
1201 962 1299 1019 per
1315 962 1442 1002 eum
1472 945 1756 1001 Dominus.

498 1042 704 1112 Solers,
733 1058 766 1099 ο
785 1044 975 1109 lector,
1007 1040 1258 1119 quamvis
1280 1040 1392 1096 sint
1416 1039 1694 1096 schemate
1714 1037 1831 1103 vili,
1904 1073 1909 1079 -

566 1136 646 1191 Ne
674 1137 852 1208 pigeat
876 1142 1095 1199 nostros
1121 1132 1421 1190 versiculos
1450 1131 1645 1202 legere.

495 1231 737 1288 Plurima
761 1227 1060 1302 perpendes
1093 1223 1298 1281 fuerint
1330 1239 1454 1295 qua
1473 1222 1637 1295 digna
1662 1221 1923 1294 ﬂagellis:
2009 1297 2013 1301 ἴ

571 1322 820 1376 Attamen
847 1318 979 1374 utile
1004 1317 1059 1372 in
1091 1316 1177 1373 his
1206 1315 1451 1372 invenies
1471 1314 1696 1385 aliquid.

496 1414 634 1469 Cum
669 1412 866 1468 vitium
893 1424 1181 1483 agnosces,
1208 1409 1323 1479 ipse
1346 1406 1637 1463 emendare
1659 1414 1956 1467 memento,

570 1503 710 1561 Utile
738 1500 1015 1576 'pertracta
1042 1517 1153 1573 quo
1177 1501 1326 1557 utilis
1360 1501 1475 1570 ipse
1497 1500 1617 1555 tias.

494 1597 741 1670 lngcnito
762 1597 931 1665 Patri,
972 1596 1168 1671 genita
1198 1597 1267 1653 sit
1303 1597 1473 1670 gloria
1497 1595 1666 1661 Proli,

577 1690 653 1748 Sit
685 1701 877 1747 sancto
896 1694 1186 1748 amborum
1214 1692 1385 1765 gloria
1419 1690 1666 1762 Spiritui.

600 1800 968 1840 mounsnxus
997 1800 1382 1856 scuousricus
1423 1774 1703 1843 rurasa'ro
1741 1800 1990 1847 srmoro

532 1874 719 1935 -Don.o
742 1878 910 1938 totius
943 1880 1263 1953 prudentia,
1288 1881 1485 1937 divina
1532 1880 1739 1937 scilicet
1783 1891 1947 1954 atque
1975 1884 2082 1940 hu-

496 1991 691 2039 manae,
713 1974 957 2029 debriato
985 1974 1307 2029 suilicienter
1336 1982 1388 2030 et
1412 1974 1621 2040 sobrie,
1637 1973 1923 2031 Fursa-ro
1944 1993 2083 2048 pra-

2107 676 2155 733 Α
2181 670 2402 729 ferenda
2431 672 2792 746 occultamus,
2823 670 2909 729 his
2928 690 3051 745 qua
3087 686 3226 745 opus
3247 684 3375 733 sunt
3400 677 3543 734 scire
3581 676 3776 747 eam;

2184 779 2328 821 mus.
2366 762 2523 831 Quod
2553 764 2745 820 vitium
2776 765 3162 823 taciturnitatis
3198 766 3499 825 formidans
3518 769 3772 825 incum-.-

2184 872 2262 922 re,
2292 872 2607 927 non-parva
2636 858 2878 914 materia
2924 859 3057 914 mihi
3091 860 3308 929 pondus
3328 861 3586 932 imposui,
3611 861 3771 919 vide-1

2183 950 2309 1005 licet
2331 948 2510 1007 Vitam
2563 948 2621 1004 S.
2658 950 2900 1007 Richarii
2939 952 3249 1008 describere
3276 954 3501 1011 metrice
3529 973 3545 1009 :
3579 957 3635 1024 in
3661 952 3771 1026 qua

2075 1053 2078 1055 λ
2182 1043 2459 1112 quomodo
2488 1041 2668 1098 fuerat
2693 1044 2835 1099 edita
2879 1044 3155 1102 rhetorico
3207 1046 3347 1118 stylo
3395 1046 3681 1118 diligenter
3716 1047 3773 1102 et

2184 1136 2384 1201 lucide;
2406 1136 2543 1191 nihil
2565 1135 2766 1192 addere
2786 1137 2872 1192 vel
2901 1138 3144 1194 minuere
3176 1139 3410 1205 decrevi,
3433 1144 3608 1194 metro
3630 1139 3772 1195 dun-

2185 1238 2335 1286 taxat
2353 1228 2637 1301 scriptoris
2679 1231 2824 1287 dicta
2872 1232 3193 1303 rependens.
3222 1230 3378 1300 Quod
3424 1244 3484 1289 ut
3510 1228 3773 1302 facerem,

2186 1339 2297 1379 non
2326 1340 2414 1379 me
2443 1324 2678 1395 ﬁngendi
2705 1341 2843 1380 nova
2863 1325 3191 1382 constrinxit
3214 1325 3648 1396 impossibilitas,
3674 1325 3775 1381 ve;

2183 1434 2307 1474 rum
2340 1419 2612 1488 persuasit
2650 1418 2884 1474 imitatio
2909 1418 3170 1476 carminis
3212 1420 3578 1489 quorumdam
3609 1434 3771 1475 vene-

2182 1512 2438 1566 rabilium
2469 1527 2535 1567 ex
2566 1510 2859 1567 Divinitate
2906 1511 3220 1569 canentium
3256 1512 3393 1585 :qui
3440 1511 3771 1583 refugientes

2183 1604 2250 1660 ad
2293 1604 2630 1662 inventiones
2672 1620 2865 1673 novas,
2894 1622 3066 1663 sacra
3101 1604 3398 1676 Scriptura
3450 1605 3778 1675 simpliciter.

2183 1706 2641 1769 reprasentavcre
2663 1699 2980 1755 sententias.
3030 1698 3276 1766 Quorum
3332 1697 3488 1751 labor
3528 1712 3653 1752 meo
3680 1697 3772 1767 ju-

2096 1856 2099 1859 λ
2183 1789 2329 1846 dicio
2354 1804 2701 1860 nequaquam
2729 1789 3076 1860 deputandus
3099 1797 3185 1846 est
3205 1803 3367 1859 super
3393 1788 3631 1843 alienum
3644 1782 3780 1842 fun-'

2183 1874 2498 1938 damentu‘m
2524 1882 2834 1950 aedificatio,
2864 1882 2959 1939 sed
2995 1882 3170 1953 magis
3198 1881 3511 1936 divinorum
3531 1880 3771 1936 miracu-

2183 1975 2360 2030 lorum
2396 1974 2796 2031 otliciosissima
2825 1975 3090 2030 recitatio.
3124 1973 3366 2045 Singulis
3413 1972 3579 2046 igitur
3619 1973 3770 2042 prin-

500 2066 707 2137 ceptori
744 2074 799 2122 et
838 2065 1062 2122 domino
1106 2065 1493 2132 lnounanxvs,
1553 2068 1854 2125 monachus
1907 2050 2079 2138 ipsius
2111 2066 2154 2122 B
2180 2066 2337 2136 cipiis
2357 2074 2595 2135 quatuor
2633 2066 2899 2121 librorum
2930 2081 3069 2135 quos
3120 2064 3285 2131 edidi,
3314 2064 3557 2135 singulos
3581 2058 3773 2132 prole?

496 2159 950 2223 scholasticorum
996 2159 1313 2227 vilissimus,
1356 2157 1424 2215 ad
1446 2174 1612 2230 quam
1641 2175 1904 2216 vocamur
1929 2160 2080 2216 Divi-

494 2249 684 2304 nitatis
706 2250 1093 2320 cognitionem.
1116 2300 1119 2301 ,

568 2339 757 2414 Super
782 2332 971 2399 nostro
1016 2343 1264 2415 profectu
1300 2360 1463 2416 quem
1506 2346 1740 2417 amplius
1768 2353 1820 2401 te
1847 2346 2082 2419 gaudere

496 2444 761 2504 oporteat,
786 2441 879 2506 qui
915 2437 1073 2492 nobis
1103 2446 1163 2492 ut
1190 2438 1571 2511 aggrediamur
1586 2438 1830 2511 grandia,
1852 2450 2081 2509 paterno

494 2527 687 2583 affectu
714 2529 1138 2585 sollicitudinem
1192 2530 1506 2602 impendere
1559 2547 1670 2587 non
1717 2534 1935 2588 cessas?
1970 2532 2081 2588 Nos

492 2628 673 2675 tamen
703 2620 868 2677 dediti
906 2621 1156 2693 pigritia,
1195 2622 1342 2693 quod
1392 2623 1523 2678 utile
1546 2624 1824 2694 sapiamus
1853 2623 2079 2695 aliquid,

492 2711 716 2767 vixdum
768 2714 1015 2769 valemus
1070 2729 1337 2784 promere.
1380 2712 1533 2770 Unde
1556 2715 1616 2769 fit
1666 2724 1727 2771 ut
1755 2716 1884 2785 quia
1914 2724 1974 2771 ut
1999 2716 2082 2770 lu-

493 2806 679 2853 cretur
701 2799 963 2855 talentum
1005 2801 1309 2870 expendere
1336 2802 1617 2869 nolumus,
1641 2803 1840 2857 nedum
1867 2819 2081 2857 merea-

496 2907 621 2947 mur
650 2891 843 2948 audire
876 2892 1021 2964 Euge
1040 2893 1378 2961 delectabile,
1400 2910 1525 2949 cum
1549 2894 1727 2948 inutili
1759 2911 1917 2951 servo
1952 2895 2083 2951 sub-

492 2984 637 3040 imus
666 2984 864 3041 damna
900 2984 1133 3042 defossa
1160 2986 1424 3057 pecunia.
1468 2985 1683 3043 Nostris
1707 2987 1941 3058 denique
1962 2989 2081 3043 cul-

492 3081 578 3150 pis
608 3081 1048 3151 promerentibus
1071 3083 1271 3154 agitur,
1304 3083 1453 3153 quod
1479 3083 1808 3154 prapeditus
1834 3084 2084 3155 pluribus

492 3174 727 3243 negotiis
773 3173 957 3230 minus
1003 3183 1056 3231 te
1091 3176 1301 3246 prabes
1332 3178 1537 3233 nostris
1583 3178 1914 3249 aspectibus.
1963 3177 2081 3246 Qua

497 3263 552 3318 in
577 3279 636 3319 re
666 3264 792 3319 licet
819 3274 924 3321 tua
971 3268 1278 3322 sanctitatis
1300 3283 1411 3322 non
1443 3268 1725 3323 minuatur
1750 3269 2080 3335 constantia,

493 3364 682 3411 nostra
714 3357 1060 3429 tamenjuste
1085 3359 1310 3430 punitur
1340 3360 1666 3432 negligentia
1694 3378 1708 3413 :
1734 3368 1794 3415 ut
1826 3360 1921 3432 qui
1948 3375 2079 3430 pro-

2183 2174 2280 2231 gos
2307 2158 2537 2226 inserui,
2558 2158 2630 2213 ob
2653 2159 2759 2213 hoc
2790 2158 2970 2214 solum
3012 2166 3073 2212 ut
3106 2158 3161 2212 in
3191 2157 3279 2212 his
3298 2157 3630 2227 postularem
3678 2170 3771 2210 ve-

2182 2249 2328 2304 niam
2351 2249 2485 2304 mihi
2508 2257 2681 2320 poeta
2713 2264 2875 2315 novo,
2906 2265 3030 2305 cum
3054 2248 3425 2304 invenirentur
3453 2248 3624 2302 multa
3648 2263 3772 2316 qua

2181 2350 2406 2413 possent
2452 2342 2705 2398 adnotari
2752 2344 2907 2398 vitio.
2946 2341 3102 2410 Quod
3132 2342 3458 2413 opusculum
3511 2342 3642 2411 quia
3674 2349 3771 2394 tuo

2183 2436 2368 2491 labore
2395 2433 2629 2491 faciente
2656 2436 3037 2503 conﬁnxi,tua
3072 2434 3401 2491 correctioni
3419 2433 3609 2489 devovi
3630 2451 3645 2498 ;
3669 2448 3775 2487 nec

2183 2545 2290 2599 que
2318 2529 2370 2583 id
2396 2544 2594 2600 passus
2624 2544 2746 2584 sum
2768 2528 3013 2600 proferre
3041 2528 3243 2600 palam,
3287 2527 3461 2582 donec
3485 2525 3567 2581 tui
3611 2524 3768 2579 favo-

2182 2622 2260 2677 ris
2295 2622 2613 2693 dignaretur
2638 2622 2945 2678 clementia.
2975 2621 3120 2695 Ergo
3151 2619 3615 2690 munuspblatum
3638 2633 3770 2672 sns-

2182 2717 2363 2787 cipere
2407 2732 2475 2770 ne
2503 2730 2673 2772 renue
2703 2735 2718 2783 ;
2758 2732 2922 2772 aures
2952 2716 3072 2787 pias
3102 2714 3281 2770 inutili
3333 2712 3566 2769 carmini
3612 2726 3771 2766 com-

2182 2811 2506 2886 modarene
2524 2808 2730 2881 refuge,
2755 2817 2815 2864 ut
2842 2809 2896 2863 in
2923 2809 3028 2863 hoc
3054 2809 3219 2863 etiam
3240 2803 3417 2862 laudis
3443 2814 3547 2859 tua
3562 2820 3772 2859 cumu-

2183 2902 2270 2958 lus
2306 2911 2607 2970 accrescat,
2630 2903 2761 2958 dum
2795 2900 2980 2956 futura
3030 2900 3240 2956 noverit
3261 2907 3393 2954 atas
3439 2898 3698 2953 habuisse
3720 2906 3773 2950 te

2140 3046 2143 3047 ν
2182 2994 2482 3067 discipulos
2536 2993 2768 3064 alicujus
2809 2993 3058 3049 utilitatis
3094 2993 3339 3048 idoneos.
3366 2990 3523 3057 Quod
3572 2990 3619 3045 si
3663 2990 3770 3043 im-

2183 3094 2395 3155 petrare
2449 3100 2687 3154 mereor,
2743 3085 2798 3140 id
2826 3085 3029 3156 negotii
3073 3084 3277 3140 nostris
3323 3081 3779 3139 conscholasticis

2183 3176 2381 3231 manda
2413 3196 2425 3230 :
2464 3186 2595 3232 sunt
2617 3176 2820 3231 etenim
2849 3176 3000 3249 digni
3016 3177 3233 3232 illorum
3261 3175 3508 3246 quidam,
3535 3188 3771 3244 quorum

2184 3270 2497 3326 auctoritati
2523 3270 2829 3339 prabeatur
2849 3270 3164 3325 credulitas.

1394 3677 1941 3757 PROLOGUS
2016 3674 2853 3754 PROPOSITIONIS.

492 3856 760 3928 Expendit
788 3856 1003 3928 quoties
1024 3858 1239 3913 devotio
1262 3855 1717 3913 Christicolarum

493 3948 553 4004 In
580 3950 787 4006 sanctis
812 3950 1000 4005 laudes
1035 3968 1048 4005 :
1084 3950 1209 4020 quis
1229 3949 1483 4005 laudatur
1508 3947 1617 4004 nisi
1643 3946 1935 4003 Christus?

493 4039 697 4113 Nempe
728 4041 860 4113 quid
882 4041 1054 4112 ipsius
1079 4042 1222 4098 dono
1247 4040 1423 4097 fecere
1444 4040 1697 4097 refertur.

494 4132 877 4190 Ecclesiastica
905 4134 1025 4189 laus
1048 4141 1375 4204 quapropter
1394 4132 1703 4189 continuari

498 4224 685 4291 Debet,
717 4231 771 4279 et
784 4219 1039 4280 assiduus
1074 4223 1190 4278 fieri
1213 4232 1510 4279 concentus
1531 4224 1584 4278 in
1608 4220 1847 4296 hymnis,

498 4315 614 4373 Non
650 4324 860 4372 tantum
882 4317 1055 4384 vocis,
1078 4331 1268 4371 verum
1294 4315 1662 4373 modulamine
1681 4316 1881 4371 cordis.

500 4410 623 4466 Hac
640 4410 893 4482 equidem
919 4408 1153 4465 Domino
1182 4409 1494 4479 sanctisque
1519 4408 1731 4478 placere
1762 4408 2043 4477 probatur.

498 4502 641 4557 Utile
672 4510 929 4573 praterea
954 4510 1269 4558 sanctorum
1297 4500 1536 4560 scribere
1562 4510 1731 4573 gesta.

496 4592 743 4664 Namque
771 4593 1056 4648 beatorum
1076 4593 1207 4648 dum
1231 4592 1428 4648 transit
1452 4590 1558 4646 vita
1590 4606 1687 4661 per
1708 4606 1871 4645 aures

497 4684 827 4754 Corporeas,
856 4685 1073 4740 animus
1093 4684 1279 4741 divino
1300 4683 1537 4739 ardescit
1564 4698 1771 4749 amore,

497 4776 577 4832 Ac
596 4791 655 4830 se
676 4776 923 4847 deposito
939 4784 1247 4831 consortem
1265 4775 1500 4846 tegmine
1523 4775 1706 4830 carnis

499 4867 751 4939 Exoptat,
782 4884 1017 4940 quorum
1044 4868 1275 4924 miratur
1300 4866 1479 4923 lucida
1506 4866 1669 4922 facta.

479 5011 489 5029 ,
569 4958 746 5016 Vitam
770 4959 1021 5025 Richarii,
1032 4968 1364 5032 quapropter
1385 4960 1624 5016 scribere
1644 4958 1816 5014 sancti

498 5051 793 5123 Aggredior
820 5062 1017 5118 metro,
1038 5068 1149 5123 quo
1171 5053 1247 5107 illi
1271 5054 1364 5123 qui
1396 5051 1638 5108 carmine
1668 5052 1899 5122 gaudent

496 5143 649 5202 Hanc
671 5147 907 5215 habeant
940 5169 951 5203 :
988 5165 1208 5219 prosam
1229 5165 1369 5219 quos
1391 5150 1513 5219 plus
1534 5148 1766 5204 delectat
1788 5149 2008 5215 habere,

500 5234 648 5292 [llam
673 5254 838 5308 quam
856 5240 1035 5307 nostri
1056 5239 1331 5309 quondam
1353 5238 1531 5294 fecere
1556 5240 1785 5310 priores.

2101 3832 2147 3896 ο
2179 3848 2369 3921 Longo
2400 3849 2494 3905 sed
2534 3848 2711 3920 spatio
2731 3848 2903 3906 sancti
2927 3849 3104 3905 caruit
3128 3850 3257 3921 quia
3281 3850 3583 3906 claustrum

2180 3942 2520 4014 Scriptorum
2543 3943 2758 4010 studio;
2784 3943 3035 4013 quamvis
3066 3943 3318 4013 perplura
3344 3953 3637 4015 pati-asset,

2179 4042 2259 4096 Ac
2290 4041 2335 4096 si
2359 4056 2471 4097 non
2501 4039 2724 4107 fuerint,
2754 4040 2981 4095 omnino
2995 4038 3136 4095 facta
3158 4040 3410 4097 silentur.

2179 4132 2248 4188 At
2267 4140 2557 4203 postquam
2585 4131 2787 4204 ingenii
2818 4130 2991 4188 nostri
3017 4131 3250 4187 scintilla
3281 4132 3494 4205 reluxit,

2181 4224 2365 4281 Gratia
2392 4239 2556 4295 quam
2589 4223 2806 4280 Domini
2829 4223 3184 4280 succenderat
3210 4225 3635 4297 omnipotentis,

2180 4314 2376 4373 Pastor
2412 4314 2672 4386 prafatus
2701 4314 2829 4371 fecit
2851 4316 3116 4371 miracula
3137 4316 3185 4370 si
3212 4331 3342 4386 qua,

2181 4405 2343 4463 Juxta
2369 4407 2514 4479 quod
2532 4407 2704 4479 potui,
2730 4408 2918 4463 curavi
2941 4408 3151 4464 tradere
3176 4407 3399 4462 chartis.

2181 4494 2428 4553 Pondcra
2449 4506 2503 4554 et
2525 4506 2583 4553 ut
2618 4499 2790 4553 nostri
2822 4497 3236 4568 tierentmajora
3262 4497 3446 4563 libelli,

2184 4587 2449 4657 Hac‘illis
2474 4590 2633 4660 junxi
2653 4606 2777 4661 qua
2798 4591 3065 4647 industria
3095 4590 3275 4661 prisca
3302 4589 3533 4645 notavit.

2183 4679 2295 4737 Nec
2319 4684 2552 4754 cupidus
2576 4683 2755 4739 laudis
2782 4684 2961 4758 (mens
2985 4692 3070 4739 est
3092 4683 3223 4738 mihi
3256 4682 3477 4738 conscia
3508 4682 3689 4752 testis)

2186 4770 2299 4829 Hoc
2324 4791 2462 4847 opus
2492 4775 2691 4846 incapi
2724 4794 2737 4830 :
2769 4775 2997 4846 cupiens
3020 4774 3113 4830 sed
3134 4774 3275 4829 scire
3305 4772 3520 4829 futuros

2183 4872 2465 4929 Pastorem
2491 4879 2738 4924 nostrum
2767 4870 2904 4924 tales
2926 4869 3183 4924 habuisse
3216 4867 3462 4934 clientes,

2142 5016 2143 5019 η
2185 4962 2312 5031 Qui,
2336 4962 2439 5017 etsi
2471 4958 2806 5030 imperfecte,
2842 4968 3141 5030 sapuernnt
3165 4951 3351 5013 ludere
3372 4971 3556 5014 versu.

2257 5053 2362 5109 Sed
2388 5045 2499 5108 tres
2519 5052 2745 5124 antiquo
2771 5053 2900 5123 quia
2928 5058 3056 5107 sunt
3082 5051 3137 5106 in
3168 5051 3354 5124 codice
3383 5050 3513 5104 libri
3549 5048 3705 5121 (18),.

2116 5179 2158 5233 υ
2186 5145 2344 5201 Hunc
2364 5161 2654 5201 numerum
2685 5155 2919 5201 metrum
2932 5144 3213 5200 contendit
3237 5143 3462 5199 reddere
3482 5150 3765 5200 nostrum:
3792 5126 3821 5219 '7,

2183 5239 2332 5306 Quas
2355 5239 2519 5313 etiam
2542 5246 2714 5292 metas
2738 5238 2816 5291 illi
2841 5244 3146 5292 noscuntur
3168 5236 3385 5325 habere,
3485 5228 3511 5253 “
3544 5228 3551 5247 "
