4066 5330
289 142 429 203 uss
1602 153 1762 210 \‘lTA
1802 156 1859 212 s.
1899 157 2224 216 meum".
2438 110 2457 141 ’⁷
3420 110 3563 227 itas

289 260 425 328 Quae
445 258 619 314 sancti
644 259 857 319 meritis
889 263 1094 318 nostris
1121 274 1251 319 sunt
1280 275 1427 336 gesta
1448 266 1667 336 diebus.

289 350 593 422 Aggredior
606 350 815 407 librum
849 355 1072 425 reliquis
1096 358 1458 427 superaddere
1480 371 1760 431 quartum.

290 442 418 499 Non
434 443 572 512 bene
598 446 931 515 compositos
956 457 1106 505 notet
1141 459 1194 505 et
1217 468 1282 507 ne
1310 450 1447 507 forte
1482 440 1606 526 quis
1630 456 1771 523 illos,

1910 276 1963 351 Α
1984 273 2040 329 1η
2072 276 2254 331 studio
2280 288 2480 333 memet
2495 276 2667 335 fateor
2692 294 2817 336 cum
2837 280 3039 354 ﬁngere
3058 281 3221 355 coepi,

1986 366 2197 423 'l‘crnos
2220 383 2492 425 annorum
2520 368 2761 427 noudum
2792 372 3101 444 implevisse
3123 374 3336 431 dierum
3357 371 3495 448 (19).

299 606 3556 644 mw

1233 736 1779 817 PROLOGUS
1842 710 2618 820 INVOCAT‘IONIS.

291 883 500 939 Auctor
521 894 796 961 perpetuae
826 887 965 943 lueis
993 890 1220 961 largitor
1244 901 1299 946 et
1329 892 1513 959 index,

293 962 707 1036 itcrnum'tibi
732 983 827 1054 qui
858 982 1057 1040 Natum
1079 986 1352 1057 ingenitus
1379 989 1635 1059 genuisti,

292 1071 397 1127 Per
418 1071 781 1151 quemfecisti
810 1077 1077 1147 quidquid
1100 1074 1348 1137 subsistit
1377 1080 1431 1134 in
1462 1082 1614 1147 orbe,

289 1161 602 1221 Perlustras
625 1174 801 1221 totum
829 1177 1025 1225 sancto
1051 1170 1145 1241 qui
1173 1170 1420 1227 Flamine
1450 1174 1738 1241 mundum,

286 1253 468 1322 Quem
490 1244 718 1313 credunt
743 1260 924 1314 cuncti
957 1262 1152 1318 retinet
1176 1278 1318 1334 quos
1346 1263 1481 1319 ordo
1503 1265 1705 1332 fidelis;

293 1347 386 1403 Sic
423 1364 784 1421 personarum
814 1354 1132 1411 distinctum
1165 1357 1385 1414 nomine
1402 1367 1580 1427 terno,

295 1441 539 1512 Simplex
570 1453 629 1517 ut
662 1444 847 1503 Deitas
874 1459 1091 1505 maneat
1122 1450 1218 1505 tibi
1248 1467 1463 1523 semper
1493 1464 1545 1510 et
1573 1471 1717 1522 una;

293 1530 571 1591 Monstras
601 1537 845 1610 antiquis
872 1540 1052 1611 typica
1078 1542 1171 1612 qui
1204 1543 1322 1614 lege
1345 1545 1520 1601 beatis

291 1624 427 1692 Quae
452 1640 665 1684 reserat
690 1644 916 1689 sumens
939 1631 1101 1690 Jesus
1123 1635 1189 1690 de
1213 1634 1435 1709 Virgine
1464 1654 1720 1707 carnem;
1812 1640 1815 1645 ’

292 1714 462 1774 Menti
493 1720 719 1778 infunde
743 1739 878 1780 mere
902 1726 1107 1782 donum
1132 1727 1351 1784 caeleste
1382 1731 1673 1803 benigntis,

292 1806 483 1880 Osque
514 1813 660 1883 reple
683 1815 863 1881 laude,
891 1825 952 1872 ut
974 1820 1181 1888 possim
1204 1830 1426 1878 cantare
1455 1823 1711 1880 decenter

289 1900 425 1968 Quae
451 1920 550 1974 per
580 1905 899 1965 Richarium
932 1913 1153 1983 gessisti
1189 1914 1328 1970 mira
1352 1915 1595 1973 beatum.

291 1993 449 2054 Sicut
475 2000 620 2056 enim
645 2016 889 2059 errorem
913 2008 1163 2077 sequitur
1189 2010 1278 2064 cui
1310 2018 1365 2064 tu
1397 2010 1485 2065 via
1515 2027 1624 2067 non
1651 2026 1740 2080 es;

293 2087 387 2146 Sic
416 2093 711 2164 quisquam
746 2096 864 2153 sine
888 2108 939 2153 te
968 2101 1164 2169 poterit
1184 2102 1260 2156 nil
1292 2102 1475 2159 dicere
1508 2103 1575 2160 de
1603 2112 1673 2159 te.

295 2179 440 2239 Voce
468 2185 689 2261 quidem
712 2189 837 2244 novi
861 2196 913 2245 te
936 2194 1345 2250 eommonuisse
1367 2197 1644 2267 propheta:

293 2272 560 2332 Dilatetur
595 2288 656 2334 ut
687 2296 770 2346 os,
811 2283 939 2352 quia
968 2284 1044 2339 sis
1072 2284 1295 2356 implere
1321 2297 1563 2358 paratus.

292 2366 371 2421 Ad
402 2370 854 2429 succlamandum
886 2386 1217 2447 quapmpter
1241 2395 1489 2449 praeparo
1516 2381 1757 2452 linguam
1791 2401 1804 2435 :

293 2456 371 2514 Da
397 2470 622 2534 gustare
651 2464 787 2520 mihi
817 2483 981 2538 quam
1008 2469 1085 2525 sis
1118 2471 1299 2526 bonus
1329 2480 1493 2542 atque
1525 2474 1733 2539 suavis,

292 2550 365 2607 Ut
387 2555 600 2610 valeam
626 2566 815 2627 pastus
838 2567 987 2615 tanta
1013 2561 1299 2617 dulcedine
1321 2564 1547 2618 verbum

293 2646 559 2708 Eruetare
582 2651 809 2719 bonum,
835 2669 1031 2709 canere
1052 2664 1106 2711 et
1140 2657 1411 2727 magnalia
1440 2658 1584 2729 regis

290 2740 506 2800 Cuncta
531 2744 910 2815 gubernantis,
935 2747 1031 2816 qui
1054 2762 1155 2803 nos
1176 2745 1243 2801 de
1271 2746 1426 2804 fauce
1448 2747 1621 2804 leonis

292 2829 511 2905 Eripuit
546 2837 697 2903 tetri,
734 2837 894 2908 cujus
919 2838 1119 2908 pietate
1146 2839 1310 2895 soluti

293 2923 339 2978 Α
365 2927 566 2987 vinclis
596 2929 811 2997 mortis,
841 2930 964 2986 ρωιί
996 2946 1163 3001 super
1189 2941 1339 2986 astra
1367 2931 1633 2987 levamur.

292 3012 439 3076 Nutu
471 3035 708 3092 namque
740 3032 834 3092 tuo
862 3023 1063 3077 cmlum
1096 3022 1391 3077 volvuntur
1414 3031 1469 3078 et
1499 3033 1669 3088 astra,

292 3107 497 3168 Tendit
522 3112 591 3171 ad
617 3114 727 3170 alta
767 3112 929 3186 ignis,
969 3123 1239 3169 terrarum
1267 3115 1483 3185 pondus
1513 3116 1581 3171 ad
1610 3116 1741 3182 ima,

292 3198 353 3256 In
383 3219 537 3259 mare
567 3214 891 3261 cunctarum
915 3222 1114 3263 cursus
1150 3205 1374 3261 festinat
1400 3221 1667 3277 aquarum
1695 3226 1708 3261 :

293 3290 495 3351 Omnia
520 3296 727 3352 claudit
753 3297 957 3364 hiems,
998 3298 1285 3354 solvuntur
1317 3304 1371 3353 et
1394 3298 1578 3353 omnia
1608 3314 1765 3365 vere,

293 3384 532 3444 Aistatis
562 3388 743 3444 fervor
768 3372 1040 3445 terrarum
1067 3389 1280 3446 semina
1302 3390 1492 3457 siccat,

295 3477 516 3536 Decutit
550 3480 841 3537 arboribus
867 3479 1081 3537 fructus
1112 3491 1411 3537 autumnus
1433 3480 1698 3537 honorem
1732 3501 1744 3535 :

292 3568 557 3629 Noscitur
582 3582 747 3645 atque
771 3574 907 3628 nihil
934 3585 1144 3630 natura:
1177 3573 1230 3628 in
1262 3574 1427 3629 rebus
1453 3573 1667 3640 haberi,

294 3661 454 3731 Quod
488 3676 883 3738 praceptorum
915 3675 1228 3723 contemnat
1250 3667 1405 3737 jussa
1433 3675 1673 3722 tuorum.

294 3753 528 3816 Errores
564 3769 791 3816 cunctos
815 3760 883 3816 da
906 3776 995 3815 me
1018 3760 1192 3815 vitare
1215 3759 1463 3825 nocivos,

298 3846 369 3905 Ut
401 3860 606 3923 pateat,
638 3851 777 3909 duce
804 3862 876 3919 te,
907 3867 1123 3922 Semper
1152 3851 1284 3906 mihi
1312 3852 1508 3907 semita
1531 3850 1673 3906 vitae.

440 3944 480 3999 1.
522 3944 676 4011 Quod
704 3953 947 3999 sanctum
968 3954 1143 4016 patres
1170 3953 1457 4016 genuerunt
1492 3943 1748 4016 religiosi.

296 4034 356 4089 Si
389 4037 515 4109 quis
534 4034 873 4094 Francorum
898 4037 1141 4094 studiose
1177 4046 1329 4110 gesta
1359 4038 1603 4109 priorum

298 4123 595 4185 Scrutatus
626 4126 814 4197 fuerit,
846 4129 1021 4186 discet
1049 4129 1303 4186 bellando
1330 4129 1643 4201 frequenter

293 4217 515 4276 Primos
539 4222 855 4278 barbaricas
882 4238 1038 4293 reges
1077 4237 1368 4293 superasse
1407 4232 1685 4289 catervas;

294 4310 499 4384 Sicque
526 4312 868 4386 Dagobertus
888 4330 1116 4386 regnum
1142 4314 1383 4386 tenuisse
1403 4316 1606 4385 quiete,

292 4402 415 4460 Dici
439 4416 499 4462 ut
524 4406 788 4477 pacificus
811 4414 997 4478 posset
1021 4404 1392 4477 Salomonque
1413 4405 1709 4463 secundus.

294 4493 417 4566 Ipse
445 4513 612 4555 manu
637 4498 788 4571 larga
812 4499 1029 4570 populis
1054 4498 1339 4570 popularia
1361 4498 1506 4554 dona

292 4584 555 4658 Praebuit,
591 4598 647 4646 et
675 4591 901 4663 dignum
930 4590 1138 4647 Christi
1164 4591 1337 4647 servis
1361 4589 1706 4646 famulatum.

292 4675 553 4740 Pluribus
585 4684 751 4755 inque
783 4684 920 4740 locis
948 4693 1105 4740 terra:
1130 4699 1343 4755 coepere
1371 4685 1552 4740 coloni

296 4768 627 4831 Tuncaedes
661 4775 892 4832 fundare
914 4792 1122 4844 sacras,
1146 4785 1201 4831 et
1222 4775 1534 4850 relligiosus

296 4863 547 4923 Accrevit
576 4867 810 4924 Domino
845 4870 1100 4941 populus.
1135 4867 1256 4937 Quo
1283 4878 1530 4943 tempore
1564 4868 1780 4942 fulgens

297 4952 511 5015 Lucifer
543 4959 830 5017 astriferas
856 4963 998 5021 sicut
1029 4961 1339 5033 resplendet
1371 4963 1426 5020 in
1457 4980 1647 5032 auras,

294 5044 505 5103 Claruit
527 5052 583 5108 in
609 5052 736 5107 villa
763 5052 927 5111 claris
950 5072 981 5113 e
1009 5055 1261 5128 patribus
1292 5062 1468 5127 ortus,
1518 5049 1523 5053 ’

292 5134 527 5197 Laribus
555 5160 586 5199 a
613 5153 831 5201 centum
863 5144 1039 5205 fuerat
1059 5161 1184 5219 quae
1213 5144 1444 5208 Centula
1475 5154 1645 5214 dicta.

288 5225 530 5330 'Charum
554 5234 848 5294 Rieharius
875 5241 1089 5299 cunctis
1112 5248 1167 5295 et
1204 5242 1437 5300 amabile
1459 5249 1663 5319 pignus
1689 5259 1702 5296 :

1988 895 2230 953 Moribus
2255 896 2310 953 in
2334 899 2541 954 sanctis
2563 897 2865 969 permansit
2892 898 3126 968 denique
3154 906 3435 967 constans,

1988 984 2059 1042 Ut
2084 987 2259 1043 laicus
2285 989 2410 1045 vita:
2432 996 2642 1061 gereret
2666 988 2930 1061 praesagia
2960 997 3182 1044 sanetae.

2066 1079 2130 1136 ιι.
2158 1081 2403 1153 Arripuit
2426 1082 2616 1137 callem
2646 1083 2834 1154 quibus
2862 1082 3223 1137 audientibus
3257 1089 3483 1137 arctum.

1989 1173 2147 1229 Tunc
2174 1188 2227 1230 et
2257 1174 2523 1231 Pontivus
2560 1174 2763 1231 meruit
2791 1175 3171 1246 splendescere
3205 1189 3380 1246 pagus

1990 1266 2152 1322 Forte
2183 1266 2533 1323 sacerdotum
2567 1266 2790 1322 radians
2828 1265 3038 1338 fulgore
3070 1266 3301 1321 duorum
3328 1282 3346 1320 :

1990 1356 2198 1414 Nomen
2230 1360 2458 1429 majoris
2485 1374 2721 1429 quorum
2752 1357 2930 1414 fuerat
2957 1358 3247 1424 Camocvs,

1988 1450 2249 1523 Egregius
2270 1452 2482 1507 meritis
2514 1467 2654 1522 quos
2683 1450 2835 1510 misit
2864 1450 3122 1507 Hibernia
3147 1451 3323 1507 nobis.

1918 1548 1962 1602 Β
1988 1543 2069 1599 Ex
2094 1544 2232 1615 ipsis
2266 1546 2503 1616 populus
2539 1554 2789 1600 temnens
2820 1544 3007 1600 audire
3038 1544 3294 1610 salutem,

1987 1635 2106 1692 Non
2134 1637 2327 1708 recipit
2358 1636 2542 1709 digne,
2582 1638 2748 1710 digno
2780 1653 2880 1691 nec
2918 1637 3366 1704 traetathonore,

1992 1729 2098 1784 Sed
2123 1730 2299 1800 magis
2320 1744 2351 1783 a
2387 1731 2621 1801 propriis
2652 1730 2816 1800 ccepit
2846 1729 3113 1800 depellere
3137 1730 3318 1785 metis.

1989 1820 2236 1889 Quorum
2264 1822 2502 1877 crudelis
2531 1830 2784 1877 sanctum
2816 1821 3075 1876 violentia
3097 1821 3266 1877 movit
3341 1824 3345 1828 ’

1988 1912 2331 1982 Rieharium,
2362 1924 2415 1971 et
2432 1915 2612 1986 justos
2635 1912 2853 1985 rapiens
2877 1931 2908 1969 a
2936 1915 3091 1985 plebe
3112 1914 3279 1971 feroci

1990 2004 2298 2076 Hospitium
2327 2005 2539 2071 tribuit,
2574 2005 2768 2071 tenuit,
2799 2003 3040 2076 fovitque
3062 2005 3317 2077 benigne,

1990 2095 2324 2168 Disponente
2344 2096 2476 2164 Deo,
2499 2114 2610 2169 quo
2634 2098 2978 2153 salvarentur
3000 2097 3238 2169 utrique.

1990 2190 2410 2261 Succensusque
2444 2190 2536 2246 diu
2567 2191 2753 2246 divino
2780 2191 2987 2245 lumine
3018 2191 3249 2262 lychnus

1956 2360 1959 2361 ν
1989 2281 2101 2337 Nec
2126 2282 2307 2338 claudi
2336 2283 2527 2351 valuit,
2556 2284 2739 2339 radios
2767 2283 2863 2339 sed
2890 2284 2944 2338 in
2981 2284 3160 2355 ampla
3195 2283 3440 2339 tetendit.

1991 2374 2239 2446 Namque
2264 2377 2582 2448 peregrinos
2608 2387 2900 2448 postquam
2931 2376 3173 2447 suscepit
3199 2376 3254 2431 in
3276 2376 3474 2446 aedem,
3548 2428 3559 2439 ,

1991 2467 2129 2537 Ipsis
2161 2483 2453 2539 corporeos
2489 2476 2742 2540 sumptus
2768 2468 3003 2540 largitur
3028 2469 3101 2524 ab
3129 2468 3263 2540 ipsis

1996 2559 2275 2616 Sollicitus
2299 2560 2426 2616 vitae
2454 2561 2677 2632 capiens
2700 2561 3021 2632 compendia
3046 2571 3264 2617 sancue.

1993 2652 2103 2709 Nec
2135 2654 2294 2708 tellus
2321 2654 2523 2710 sterilis
2553 2653 2795 2725 percepit
2823 2652 3032 2709 semina
3054 2653 3203 2708 verbi
3238 2672 3252 2707 :

1996 2743 2103 2801 Sed
2134 2746 2305 2801 menti
2337 2745 2588 2812 inseruit,
2617 2746 2801 2802 carnis
2831 2745 2977 2817 quod
3003 2745 3239 2816 sumpsit
3266 2745 3335 2800 ab
3363 2762 3514 2812 aure,

1994 2836 2332 2907 Quamplura
2361 2846 2415 2892 et
2440 2836 2644 2892 Christi
2675 2837 2910 2908 portavit
2931 2837 2997 2892 ad
3028 2838 3221 2892 horrea
3246 2854 3436 2909 grana.

2157 2928 2245 2982 Ill.
2280 2927 2525 2994 Qualiter
2548 2939 2751 2985 exacta:
2779 2929 2987 2999 deﬂevit
3017 2929 3247 2983 crimina
3277 2931 3418 2984 vitaz.

1970 3017 2084 3075 Sic
2108 3035 2325 3091 quoque
2362 3020 2771 3091 magniloquum
2803 3029 2989 3075 sancta
3028 3019 3240 3075 ratione
3268 3020 3514 3075 virorum

1991 3115 2326 3187 C(elestique
2361 3115 2525 3171 simul
2547 3123 2726 3171 tactus
2754 3115 3053 3186 spiramine
3085 3124 3328 3182 sanctus,

1992 3206 2171 3264 Mente
2194 3209 2283 3279 pia
2312 3208 2546 3279 propriae
2575 3207 2762 3281 pandit
2800 3207 3115 3280 peccamina
3140 3206 3296 3273 vitat;

1993 3301 2170 3371 Atque
2202 3300 2475 3370 juventuti
2508 3300 2553 3355 si
2585 3299 2717 3371 quid
2755 3299 2950 3355 vitiosa
2978 3299 3232 3370 voluptas

1991 3393 2298 3448 Contulerit
2331 3394 2526 3463 culpae,
2555 3393 2920 3465 lacrymarum
2947 3390 3170 3448 flumine
3196 3390 3369 3459 tersit,

1995 3482 2413 3553 llospitiumque
2432 3482 2544 3537 Deo
2573 3470 2701 3554 quia
2741 3482 2844 3537 sub
2873 3481 3055 3552 specie
3083 3480 3412 3543 famulorum

1993 3572 2275 3643 Praestitit,
2303 3575 2475 3647 ipsius
2505 3575 2607 3629 fuit
2641 3590 2671 3630 a
2700 3574 2899 3647 pietate
2928 3581 3196 3644 receptus.

2068 3668 2281 3723 Extunc
2316 3668 2550 3738 sumpsit
2579 3668 2725 3723 enim
2764 3666 3062 3737 primordia
3088 3665 3406 3738 relligionis,

1996 3759 2145 3817 More
2175 3769 2229 3816 et
2256 3760 2556 3832 apostolico
2581 3768 2916 3830 postponens
2946 3758 3247 3831 posteriora

1993 3853 2299 3909 Prudenter
2327 3869 2449 3908 sese
2472 3853 2719 3922 rapiebat
2754 3852 2808 3907 in
2841 3851 3117 3906 anteriora
3144 3870 3158 3907 :

1995 3944 2375 4018 Versiculique
2410 3961 2620 4001 memor
2653 3943 2959 4000 Psalmistaa
2985 3941 3352 4013 vaticinantis,

1997 4038 2102 4109 Qui
2130 4039 2365 4094 transire
2400 4037 2565 4094 refert
2592 4054 2622 4093 a
2649 4036 2849 4092 virtute
2874 4037 2941 4092 ad
2969 4029 3229 4091 virtutem

1995 4132 2233 4199 Electos,
2267 4130 2558 4186 Dominum
2589 4140 2649 4185 ut
2681 4127 2949 4202 quivisset
2974 4129 3124 4184 adire
3151 4128 3399 4183 deorum.

1922 4245 1965 4300 ι)
2031 4224 2120 4278 IV.
2165 4223 2319 4289 Quod
2342 4223 2545 4293 pollens
2570 4222 2741 4276 multa
2766 4232 2842 4277 est
2866 4223 3040 4292 factus
3067 4222 3256 4275 virtute
3284 4218 3553 4277 sacerdos.

1999 4313 2127 4369 Post
2159 4329 2216 4369 se
2250 4314 2459 4368 carnali
2489 4321 2698 4368 tantum
2726 4313 2961 4368 frenavit
2989 4311 3058 4366 ab
3083 4312 3228 4380 esca,

2000 4405 2068 4460 Ut
2093 4421 2293 4481 corpus
2316 4404 2499 4475 potius
2527 4404 2760 4458 nutriret
2788 4418 2951 4475 quam
2978 4402 3202 4458 satiaret

1999 4498 2289 4554 Lassatum
2319 4498 2498 4570 longis
2519 4497 2726 4568 jejunis
2748 4496 2947 4551 robore
2970 4494 3129 4567 panis

1993 4590 2289 4660 Conjuncti
2316 4590 2512 4657 cineri,
2545 4588 2803 4663 lacrymis
2834 4599 2996 4645 aucto
3027 4602 3245 4658 quoque
3272 4597 3424 4658 potu.

1996 4682 2222 4753 Hocque
2251 4683 2375 4739 cibo
2406 4692 2609 4749 tentus,
2647 4696 2867 4737 carnem
2896 4679 3102 4738 servire
3127 4678 3306 4751 coegit

1996 4776 2247 4848 Spiritui,
2282 4793 2536 4850 pugnans
2566 4775 2711 4832 aeris
2737 4790 2839 4830 nec
2871 4773 3109 4847 perculit
3136 4788 3324 4840 auras,

1997 4866 2106 4923 Sed
2140 4882 2338 4937 corpus
2360 4868 2541 4940 fregit,
2566 4865 2672 4924 sub
2706 4865 3107 4935 servitiumque
3131 4864 3376 4937 redegit:

1997 4959 2271 5015 Doctrina:
2298 4957 2507 5016 Christi
2534 4958 2678 5015 lator
2718 4973 2786 5012 ne
2820 4956 2969 5015 forte
3001 4952 3243 5022 futurus,
3352 4954 3355 4957 ’

1995 5055 2043 5110 Α
2070 5067 2349 5124 quoquam
2373 5070 2440 5110 ex
2462 5052 2648 5123 aliquo
2672 5061 2864 5124 posset
2892 5037 3239 5124 reprobarier
3263 5061 3411 5109 actu.

2072 5145 2170 5203 His
2197 5142 2359 5219 igitur
2388 5147 2687 5219 multisque
2714 5145 2841 5202 aliis
2873 5141 3217 5219 profectibus
3244 5157 3463 5213 auctus,

2000 5243 2206 5297 Sancta
2233 5242 2533 5298 sacerdotis
2565 5242 2646 5297 sic
2667 5237 2737 5294 ad
2766 5236 2997 5314 fastigia
3023 5234 3175 5295 venit
3203 5253 3218 5291 :
