4038 6376
560 323 697 380 IL"?
944 387 949 391 _
1548 321 1993 389 ANCELRANN‘I
2032 320 2323 379 ABBATIS
2362 320 2840 379 CENTULENSIS
3665 326 3771 384 κει

556 437 847 513 Congruus
877 439 981 495 hoc
1008 446 1160 494 tanto
1185 454 1295 509 quo
1322 454 1429 494 non
1457 439 1727 510 caruisset
1749 439 1977 501 honore,
2180 438 2222 493 A
2250 435 2539 508 Promptus
2568 438 2634 494 ad
2667 438 2913 494 indoctos
2939 437 3137 511 satagit
3163 438 3397 496 transire
3418 436 3699 509 Britannos,

556 530 717 591 Hunc
750 531 988 587 famulus
1011 531 1219 587 Christi
1248 529 1427 586 fructu
1453 530 1669 601 pictatis
1698 529 1946 595 adornat,
2248 528 2536 584 Illustraus
2562 530 2793 601 patriam
2825 529 2996 586 variis
3024 532 3305 587 erroribus
3337 540 3528 588 atram.

530 624 533 625 ⁷
557 620 713 679 Ilum
740 631 1136 695 praeceptorum
1165 622 1445 694 geminum
1473 621 1701 677 donavit
1723 620 1956 683 honore,
2247 619 2306 675 In
2334 637 2443 692 qua
2469 637 2565 692 per
2602 623 2837 692 spatium
2864 622 2993 677 dum
3018 623 3166 695 longi
3196 624 3456 695 temporis
3483 625 3590 694 ipse

554 712 715 773 Ilunc
753 732 876 787 quae
899 724 1029 771 sunt
1067 714 1281 770 Domini
1312 715 1698 770 demonstrans
1745 711 2097 783 ampliﬁcavit
2129 729 2142 765 :
2249 711 2367 768 Stat
2399 730 2505 769 non
2536 713 2717 785 segnis
2748 713 2801 768 in
2836 715 2921 769 his
2947 731 3070 785 qua:
3106 723 3233 771 sunt
3261 717 3444 772 divina
3464 717 3726 785 docendis;

553 806 747 864 Cultor
775 816 830 863 et
855 817 915 863 ut
945 807 1166 877 sapiens
1199 805 1386 861 divino
1420 820 1641 859 vomere
1665 804 1909 868 sulcans,
2246 802 2397 860 Illius
2425 805 2480 859 in
2511 815 2747 860 mentem
2772 804 2946 862 fertur
2973 808 3193 863 venisse
3227 819 3467 879 repente,

556 897 753 955 Sontes
781 899 989 970 peccati
1017 898 1082 953 de
1111 896 1316 952 Christi
1339 896 1504 951 vulsit
1535 895 1729 966 agello,
2248 894 2450 952 Servos
2480 896 2534 951 in
2574 898 2752 966 patria
2784 898 3050 968 quosdam
3087 900 3218 969 quia
3252 899 3487 970 liquerat
3516 899 3614 955 ista

554 991 735 1063 Atque
761 990 1102 1047 salutiferum
1131 990 1338 1045 roravit
1364 988 1638 1044 mentibus
1662 988 1913 1042 imbrem.
2244 985 2498 1043 Nondum
2531 988 2756 1044 libertos
2784 1004 2850 1044 ex
2875 991 3271 1046 consuetudine
3296 990 3489 1046 factos.

554 1081 623 1137 ν.
666 1082 817 1148 Quod
864 1084 1012 1153 prior
1040 1082 1274 1152 implevit
1306 1097 1426 1151 qua:
1456 1079 1593 1135 alios
1620 1080 1868 1150 facienda
1902 1078 2142 1138 docebat.
2245 1079 2325 1133 Ad
2354 1080 2554 1146 socios,
2580 1079 2778 1149 inquit,
2812 1096 2872 1135 se
2897 1081 3000 1137 hoc.
3030 1081 3369 1152 percutiente
3389 1082 3608 1136 dolore:

555 1168 846 1242 Quo‘fuso,
872 1176 1045 1245 pietas
1077 1173 1295 1231 Domini
1327 1190 1428 1230 nec
1461 1171 1635 1229 defuit
1672 1173 1816 1229 alma
1848 1193 1864 1230 ε,
2245 1168 2362 1226 Heu
2389 1173 2402 1225 !
2435 1187 2538 1226 nos
2569 1171 2786 1227 solliciti
2812 1172 2944 1227 dum
2977 1173 3303 1229 festinamus
3337 1173 3402 1228 ad
3427 1173 3582 1240 istos,

555 1265 767 1344 Quippe
797 1250 954 1329 fidem
981 1276 1183 1324 nostrae
1218 1266 1348 1323 fecit
1371 1282 1719 1322 succrescere
1741 1266 1918 1337 gentis
2249 1259 2443 1316 Servili
2473 1263 2728 1333 proprios
2755 1264 2860 1319 sub
2886 1264 3198 1321 conditione
3225 1265 3435 1337 legatos

553 1357 712 1415 Unde
736 1358 826 1420 Dei
859 1375 1048 1429 servus
1074 1359 1276 1414 charus
1300 1358 1514 1414 cunctis
1541 1367 1595 1413 et
1626 1357 1891 1414 amandus
2246 1353 2534 1427 Liquimus
2563 1357 2619 1410 in
2654 1357 2853 1426 patria,
2881 1357 3005 1412 novi
3034 1358 3144 1413 cito
3173 1375 3312 1430 quos
3336 1358 3642 1414 morituros.

555 1451 781 1509 Exstitit
809 1460 863 1505 et
886 1452 1099 1506 merito.
1124 1449 1396 1517 Quoniam
1429 1465 1540 1505 non
1571 1449 1769 1522 dignus
1799 1450 2012 1504 honore.
2246 1446 2426 1503 Littus
2449 1458 2778 1523 quapropter
2800 1465 2966 1520 quam
2993 1448 3318 1506 festinanter
3350 1450 3516 1516 adite,

554 1539 734 1607 Esset,
763 1528 1022 1597 mellitluo
1048 1539 1309 1613 quiquod
1333 1554 1588 1595 sermone
1611 1538 1862 1604 docebat,
2249 1537 2438 1595 Uudas
2467 1549 2630 1609 atque
2660 1541 2830 1597 maris
2857 1544 3108 1597 certatim
3139 1544 3345 1613 carpite
3367 1543 3553 1611 remis,

553 1631 799 1688 Praevius
833 1632 938 1686 hoc
965 1647 1121 1687 sacro
1146 1631 1488 1687 monstrabat
1513 1628 1739 1700 signifer
1762 1626 1923 1683 actu?
2247 1629 2634 1702 Mittentcsque
2669 1648 2893 1687 manum
2925 1631 3162 1688 famulos
3192 1633 3458 1688 absolvite
3486 1639 3704 1686 nostros.

557 1722 617 1778 Si
652 1723 783 1794 quid
805 1731 859 1778 et
886 1739 921 1785 a
948 1723 1150 1794 populo
1180 1722 1446 1779 doctrina:
1471 1721 1527 1776 in
1552 1722 1694 1791 stipe
1716 1720 1939 1792 recepit,

2315 1725 2471 1781 Haud
2499 1741 2659 1781 secus
2691 1740 2756 1780 ac
2779 1726 2947 1795 jussit
2983 1735 3262 1796 patrantcs
3297 1723 3400 1780 rite
3430 1724 3655 1782 ministri

554 1811 692 1876 Illud
726 1830 1021 1886 egenorum
1046 1815 1247 1885 delegit,
1269 1821 1522 1885 sumptus
1544 1821 1605 1868 ut
1628 1821 1795 1869 esset.
2180 1803 2223 1857 Β
2248 1813 2306 1869 In
2331 1815 2563 1886 patriam
2585 1815 2811 1870 veniunt
2833 1816 3007 1871 sancti
3040 1831 3318 1886 sanosqnc
3339 1815 3567 1870 clientes

629 1904 771 1975 Quin
807 1906 971 1962 etiam
1007 1906 1134 1962 vita:
1153 1914 1395 1962 venturae
1419 1907 1615 1960 ductus
1639 1920 1828 1967 amore
2248 1904 2558 1973 Inveniunt,
2587 1906 2796 1962 donant
2828 1922 2894 1961 ac
2918 1906 3187 1963 libertatis
3210 1907 3441 1965 honore.
3516 1950 3521 1953 .

561 1997 811 2054 Decrevit
834 1998 1013 2054 lucem
1044 2013 1153 2053 non
1182 1997 1477 2053 sollicitare
1513 2005 1852 2067 sequentem.
2249 1994 2353 2062 Qui
2382 1994 2513 2055 facti
2543 1996 2790 2067 ingenui,
2818 1996 3066 2052 revoluto
3091 2004 3334 2067 tempore
3360 2001 3555 2067 parvo.

558 2088 814 2149 Creditor
844 2105 878 2144 ο
909 2089 1059 2155 felix,
1094 2105 1128 2144 ο
1162 2089 1248 2145 vir
1279 2088 1564 2145 recolende
1590 2104 1684 2158 per
1715 2103 1917 2155 terum,
2247 2086 2470 2142 Dixerat
2494 2094 2554 2141 ut
2578 2095 2823 2154 sanctus,
2847 2096 3059 2157 ponunt
3081 2087 3389 2143 habitacula
3417 2086 3613 2143 carnis.

558 2180 703 2237 Dum
732 2190 962 2252 praestas
986 2198 1242 2255 parvum,
1265 2181 1388 2237 εαξιὶ
1415 2179 1509 2251 qui
1546 2195 1711 2250 regna
1734 2177 2001 2233 lucraris!
2049 2163 2062 2176 ’
2248 2177 2444 2250 Ingens
2466 2193 2499 2233 ο
2528 2177 2746 2234 Domini
2773 2188 2978 2249 quanta
3003 2188 3087 2235 est
3117 2179 3405 2234 clementia
3427 2177 3682 2245 Christili

557 2274 805 2347 Denique
825 2276 1069 2332 solamen
1098 2275 1338 2343 miseris,
1369 2283 1570 2331 tectum
1600 2273 1903 2346 peregrinis
2248 2268 2353 2337 Qui
2381 2270 2570 2326 famuli
2595 2270 2648 2325 in
2671 2279 2910 2326 mentem
2939 2272 3091 2326 szevit
3113 2270 3335 2341 pietatis
3355 2285 3615 2335 amorem,

556 2366 838 2435 Exhibuit,
866 2368 1048 2424 viduis
1078 2377 1225 2424 tutor
1250 2366 1351 2423 fuit
1383 2376 1546 2438 atque
1573 2366 1826 2437 pupillis;
2248 2360 2440 2416 Finem
2482 2376 2767 2416 servorum
2795 2362 3124 2418 monstravit
3150 2362 3356 2433 quique
3379 2360 3737 2432 prepinqnam.

561 2458 635 2514 Ut
657 2459 759 2517 Job
783 2477 879 2532 pes
909 2461 1141 2529 claudis,
1177 2462 1370 2519 oculus
1404 2476 1624 2532 quoque
1661 2459 1866 2514 lumine
1892 2457 2144 2528 demptis.
2248 2453 2387 2511 Huic
2418 2470 2486 2509 ne
2513 2456 2581 2512 de
2607 2454 2845 2527 propriis
2874 2454 3131 2525 periisset
3163 2469 3306 2525 opus
3337 2454 3665 2518 miserantis,

591 2552 679 2608 Ἦ.
720 2552 873 2619 Quod
913 2554 1129 2609 miseros
1162 2554 1312 2624 fovit,
1354 2553 1553 2624 rigidos
1591 2553 1821 2623 dureq'te
1850 2551 2088 2605 domavit
2247 2547 2359 2604 Nec
2381 2549 2664 2620 gravitatis
2690 2564 2833 2604 OllliS
2861 2548 3221 2604 morientibus
3247 2546 3616 2618 imposuisset.

555 2641 677 2702 Nec
697 2645 1128 2726 despexit.opem
1159 2645 1359 2701 laceris
1388 2644 1637 2701 conferre
1662 2644 1893 2714 lcprosis
1920 2661 1933 2697 :
2248 2640 2459 2696 Estunc
2489 2642 2583 2713 qui
2614 2642 2823 2697 nullum
2857 2641 2961 2697 sub
2988 2656 3047 2696 se
3084 2640 3323 2702 retinere
3346 2640 3585 2707 volabat,

484 2727 501 2741 “
560 2735 669 2796 scd
702 2746 987 2809 promptus
1022 2737 1255 2792 lavacris
1283 2736 1527 2807 ipsorum
1572 2737 1816 2798 membra
1842 2733 2057 2802 refovit,
2251 2732 2357 2789 Sed
2389 2735 2491 2789 sibi
2516 2734 2792 2804 subjectos
2818 2733 3026 2789 studuit
3055 2732 3355 2788 dissolvere
3382 2740 3627 2797 cunctos,

554 2826 731 2883 Intrat
751 2829 805 2882 in
831 2829 948 2884 haec
967 2830 1132 2885 etiam
1166 2838 1289 2900 post
1312 2830 1432 2884 illos
1470 2830 1585 2899 ipse
1615 2828 1908 2890 lavandos,
2247 2823 2306 2879 In
2334 2825 2574 2895 propriis
2596 2825 2770 2880 durus
2796 2841 2863 2880 ne
2893 2834 3212 2880 censeretur
3237 2824 3453 2891 haberi,

558 2918 813 2991 Quidque
837 2918 1108 2992 Propheta
1144 2921 1235 2991 pio
1270 2921 1546 2991 quondam
1574 2929 1907 2991 praeceperat
1939 2934 2054 2986 ore,
2248 2915 2502 2973 Externis
2524 2918 2710 2972 mitem
2742 2917 2837 2987 qui
2863 2932 2922 2973 se
2951 2916 3195 2986 prmbere
3220 2916 3452 2986 parabat
3480 2934 3494 2969 :

556 3009 833 3087 Frangere
863 3012 958 3083 qui
986 3026 1187 3082 panem
1213 3011 1369 3082 jubet
1391 3012 1781 3079 esurientibus,
1808 3020 1973 3082 atque
2249 3009 2514 3082 Quodque
2537 3011 2711 3066 salute
2739 3010 2952 3065 lucrum
2985 3010 3283 3081 collegerat
3305 3024 3373 3063 ex
3402 3007 3650 3075 aliorum,

556 3101 619 3161 In
648 3111 849 3172 tectum
877 3104 1079 3159 Christi
1113 3104 1417 3159 conducere
1443 3104 1665 3158 mandat
1684 3118 1905 3175 egenos,
2174 3158 2216 3175 η
2248 3102 2352 3158 Per
2376 3102 2594 3174 pietatis
2622 3117 2761 3173 Opus
2788 3110 2973 3173 posset
2997 3101 3284 3157 cumulare
3306 3114 3557 3157 suorum.

562 3198 659 3266 Ille
685 3187 794 3256 Deo
819 3210 1010 3270 ptenus
1043 3197 1207 3255 surda
1238 3212 1345 3253 non
1377 3197 1609 3267 sumpsit
1632 3197 1702 3252 ab
1732 3212 1889 3258 aure.
2172 3158 2217 3219 Ο
2248 3194 2340 3251 IX.
2371 3194 2543 3261 Quam
2575 3195 2737 3266 fuerit
2759 3204 3007 3249 constans
3034 3194 3239 3253 rediens
3264 3211 3297 3246 a
3318 3184 3470 3264 parte
3496 3191 3794 3247 Britannum.

558 3288 675 3349 Nec
694 3290 798 3346 sibi
824 3290 1134 3361 conjunctis
1159 3297 1372 3345 tantum
1399 3287 1594 3348 solatia
1620 3288 1825 3353 carnis,
2247 3287 2520 3344 Doctrinm
2544 3286 2744 3358 agresti
2773 3286 2867 3357 qui
2891 3294 3183 3357 postquam
3210 3286 3411 3357 pabula
3445 3283 3590 3357 plebi

562 3379 668 3436 Sed
692 3378 946 3448 recreans
972 3382 1207 3446 animos,
1237 3379 1500 3451 impendit
1532 3379 1696 3434 verba
1720 3378 1945 3437 salutis:
2247 3380 2509 3445 Contulit,
2539 3380 2604 3436 ad
2628 3379 2858 3449 patriam
2881 3387 3139 3449 properat
3175 3393 3421 3433 remeare
3441 3377 3713 3433 relictam:

560 3472 629 3533 Et
663 3473 943 3528 solabatar
966 3473 1110 3531 sicut
1136 3472 1338 3544 pietate
1372 3471 1638 3539 misellos,
2248 3469 2510 3527 Messoris
2530 3470 2711 3540 cupidi
2740 3484 2948 3532 morem
2975 3484 3045 3524 ne
3077 3467 3219 3523 forte
3251 3466 3555 3539 sequendo,

559 3563 712 3620 Dura
736 3566 816 3622 sic
847 3564 1061 3621 domuit
1089 3565 1192 3621 sub
1215 3565 1528 3620 conditione
1552 3565 1842 3635 superbos.
2249 3561 2504 3631 Qumrere
2526 3562 2581 3616 in
2608 3561 2836 3616 alterius
2862 3560 3061 3632 gaudet
3094 3560 3224 3615 dum
3250 3559 3474 3630 praemia
3499 3569 3687 3622 messe,

559 3654 674 3713 Nec
711 3655 847 3713 foris
873 3657 1149 3714 humanus
1172 3656 1344 3712 valuit
1369 3656 1657 3712 devincere
1685 3667 1880 3725 terror,
2249 3653 2507 3712 Perderet
2534 3655 2650 3725 ipse
2677 3669 2847 3709 manu
2876 3652 3098 3724 propria
3122 3668 3288 3724 quam
3315 3657 3535 3707 severat
3558 3648 3732 3718 ipsam.

559 3745 796 3804 Interius
819 3747 1024 3805 Christi
1054 3764 1216 3819 quem
1242 3748 1671 3819 perlustraverat
1696 3750 1878 3805 ardor.
2317 3746 2522 3801 Christi
2559 3746 2690 3801 etin
2720 3745 3003 3817 obsequiis
3041 3753 3197 3801 tanto
3230 3741 3482 3816 ﬂagravit
3522 3737 3747 3801 anhelus:

443 3878 457 3894 .
559 3835 682 3894 Non
704 3836 806 3895 fuit
829 3854 861 3893 a
882 3846 1046 3893 vento
1075 3854 1201 3908 quae
1223 3841 1534 3903 turbaretur
1557 3838 1790 3905 arundo,
2250 3838 2469 3905 Quanto
2499 3838 2643 3893 diem
2667 3853 2837 3909 prope
2863 3837 3119 3907 cognovit
3148 3832 3252 3893 sibi
3289 3834 3543 3891 muneris

561 3928 757 3985 Posset
784 3938 847 3986 ut
875 3930 1039 3987 ullius
1060 3931 1249 4003 lingua
1275 3931 1495 3988 fallente
1516 3932 1721 3988 reﬂecti
1756 3951 1770 3991 :
2166 3970 2171 3971 κ
2251 3928 2498 4000 Denique
2516 3929 2779 3999 jejunans
2800 3930 2946 3985 vires
2968 3928 3153 3985 carnis
3174 3927 3508 3992 macerabat,

564 4022 794 4095 Semper
820 4024 917 4080 sed
938 4025 1111 4081 solide
1137 4025 1340 4082 sistens
1373 4026 1635 4081 bonitatis
1665 4025 1719 4080 in
1755 4040 1902 4092 arce,
2252 4020 2456 4077 Amisit
2485 4031 2658 4077 semet
2690 4021 2943 4092 vigilans,
2980 4020 3215 4076 munivit
3242 4028 3297 4075 et
3326 4033 3518 4084 orans,

562 4113 818 4183 Hmnano
847 4131 968 4173 sese
993 4118 1217 4188 tempsit
1250 4118 1638 4188 reprehendier
1662 4134 1775 4173 ore.
2251 4111 2629 4169 Consolidavit
2649 4127 2765 4182 spe,
2796 4111 2920 4166 fidei
2950 4110 3236 4182 prtecinxit
3258 4116 3312 4164 et
3347 4108 3524 4163 armis
3544 4152 3563 4175 ,

561 4206 659 4265 Sic
682 4207 918 4263 Domino
939 4209 1174 4280 plebem,
1201 4218 1256 4264 et
1291 4208 1510 4269 Domini
1537 4210 1637 4265 sibi
1658 4210 1843 4280 junxit
1884 4224 2150 4269 amorem.
2253 4202 2467 4261 Nullius
2489 4214 2652 4275 atque
2677 4203 2839 4259 malis
2862 4211 3046 4257 motus
3071 4201 3359 4256 maledicta
3384 4197 3646 4270 rependit.

603 4290 715 4353 VII.
748 4295 901 4368 Quod
933 4297 1141 4365 tribuit,
1160 4298 1264 4352 sibi
1290 4297 1368 4352 nil
1393 4300 1642 4365 retinens,
1675 4298 1856 4354 oblata
1879 4300 2120 4365 misellis.
2255 4296 2375 4353 Non
2400 4292 2605 4369 sprevit
2633 4311 2989 4369 quemquam,
3012 4294 3226 4350 nullum
3247 4293 3458 4364 decepit
3484 4290 3720 4347 adulans.

635 4389 813 4462 Hujus
837 4398 892 4449 et
914 4406 946 4447 a
967 4391 1170 4464 populo
1193 4391 1371 4447 sancti
1398 4391 1615 4447 devotio
1640 4401 1829 4448 sancta
2257 4389 2478 4447 Scilicet
2511 4399 2573 4445 ut
2603 4390 2728 4449 vita:
2760 4389 2952 4444 callem
2979 4387 3131 4461 prior
3154 4385 3533 4457 ingrederetur

563 4482 866 4555 Postquam
901 4482 1260 4554 conspicitur,
1297 4483 1514 4551 colitur,
1542 4494 1854 4550 veneratur,
1879 4494 2114 4550 amatur,
2184 4514 2233 4568 Ι)
2257 4482 2417 4549 Actu,
2449 4497 2613 4553 quem
2636 4482 2821 4552 plures
2849 4489 3039 4536 sancto
3063 4494 3319 4535 sermone
3351 4474 3599 4536 docebat.

566 4574 816 4633 Donatur
840 4576 1022 4641 donis.
1059 4576 1118 4641 In
1141 4592 1269 4632 eum
1292 4575 1427 4649 [lege
1450 4576 1505 4631 in
1528 4575 1618 4649 eo]
1643 4576 1862 4632 dilectio
1892 4577 2094 4648 duplex
2152 4588 2162 4609 κ
2258 4575 2351 4629 Sic
2375 4575 2528 4645 galea
2562 4583 2761 4640 tectus,
2787 4573 3002 4629 cinctus
3029 4572 3319 4645 gladioque
3344 4571 3562 4637 salutis,

568 4667 679 4727 Sed
706 4670 969 4741 quoniam
995 4668 1195 4737 fuerat,
1224 4670 1423 4740 partim
1448 4669 1708 4740 dispersit
1731 4669 1915 4740 egenis
2256 4663 2512 4736 Undique
2536 4664 2765 4735 iustitiae
2786 4664 3163 4721 circumdatus
3182 4673 3344 4735 atque
3366 4662 3561 4729 lorica,

566 4759 695 4824 Hac
718 4761 928 4826 eadem,
956 4760 1155 4832 partim
1193 4768 1385 4832 captos
1413 4776 1480 4815 ex
1507 4760 1702 4831 hisque
1724 4760 1974 4816 redemit.
2258 4756 2472 4813 Sanctaa
2501 4756 2667 4810 etiam
2703 4754 2828 4810 ﬁdei
2860 4763 3011 4811 tutus
3036 4754 3341 4809 munimine
3364 4753 3528 4819 scuti,

637 4852 886 4925 Namque
906 4853 1190 4910 diabolicis
1216 4854 1354 4911 alios
1374 4854 1654 4911 erroribus
1682 4863 1833 4911 actos
2257 4850 2341 4904 Ad
2367 4848 2567 4904 bellum
2599 4846 2761 4903 vivax
2785 4846 3072 4917 antiquum
3096 4845 3243 4900 vadit
3272 4844 3327 4899 in
3359 4844 3592 4910 hostem,

566 4943 628 4999 In
656 4944 895 5019 culpam,
932 4944 1092 5001 solvit
1112 4945 1236 5001 vitae
1266 4945 1596 5001 documenta
1626 4945 1977 5009 ministrans,
2257 4939 2409 4996 Illius
2434 4956 2499 4997 ac
2518 4940 2726 5011 pellens
2760 4938 3003 4995 ardentia
3036 4939 3143 4993 tela
3178 4937 3491 5008 frequenter

564 5032 859 5111 Mundanis
889 5034 1128 5091 dominis
1155 5037 1419 5110 retributo
1444 5046 1498 5093 et
1531 5051 1760 5091 munere
1785 5036 1951 5108 digno
2258 5028 2423 5098 Vicit,
2462 5040 2517 5086 et
2541 5029 2799 5087 Ecclesize
2830 5028 3034 5092 Christi
3066 5028 3239 5098 spolia
3271 5028 3451 5103 ampla
3478 5024 3684 5083 reduxit
3704 5040 3716 5052 ·

564 5123 759 5183 Plures
794 5126 977 5183 servili
1012 5127 1219 5198 positos
1247 5127 1350 5183 sub
1373 5128 1490 5199 lege
1517 5126 1771 5195 redemit,
2260 5121 2369 5193 Ipsi
2402 5131 2556 5177 tanto
2586 5122 2766 5193 magis
2790 5121 2937 5176 hosti
2963 5119 3289 5175 metuendus
3315 5120 3525 5190 iniquo,
3564 5194 3567 5195 ν

572 5212 645 5272 Ut
665 5223 892 5288 possent
918 5215 1117 5277 anima:
1146 5217 1309 5287 primi
1337 5218 1572 5289 gaudere
1602 5216 1798 5281 salute,
2164 5218 2167 5221 ’
2263 5213 2423 5269 Utilis
2454 5213 2709 5269 humanis
2734 5221 3002 5284 quantum
3026 5212 3227 5267 meruit
3257 5210 3372 5267 fore
3398 5209 3571 5289 [esse]
3598 5204 3779 5270 causis,

568 5305 734 5373 Ferre
748 5308 941 5381 j‘ugum
972 5306 1194 5374 Domini
1217 5309 1368 5365 fieret
1396 5309 1511 5364 leve
1532 5318 1698 5379 atque
1723 5308 1979 5364 secundis
2259 5305 2396 5362 Nam
2419 5306 2523 5362 sibi
2560 5321 2671 5360 non
2702 5306 2904 5371 solum,
2937 5304 3029 5360 sed
3062 5304 3253 5359 multis
3278 5302 3647 5360 subveniebat.

571 5393 706 5450 VIII.
737 5396 883 5456 Here
901 5398 1275 5469 prapltetarnm
1299 5396 1533 5469 implevit
1554 5398 1694 5470 quod
1720 5395 1952 5468 Spiritus
1977 5397 2150 5453 illum.
2262 5397 2503 5469 Denique
2524 5397 2822 5452 multorum
2842 5397 2990 5466 juste
3009 5396 3314 5452 celebratur
3342 5394 3411 5451 ab
3443 5408 3561 5459 ore,

568 5485 682 5544 Nec
706 5488 882 5559 solum
907 5480 1092 5544 divina
1114 5489 1318 5545 docens
1345 5488 1400 5543 in
1433 5488 1679 5558 partibus
1710 5488 1833 5544 istis
2258 5487 2459 5553 Multos
2485 5504 2584 5559 per
2606 5487 2889 5545 Christum
2914 5487 3008 5558 qui
3029 5485 3353 5542 defendebat
3380 5485 3446 5541 ab
3466 5485 3657 5539 hoste:

570 5577 814 5645 lnnotuit
853 5595 1107 5653 magnus,
1139 5580 1275 5637 clari
1302 5580 1398 5636 sed
1424 5580 1556 5637 solis
1579 5581 1646 5636 ad
1670 5583 1838 5636 instat
2258 5579 2429 5651 Cujus
2457 5581 2723 5636 virtutum
2752 5594 2859 5635 non
2895 5578 3034 5634 tanti
3062 5586 3145 5634 est
3168 5577 3351 5633 dicere
3379 5585 3551 5649 gesta,

572 5671 774 5743 Oceani
797 5674 1006 5746 glaucis
1026 5674 1121 5747 qui
1141 5690 1267 5731 mox
1295 5682 1356 5730 ut
1382 5674 1559 5746 surgit
1596 5674 1666 5729 ab
1704 5671 1869 5728 undis
2260 5672 2459 5751 Quanti
2494 5689 2617 5744 quae
2642 5671 2807 5728 fuerit
2831 5671 3007 5727 virtus
3034 5685 3365 5743 cognoscere
3391 5674 3558 5732 tanta,

573 5766 799 5848 Depellit
831 5768 998 5821 radiis
1031 5776 1185 5820 terrm
1208 5765 1437 5836 vestigia
1461 5766 1661 5833 noctis,
2257 5764 2482 5821 Multam
2512 5781 2618 5835 qua
2647 5765 2859 5836 plebem
2888 5763 3124 5818 Domino
3153 5761 3285 5818 dum
3312 5760 3445 5816 vivit
3468 5757 3682 5827 adnuat.
