4038 6420
279 352 412 411 1429
1581 343 1742 400 VITA
1783 345 1839 399 S.
1880 340 2203 401 RICHARII.
3417 338 3556 393 N30

276 463 530 521 indoctos
550 462 752 518 etenim
778 458 983 517 cmiesti
1006 472 1233 530 pascere
1261 472 1401 529 pane
1890 461 1935 519 Α
1967 453 2201 510 Sedulus
2228 469 2291 510 ac
2315 462 2513 519 teneat,
2544 452 2672 523 quia
2710 449 2859 507 nulla
2888 450 3129 522 potentia
3160 446 3347 506 mundi
3375 458 3481 517 est,

274 548 354 606 Ne
381 548 677 621 quisquam
702 545 932 613 dubitet,
970 545 1128 618 signo
1165 543 1312 615 quod
1334 543 1588 615 praevalet
1607 544 1778 598 omni.
1968 546 2101 613 Quae
2126 546 2258 601 dum
2288 562 2485 618 magna
2519 546 2686 617 viget,
2727 546 3203 600 tenuis'vacuatur
3229 552 3289 599 ut
3317 543 3510 599 umbra
3542 563 3555 593 .-

277 639 540 708 Quamvis
563 638 695 694 dum
722 645 956 708 tempus,
981 637 1113 692 dum
1136 634 1513 692 convenientia
1540 649 1723 689 rerum
1969 638 2147 696 Instar
2174 648 2228 695 et
2257 640 2468 712 exigua:
2498 640 2730 711 gignunt
2764 654 2927 710 quam
2956 638 3179 694 flumina
3202 653 3414 708 spumae

276 732 518 790 Poscunt
553 731 779 787 effectus
804 730 1149 801 nondeesset
1172 727 1311 784 mira
1338 726 1617 799 Operandi,
1970 731 2219 799 Labitur,
2245 732 2314 788 ad
2344 732 2620 789 modicum
2650 730 2697 787 si
2727 730 2821 786 ﬂat
2857 730 3086 786 tentatio
3110 730 3277 785 venti.

285 823 378 880 Vir
402 830 627 880 sanctus
654 821 888 878 Domino
909 835 1031 892 quae
1052 818 1384 876 concedente
1406 819 1633 890 peregit.
1842 878 1845 881 ,
1969 821 2142 877 Immo
2168 824 2500 894 pati‘tractet
2529 828 2765 895 magnos
2782 830 3055 883 tormenta
3083 829 3350 892 potenter,

332 914 404 971 Χ.
440 914 614 972 Orum
639 922 929 970 tentantem
963 929 1017 968 se
1050 911 1189 984 quod
1210 912 1559 983 prostrauerit
1587 912 1803 966 hostem.
1969 914 2183 985 Cuique
2203 913 2367 970 datur
2393 914 2650 982 multum,
2689 915 2923 970 multum
2945 922 3222 985 quaeretur
3250 913 3322 969 ab
3352 912 3443 967 illo
3472 935 3481 945 -
3562 918 3565 921 ’

282 1006 526 1078 Denique
552 1005 822 1062 sustinuit
854 1010 1098 1059 tentatus
1136 1002 1206 1057 ab
1238 1002 1396 1058 hoste
1423 1001 1697 1069 ruborem,
1970 1006 2076 1074 Qui
2105 1006 2195 1061 vix
2221 1015 2386 1078 διψία
2413 1006 2525 1062 Deo
2549 1008 2818 1062 rationem
2846 1006 3072 1062 reddere
3098 1021 3198 1076 pro
3232 1020 3292 1061 se

278 1097 455 1165 Quem
479 1095 698 1152 Domini
725 1096 902 1166 pietas
930 1094 986 1148 in
1013 1093 1196 1149 laudis
1218 1094 1383 1148 vertit
1406 1093 1690 1150 honorem.
1974 1095 2202 1164 Sufﬁcit,
2242 1112 2309 1152 cx
2340 1098 2528 1154 multis
2550 1113 2661 1169 quo
2685 1106 2843 1169 pacto
2867 1096 3010 1155 ferre
3033 1096 3268 1153 valebit?

285 1185 481 1244 Viscus
507 1185 754 1242 subsidio
783 1183 1079 1256 quamdam
1107 1183 1364 1239 suffultus
1390 1183 1592 1254 equino
1974 1186 2045 1242 Ut
2076 1189 2260 1258 praesit
2286 1189 2469 1259 potius
2495 1204 2660 1260 quam
2685 1188 2844 1244 subdi
2869 1188 3106 1258 quisque
3136 1188 3312 1243 vereri

278 1280 609 1346 Matronam,
637 1287 826 1335 sancta
863 1278 966 1334 sub
988 1277 1273 1350 relligione
1309 1276 1585 1347 pudicam,
1973 1277 2183 1337 Idcirco
2209 1280 2387 1349 debet.
2413 1280 2550 1337 Nam
2574 1280 2672 1352 qui
2697 1280 2982 1350 subjectus
3008 1280 3244 1335 habetur

282 1372 344 1430 In
374 1370 536 1442 cujus
569 1371 696 1427 vita:
722 1369 819 1440 qui
839 1377 1135 1441 postquam
1170 1376 1394 1439 pectora
1431 1376 1634 1424 sancta:
1973 1370 2080 1426 Pro
2109 1388 2169 1428 se
2195 1372 2434 1442 portabit
2456 1374 2574 1428 solo
2609 1371 2824 1443 pondus
2846 1371 3079 1426 rationis
3105 1390 3120 1426 :

282 1461 549 1536 Dogmata
573 1459 892 1529 transfudit,
915 1460 1159 1532 disponit
1188 1460 1327 1516 forte
1352 1459 1571 1516 reverti.
1974 1465 2044 1521 At
2065 1476 2257 1543 contra
2290 1466 2443 1539 regni
2465 1466 2563 1538 qui
2585 1466 2913 1523 sublimatur
2943 1466 3172 1531 honore,

281 1556 354 1612 At
387 1554 585 1611 mulier
614 1554 731 1610 nati
754 1553 1049 1625 deportans
1086 1554 1331 1610 membra
1360 1552 1543 1625 pusilli
1975 1558 2115 1614 Ante
2150 1558 2322 1614 Deum
2364 1559 2616 1630 proprio,
2650 1558 2951 1613 multorum
2987 1566 3043 1612 et
3076 1556 3224 1614 fasce
3261 1564 3559 1628 premetur.

282 1645 598 1719 Insequitur
621 1657 894 1715 sanctum,
928 1654 1203 1717 quatenus
1242 1646 1591 1702 benedicerct
1617 1645 1790 1711 illum,
2046 1648 2173 1707 Haec
2195 1650 2437 1706 sobriam
2459 1650 2606 1722 regis
2629 1657 2878 1721 penetrat
2900 1649 3169 1707 correctio
3192 1657 3457 1720 mentem,

281 1735 361 1792 De
387 1735 558 1792 fontis
588 1750 745 1791 sacra
776 1750 939 1807 quem
962 1735 1077 1807 jam
1107 1743 1426 1806 susceperat
1451 1735 1620 1791 unda.
1908 1805 1947 1813 _
1980 1739 2157 1813 thue
2184 1758 2321 1799 suus
2340 1741 2437 1798 fiat
2468 1732 2648 1813 poscit
2675 1744 2903 1798 conviva
2931 1742 3206 1799 sacerdos.

282 1829 330 1885 Δ
358 1838 662 1900 sanctoque
688 1827 785 1884 Dei
809 1829 925 1900 jam
960 1828 1051 1901 vix
1077 1828 1284 1883 infante
1314 1838 1551 1900 recepto,
1886 1805 1951 1911 _B
1981 1831 2182 1889 Norma
2204 1834 2300 1905 qui
2332 1832 2541 1891 Christi
2567 1832 2740 1893 fretus
2775 1834 3027 1890 convivia
3047 1835 3248 1891 mundi

283 1918 526 1991 Antiquo
549 1918 782 1976 insidias
810 1919 969 1975 hoste
996 1929 1283 1976 exercente
1318 1929 1584 1985 vetustas,
1978 1922 2097 1980 Non
2122 1927 2494 1997 aspernantis,
2521 1927 2783 1983 doctrinae
2812 1927 3033 1982 occasio
3064 1928 3219 1986 nasci

284 2010 550 2069 Dentibus
577 2010 863 2068 infremuit
883 2012 1127 2085 sonipes,
1164 2011 1504 2085 pedibusque
1532 2012 1734 2069 relaxis
1977 2018 2057 2074 Ex
2086 2020 2192 2077 hoc
2220 2030 2281 2075 ut
2305 2028 2514 2092 posset,
2537 2020 2778 2092 regalem
2808 2019 2959 2075 venit
2988 2019 3056 2075 ad
3077 2019 3281 2083 aulam,

285 2099 528 2159 Vertitur
547 2103 605 2158 in
630 2102 860 2170 rabiem,
890 2103 1193 2174 curritque,
1225 2103 1479 2175 salitquc,
1509 2113 1779 2175 meatque.
1976 2109 2215 2183 Occupat
2235 2122 2398 2185 atque
2423 2112 2567 2169 diem
2597 2120 2766 2168 totam
2788 2127 2914 2166 cum
2937 2120 3098 2168 nocte
3132 2121 3415 2181 sequente,

283 2195 441 2267 Quod
464 2211 720 2265 cernens,
751 2197 1001 2269 stupidus
1032 2199 1265 2271 gcuilrix
1291 2199 1486 2257 avertit
1511 2200 1732 2266 ocellos,
1978 2202 2115 2260 Vitae
2141 2205 2379 2261 caelestis
2415 2206 2663 2276 praebens
2691 2203 3041 2275 epulantibus
3073 2220 3253 2261 escas.

284 2288 569 2348 Interitum
596 2291 753 2362 pueri
775 2291 960 2347 videat
989 2308 1056 2347 ne
1081 2290 1221 2348 forte
1250 2294 1483 2350 ruentis.
1977 2294 2149 2367 Cujus
2181 2304 2236 2351 et
2271 2297 2328 2351 in
2364 2305 2578 2352 tantum
2608 2297 2799 2352 mulsit
2827 2298 3132 2353 constantia
3157 2313 3361 2369 regem,

282 2380 385 2439 Ast
414 2382 706 2453 utriusque
732 2382 933 2439 timens
962 2383 1227 2439 damnum
1252 2384 1448 2456 vulgus
1477 2384 1829 2452 famulorum,
1978 2388 2238 2456 Quendam
2260 2389 2328 2446 de
2353 2390 2576 2461 proprio
2610 2405 2779 2446 censu
2814 2398 2874 2445 ut
2903 2390 3224 2446 concederet
3260 2390 3361 2457 illi,

282 2472 403 2532 Non
431 2475 610 2541 fletus,
642 2475 916 2546 planctus,
944 2477 1127 2532 luctus
1149 2478 1398 2533 emittere
1429 2489 1628 2534 cessat.
1982 2479 2135 2537 Unde
2157 2482 2252 2543 Dei
2276 2482 2480 2554 templo
2503 2491 2689 2553 posset
2713 2483 2900 2539 lucere
2924 2482 3150 2538 lucerna
3183 2500 3197 2533 :

284 2566 506 2628 Petrum
528 2575 877 2624 cunctantem
904 2568 999 2624 sed
1021 2584 1144 2639 quce
1169 2571 1412 2641 suscepit
1439 2571 1491 2625 in
1517 2572 1697 2638 undis,
1982 2568 2220 2627 Omnino
2240 2572 2453 2642 justum
2480 2582 2762 2644 reputans,
2785 2581 2844 2628 ut
2867 2573 3011 2628 sicut
3036 2572 3104 2627 ab
3132 2573 3225 2627 illo

286 2659 429 2718 Dum
456 2660 650 2717 cecidit
675 2676 907 2731 puerum
935 2670 1228 2717 conservat
1255 2661 1477 2718 dextera
1503 2662 1731 2720 Christi.
1980 2664 2291 2721 lllustratus
2318 2674 2436 2721 erat
2460 2665 2648 2721 divino
2667 2665 2898 2734 lumine,
2925 2666 3187 2736 templum

287 2755 513 2814 Munera
540 2770 779 2826 namque
804 2770 1028 2826 precum
1051 2765 1341 2827 postquam
1370 2757 1609 2828 porrexit
1631 2758 1687 2813 in
1710 2759 1878 2813 altum
1982 2756 2207 2812 Munere
2236 2757 2440 2814 visibili
2473 2755 2693 2812 Domini
2721 2758 3022 2813 illustraret
3045 2767 3101 2814 et
3134 2759 3271 2828 ipse.

294 2846 388 2903 Vir
414 2845 654 2914 Domini,
684 2846 888 2901 illacsus
912 2840 1049 2916 puer
1078 2846 1479 2918 incolumisque
1507 2858 1728 2920 repente
2052 2848 2167 2903 XII.
2201 2848 2356 2914 Quod
2392 2850 2561 2905 vitare
2594 2849 2775 2905 volens
2797 2850 3034 2904 homines
3064 2849 3273 2904 deserta
3301 2852 3506 2921 petiuit.
3558 2882 3563 2887 ~

289 2938 370 2996 Ad
397 2947 599 2997 terram
623 2937 794 3005 venit,
817 2947 1004 2994 vector
1029 2938 1193 2994 datur
1222 2947 1385 3009 atque
1421 2941 1615 3011 quieti,
1983 2941 2240 2996 Pluribus
2264 2957 2295 2995 a
2330 2942 2550 3012 populis
2573 2942 2704 3012 quia
2729 2943 2815 2998 vir
2838 2941 3057 2997 Domini
3089 2932 3396 3011 veneratur,

290 3026 359 3090 Et
378 3038 554 3087 mater
578 3030 722 3087 laetis
749 3030 957 3101 prolem
988 3032 1331 3103 amplexatur
1365 3032 1420 3087 in
1451 3033 1595 3088 ulnis
1621 3052 1632 3087 :
1986 3032 2258 3104 Aspectus
2293 3033 2579 3088 hominum
2610 3035 2783 3090 vitare
2803 3034 3000 3090 exinde
3027 3034 3281 3090 volebat:

289 3122 373 3183 Ad
398 3122 569 3180 decus
590 3132 645 3180 ct
665 3122 857 3181 famuli
882 3116 1149 3211 Dominus
1177 3126 1259 3181 sic
1281 3127 1561 3182 transtulit
1580 3127 1773 3185 hostis.
1911 3162 1960 3225 Ο
1988 3124 2061 3181 Ut
2092 3126 2223 3181 dum
2257 3134 2507 3182 terrenos
2534 3128 2729 3182 cautus
2759 3127 2966 3181 devitat
2988 3126 3248 3192 honores,

288 3214 556 3283 Fraudes,
588 3233 654 3272 ac
687 3216 883 3272 humili
909 3217 1121 3272 doctrix
1149 3215 1253 3271 fuit
1281 3216 1368 3271 ala
1391 3218 1645 3287 superba.
1919 3214 1959 3225 “’
1988 3214 2462 3295 Contemplaretur
2493 3232 2679 3273 secum
2709 3217 2953 3275 caelestia
2976 3225 3210 3273 tantum.

289 3307 541 3380 Denique
567 3308 774 3364 nullius
797 3309 970 3365 voluit
994 3307 1363 3365 conscendere
1386 3310 1629 3379 posthaec
1990 3306 2256 3364 Mundum
2285 3308 2531 3366 deseruit
2552 3296 2815 3378 mundus,
2847 3326 3203 3382 eremumque
3229 3312 3454 3385 cupivit,

292 3400 468 3459 Dorsa
497 3399 699 3460 ferocis
730 3401 880 3473 equi,
915 3402 1099 3472 potius
1126 3400 1220 3457 sed
1258 3401 1408 3458 mitis
1438 3402 1594 3458 aselli
1620 3421 1632 3457 :
1987 3398 2069 3455 Ad
2098 3399 2304 3456 cultum
2338 3399 2557 3457 Domini
2580 3415 2692 3471 quo
2727 3409 2914 3472 posset
2932 3402 3068 3457 liber
3089 3402 3297 3469 haberi,

291 3492 497 3567 Nempe
528 3504 746 3562 tenens,
778 3502 1010 3550 mortem
1041 3502 1299 3565 properat
1322 3494 1454 3550 dum
1493 3508 1711 3551 sumere
1740 3493 1884 3563 Vita,
1986 3491 2453 3563 Contemplativos
2474 3501 2528 3547 et
2552 3508 2667 3564 quo
2690 3492 2980 3564 decerpere
3004 3490 3237 3560 fructus,

289 3583 404 3643 Isto
427 3585 573 3657 quod
600 3583 695 3639 vili
722 3582 887 3640 fuerit
914 3583 1219 3657 gestamine
1245 3590 1423 3640 vecta.
1992 3582 2131 3639 Dum
2165 3592 2313 3640 tenet
2344 3583 2556 3640 activos
2592 3582 2662 3639 ad
2683 3597 2826 3654 quos
2859 3598 2969 3638 non
2992 3582 3177 3656 segnis
3198 3583 3440 3651 anhelat,

292 3677 475 3736 Causa
504 3678 769 3735 doctrinae
791 3678 872 3735 sic
901 3678 1032 3735 dum
1057 3676 1178 3735 loca
1202 3679 1358 3749 plura
1386 3688 1662 3751 peragrat,
1989 3678 2340 3736 Pertractans
2367 3677 2663 3733 Dominum
2687 3686 2899 3749 partem
2926 3674 3187 3734 laudasse
3216 3675 3422 3743 Mariae,

295 3772 531 3830 Sedulus
552 3773 682 3831 huic
705 3782 897 3830 sancto
920 3773 1063 3829 lator
1089 3773 1303 3829 suffecit
1334 3775 1557 3831 asellus.
1988 3770 2203 3844 Optima
2232 3770 2380 3843 quod
2410 3769 2592 3838 fuerit,
2623 3771 2770 3841 quod
2797 3786 2905 3825 non
2928 3777 3212 3840 raperetur
3236 3769 3305 3824 ah
3328 3769 3441 3823 illa.

294 3864 364 3923 Et
387 3882 718 3939 quocunque
743 3867 829 3923 sui
865 3883 1093 3939 gressus
1122 3867 1355 3938 vestigia
1381 3866 1552 3937 ﬂexit,
2063 3863 2179 3921 Hoc
2212 3879 2547 3931 memorans,
2587 3863 2757 3918 vitam
2795 3862 3079 3919 contendit
3119 3862 3270 3918 adire
3298 3872 3584 3929 remotam,

294 3958 404 4033 Aut
423 3968 646 4015 resonat
674 3957 895 4015 Christo
918 3968 1108 4017 sancto
1137 3958 1512 4015 modulamine
1541 3960 1806 4031 psalmos,
1990 3955 2111 4022 Quo
2141 3955 2436 4011 rimaretur
2456 3953 2700 4010 ctelestia
2727 3954 2844 4010 sola
2869 3953 3204 4024 frequenter.

292 4049 449 4107 Illius
478 4060 574 4108 aut
600 4052 827 4108 verbum
852 4052 1116 4109 doctrina:
1138 4052 1363 4109 auditur
1392 4053 1462 4108 ab
1495 4068 1612 4111 ore.
1993 4046 2239 4103 Tradidit
2264 4045 2571 4103 Ecclesium
2602 4060 2704 4103 nec
2731 4060 2839 4100 non
2862 4059 3029 4115 quam
3060 4042 3262 4100 fecerat
3290 4044 3407 4115 ipse

294 4141 635 4218 Necmirum
659 4146 845 4217 lingua
876 4145 1159 4202 Christum
1189 4146 1236 4201 si
1266 4147 1526 4218 praedicat
1553 4147 1689 4221 ipse,
1994 4137 2109 4196 Sub
2134 4154 2266 4196 cura
2295 4138 2524 4194 alterius
2552 4136 2928 4208 procuratoris
2954 4136 3281 4192 habendam.

292 4236 343 4294 Δ
370 4238 530 4310 cujus
555 4238 737 4295 sobria
766 4238 1042 4295 modicum
1065 4254 1167 4296 nec
1193 4247 1374 4296 mente
1403 4240 1672 4299 recessit:
1990 4230 2092 4289 Cui
2128 4231 2466 4289 Giselmarus
2491 4230 2688 4286 divinae
2708 4229 2845 4301 legis
2874 4237 3089 4284 amator

295 4324 404 4385 Per
426 4344 590 4400 quem
618 4328 895 4386 consuluit
919 4330 1158 4397 miseris,
1190 4329 1474 4402 durusque
1502 4330 1756 4401 superbis
1994 4325 2187 4383 Editus
2222 4333 2277 4380 et
2302 4324 2452 4382 clara
2475 4322 2799 4378 Maurontus
2836 4321 3005 4392 stirpe
3037 4327 3348 4391 parentum,

295 4419 543 4488 Exstitit,
572 4436 829 4492 angorem
863 4420 1050 4478 solans
1071 4423 1367 4478 clementer
1393 4437 1610 4490 eorum;
1991 4420 2191 4477 Terras
2213 4428 2269 4474 et
2298 4419 2467 4475 silvas
2490 4417 2635 4489 regis
2658 4416 2855 4474 collata
2885 4425 3127 4487 potestas
3163 4462 3173 4471 .

295 4510 469 4583 Inque
501 4527 731 4582 crepans
751 4513 924 4586 rigide
953 4529 1136 4570 mores
1170 4524 1571 4585 compresserat
1598 4516 1821 4573 horum.
1923 4527 1970 4583 ι)
1994 4514 2095 4569 Cui
2125 4520 2255 4569 tunc
2290 4510 2542 4567 servandi
2572 4510 2769 4574 fuerat,
2798 4508 3041 4563 tribuere
3068 4506 3327 4562 manendi

368 4602 460 4658 XI.
486 4602 654 4671 Quod-
663 4603 811 4676 fama
833 4612 1008 4659 motus
1033 4604 1169 4659 hunc
1188 4605 1313 4660 visit
1342 4621 1434 4661 rex
1462 4604 1813 4677 Dagobertus.
1996 4604 2056 4661 In
2091 4604 2227 4661 silva
2264 4601 2507 4671 loculum
2537 4600 2717 4656 devoti
2747 4598 3181 4655 Chrisciacense.

296 4695 566 4770 Tempore
589 4712 716 4752 nam
745 4696 985 4769 quodam
1014 4697 1188 4753 sancti
1215 4712 1436 4753 rumore
1461 4706 1688 4754 coactus
1997 4695 2103 4764 Qui
2124 4702 2251 4766 post
2270 4691 2594 4748 Maurontus
2621 4688 2807 4745 divino
2837 4688 3037 4745 ductus
3061 4702 3270 4753 amore,

295 4788 486 4847 Militis
508 4798 671 4862 atque
700 4790 785 4845 sui
809 4788 1095 4860 cujusdam
1124 4787 1443 4845 Gisclemari
1997 4787 2182 4843 Armis
2203 4784 2468 4855 depositis
2492 4783 2737 4839 habitum
2758 4781 2992 4852 sumpsit
3026 4779 3408 4836 monachilem.

302 4882 596 4954 Snggestu,
624 4889 809 4952 partes
836 4879 1095 4952 praefatus
1121 4880 1269 4936 venit
1292 4880 1346 4936 in
1383 4880 1504 4937 illas
1995 4876 2136 4933 XIII.
2172 4875 2326 4943 Quod
2344 4875 2594 4947 templum
2615 4872 2861 4928 inloculo
2889 4872 2992 4927 sibi
3014 4888 3256 4927 concesso
3278 4870 3591 4941 aediﬁcavit.

298 4973 414 5030 Rex
445 4973 796 5046 Dagobertus,
823 4972 1087 5030 famulum
1112 4972 1439 5045 Dominique
1469 4973 1675 5041 revisit,
1997 4970 2119 5038 Quo
2147 4984 2280 5025 vero
2305 4969 2361 5024 in
2384 4968 2566 5024 loculo
2588 4975 2779 5024 sancto
2807 4965 3018 5037 magale
3042 4972 3309 5036 pararunt
3582 4963 3597 4967 ’⁷

301 5065 373 5123 Se
402 5066 631 5137 cupiens
653 5065 895 5126 hominis
914 5065 1172 5137 precibus
1200 5066 1545 5123 committere
1567 5067 1726 5123 tanti.
1993 5060 2214 5118 Praefati
2248 5061 2465 5126 heroes,
2492 5058 2627 5130 jecit
2648 5058 2970 5114 fundamina
3002 5057 3187 5128 templi

299 5153 474 5224 Quem
508 5170 665 5213 sacer
686 5154 941 5227 egregius
970 5155 1192 5227 gemino
1213 5155 1473 5227 dignatur
1493 5158 1699 5213 honore
1731 5176 1747 5213 :
1999 5154 2257 5219 Sanctus,
2292 5165 2348 5208 et
2392 5167 2555 5218 nanc,
2594 5166 2706 5205 uno
2746 5158 2960 5205 tantum
2989 5149 3287 5206 comitante
3312 5148 3589 5216 m.nistro,

299 5244 544 5304 Roborat
580 5246 727 5301 hunc
755 5254 960 5302 sanctae
989 5253 1182 5301 sancto
1212 5245 1521 5316 signamine
1538 5247 1743 5302 dextra:
1994 5244 2304 5318 Ingreditur
2335 5245 2527 5301 cellam
2551 5243 2645 5298 vili
2668 5243 2900 5298 nimium
2930 5249 3082 5298 strue
3105 5240 3328 5307 factam,

300 5337 543 5411 Corrigit
571 5337 832 5394 audacter
852 5351 1052 5408 passus
1081 5335 1297 5394 nescire
1323 5346 1591 5405 verenter,
1998 5338 2253 5414 Congrue
2271 5353 2383 5410 quo
2416 5338 2542 5398 vitae
2569 5336 2723 5391 fieret
2757 5335 3023 5391 habitatio
3048 5341 3252 5390 saneta:
3277 5353 3291 5387 :
3348 5382 3351 5383 ν

303 5428 552 5488 Suadens
585 5430 920 5487 mundanam
957 5429 1177 5501 penitus
1221 5438 1572 5486 contemnere
1605 5445 1890 5501 pompam,
2001 5432 2106 5500 Qui
2137 5432 2333 5488 temnit
2356 5429 2623 5486 mundum
2658 5428 2978 5494 decernens,
3000 5441 3122 5482 esse
3151 5424 3450 5496 superbum

300 5523 572 5582 Credulus
599 5541 664 5582 ac
685 5524 888 5597 linguis
917 5523 1095 5581 discat
1116 5538 1226 5578 non
1251 5539 1374 5580 esse
1403 5520 1650 5580 dolosis:
2003 5524 2238 5580 Delicias
2266 5521 2459 5577 mundi
2488 5520 2536 5578 si
2557 5519 2933 5591 conspiciatur
2958 5519 3189 5577 habere.

298 5616 531 5689 Nonque
557 5619 893 5675 caducorum
914 5617 1178 5690 gradibus
1201 5616 1464 5689 gauderet
1491 5617 1785 5684 honorum,
2004 5617 2224 5674 Duriter
2248 5632 2315 5673 ac
2345 5629 2467 5672 sese
2494 5622 2608 5670 tam
2637 5610 2989 5668 mortificavit
3008 5610 3217 5667 ibidem.

302 5710 408 5766 Sed
433 5711 609 5783 magis
645 5709 859 5768 Eterni
881 5711 1135 5768 formidet
1156 5727 1319 5782 posse
1344 5711 1601 5784 potentis,
2001 5709 2179 5766 Orans
2204 5719 2258 5765 et
2277 5707 2530 5781 vigilans,
2560 5705 2765 5778 jejunia
2797 5704 3099 5776 crebraque
3133 5694 3583 5773 solvens(perso¥

300 5801 454 5861 Illius
476 5811 641 5877 atque
668 5819 770 5862 suo
791 5812 1009 5860 maneat
1036 5805 1156 5861 laus
1181 5820 1396 5876 semper
1427 5804 1483 5861 in
1515 5820 1608 5861 ore
1635 5820 1654 5859 τ

3181 5792 3381 5869 ﬁcus.)
