4038 6386
605 304 737 361 1451

606 419 677 476 Ut
704 423 793 478 vix
821 424 1097 494 iuncturis
1122 429 1392 487 haererent
1419 449 1545 492 ossa
1584 438 1804 507 relaxis,

604 512 830 570 Ditﬁcile
862 525 917 572 et
940 520 1180 589 trepidos
1204 522 1400 579 baculo
1424 530 1650 585 custode
1679 534 1930 590 movebat

604 603 839 662 Cressus
868 625 881 662 :
919 623 985 663 ac
1013 611 1285 669 scandens
1306 614 1473 671 animi
1509 621 1799 678 conamine
1827 628 2119 697 mundum,

607 694 834 765 Semper
860 708 1041 755 mente
1066 702 1159 771 pia
1186 712 1385 762 tractat
1406 710 1649 768 caelestia
1679 716 1815 771 sola.

602 783 742 882 Illic
761 789 973 847 alienus
1006 803 1122 850 erat
1150 788 1319 866 seclo,
1340 800 1671 875 Christoque
1696 809 2055 882 propinquus.

603 878 760 935 Illum
785 885 1060 956 pugnabat
1085 898 1296 957 contra,
1318 884 1664 965 expugnabat
1685 907 1742 953 et
1776 878 1950 971 illum,

599 971 704 1039 Qui
730 973 1012 1036 Iretabaiur
1039 981 1319 1048 quondam
1342 987 1487 1056 quod
1510 989 1701 1045 vicerit
1731 992 1925 1061 Adam,

598 1065 925 1137 Aspipedem
954 1087 1118 1140 super
1148 1073 1403 1132 incedens
1437 1078 1600 1135 simul
1626 1089 1680 1136 et
1704 1082 2041 1153 basiliscum,
2098 1107 2103 1111 ·

598 1158 823 1232 Antiqui
847 1173 1017 1235 caput
1042 1167 1262 1224 assidue
1291 1173 1611 1228 contr-iverit
1644 1176 1840 1234 hostis.
1904 1206 1905 1209 η

598 1251 918 1323 Despiciens
945 1265 1147 1313 terram
1182 1262 1309 1316 cmli
1330 1265 1571 1335 suspirat
1594 1267 1661 1322 ad
1683 1271 1887 1338 aulam,

596 1341 702 1399 Per
728 1347 1040 1418 scalamque
1058 1349 1225 1407 Jacob
1242 1353 1448 1425 jugiter
1474 1360 1771 1417 scandebat
1797 1363 1863 1417 ad
1891 1362 2072 1418 illam:

597 1435 776 1507 Atque
799 1455 894 1509 per
921 1453 1213 1513 angustum
1243 1448 1337 1517 qui
1359 1449 1511 1505 ducit
1536 1451 1604 1506 ad
1635 1454 1834 1509 aethera
1860 1456 2073 1523 callem,

597 1526 887 1589 Continuis
924 1535 1176 1602 precibus
1202 1538 1435 1594 munivit
1456 1541 1560 1598 iter
1586 1545 1978 1600 venerandum.

668 1620 779 1678 Nec
813 1625 1085 1683 strictura:
1118 1631 1287 1684 eremi
1320 1632 1461 1689 lucis
1487 1634 1734 1691 clausere
1755 1637 2065 1692 columnam
2095 1657 2108 1692 :

596 1712 794 1781 Ampio
815 1715 948 1784 quin
985 1718 1147 1773 etiam
1181 1720 1400 1777 radians
1431 1721 1642 1795 fulgore
1664 1725 1894 1782 refulsit.

596 1800 777 1869 Quare
802 1808 1112 1879 multigenis
1133 1811 1316 1880 plures
1342 1816 1639 1886 angoribus
1665 1818 1769 1873 acti

593 1896 677 1951 Ad
705 1902 1189 1964 sanctumco‘ivere
1218 1904 1416 1973 virum,
1451 1923 1592 1977 quos
1619 1909 1737 1979 ipse
1763 1910 2001 1983 benigne

595 1985 934 2061 Suscipiens,
970 2008 1167 2053 sanare
1195 2011 1415 2066 precum
1442 2002 1651 2056 studuit
1679 2003 1965 2059 medicinis
1993 2021 2005 2057 :
2048 2011 2059 2015 ·

593 2078 661 2134 Et
686 2098 798 2152 quo
822 2084 1056 2156 quisque
1081 2086 1185 2143 fuit
1208 2091 1401 2146 morbo
1427 2104 1675 2160 vexatus,
1699 2096 1767 2149 ad
1802 2095 1982 2165 ipsum

588 2172 888 2242 Accedens,
923 2193 1091 2235 sanus
1121 2183 1398 2252 propriam
1432 2187 1696 2241 remeavit
1724 2187 1791 2242 ad
1818 2187 2013 2244 :edem.

586 2263 731 2320 XIV.
759 2268 891 2327 Cum
928 2270 1132 2339 [urnula
1165 2283 1382 2329 sanctus
1408 2275 1643 2347 loquitur
1668 2278 1734 2332 de
1766 2287 1932 2332 morte
1966 2279 2169 2348 futura.

586 2358 688 2413 Ast
721 2376 823 2431 ego
851 2362 1079 2419 virtutes
1103 2365 1267 2436 hujus
1295 2382 1405 2422 non
1430 2379 1683 2438 promere
1705 2379 1933 2426 cunctas

588 2447 878 2521 Proposui,
914 2456 1044 2511 vitae
1062 2457 1159 2512 sed
1185 2466 1398 2514 tantum
1428 2459 1661 2531 insignia
1690 2470 1893 2517 sanctae
1924 2483 1938 2519 :

588 2540 665 2596 Ne
687 2544 915 2599 nimium
941 2548 1110 2604 tardae
1134 2548 1264 2603 dum
1291 2550 1512 2620 judicor
1539 2568 1661 2608 esse
1689 2554 1937 2623 loquela},

566 2634 723 2701 -Quae
746 2637 856 2707 egit
882 2639 1184 2695 multorum
1213 2641 1494 2713 signorum
1525 2643 1668 2699 fama
1698 2654 1957 2715 tepescat.

591 2725 828 2796 Spiritus
863 2730 966 2786 hoc
1002 2748 1242 2801 praesens
1269 2735 1475 2790 seclum
1509 2752 1621 2806 quo
1645 2736 1748 2792 ﬁne
1778 2738 2000 2809 reliquit

586 2821 780 2877 Dicere
799 2822 914 2892 jam
942 2825 1076 2879 satis
1100 2836 1203 2891 est,
1234 2827 1410 2882 doctis
1438 2828 1554 2883 haec
1576 2830 1692 2899 ipsa
1728 2831 2065 2901 relinquens.

1595 318 2039 377 ANGELRALVNI
2059 322 2349 383 ABBATIS
2386 329 2860 391 CENTULENSIS

3704 338 3802 396 133!

2209 457 2260 514 Α
2286 451 2552 511 Cernebat
2578 456 2839 526 Phcebus,
2864 461 3117 517 transivit
3146 458 3211 515 ad
3238 459 3433 516 aethera
3461 466 3696 514 sanctus:

2291 542 2464 613 Quem
2493 564 2684 605 servus
2710 553 2893 621 posuit
2923 552 3115 609 vivens
3148 552 3241 607 ubi
3262 552 3501 622 jusserat'
3526 551 3647 622 ipse.

2292 637 2396 694 Sed
2425 641 2624 695 mirum
2658 643 2807 697 dictu
2831 647 2843 698 !
2871 646 3080 715 peragit
3104 643 3235 699 dum
3265 642 3451 697 funera
3484 640 3647 696 Patris

2287 729 2621 802 Diseipulus,
2650 736 2831 790 subito
2850 753 2910 793 se
2932 737 3264 808 subripiente
3299 750 3489 806 sopore

2287 820 2644 902 Obdormivit,
2681 828 2883 883 claram
2914 830 3072 900 quasi
3108 829 3411 884 traheretur
3441 827 3492 881 in
3523 825 3705 891 aulam,

2287 915 2436 973 Vidit
2459 929 2512 974 et
2533 920 2588 974 in
2609 921 2751 987 visu,
2778 922 3065 991 pulchram
3090 921 3369 992 nimioque
3396 921 3605 983 decore,

2286 1009 2527 1082 Quaeque
2561 1012 2724 1067 etiam
2752 1014 2901 1068 rutili
2926 1014 3174 1087 vincebat
3201 1014 3404 1068 lumina
3432 1012 3593 1075 solis;

2285 1105 2344 1161 In
2367 1123 2475 1177 qua
2502 1106 2822 1167 Richarium
2844 1125 3074 1165 cernens
3103 1109 3348 1164 habitare
3366 1109 3599 1173 beatum,

2284 1198 2503 1255 Audivit
2522 1215 2713 1256 vocem
2739 1201 2911 1273 ipsius
2942 1203 3047 1258 sibi
3069 1202 3195 1257 talia
3224 1200 3423 1256 fantem
3448 1217 3463 1254 :

2284 1290 2386 1358 En,
2414 1291 2598 1360 frater,
2624 1283 2845 1364 qualem
2883 1294 3137 1350 Christus
3167 1293 3302 1352 mihi
3335 1291 3562 1348 contulit
3588 1291 3751 1356 aedem,

2266 1383 2391 1439 -Pro
2422 1385 2520 1440 vili
2543 1386 2787 1453 charam,
2817 1384 3111 1457 fulgentem
3136 1401 3236 1457 pro
3266 1385 3569 1450 tenebrosa,

2284 1472 2390 1530 Pro
2415 1474 2552 1530 fumi
2575 1477 2735 1546 plena
2769 1485 2923 1532 tanto
2952 1476 3162 1548 fulgore
3182 1492 3491 1532 coruscam.

2283 1564 2388 1633 Qui
2418 1576 2707 1638 postquam
2731 1582 2925 1624 somno
2953 1566 3055 1623 fuit
3074 1576 3423 1638 experrectus
3448 1566 3514 1620 ab
3539 1566 3642 1631 illo,

2282 1657 2484 1715 Laetior
2511 1659 2834 1730 obsequium
2872 1660 3224 1730 compleverit
3245 1658 3642 1729 exsequiarum,

2287 1751 2617 1823 Disponente
2636 1751 2768 1819 Deo,
2798 1753 2921 1808 talis
2944 1752 3053 1807 tain
3082 1752 3303 1823 grandis
3329 1760 3386 1804 ut
3414 1765 3580 1819 angor

2211 1814 2256 1876 Β
2285 1814 2504 1899 Soletur
2529 1814 2832 1911 famuli,'et
2856 1814 3190 1899 monstretur
3211 1843 3380 1914 gloria
3410 1814 3596 1897 sancti.

2277 1935 2323 1989 Α
2349 1935 2556 1991 famulo
2590 1944 2815 1992 sanctus
2840 1935 2981 1993 sicut
3006 1935 3166 1990 retuli
3191 1934 3473 2006 sepelitur,

2234 2058 2235 2061 η
2277 2026 2395 2095 Qua
2419 2026 2625 2083 Christi
2647 2028 2790 2099 regis
2817 2028 3055 2084 servibat
3081 2028 3318 2081 maxime
3338 2025 3501 2080 votis.

2347 2118 2456 2175 Nec
2484 2120 2740 2176 diuturna
2765 2120 2983 2191 quidem
3013 2126 3138 2190 post
3159 2117 3443 2172 intervalla
3475 2114 3633 2179 fuere,

2275 2212 2460 2269 Abbas
2491 2228 2617 2268 cum
2658 2212 2943 2268 monachis
2978 2226 3118 2282 quos
3145 2208 3375 2264 Ceutula
3405 2208 3600 2263 fundus
3618 2204 3803 2260 habebat

2274 2303 2589 2373 Ocioaldus,
2611 2305 2696 2359 vir
2726 2319 2836 2359 non
2858 2318 3039 2374 parva:
3064 2301 3366 2373 relligionis

2275 2386 2433 2464 Quod
2454 2397 2620 2463 venit,
2645 2397 2818 2452 sancti
2845 2410 3044 2464 corpus
3071 2393 3194 2447 tulit
3218 2402 3380 2464 atque
3403 2389 3613 2445 Richari

2274 2487 2459 2545 idibus
2480 2487 2750 2554 Octobris,
2777 2487 3067 2558 posuitque
3088 2485 3181 2539 ubi
3213 2500 3360 2539 nunc
3393 2481 3682 2553 requiescit.

2276 2581 2332 2636 In
2361 2598 2469 2653 quo
2492 2596 2632 2651 saepe
2654 2580 2776 2636 loco
2800 2579 3049 2635 miranda
3073 2576 3186 2632 Deo
3215 2575 3489 2630 tribuente

2274 2673 2459 2739 Fiunt,
2498 2671 2844 2729 sancta‘ﬁdes
2868 2678 3124 2725 orantum
3157 2682 3269 2738 quo
3298 2665 3539 2737 pateﬁat,

2274 2765 2353 2821 Ac
2374 2766 2582 2821 meritis
2617 2764 2774 2834 cujus
2806 2762 2970 2817 fuerit
3003 2776 3159 2818 sacer
3182 2760 3271 2814 ille
3297 2759 3522 2819 sciatur,

2274 2856 2564 2913 Psalmista
2592 2864 2759 2927 utque
2780 2855 2945 2921 canit,
2973 2840 3225 2908 Christus
3244 2849 3500 2905 laudetur
3527 2848 3576 2900 in
3598 2846 3692 2900 illo.

659 2912 905 3015 1Τίίληκῖυξδ
924 2915 1067 3015 ἀίίξω
1100 2933 1333 2973 noscens
1367 2920 1551 2975 carnis
1589 2936 1695 2989 qua
1723 2935 1923 2990 ponere
1958 2931 2180 2991 “amen
2274 2948 2391 3003 XV.
2427 2912 2981 3015 Quidami‘outracleis
3003 2945 3065 3014 ﬁt
3084 2960 3246 2998 sanus
3260 2942 3433 2996 sancti
3456 2938 3592 3010 apud
3617 2948 3805 2992 antrum.

591 3004 844 3073 Deberet,
869 3007 1013 3079 longi
1039 3023 1241 3064 munus
1265 3026 1458 3081 capere
1476 3020 1638 3082 atque
1676 3013 1874 3068 laboris
1899 3032 1911 3079 ;

588 3098 835 3153 Accersit
865 3098 1128 3167 famulum
1157 3102 1257 3157 sibi
1285 3103 1380 3172 qui
1419 3102 1596 3158 fuerat
1620 3104 2004 3174 S’gobardum,

588 3188 760 3255 Quem
786 3190 866 3246 sie
888 3191 1201 3249 demulcens
1230 3194 1427 3249 aﬂatur
1461 3210 1593 3250 voce
1618 3205 1842 3265 paterna
1872 3216 1884 3251 :

588 3279 646 3335 θ’
658 3282 754 3349 ﬁli,
785 3285 1062 3353 propriam
1088 3300 1310 3341 carnem
1338 3286 1446 3343 cito
1468 3302 1633 3342 cerno
1653 3290 1940 3357 ruendam,

588 3374 873 3446 Quemque
893 3376 987 3432 diu
1014 3377 1159 3447 cupii
1185 3389 1537 3450 conspectum
1577 3382 1721 3452 regis
1747 3381 1928 3437 adibo.

591 3464 702 3523 Vas
726 3484 840 3537 quo
866 3468 1134 3527 condatur
1168 3485 1367 3539 corpus
1393 3472 1486 3527 sed
1515 3486 1676 3543 perge
1698 3488 1932 3543 parare,

586 3557 705 3614 Non
738 3560 909 3616 nimio
942 3562 1122 3629 cultu,
1145 3562 1238 3618 sed
1264 3564 1449 3620 carnis
1474 3573 1535 3619 ut
1565 3566 1733 3636 exigit
1763 3582 1918 3633 usus,

587 3648 827 3721 Tempus
850 3652 1096 3722 adusque
1121 3653 1252 3708 illud
1279 3669 1391 3723 quo
1411 3666 1765 3711 conservetur
1786 3657 2006 3724 ibidem,

585 3746 708 3813 Quo
738 3748 1161 3819 ineorruptclam
1190 3759 1370 3805 sumet
1395 3750 1672 3821 corruptio
1701 3759 1918 3806 cuncta.

585 3839 772 3911 Teque
794 3857 927 3911 para
951 3858 1165 3912 semper
1197 3851 1310 3898 toto
1333 3845 1639 3911 conamine,
1672 3843 1860 3910 frater,

586 3932 721 3999 Quae
745 3935 877 3989 mihi
902 3952 1050 3991 nunc
1073 3937 1244 3993 instat
1266 3937 1365 3992 tibi
1389 3952 1500 4008 quo
1534 3953 1660 3993 cum
1682 3937 1889 3993 venerit
1912 3939 2069 4000 hora,

585 4023 700 4081 lloe
724 4025 913 4097 fragile
932 4029 1139 4098 absque
1161 4038 1308 4085 metu
1343 4030 1524 4100 possis
1543 4031 1813 4100 deponere
1843 4046 2063 4100 corpus.

582 4115 704 4186 Ipse
728 4117 871 4173 viam
894 4120 1115 4189 gradior
1142 4121 1304 4175 tellus
1324 4136 1491 4191 quam
1521 4129 1633 4175 tota
1660 4121 1865 4175 tenebit
1890 4162 1909 4178 .

596 4208 899 4265 Subveniat
928 4211 1063 4265 mihi
1087 4228 1234 4267 nunc
1253 4211 1453 4269 Christi
1482 4214 1767 4267 clementia
1795 4221 2027 4274 tantum.

582 4299 753 4354 Iirua‘.
776 4313 939 4371 atque
966 4304 1128 4358 modo
1158 4303 1284 4358 tetri
1308 4305 1376 4359 de
1408 4303 1565 4360 fauce
1599 4305 1792 4371 leonis,

580 4391 724 4448 Oiim
752 4402 926 4448 morte
948 4410 1049 4448 sua
1068 4395 1163 4465 qui
1186 4410 1277 4450 me
1296 4395 1565 4452 subtraxit
1585 4397 1655 4451 ab
1684 4397 1793 4451 illa.

584 4482 653 4538 Et
674 4485 767 4555 qui
798 4488 1085 4556 praesentis
1114 4487 1302 4543 tribuit
1333 4487 1601 4544 solamina
1629 4488 1774 4556 vitaz,

578 4577 827 4649 Largiter
863 4579 979 4649 ipse
1007 4580 1141 4635 mihi
1162 4581 1423 4636 concedat
1444 4580 1588 4635 dona
1618 4580 1832 4637 futurae.

653 4670 778 4727 Ilaec
806 4670 1003 4726 Pater:
1034 4681 1105 4727 at.
1127 4671 1286 4727 fletus
1338 4671 1604 4728 famulum
1646 4673 1891 4728 solvebat
1916 4688 2140 4730 amarus

580 4762 787 4831 Sponte
811 4764 900 4832 pia
928 4772 1110 4819 tamen
1134 4764 1310 4835 ipsius
1329 4773 1597 4835 praecepta
1627 4750 1870 4832 secutus,

576 4852 803 4910 Inventa
828 4855 1007 4927 ligno,
1023 4856 1304 4928 ﬁnditque,
1338 4866 1622 4927 cavatque,
1654 4868 1936 4928 paratque,

579 4944 760 5018 thue
784 4948 947 5014 valet,
974 4949 1457 5019 satagitmembris
1488 4958 1674 5019 aptare
1704 4949 1948 5019 paternis
1972 4969 1985 5003 :

578 5037 845 5110 Quodque
879 5056 1017 5110 opus
1045 5041 1242 5108 effecit,
1270 5050 1501 5097 minatus
1526 5042 1790 5111 plorando
1809 5042 2011 5113 rigavit

578 5131 724 5189 Pene
754 5134 914 5203 prius
954 5133 1212 5205 Iaerymiis
1249 5133 1482 5203 implens
1508 5148 1676 5203 quam
1703 5132 2158 5204 eorporePatris.

648 5223 859 5280 Interea
894 5241 926 5280 a
961 5224 1366 5280 famulosancti
1389 5225 1518 5279 dum
1539 5226 1694 5295 jussa
1718 5226 1945 5293 ﬁebant,

581 5315 888 5387 Languoris
912 5317 1130 5387 gravior
1159 5326 1411 5372 sanctum
1434 5317 1943 5389 decoxeratangor,

579 5405 647 5459 Et
665 5406 847 5468 viain
863 5409 1038 5478 gelido
1068 5407 1373 5478 permansit.
1390 5422 1621 5478 corpore
1642 5408 1821 5464 ﬂetus.

578 5498 653 5554 Os
684 5507 863 5557 tamen
896 5516 926 5554 a
957 5501 1212 5571 precibus
1246 5500 1452 5555 Christi
1473 5516 1575 5555 nec
1597 5501 1756 5556 laude
1781 5502 2058 5572 repressit.

578 5590 827 5662 Dumque
850 5592 1185 5647 salutiferam
1211 5592 1381 5646 divini
1400 5592 1651 5662 reip-aris
1664 5608 1844 5649 escam

581 5682 850 5749 Sumeret,
875 5685 1112 5739 assiduis
1138 5683 1373 5740 fundens
1393 5685 1718 5755 mgitamina
1746 5686 1945 5749 verbis,

578 5775 743 5835 Sexto
772 5779 902 5835 dum
927 5776 1103 5835 Maias
1133 5778 1397 5833 mundum
1428 5778 1701 5833 celebrare
1730 5776 1998 5833 Kalendas

2276 3040 2606 3096 Contractus
2629 3037 2891 3094 membris
2925 3036 3050 3091 ﬁdei
3074 3034 3167 3090 sed
3193 3034 3391 3089 robore
3412 3030 3585 3096 fortis,

2276 3131 2506 3199 Quidam
2530 3146 2671 3201 saepe
2692 3144 2893 3200 rogans
2923 3126 3099 3183 sancti
3118 3125 3367 3181 veniebat
3391 3123 3458 3177 ad
3488 3129 3704 3175 antrum.

2276 3221 2374 3277 Hie
2397 3221 2578 3276 subito
2605 3220 2786 3275 loculo
2809 3217 3094 3273 discedens
3121 3231 3289 3270 sanus
3323 3212 3508 3267 abillo

2273 3315 2555 3372 Gloriﬁcat
2580 3311 2895 3376 Dominum,
2922 3308 3067 3380 quod
3092 3309 3171 3363 sic
3194 3305 3453 3362 suﬁ‘ultus
3476 3302 3664 3359 abibat.

2272 3407 2383 3463 Nec
2412 3416 2592 3463 tamen
2624 3405 2714 3459 hic
2738 3404 2890 3459 solus
2923 3401 3122 3456 meruit
3150 3399 3351 3454 sentire
3373 3397 3643 3465 juvamen,

2274 3498 2417 3567 Quin
2457 3497 2621 3553 etiam
2647 3495 2802 3550 multi
2825 3493 3020 3549 similis
3045 3507 3183 3562 quos
3215 3488 3388 3561 gratia
3416 3486 3559 3541 visit.

2269 3588 2412 3647 XVI.
2452 3590 2604 3654 Quod
2634 3588 2805 3643 sancti
2837 3585 3035 3639 meritis
3082 3582 3360 3637 solvuntur
3392 3578 3565 3633 tincta
3614 3587 3798 3629 reorum.

2272 3671 2505 3750 Quidam
2538 3679 2819 3737 constricti
2844 3676 3037 3731 vinclis
3059 3674 3338 3744 vinctique
3362 3670 3571 3726 catenis

2266 3756 2374 3830 Per
2398 3774 2589 3831 callem
2616 3771 2818 3840 templo
2835 3770 3076 3824 vicinum
3101 3766 3240 3822 forte
3276 3763 3502 3819 Richari

2271 3845 2691 3921 Deducebantur
2724 3881 2736 3916 :
2763 3861 2911 3932 quod
2948 3876 3074 3914 mox
3107 3874 3135 3912 a
3167 3858 3326 3929 longe
3353 3855 3541 3910 videre

2201 3966 2231 4019 ᾖ
2273 3958 2343 4013 Ut
2373 3965 2624 4028 possunt,
2655 3957 2897 4011 clamant
2925 3970 2939 4008 :
2971 3950 3173 4006 Christi
3199 3964 3302 4004 nos
3324 3948 3475 4004 solve
3498 3943 3739 4001 sacerdos.

2268 4027 2467 4106 Ferrea
2495 4057 2624 4104 tunc
2650 4036 2860 4102 meritis
2885 4027 3216 4113 rumpuntur
3236 4039 3455 4095 vincula
3480 4035 3662 4093 sancti.

2267 4141 2433 4197 XVII.
2476 4139 2669 4194 Frater
2707 4138 2966 4204 salvetur,
3014 4136 3190 4206 plures
3233 4150 3353 4187 cum
3391 4140 3533 4202 peste
3587 4124 3801 4199 peribant.

2273 4234 2376 4290 Sed
2399 4234 2528 4304 quid
2556 4246 2849 4302 perpessus
2884 4228 3047 4284 fuerit
3067 4227 3135 4283 de
3162 4226 3421 4280 fratribus
3450 4238 3593 4278 unus

2272 4322 2460 4379 Sancti
2485 4318 2748 4387 Richarii,
2786 4335 2934 4374 nunc
2961 4317 3127 4388 exigit
3159 4316 3295 4372 ordo
3319 4314 3543 4370 referre.

2270 4413 2520 4469 Crudelis
2540 4411 2823 4482 quondam
2846 4409 3027 4465 clades
3055 4407 3261 4462 multos
3286 4404 3582 4476 perimebat

2201 4515 2242 4569 ι)
2268 4491 2555 4577 Indigenas
2578 4512 2757 4580 terrm,
2788 4502 2906 4557 dira
2929 4515 3035 4570 qua
3061 4499 3297 4569 denique
3322 4497 3476 4552 clade

2272 4597 2459 4654 Sancti
2489 4590 2793 4667 percutitur
2819 4591 3038 4647 Richari
3073 4606 3105 4646 e
3132 4590 3395 4644 fratribus
3437 4602 3578 4642 unus
3618 4604 3630 4638 ι

2270 4689 2375 4756 Qui
2397 4690 2523 4743 licet
2555 4687 2781 4742 exitium
2818 4686 3012 4739 mortis
3041 4698 3142 4753 pro
3176 4681 3329 4738 clade
3362 4680 3594 4743 timeret,

2270 4777 2449 4834 Vitam
2478 4778 2579 4833 sub
2606 4786 2758 4832 tanto
2779 4775 2968 4830 didicit
2995 4788 3216 4844 sperare
3243 4779 3494 4842 patrono.

2267 4870 2410 4942 Ergo
2446 4870 2511 4924 ad
2543 4868 2884 4922 mausoleum
2911 4862 3141 4919 fratrum
3168 4862 3464 4917 comitante
3492 4866 3691 4913 caterva

2269 4959 2455 5016 Sancti
2482 4956 2890 5029 confugitvelut
2910 4956 2976 5010 ad
3018 4954 3213 5009 solatia
3251 4958 3422 5007 certa.

2269 5049 2518 5120 Dumque
2538 5063 2728 5117 preces
2752 5047 2825 5100 ibi
2846 5053 3169 5100 cunctorum
3195 5039 3499 5096 funduntur
3520 5038 3588 5092 ab
3604 5047 3713 5093 ore.

2269 5142 2375 5208 Qui
2410 5119 2585 5195 fuerat
2624 5152 2838 5208 passus,
2861 5135 3058 5206 gaudet
3084 5132 3361 5188 discedere
3386 5119 3566 5185 sanus.

2304 5230 2489 5285 XVIII.
2543 5230 2655 5283 Vox.
2693 5226 3026 5283 exhortantis
3064 5242 3198 5279 nexa
3224 5232 3302 5277 est
3361 5224 3417 5275 in
3461 5221 3566 5289 ﬁne
3610 5210 3770 5270 (ierim

2268 5322 2500 5394 Colligat
2526 5321 2731 5376 auditor
2761 5318 2890 5389 quid
2926 5324 3112 5373 nostra
3138 5316 3273 5370 ﬁdes
3291 5321 3580 5368 mereatur.

2260 5413 2681 5469 Intercesserem
2703 5426 2744 5465 s.
2776 5409 2956 5475 nobis,
2980 5408 3278 5479 quaerimus
3312 5404 3480 5469 illum,

2261 5504 2396 5561 Tam
2432 5505 2540 5560 cito
2564 5516 2855 5572 corporeos
2880 5501 2976 5571 qui
2997 5497 3240 5555 assuevit
3268 5497 3464 5566 pellere
3489 5491 3716 5552 morbos.

2261 5597 2397 5652 Nam
2420 5597 2674 5651 meritum
2706 5593 2882 5649 sancti
2912 5598 3223 5646 monstrant
3241 5587 3498 5644 miracula
3526 5593 3683 5655 gesta,

2261 5688 2514 5744 Cernitur
2540 5696 2704 5758 atque
2720 5698 2967 5755 sequens
2980 5682 3163 5737 vitam
3178 5681 3395 5752 signare
3412 5672 3640 5748 priorem
3666 5692 3683 5725 :

2263 5780 2541 5850 Quodque
2552 5779 2653 5833 fuit
2676 5787 2917 5842 sanctus,
2948 5782 3137 5830 narrat
3157 5780 3286 5844 post
3304 5769 3495 5825 funera
3519 5774 3703 5829 νπως.

2199 3158 2240 3216 C
