4038 6394
234 323 256 378 l
267 320 375 380 435

235 415 313 469 En
342 429 551 485 pauper
575 413 803 481 Christi,
836 413 1065 487 fratrum
1095 413 1385 484 perpende‘
1408 423 1647 482 caterva,

231 490 409 576 Ipsius
434 521 673 580 consors
687 516 780 579 est
808 505 985 563 factus
1016 506 1332 562 divitiarum
1373 526 1389 561 ;
1672 550 1675 551 ν

232 599 338 667 Qui
398 609 523 655 ante
570 599 764 656 oculos
797 600 1081 655 hominum
1138 594 1424 669 despectus
1467 608 1523 655 et
1558 614 1682 655 esse
1723 615 1820 654 cu-

1617 691 1816 765 [pirit,

233 787 533 860 Anglorum
562 784 942 860 [Angelorum]
978 785 1155 840 socias
1192 800 1337 838 nunc
1380 784 1576 856 gaudet
1620 784 1831 849 habere,

1486 875 1770 949 [cohortes
1803 895 1816 931 :

235 970 449 1041 Quique
471 972 526 1026 in
561 971 814 1042 prmsenti
838 969 1041 1025 mundo
1066 968 1256 1024 vitavit
1276 970 1536 1036 honores,

235 1063 500 1138 Laetatur,
539 1064 739 1119 omium
770 1063 971 1118 meruit
993 1061 1089 1132 qui
1122 1062 1246 1132 jure
1266 1061 1513 1131 perenni.

304 1154 642 1229 Cunctorum
690 1155 888 1225 dignus
940 1162 1273 1225 quapropter
1327 1154 1534 1208 honore
1586 1153 1819 1215 videtur,

236 1244 573 1319 Cunctorum
610 1244 840 1300 Domino
871 1245 1017 1301 mitis
1043 1245 1137 1316 qui
1169 1260 1384 1315 semper
1418 1244 1664 1299 adluesit.

236 1324 466 1407 Expedit
486 1345 540 1392 et
564 1337 858 1407 nobispra:
886 1338 1098 1393 cunctis
1120 1337 1268 1393 hunc
1300 1337 1564 1413 venerari,

236 1430 390 1487 Illius
418 1430 678 1486 membris
700 1429 796 1500 qui
821 1430 1097 1486 cernimur
1123 1444 1246 1485 esse
1287 1428 1579 1499 pr0pinqui
1607 1445 1621 1480 :

238 1522 310 1578 Ut
345 1538 485 1594 quos
507 1522 734 1578 nutrivit
773 1522 941 1577 divini
970 1521 1178 1577 semine
1204 1519 1386 1587 Verbi,

234 1615 461 1672 Noverit
483 1616 727 1676 haeredes
761 1615 979 1672 sibimet
1008 1614 1301 1670 succedere
1323 1614 1536 1684 dignos.

236 1698 319 1763 Illi
355 1723 457 1764 nec
484 1710 699 1763 tantum
722 1698 914 1763 sancto
942 1706 1185 1761 laudatio
1215 1713 1425 1770 nostra,

238 1798 390 1855 Illius
419 1809 688 1870 quantum
714 1797 923 1854 confert
959 1798 1194 1852 imitatio
1218 1799 1396 1852 nobis.

238 1890 485 1962 Denique
508 1892 631 1962 plus
653 1891 849 1963 gaudet
874 1891 920 1946 si
951 1890 1075 1961 quis
1126 1890 1302 1945 bonus
1351 1889 1503 1943 illum
1557 1888 1822 1955 imitatur,

239 1981 424 2050 Quam
445 1983 492 2039 si
511 1984 756 2040 clamoso
777 1999 986 2040 vacuus
1010 1984 1136 2054 quis
1162 1982 1421 2054 praedicat
1448 1996 1561 2037 ore.

1509 319 1672 374 VITA
1710 319 1765 376 S.
1810 319 2132 380 RICHARII.

3363 322 3504 380 1455

1853 417 1894 474 Α
1993 414 2149 472 Unde
2175 415 2365 473 Patres
2395 417 2571 473 sancti
2614 414 2920 489 fratresque
2945 419 3253 489 cohorsque
3304 416 3500 479 ﬁdelis.
3531 452 3535 454 ν

1920 507 2143 569 Festum
2169 510 2348 565 devoti
2370 510 2467 580 qui
2492 509 2627 566 tanti
2658 509 2836 565 Patris
2866 509 3080 577 adistis,

1922 599 1992 657 Ut
2020 602 2140 658 sitis
2164 601 2314 673 digni
2339 602 2581 658 studium
2603 617 2856 658 exercere
2884 603 3110 671 laboris,

1920 693 2097 765 Ipsius
2118 695 2373 764 precibus
2394 695 2564 750 vestri
2588 710 2699 766 quo
2724 703 2850 750 vota
2872 704 3097 766 rogatus
3167 761 3171 765 ν

1920 786 2303 843 Conscendant
2330 788 2533 844 summi
2561 788 2683 843 solii
2710 787 2926 857 fastigia
2950 788 3117 859 regis;

1924 880 2324 951 Spiritualivos
2354 882 2503 951 ipsos
2536 889 2727 935 ornate
2758 881 2970 946 decore,

1922 970 1979 1025 In
2007 971 2163 1026 vobis
2184 971 2382 1041 duplex
2404 971 2582 1043 vigeat
2607 970 2827 1025 dilectio
2863 986 3097 1040 semper,

1922 1063 2155 1118 Assidue
2190 1077 2253 1119 ac
2289 1071 2510 1118 maneat
2535 1063 2651 1133 spei
2680 1062 2914 1134 ﬁdeique
2944 1062 3165 1117 lucerna

1923 1152 2210 1226 Quamque
2242 1155 2429 1212 Patres
2449 1155 2621 1211 sancti
2646 1171 2893 1210 normam
2924 1155 3159 1209 docuere
3186 1153 3404 1218 'secuti,
3470 1148 3473 1151 ’

1923 1246 2061 1316 Ipsis
2088 1247 2143 1301 in
2164 1248 2307 1314 cmlo
2341 1256 2399 1301 ut
2433 1248 2657 1317 possitis
2675 1247 3003 1303 consociari.

1928 1335 2106 1408 thue
2139 1335 2294 1409 jubet
2321 1337 2525 1394 Paulus
2549 1338 2741 1395 mundi
2774 1340 3023 1393 nocitura
3055 1346 3339 1410 negantes,

1925 1430 2175 1487 Contenti
2194 1432 2366 1502 justo,
2394 1432 2556 1487 saeclo
2576 1432 2775 1486 vivatis
2803 1431 2856 1486 in
2884 1432 3011 1496 isto,

1928 1523 2234 1577 Adventum
2262 1522 2480 1577 Domini
2502 1532 2812 1594 spectantes
2834 1536 3095 1592 spemque
3129 1521 3368 1583 beatam,

1906 1613 2034 1680 .Qui
2060 1630 2161 1669 nos
2184 1630 2219 1669 a
2249 1615 2443 1671 vinclis
2478 1616 2674 1670 mortis
2725 1614 3011 1670 moriendo
3057 1612 3306 1677 redemit,

1931 1706 2136 1763 Exutos
2158 1708 2317 1779 culpa
2352 1709 2613 1780 populum
2639 1717 2698 1763 ut
2738 1707 3067 1764 facereLsibi
3096 1717 3311 1777 gratum
3330 1748 3344 1771 ,

1855 1777 2234 1871 B‘Gloriacui
2251 1777 2361 1869 par
2396 1777 2481 1853 est
2503 1815 2627 1854 cum
2654 1798 2815 1853 Patre
2842 1806 2896 1852 et
2932 1797 3177 1851 Flaminc
3200 1805 3410 1851 sancto.

2002 1890 2086 1944 Sit
2114 1889 2251 1947 satis
2284 1891 2399 1945 lucc
2425 1891 2601 1945 sancti
2623 1891 2690 1945 de
2712 1892 2823 1947 vita
2846 1906 3020 1960 pauca
3047 1890 3259 1955 tulisse,

1818 2040 1823 2046 _
1927 1979 2049 2035 Jam
2076 1981 2233 2037 labor
2265 1982 2513 2052 exposcit
2535 1983 2771 2053 primum
2812 1982 2969 2037 finire
3000 1981 3259 2036 libellum.
3302 1996 3303 1999 ‘

1367 2134 1647 2212 LIBRI
1714 2134 1791 2213 ΙΙ
1855 2133 2406 2213 CAPITULA.

831 2290 1217 2348 PROLOGUS.

240 2391 309 2447 In
345 2386 853 2458 eouihilsiagulare
876 2386 1216 2458 continetur:
1246 2384 1312 2437 de
1347 2383 1602 2453 scriptore
1658 2382 1826 2436 mira-

685 2457 924 2511 culorum
952 2457 1062 2510 hwc
1095 2456 1373 2510 habentur.

239 2554 374 2621 Qua:
396 2553 526 2622 quia
560 2549 911 2627 rnetboricus
972 2548 1211 2618 scriptor
1261 2561 1551 2601 numerosa
1594 2544 1831 2609 videbat,

239 2643 386 2700 Cura
424 2643 529 2714 fuit
566 2642 813 2715 geminos
837 2642 914 2695 illi
939 2641 1119 2696 facere
1134 2640 1260 2695 inde
1288 2638 1520 2693 libellos.

238 2739 370 2796 CAP.
400 2738 441 2793 I.
477 2736 631 2794 Villa:
654 2735 905 2810 Sidrudis
927 2735 1176 2806 quzedam
1205 2733 1449 2789 narratio
1486 2734 1646 2788 mira.

240 2831 306 2887 II.
347 2830 425 2886 De
460 2822 697 2900 quadam
721 2830 839 2884 tilia
874 2828 930 2882 in
954 2828 1083 2882 villa
1108 2827 1240 2898 quid
1265 2826 1494 2899 contigit
1517 2826 1652 2897 ipsa.

240 2922 329 2981 III.
375 2922 771 2997 Erupitsancti
791 2920 1012 2979 meritis
1033 2921 1179 2994 quod
1206 2918 1331 2977 fans
1358 2921 1416 2977 in
1450 2920 1661 2976 eadem.

240 3017 332 3073 IV.
360 3017 598 3088 Sanatujr
619 3017 795 3073 sancti
826 3015 1024 3079 mulier
1050 3014 1368 3087 Burgundio
1395 3013 1543 3069 vino.

243 3109 311 3165 V.
350 3109 706 3166 Contrahitur
735 3109 985 3180 quaedam
1027 3107 1309 3174 meretrix,
1340 3115 1569 3162 sanatur
1597 3113 1651 3161 et
1690 3105 1827 3175 ipsa.

244 3200 335 3258 VI.
373 3202 620 3257 Pessima
644 3201 932 3271 cujusdam
963 3199 1152 3256 miseri
1176 3198 1407 3268 piscatio
1436 3197 1596 3252 luris.

245 3292 359 3367 Vl}.
400 3292 626 3348 Femina
655 3291 954 3348 contractis
978 3290 1233 3345 manibus
1285 3294 1514 3344 sanatur
1561 3288 1828 3356 utrisque.

246 3382 383 3441 VIII.
425 3381 529 3451 Qui
561 3380 650 3438 fur
676 3396 785 3437 non
810 3380 989 3436 fuerat
1022 3380 1244 3450 quidam
1288 3394 1391 3450 pro
1428 3378 1550 3434 fure
1594 3385 1830 3433 tenetur.

1935 2286 2064 2359 (Hic
2102 2288 2243 2358 apud
2281 2288 2455 2344 Anam
2473 2304 2617 2342 mum
2674 2289 2931 2429 inseri3ur
2963 2296 3252 2339 contracta:
3320 2282 3525 2337 ’emiuc
3602 2306 3610 2313 ο

2607 2368 2834 2412 curatio.

2607 2368 2834 2412 curatio.

1936 2449 2026 2505 IX.
2059 2450 2136 2504 Ex
2160 2459 2316 2507 utero
2338 2451 2531 2507 matris
2565 2459 2794 2506 sanatur
2823 2465 2965 2505 caeca
3006 2448 3205 2518 puella.

1932 2538 2001 2593 X.
2030 2540 2250 2596 Fratres
2272 2541 2554 2597 Danorum
2592 2542 2791 2596 tollunt
2818 2539 3109 2595 formidine
3131 2544 3405 2593 sanctum.

1936 2630 2024 2686 XI.
2070 2631 2204 2687 Dum
2238 2633 2481 2690 referunt
2509 2640 3029 2699 sanctum,sanatur
3049 2628 3341 2701 languidus
3357 2641 3541 2701 unus.
3616 2672 3632 2684 ..

1934 2721 2048 2778 XII.
2084 2723 2193 2779 Nec
2225 2742 2345 2780 non
2372 2726 2705 2798 hydropicus
2728 2723 2903 2779 reditu
2933 2723 3175 2777 salvatur
3209 2730 3263 2775 ct
3284 2719 3423 2789 ejus.

1933 2816 2071 2875 XIII.
2102 2820 2279 2877 Unius
2305 2821 2459 2894 pueri
2485 2820 2758 2878 refovctur
2792 2817 2971 2877 debile
3004 2829 3224 2888 corpus.

1939 2915 2079 2973 XIV.
2120 2915 2197 2970 De
2225 2914 2465 2985 quodam
2493 2929 2638 2969 caeco
2664 2917 2948 2967 contracto
2984 2917 3039 2963 et
3067 2912 3453 2977 corpore'toto.

1935 3004 2055 3063 XV.
2102 3005 2345 3061 Donatur
2380 3004 2502 3060 visu
2527 3002 2778 3074 quaedam
2796 2998 3120 3056 muliercula
3141 3011 3306 3052 eatea.

1936 3098 2079 3154 XVI.
2103 3098 2403 3168 Cujusdam
2424 3097 2595 3151 vincti
2620 3101 2951 3164 rumpuntur
2973 3091 3190 3146 vincula
3219 3087 3367 3143 ferri.

1934 3190 2101 3245 XVII.
2136 3189 2366 3245 Luditur
2391 3187 2580 3241 illusor
2605 3184 2829 3256 quidam
2858 3183 2988 3238 dum
3027 3178 3273 3250 pervenit
3301 3176 3368 3232 ad
3403 3190 3530 3231 nos.

1932 3281 2122 3338 XVIII.
2160 3280 2401 3354 Erigitur
2437 3277 2610 3334 sancti
2641 3277 2697 3331 in
2721 3274 2860 3331 festo
2882 3279 3161 3329 contracta
3190 3269 3387 3340 puella.

1935 3373 2077 3429 XIX.
2102 3373 2284 3430 Altera
2314 3382 2466 3444 peste
2486 3369 2605 3442 pari
2629 3368 2880 3441 quaedam
2904 3364 2965 3420 lit
2985 3378 3120 3420 sana
3148 3361 3347 3433 puella.

1350 3527 1867 3606 CAPITULA
1948 3527 2225 3605 LIBRI
2310 3524 2469 3601 IlI.

705 3722 709 3726 _
850 3660 1240 3719 PROLOGUS.

612 3755 792 3829 (Nihil
819 3756 974 3811 habet
1000 3763 1187 3809 natatu
1222 3753 1487 3825 dignum.)

248 3851 379 3908 Car.
401 3849 444 3905 I.
470 3847 534 3904 In
557 3849 684 3905 visu
704 3849 840 3904 vidit
863 3848 1060 3904 mulier
1090 3840 1421 3917 paupercula
1457 3853 1729 3903 sanctum.

248 3942 315 3998 II.
349 3942 588 3999 Sanctus
607 3940 883 3997 furantem
921 3939 1215 4011 quemdam
1253 3939 1498 4008 increpat
1540 3946 1707 4009 atque
1741 3938 1840 3992 lla-

654 4093 659 4097 .
1548 4030 1762 4103 [gehat.

249 4127 339 4182 Ill.
379 4125 440 4181 In
465 4127 643 4183 sancti
663 4125 804 4181 festo
826 4126 1062 4182 moritur
1081 4124 1401 4184 muliercula
1425 4132 1636 4181 texens.

248 4217 339 4273 IV.
379 4217 621 4291 Erigitur
646 4217 897 4289 quaedam
928 4218 1128 4274 misere
1164 4225 1447 4273 contracta
1489 4216 1690 4287 puella.

250 4306 318 4362 V.
343 4307 425 4365 Ad
449 4295 702 4365 sanctum
729 4310 929 4366 ductus
950 4309 1184 4365 donatur
1212 4310 1420 4365 lumine
1444 4323 1641 4365 caecus.

257 4399 342 4455 VI.
384 4400 619 4468 Quidam
644 4411 957 4459 contractus
989 4411 1103 4457 toto
1133 4403 1196 4457 lit
1231 4416 1459 4471 corpore
1486 4416 1673 4457 sanus.

253 4490 365 4545 VII.
392 4492 645 4547 Salvatur
665 4492 891 4563 quidam
914 4509 941 4548 a
974 4492 1177 4548 misero
1206 4491 1480 4555 “cruciatu
1524 4490 1833 4546 oculorum.

1863 3669 1906 3725 (ἶ.
1940 3661 2075 3717 VIII.
2115 3660 2356 3718 Solvitur
2384 3657 2550 3714 unius
2569 3654 2811 3713 hominis
2841 3652 3145 3709 contractio
3165 3650 3305 3707 dira.

1943 3753 2035 3810 IX.
2066 3752 2300 3821 Quidam
2328 3760 2558 3808 sanatur
2585 3756 2814 3805 cunctos
2842 3760 2939 3816 per
2968 3743 3214 3814 corporis
3252 3749 3421 3795 artus.

1942 3845 2010 3900 X.
2041 3844 2129 3899 Fit
2153 3860 2323 3900 sanus
2349 3843 2439 3899 cui
2462 3842 2753 3897 damnarat
2789 3836 3092 3892 contractio
3120 3834 3333 3888 laevam.

1940 3937 2033 3993 XI.
2062 3936 2365 4007 Cujusdam
2386 3934 2617 4006 erigitur
2638 3937 2921 3987 contracta
2949 3926 3173 3983 sinistra
3192 3923 3405 3994 puellae.

1939 4028 2056 4084 XII.
2087 4028 2327 4084 Laetatur
2352 4026 2602 4099 qumdam
2630 4024 2781 4080 salva
2815 4018 3139 4089 muliercula
3160 4017 3370 4072 dextra.

1943 4120 2081 4176 XIII.
2110 4119 2388 4176 Contracti
2423 4118 2577 4189 pueri
2616 4123 2843 4173 sanatur
2866 4113 3043 4170 debile
3081 4124 3300 4179 corpus.

1942 4212 2084 4270 XIV.
2112 4212 2406 4284 Eloquium
2428 4210 2623 4280 recipit
2650 4209 2911 4280 primaevo
2951 4221 2982 4260 a
3035 4212 3275 4273 tempore
3324 4204 3543 4258 mulus.
3646 4202 3670 4209 “

1947 4306 2062 4363 XV.
2094 4307 2421 4363 Contractus
2441 4318 2576 4375 puer
2608 4302 2663 4357 in
2684 4300 2845 4357 cunis
2871 4299 3113 4355 salvatur
3137 4304 3191 4351 et
3222 4308 3381 4350 unus.
3474 4328 3477 4331 -

1946 4400 2083 4457 XVI.
2128 4400 2314 4455 Danus
2341 4397 2632 4468 corrigitur
2657 4394 2847 4450 divino
2862 4393 2986 4463 jure
3017 4389 3307 4461 superbus.

266 4583 275 4631 ε
342 4583 611 4656 Miracula
636 4585 994 4656 superioribus
1022 4586 1267 4638 indicata
1290 4582 1565 4656 capitulis,
1596 4588 1661 4635 ab
1704 4575 2355 4656 Iugelramnodescripta,
2402 4574 2500 4656 hic
2527 4569 3012 4656 prwtermittim'us',‘
3024 4580 3143 4656 cun:
3169 4567 3360 4656 prftfr

255 4656 484 4725 formam
509 4654 641 4725 nihil
658 4642 884 4709 hhbeant
905 4656 1169 4710 diversum
1193 4655 1255 4707 ab
1279 4642 1490 4725 iis'qua:
1516 4642 1701 4725 narrat
1725 4642 1910 4703 auctor
1943 4642 2428 4725 primarius-{apud
2452 4642 2827 4725 Msettm'sazc.

2864 4636 2928 4691 ΙΙ
2967 4626 3188 4700 Beued.,
3230 4646 3357 4703 pag.
3384 4626 3551 4696 ψῃ

902 4701 2001 4796 LjuZIiiiin’dIrEluiiéhé{armis
2024 4715 2081 4772 S.
2115 4701 2358 4771 Richarii
2378 4722 2427 4769 et
2461 4711 2736 4768 miraculis
2788 4709 2977 4765 exinde
3038 4701 3354 4768 consecutis,
3386 4712 3547 4770 quem

257 4793 465 4851 librum
482 4812 549 4851 ex
580 4792 778 4853 iaculo
822 4797 862 4853 V
887 4792 1231 4851 Benedicti'no
1251 4796 1434 4849 statim
1460 4792 1807 4863 exhibemus.)

1398 5018 1755 5111 LIBER
1850 5013 2401 5122 QUARTUS

1831 5182 1970 5229 SIVE

717 5291 961 5354 Relatio
996 5291 1064 5352 S.
1102 5288 1391 5357 Richarii
1426 5287 1673 5348 abbatis
1704 5305 1781 5347 ea:
1813 5282 2118 5347 Sithiensi
2151 5285 2529 5341 monasterio
2572 5276 2638 5337 in
2681 5272 3067 5335 Centulense.

1133 5409 1235 5482 (Ex
1258 5426 1363 5467 ms.
1392 5409 1581 5467 codice
1608 5407 1925 5465 Centulensi
1952 5416 2008 5462 et
2036 5404 2210 5475 Aprili
2241 5398 2647 5469 Bollandiano.)

392 5550 437 5607 I.
481 5550 700 5606 Metrice
728 5548 971 5604 Richarii
997 5548 1263 5617 descripta
1298 5545 1489 5601 relatio
1519 5547 1712 5598 sancti.

266 5643 537 5701 liactcnus
566 5641 777 5713 antiqui
806 5640 1003 5696 retinet
1043 5654 1166 5710 qute
1189 5638 1383 5709 pagina
1414 5636 1541 5692 libri

262 5735 516 5790 Carmine
548 5744 709 5804 prout
736 5734 885 5790 valui
910 5733 1084 5788 cecini
1116 5732 1380 5787 miracula
1409 5729 1597 5786 sancti.

1880 5547 1927 5605 D
1954 5539 2096 5596 Hinc
2125 5554 2193 5594 ea
2225 5538 2555 5607 complectar
2582 5533 2838 5605 proprius
2872 5545 2994 5602 qua:
3014 5527 3149 5583 vidit
3177 5524 3403 5584 ocellus.

1954 5628 2179 5703 Ingenio
2208 5630 2441 5696 validus,
2469 5627 2683 5698 magnis
2717 5625 2914 5696 Opibus
2940 5635 3162 5693 quoque
3189 5617 3362 5673 fultus

1955 5722 2221 5780 Arnulfus'
2250 5721 2482 5793 patriam
2509 5716 2751 5792 possedit
2788 5714 3034 5773 marchio
3070 5718 3351 5769 nostram.‘
