4038 6392
518 299 540 354 1
556 301 659 357 $55

516 411 669 504 lianc
701 416 866 472 etiam
894 416 1084 475 fraude
1111 430 1171 476 ut
1202 425 1485 495 perplura
1514 429 1720 485 solebat
1743 432 1990 504 adeptus,

515 502 819 564 Transtulit
850 510 981 567 hinc
1024 511 1135 582 (20)
1176 516 1458 585 sanctum,
1498 521 1724 591 cupiens
1767 502 1877 581 tam
1919 529 2100 585 nobile

928 662 933 671 .
1864 617 2100 692 [lucrum

511 686 652 743 Cum
687 690 939 761 quisdam
967 697 1176 752 sanctis
1204 700 1438 771 propriae
1467 704 1701 775 regionis
1732 686 1952 764 habere.

511 776 612 836 llic
643 782 777 852 jam“
792 785 1071 857 longaevus
1106 789 1385 861 deponens
1413 797 1647 867 tegmina
1680 801 1883 868 carnis,

509 870 683 931 Filius
710 887 772 931 ut
794 880 905 934 nati
928 881 1096 951 jussit
1120 882 1237 939 fieri
1263 901 1397 942 suus
1425 887 1618 957 haeres,

509 961 880 1026 Praesentabat
907 988 1068 1029 avum
1097 978 1320 1048 proprio
1344 981 1442 1050 qui
1467 984 1688 1040 nomine
1720 994 1950 1043 tantum.

507 1053 642 1117 Post
666 1077 849 1135 regem
875 1066 1088 1134 primus
1117 1071 1267 1142 regni
1306 1079 1434 1128 tunc
1451 1073 1577 1144 jura
1610 1078 1847 1135 tenebat.

642 1153 864 1246 humilis
898 1161 1144 1229 cunctis,
1189 1166 1401 1223 cunctis
1436 1168 1558 1237 pius
1596 1179 1759 1242 atque
1795 1173 2096 1246 benignus,

508 1238 682 1334 filius
709 1243 955 1319 l‘lugonis
986 1249 1185 1323 Magni,
1213 1254 1323 1310 dux
1354 1256 1590 1330 inclytus
1615 1238 1771 1334 Hugo
1797 1282 1812 1318 :

506 1331 704 1392 Postea
733 1340 900 1410 regali
923 1344 1015 1412 qui
1051 1345 1379 1404 sublimatus
1404 1350 1611 1408 honore

507 1424 667 1485 Rexit
695 1429 1033 1491 Francorum
1060 1438 1202 1493 miro
1226 1441 1598 1500 moderamine
1626 1462 1872 1518 regnum.

505 1518 607 1579 Hic
644 1527 879 1596 graviter
903 1529 1142 1587 tolerans
1173 1531 1418 1591 fraudem
1444 1553 1609 1609 supra
1643 1554 2022 1611 memoratam,

505 1615 768 1675 Restituit
801 1622 992 1692 patria:
1026 1640 1365 1699 quaecunque
1393 1640 1577 1702 erepta
1614 1632 1784 1691 fuere.

507 1706 685 1802 ptque
713 1717 888 1788 magis
926 1720 1155 1778 celebris
1185 1723 1338 1780 fieret
1370 1729 1644 1799 regressio
1679 1730 1792 1802 (Ἦ)
1827 1736 2020 1800 sancti,

503 1798 757 1878 Praecipit
790 1810 1114 1871 immensam
1145 1820 1331 1889 populi
1367 1798 1667 1893 glomerare
1689 1798 1986 1884 catervam.

503 1893 616 1952 Nec
646 1903 824 1959 solum
853 1917 1058 1963 nostra!
1090 1913 1345 1968 convenit
1373 1916 1566 1972 concio
1592 1925 1751 1973 terra:
1775 1938 1787 1973 :

504 1991 649 2062 Quin
677 1996 841 2052 etiam
876 2014 943 2055 ex
977 2002 1165 2058 multis
1192 2002 1333 2061 facta
1360 2016 1443 2063 est
1477 2009 1727 2066 collectio
1756 2010 1981 2069 Francis
2007 2032 2019 2045 -

503 2082 804 2160 Belliquias
838 2093 1013 2149 sancti
1040 2097 1281 2165 postiuec
1309 2101 1533 2156 mandat
1563 2104 1666 2158 sibi
1696 2105 1866 2160 reddi.

502 2177 791 2251 Accipiens
825 2184 984 2255 cujus
1010 2199 1275 2259 prmccpta
1298 2207 1435 2261 puer
1460 2194 1571 2265 (‘22)
1600 2206 1930 2254 memoratus

502 2268 747 2329 Eﬂicitur
785 2287 1016 2334 maestus
1049 2288 1201 2336 tanto
1244 2285 1417 2353 pretio
1461 2288 1756 2345 carituras.

505 2360 609 2421 Sed
649 2376 909 2437 reputans
953 2372 1000 2426 si
1040 2373 1304 2444 despiciat
1345 2391 1456 2432 non
1497 2394 1619 2435 esse
1659 2381 1874 2437 salubre

504 2452 757 2514 Reddidit
800 2460 1024 2531 invitus,
1066 2467 1270 2524 veritus
1306 2485 1373 2525 ne
1419 2469 1559 2527 forte
1601 2483 1839 2530 coactus.

498 2546 622 2603 1am
656 2551 872 2608 tandem
915 2556 1177 2624 praeclara
1217 2558 1335 2616 dies
1377 2561 1630 2620 illuxerat
1666 2566 1808 2633 orbi,

502 2636 620 2706 Qua
655 2641 814 2697 debet
845 2643 963 2699 ﬁeri
1004 2656 1116 2703 tam
1155 2658 1308 2720 grata
1339 2654 1578 2724 receptio
1612 2658 1806 2713 sancti.

500 2726 809 2821 Procedunt
842 2746 1043 2806 partes,
1079 2742 1377 2811 gaudentes
1412 2755 1465 2801 et
1506 2746 1889 2821 lacrymantcs.

498 2818 749 2895 Namque
798 2828 877 2884 illi
931 2832 1155 2889 tradunt
1212 2837 1361 2907 quod
1412 2818 1637 2910 sempch
1688 2842 1890 2900 habere
1940 2854 2091 2902 vote-

1913 2935 2088 3009 [hant,

2060 1336 2089 1360 δ

499 3005 595 3065 lsti
622 3012 929 3083 suscipiunt
954 3016 1072 3072 sine
1102 3034 1212 3089 quo
1247 3036 1347 3077 nec
1378 3024 1560 3083 vivere
1593 3037 1807 3083 curant.

498 3102 692 3164 Postea
727 3111 993 3180 primores
1020 3116 1204 3186 populi
1230 3116 1418 3187 jurare
1447 3132 1735 3193 rogantur,

500 3200 808 3275 Quidquam
838 3216 901 3263 ut
934 3225 1041 3265 non
1072 3210 1226 3267 'desit
1268 3216 1483 3283 penitus
1520 3219 1587 3273 de
1620 3236 1848 3291 corpore
1894 3226 2085 3280 sancti.

500 3292 622 3359 Quo
663 3295 830 3367 facto,
872 3302 1044 3357 nostri
1087 3303 1412 3363 festinavere
1456 3312 1674 3367 reverti.

500 3385 547 3442 Ο
587 3394 941 3450 memoranda
982 3395 1118 3463 dies,
1166 3412 1200 3453 ο
1239 3400 1331 3455 lux
1374 3402 1555 3457 votive
1593 3404 1838 3471 colenda,

499 3475 664 3536 Fines
701 3481 958 3553 dignatur
992 3486 1104 3557 (23)
1144 3489 1351 3558 patrios
1390 3507 1497 3562 qua
1542 3493 1717 3550 visere
1758 3499 2016 3552 sanctus!

500 3566 678 3640 Hujus
721 3574 963 3632 laetitiam
1006 3579 1096 3634 vix
1140 3595 1399 3638 enarrare
1440 3584 1546 3639 diei

503 3659 743 3720 Sumciet
780 3667 1095 3739 “quisquam,
1133 3673 1424 3745 quisquam
1468 3677 1557 3733 vix
1599 3678 1792 3749 gaudia
1834 3690 2017 3745 tanta.

498 3753 778 3813 Adventus
807 3761 982 3816 sancti
1010 3777 1132 3832 quin
1156 3767 1499 3823 concutiebat
1533 3769 1753 3840 ubique.

500 3845 584 3901 Ad
622 3863 981 3922 quascunque
1019 3855 1220 3910 etenim
1266 3857 1414 3913 venit
1453 3862 1734 3929 processio
1771 3863 1946 3931 villas,

500 3933 673 3996 Obvia
708 3953 1034 4000 cunctorum
1064 3949 1308 4016 procedit
1335 3952 1493 4007 turba
1524 3953 1811 4022 colonum,

404 4033 421 4045 ‘
500 4027 581 4085 Ac
614 4046 725 4102 prae
758 4034 940 4091 laetitia
986 4038 1220 4108 gemitus
1255 4043 1322 4096 ad
1365 4043 1542 4099 sidera
1574 4045 1803 4114 jactant.

499 4125 642 4181 Ante
674 4126 769 4183 sed
792 4127 861 4182 ad
886 4129 1170 4200 templum,
1207 4142 1473 4203 quantum
1514 4144 1599 4192 est
1640 4138 1875 4208 spatium
1923 4153 2091 4210 prope

973 4241 975 4243 ί
1873 4228 2086 4301 μειλίξω,

500 4310 678 4379 Quam
705 4307 1118 4383 pervenissent,
1139 4310 1255 4371 dux‘
1279 4317 1394 4387 jam
1424 4318 1681 4388 prmfatus
1711 4320 1916 4392 equino

499 4400 847 4459 Descendens
875 4403 1063 4471 dorso,
1094 4407 1257 4463 nudis
1286 4408 1535 4465 incedere
1568 4411 1767 4482 plantis

496 4490 710 4564 Incipit,
743 4502 797 4551 et
819 4496 1052 4568 propriis
1081 4498 1319 4569 scapulis
1350 4510 1565 4571 portare
1591 4501 1874 4572 feretrum,

498 4578 564 4638 Et
586 4600 771 4642 secum
802 4586 975 4657 plebis
997 4589 1093 4660 qui
1128 4590 1229 4647 visi
1254 4592 1569 4649 nobiliores.

451 4682 461 4691 ‘
494 4673 633 4733 Illud
665 4688 888 4751 tamque
920 4681 1013 4738 diu
1043 4692 1223 4753 portat
1251 4684 1507 4757 lacrymis
1536 4686 1894 4754 madefactus,

494 4767 668 4826 Altari
696 4772 869 4831 donec
898 4776 1141 4846 gaudens
1165 4779 1388 4849 proprio
1413 4778 1781 4849 imposuisset.

514 5042 530 5054 _
565 4971 802 5054 (20)_Ad
832 4977 1285 5054 _orampliron1ci
1325 4980 1671 5037 Centulensns
1707 4994 1812 5038 ms.
1833 4981 2045 5054 _.egitur
2071 5003 2084 5039 :

1174 306 1617 367 ANGELRANNI
1648 317 1941 376 ABBATIS
1977 324 2455 391 CENTULENSIS
2489 334 2651 390 VITA
2691 332 2748 389 S.
2788 332 3108 392 RICHARII.

2124 1783 2171 1845 B

3655 339 3799 394 N36

2125 445 2173 502 A
2205 441 2308 500 Sed
2329 445 2446 516 jam
2470 444 2653 502 divina
2673 446 2805 517 quid
2830 446 2902 502 sit
2926 446 3126 503 virtute
3152 458 3430 519 peractum

2170 540 2175 547 ‘
2201 532 2508 606 Perpendat
2530 536 2718 593 lector.
2747 535 2932 592 Sancti
2956 537 3166 594 meritis
3192 540 3414 596 sociatis

2201 623 2328 682 Haec
2361 643 2525 698 quam
2555 627 2776 698 praedixi
2803 626 2946 684 facta
2971 638 3055 684 est
3079 631 3350 701 regressio
3378 633 3556 691 sancti

2202 713 2469 786 Tempore
2493 734 2603 789 quo
2631 718 2807 790 plenis
2834 734 3060 790 campus
3087 720 3327 777 ﬂavescit
3358 723 3566 779 aristis.

2203 805 2309 863 Sed
2336 816 2415 864 tot
2451 809 2716 865 militibus
2749 825 2872 880 qua:
2895 809 3203 867 suﬂicerent
3227 814 3355 885 quia
3390 823 3534 869 tecta

2199 897 2322 954 Non
2344 898 2579 968 fuerant,
2611 902 2788 958 cultos
2823 916 2941 957 sese
2967 917 3217 973 sparsere
3242 920 3340 975 per
3361 921 3545 977 agros.

2198 988 2389 1052 Dicere
2425 997 2549 1067 quis
2579 998 2775 1068 poterit
2817 995 2982 1053 fuerit
3016 1014 3181 1069 quam
3221 1000 3400 1055 diruta
3440 1002 3646 1057 messis

2196 1086 2341 1143 Pcne
2369 1090 2569 1156 omnis,
2610 1088 2839 1160 pedibus
2867 1090 2998 1144 dum
3032 1090 3385 1146 conculcatur
3409 1106 3687 1163 equorum

2197 1177 2333 1235 Pars
2364 1181 2646 1251 quasdam,
2685 1187 2934 1252 quaedam
2969 1188 3099 1236 dum
3137 1199 3265 1253 pars
3294 1183 3611 1253 depascitur
3652 1185 3801 1239 ore?

2200 1265 2332 1324 Usta
2366 1278 2451 1324 est
2477 1284 2608 1340 pars
2635 1271 2800 1324 etiam
2826 1270 3066 1326 stabilita
3102 1273 3326 1328 ardente
3353 1273 3535 1328 culina

2194 1353 2453 1414 Partibus
2481 1359 2538 1414 in
2566 1361 2775 1429 multis,
2814 1369 2971 1417 cocta
2998 1362 3260 1419 radicitus
3290 1363 3475 1418 herba.

2198 1445 2442 1505 Tandem
2477 1450 2784 1518 discedunt,
2815 1452 2960 1507 nuda
2996 1452 3190 1509 tellure
3220 1452 3427 1508 relicta.

2196 1538 2332 1596 Mira
2363 1542 2556 1614 loquar
2585 1563 2598 1597 :
2622 1547 2812 1614 paucis
2844 1547 3135 1602 transactis
3162 1544 3274 1601 fere
3300 1546 3513 1611 diebus,

2196 1631 2335 1690 Ecce
2365 1635 2702 1695 incredibilis
2725 1638 2890 1709 carpit
2917 1651 3260 1695 succrescere
3287 1638 3486 1693 messis

2197 1723 2537 1795 Fructifera,
2590 1743 2656 1784 ac
2708 1728 2929 1784 demum
2970 1744 3097 1786 cum
3138 1722 3351 1800 tempus
3392 1737 3449 1785 et
3485 1729 3625 1785 hora
3670 1746 3800 1787 me‘

3529 1819 3720 1897 [tendi

2194 1908 2449 1978 Instaret,
2487 1921 2632 1969 totos
2659 1913 2846 1971 videas
2870 1912 3159 1971 ﬂavescere
3185 1927 3433 1985 campos,

2194 2000 2273 2059 Ac
2299 2003 2346 2058 si
2378 2003 2456 2058 nil
2487 2004 2673 2059 damni
2704 2004 2855 2076 regio
2893 2019 3151 2075 perpessa
3186 2002 3401 2060 fuisset.

2194 2092 2322 2151 Haec
2353 2111 2582 2151 cernens
2612 2097 2823 2152 meritis
2852 2105 3063 2167 patrata
3091 2094 3264 2151 fuisse
3293 2094 3536 2162 Ricbari,

2194 2185 2275 2241 Ad
2299 2185 2489 2241 laudes
2514 2185 2730 2242 Domini
2755 2187 2988 2258 populus
3018 2202 3076 2243 sc
3104 2187 3335 2242 contulit
3370 2188 3570 2255 omnis.

2256 2275 2319 2332 ll.
2364 2275 2518 2342 Quod
2546 2276 2684 2347 lapsi
2708 2279 2764 2331 in
2794 2286 3009 2347 puteum
3037 2278 3278 2331 vixerunt
3308 2277 3389 2331 vir
3414 2277 3734 2349 mulierque.

2195 2367 2254 2423 In
2289 2371 2463 2425 sancti
2496 2370 2697 2425 mirum
2728 2369 2831 2426 fuit
2863 2378 2918 2424 et
2947 2368 3244 2425 virtutibus
3272 2369 3426 2434 illud,

2194 2460 2370 2531 ipsius
2402 2460 2600 2517 festum
2626 2462 2754 2532 quia
2793 2460 2946 2531 plebs
2981 2460 3110 2515 dum
3140 2461 3311 2515 multa
3337 2461 3584 2527 adiisset,

2193 2551 2355 2607 Forte
2379 2568 2539 2608 secus
2564 2551 2748 2622 templi
2775 2551 3060 2606 introitum
3087 2562 3283 2622 puteus
3310 2550 3431 2619 fuit,
3468 2567 3537 2608 ex
3571 2565 3691 2625 quo

2194 2636 2526 2699 Iamdudum
2552 2644 2730 2702 laticis
2755 2644 2973 2716 penitus
3009 2643 3281 2699 defecerat
3308 2644 3471 2711 unda,

2192 2736 2267 2793 Os
2296 2738 2454 2807 cujus
2478 2737 2646 2792 veteri
2673 2735 2851 2792 fuerat
2873 2736 2940 2792 de
2968 2737 3173 2792 vimine
3209 2736 3478 2792 clausum.

2190 2825 2372 2898 Ignari
2395 2842 2559 2897 super
2584 2826 2732 2881 hunc
2756 2826 2885 2881 dum
2915 2827 3117 2882 vadunt
3140 2827 3224 2881 vir
3245 2827 3571 2898 mulierque,

2192 2917 2367 2989 ipsius
2398 2919 2454 2973 in
2480 2934 2736 2990 magnum
2766 2918 2904 2989 lapsi
2929 2918 3174 2975 cecidere
3207 2917 3559 2989 profundum.

2192 3010 2327 3079 Quis
2361 3012 2633 3068 dubitaret
2662 3028 2758 3069 eos
2782 3013 2977 3069 mortis
3001 3013 3297 3068 discrimen
3326 3012 3542 3069 obisse?

2191 3103 2503 3159 Cernuntur
2527 3112 2711 3158 tamen
2739 3118 2771 3159 a
2799 3104 2946 3174 putei
2975 3105 3221 3159 convalle
3248 3104 3478 3171 reducti,

2190 3198 2309 3254 Non
2345 3200 2525 3255 solum
2545 3199 2675 3266 vivi,
2702 3207 2819 3255 toto
2849 3200 2941 3255 sed
2972 3214 3201 3271 corpore
3230 3200 3371 3255 sani.

2228 3334 2229 3337 η
2259 3291 2347 3349 Ill.
2388 3291 2541 3357 Quod
2564 3308 2767 3347 vesceus
2791 3293 3009 3363 quidam
3035 3292 3199 3363 piscis
3225 3291 3435 3363 glutivit
3462 3293 3721 3346 aristam.

2190 3383 2492 3440 Exercebat
2527 3399 2700 3439 ovans
2729 3399 2796 3439 ex
2824 3384 3221 3439 consuetudine
3248 3383 3360 3455 (2-5)
3388 3382 3613 3439 Palmas

2189 3476 2349 3534 Plebs
2392 3476 2631 3544 Domini,
2673 3476 2897 3547 quidam
2924 3492 3150 3532 sumens
3183 3492 3309 3532 cum
3339 3476 3577 3532 clericus
3602 3491 3797 3533 escam

2092 3592 2095 3595 λ
2189 3568 2327 3625 Cum
2357 3569 2663 3637 monachis,
2699 3577 2854 3625 ortus
2879 3584 2988 3624 non
3017 3569 3113 3624 vili
3148 3570 3314 3640 stirpe
3336 3577 3653 3640 parentum,

2191 3670 2367 3728 Unius
2392 3671 2648 3727 incautus
2671 3670 2842 3741 piscis
2866 3670 3081 3742 glutivit
3106 3671 3355 3727 aristam.

2189 3766 2460 3837 Angorem
2488 3765 2648 3835 cujus
2677 3764 2982 3821 sentiseens
3009 3778 3238 3835 vespere
3264 3762 3410 3819 facto

2190 3857 2387 3914 Tentat
2419 3857 2647 3930 rejicere
2680 3858 2822 3913 hanc
2855 3858 3033 3913 valeat
3054 3858 3102 3913 si
3137 3857 3279 3913 forte
3309 3857 3603 3911 vomenda.

2191 3948 2297 4007 Sed
2325 3951 2454 4021 quia
2478 3966 2588 4007 non
2613 3950 2827 4021 potuit,
2871 3950 3087 4021 gravicr
3121 3949 3183 4004 fit
3210 3949 3331 4005 lucc
3364 3948 3640 4019 sequenti.

2190 4043 2371 4100 Tertia
2398 4059 2632 4115 namque
2664 4043 2783 4099 dies
2806 4042 3091 4113 praetendit
3118 4041 3406 4108 deteriora,

2187 4136 2267 4193 Ac
2293 4136 2512 4192 demum
2550 4136 2604 4191 iu
2639 4144 2834 4208 quarta
2866 4143 3063 4191 tractat
3085 4134 3153 4190 de
3178 4142 3353 4189 morte
3372 4126 3586 4199 futura,

2188 4227 2496 4299 Disponens
2525 4227 2690 4282 etiam
2725 4226 2941 4282 fuerant
2968 4241 3091 4297 qua:
3124 4242 3365 4298 congrua
3392 4226 3533 4280 viss.

2186 4322 2371 4379 Abbas
2394 4331 2450 4378 et
2479 4321 2675 4377 fratres
2699 4321 2926 4377 veniant
2965 4334 3024 4375 se
3065 4320 3241 4375 visere
3275 4317 3536 4373 mandat:

2189 4414 2326 4481 Quis
2353 4415 2421 4471 ad
2446 4431 2507 4471 se
2541 4413 2806 4485 ingressis
2835 4420 3045 4468 tantum
3082 4412 3149 4467 de
3174 4419 3349 4466 morte
3376 4411 3617 4475 locutus,

2122 4507 2168 4564 D
2191 4507 2376 4564 Poscit
2405 4523 2532 4564 cum
2565 4506 2853 4562 monachis
2895 4505 3111 4575 sepeliri
3138 4518 3248 4574 quo
3272 4510 3568 4558 mereatur.

2190 4600 2300 4657 Pro
2336 4601 2554 4657 Domini
2578 4599 2770 4665 Cmna,
2802 4599 2992 4669 quinta
3022 4597 3116 4652 sed
3147 4596 3267 4651 luce
3294 4594 3529 4650 verenda

2194 4694 2351 4752 Hunc
2408 4694 2583 4752 sancti
2648 4693 2717 4750 ad
2776 4691 3041 4764 templum
3101 4689 3323 4749 deducit
3370 4688 3557 4853 turLa[
3586 4703 3796 4760 parcn-

3571 4789 3696 4837 tum

3571 4789 3696 4837 tum

2261 4990 2374 5062 (23)
2414 4988 2473 5062 In
2511 4988 2786 5062 Chronico
2824 4985 3140 5062 Centulensi
3178 4999 3286 5062 ms.
3329 4988 3509 5062 essta‘t
3542 4979 3791 5046 diploma

493 5042 1047 5142 ἐξξεζυβξιξέζείηεῖξί
1094 5049 1337 5142 siletur.
1376 5067 1587 5142 ιπῖρξεδο
1629 5061 1678 5107 ει
1719 5069 1772 5107 ιν
1827 5042 1952 5142 “9.7-
1996 5051 2092 5142 βε·
2188 5042 2888 5142 Lo‘tla'riireSFPIrasae“;
2912 5042 3790 5142 βυεοηε.ε3νςερδιὶεὶιξτέ.τὲἓίξξο

492 5114 688 5241 rte‘ub.
724 5116 865 5171 beati
896 5117 1106 5174 Bertini
1141 5121 1369 5202 ςωηοὺίο
1391 5114 1627 5204 illatum,
1665 5139 1856 5205 nempe
1876 5126 2084 5205 (lentu-

515 5202 633 5241 CDSI
673 5187 868 5241 abbate
910 5187 1249 5241 Fulcherlco-
1280 5201 1334 5241 et
1361 5193 1574 5241 clericis
1608 5194 1803 5241 nimiam
1840 5204 2082 5241 existen—

515 5186 633 5242 ensi
673 5187 868 5244 abbate
910 5187 1250 5256 Fulcherico,
1280 5201 1334 5245 et
1361 5193 1574 5249 clericis
1607 5186 1806 5248 ibidem
1840 5194 2082 5249 existen-

492 5258 669 5334 tibus,
695 5266 756 5334 ut
784 5260 929 5329 apud
960 5259 1268 5334 Hariulfum
1304 5262 1361 5334 in
1382 5264 1476 5318 lib.
1516 5281 1596 5329 ιιι,
1628 5279 1749 5334 cap.
1780 5263 1866 5317 12.
1974 5311 1980 5317 .

564 5326 679 5400 (ll)
704 5326 858 5386 Hanc
878 5332 1278 5388 restitutionem
1303 5326 1605 5390 instaurate
1629 5326 1944 5389 Céntulensi
1973 5349 2086 5388 mo-

490 5400 737 5470 nasterio
763 5401 1140 5470 restitutisque
1171 5405 1455 5461 monachis
1495 5405 1693 5461 factam
1737 5404 1928 5470 fuisse,
1977 5406 2082 5461 sub

459 5466 775 5540 .lugelardo
823 5472 1018 5528 abbate
1053 5466 1361 5545 Fulcherici
1405 5485 1526 5545 post
1566 5475 1847 5545 Hugonem
1885 5466 2078 5532 ducem

489 5552 834 5607 successore,
867 5545 1030 5599 tradit
1058 5545 1257 5601 ibidem
1305 5544 1601 5602 Hariult‘us.
1648 5544 1848 5602 Eodem
1886 5548 2080 5603 abbate

490 5611 721 5692 contigit
759 5615 1054 5692 translatio
1089 5617 1263 5672 sancti
1310 5615 1527 5692 Vigoris
1569 5618 1833 5688 episcOpi,
1874 5628 1929 5676 et
1967 5617 2103 5687 Ma:

488 5677 724 5806 dulgi’sili
754 5682 1108 5751 confessoris,
1139 5677 1855 5747 testanteveodem'auctére.

562 5749 585 5806 l
662 5757 677 5806 l
717 5752 979 5806 Amulius
1014 5755 1213 5806 iunior.

562 5749 677 5823 (Ἡ)
717 5752 979 5809 Arnullus
1008 5749 1213 5823 junior.

2187 5147 2331 5193 sum,
2358 5147 2470 5202 quo
2498 5118 2638 5185 villa:
2672 5118 2958 5202 monachis
2989 5118 3060 5182 ab
3097 5125 3286 5180 eodem
3318 5124 3371 5177 iu
3406 5118 3790 5202 pago_?‘argo-

2191 5203 2339 5272 ῃετιδὶ
2368 5199 2660 5272 assignatas
2701 5199 3099 5272 conﬁrmantur
3120 5199 3705 5272 2,ηειηιρεε,Βοιτηίιιιιε
3732 5201 3790 5245 es

2190 5259 2625 5345 Bolchni-cd’rtis.
2652 5271 2845 5345 Actum
2875 5259 3194 5345 Compendio
3228 5259 3453 5345 pel-alio,
3497 5277 3638 5345 anno

2190 5340 2353 5414 tliarii
2384 5359 2495 5414 gn.
2526 5341 2790 5396 Adalbero
2811 5340 2954 5414 regis
2986 5331 3237 5414 notarius
3257 5337 3326 5388 ad
3357 5334 3519 5414 vicem
3548 5331 3790 5414 Adulter.

2191 5413 2333 5466 ranis
2378 5412 2661 5466 Remorum
2705 5403 3085 5480 archiepiscopi
3127 5416 3175 5461 et
3229 5404 3423 5460 summi
3466 5403 3785 5455 cancellarii

2188 5483 2504 5538 recoanorit.

2263 5501 2735 5627 ξέἕζῧοὲζῐνὶιεπυβε
2760 5550 3042 5627 Dominica
3075 5546 3421 5627 Palmarunt,
3462 5558 3627 5627 quam
3663 5542 3786 5627 rul-

2187 5612 2283 5696 gus
2310 5612 2520 5696 Pascha
2549 5622 2801 5694 ﬂoridum
2846 5623 3068 5696 recitat,
3103 5635 3168 5675 ea:
3208 5612 3566 5696 ecclesiastica
3598 5612 3783 5665 trcdi~

2181 5686 2322 5751 tione
2357 5686 2658 5761 colebatur,
2699 5710 2817 5748 cum
2853 5692 2971 5765 ipsa
3010 5692 3100 5747 die
3134 5689 3350 5765 quidam
3387 5686 3634 5750 clericus,
3668 5696 3780 5741 etc.
