4038 6388
246 316 385 375 “37
1277 310 1519 368 PAPIAS
1549 305 2076 368 GRAMMATICUS.
2102 338 2171 349 -——
2200 301 2497 361 NOTlTlA.
3050 360 3069 372 ο
3378 285 3517 343 MSS

247 430 514 503 Tempore
539 443 651 500 quo
674 428 871 485 fratres
901 427 1177 485 celebrant
1211 427 1475 482 solemnia
1507 426 1689 482 missa:
1716 445 1728 479 :
1866 425 1913 481 A
1938 422 2039 478 Cui
2070 422 2296 477 dubium
2317 428 2400 475 est
2429 416 2579 471 illam
2611 412 2807 469 mortis
2836 409 3072 466 subiisse
3100 403 3317 461 ruinam

248 496 626 592 Suﬁdltusque
648 521 781 577 viris
814 521 1006 577 dextra
1038 520 1285 591 lcevaque
1318 520 1555 585 duobus,
1938 514 2093 584 Quod
2119 523 2301 569 tamen
2329 520 2384 566 et
2412 508 2559 575 fecit,
2590 505 2785 562 mortis
2812 518 2912 558 nec
2940 501 3138 557 damna
3164 496 3384 553 subivit.

245 616 366 674 Jam
411 615 582 672 ferme
613 615 902 685 exspirans
938 621 1184 669 sanctam
1219 612 1533 669 conscendit
1562 611 1630 666 ad
1659 625 1831 665 aram.
1937 607 2082 676 Quin
2101 607 2264 662 etiam
2289 603 2492 659 vadens
2528 615 2592 656 ac
2621 594 2978 655 discurrendo
3005 606 3316 665 pererrans,

245 708 350 766 Cui
393 715 688 779 postquam
713 680 992 776 imposuit
1032 702 1301 775 quosdam
1346 714 1445 772 pro
1492 715 1718 756 munere
1766 698 1835 751 li—
1939 700 2101 755 Venit
2130 699 2195 753 ad
2226 696 2510 752 introitum
2543 692 2779 748 cochleae
2804 705 2913 760 qua
2943 685 3183 742 culmina
3214 680 3414 753 templi,

1575 791 1762 865 μῖνος,
1938 789 2062 845 Alta
2094 789 2438 860 petebantur,
2473 799 2637 855 quam
2684 782 2843 852 longa
2877 786 2961 833 est
2992 774 3206 832 scandit
3240 782 3294 829 et
3331 772 3527 845 ipsam.

244 892 449 950 Nititur
473 899 534 946 ut
561 890 733 947 valuit
768 896 918 945 retro
944 887 1228 944 deflectere
1261 900 1531 959 gressum.
1938 881 2070 937 Post
2098 881 2213 935 haec
2234 878 2365 950 quid
2393 875 2540 940 fecit,
2570 873 2894 944 cujusquam
2922 869 3106 923 dicere
3133 866 3319 937 lingua

236 984 354 1063 .Sed
383 986 475 1039 vix
503 996 801 1040 conversus
827 990 960 1037 nutu
989 989 1244 1052 tangente
1274 992 1513 1048 superno
1939 973 2044 1028 Vix
2072 973 2204 1029 dum
2229 968 2474 1027 suiIiciet.
2503 966 2621 1022 Non
2651 972 2829 1022 cessat
2864 961 3098 1032 denique
3128 972 3294 1014 voces

232 1051 437 1145 ESensit
464 1091 607 1147 aqua
633 1075 812 1146 tepida
839 1048 1344 1144 perfundivcorpore
1370 1079 1485 1124 toto
1939 1065 2111 1121 Edere
2136 1063 2422 1126 terriﬁcas,
2445 1075 2542 1132 per
2565 1073 2758 1132 gyrum
2784 1063 2838 1111 et
2865 1067 3085 1109 currere
3108 1048 3317 1121 templi.

227 1167 452 1250 QSemet,
483 1144 539 1223 et
560 1144 833 1222 exclamat
858 1164 986 1237 quia
1014 1163 1091 1218 ni‘.
1121 1161 1344 1234 angoris
1367 1160 1622 1217 habebat.
1938 1157 2132 1215 Nullus
2152 1165 2205 1213 et
2231 1172 2261 1211 a
2288 1164 2494 1227 quanto
2525 1149 2690 1207 fuerit
2718 1145 2931 1205 servata
2954 1144 3177 1217 periclo.

233 1235 327 1319 ;Ex
352 1260 458 1315 hoc
484 1274 587 1314 nos
612 1258 776 1314 etiam
802 1267 1065 1329 tanquam
1090 1255 1157 1312 de
1182 1263 1357 1310 morte
1383 1254 1609 1309 reiucto
1940 1251 2247 1322 Cognoscct
2269 1247 2509 1319 penitus,
2537 1243 2643 1299 nisi
2683 1241 2776 1313 qui
2806 1241 2924 1295 loca
2955 1236 3151 1293 viderit
3178 1234 3316 1305 ipsa.

246 1351 544 1420 Laetamur,
576 1327 1103 1422 Dominoporrcctis
1134 1348 1388 1404 laudibus
1421 1348 1550 1403 aito.
1941 1342 2053 1398 Nos
2081 1356 2209 1397 vero
2245 1338 2443 1410 stupidi
2479 1344 2533 1392 et
2566 1332 2852 1391 formidine
2883 1327 3163 1387 sollicitati

146 1509 153 1511 Α
388 1444 480 1501 1V.
521 1444 600 1500 De
634 1444 787 1515 fabro
819 1445 999 1515 templi
1037 1452 1173 1498 tecto
1214 1443 1305 1515 qui
1333 1443 1534 1496 corruit
1562 1440 1695 1495 alto.
1943 1434 2120 1507 ipsius
2148 1449 2281 1490 casu
2308 1448 2376 1488 ne
2401 1429 2663 1499 templum
2691 1426 3043 1515 pollueretur.

244 1536 557 1611 Ingelvinus
588 1506 706 1594 erat
731 1506 1007 1610 lignorum
1034 1551 1202 1593 caesar
1226 1506 1372 1608 apud
1403 1550 1530 1601 nos,
1946 1506 2051 1585 sed
2079 1526 2324 1582 nondum
2347 1523 2524 1578 fuerat
2552 1521 2680 1592 quia
2712 1528 2928 1588 tempus
2955 1523 3015 1571 et
3038 1514 3175 1569 hora
3204 1506 3465 1582 loquendi

246 1610 352 1698 Qui
381 1631 569 1702 templi
601 1630 795 1686 solitus
824 1630 1029 1685 sarcire
1055 1627 1273 1685 ruentia
1310 1635 1472 1693 tecta,
1942 1621 2159 1678 Astauti
2189 1618 2364 1675 turba:
2388 1614 2639 1673 certatim
2674 1610 2983 1683 signiﬁcare

247 1722 430 1779 Ardua
460 1737 803 1801 praesumens
830 1722 996 1777 etiam
1026 1720 1394 1779 conscendere
1425 1719 1601 1794 plura.
1871 1765 1921 1801 ﬂ
1943 1714 2245 1785 Cmpimus,
2279 1709 2597 1774 ascendant,
2635 1704 2872 1775 rapiant,
2917 1713 3214 1770 secumque
3253 1693 3540 1752 reducant.

248 1809 350 1869 Hic
374 1765 600 1869 Pa:cbte
628 1812 684 1871 in
709 1810 863 1868 feriis
890 1810 1075 1881 templi
1103 1825 1399 1881 campanar
1426 1765 1596 1863 adivit
1871 1765 1921 1828 Β
1944 1806 2116 1863 Nemo
2147 1806 2243 1862 sed
2270 1805 2521 1859 insanam
2554 1796 2904 1871 praesumpsit
2932 1804 3154 1865 tangere
3184 1804 3374 1846 sanus.

248 1904 403 1978 Signi
436 1903 744 1974 disruptum
774 1903 959 1959 funem
987 1903 1216 1975 religare
1244 1909 1468 1972 rogatus
1944 1898 2150 1971 Sponte
2179 1913 2277 1954 sua
2306 1894 2523 1951 tandem
2554 1906 2777 1964 gressus
2807 1887 2971 1944 rediit
2995 1901 3091 1957 per
3114 1881 3359 1939 eosdem.

246 1969 501 2068 luiuncto
530 1969 707 2050 cilicio
738 1995 958 2050 sibimet
987 1969 1212 2049 sed'rite
1240 1969 1460 2062 peracto
1942 1969 2033 2045 \‘l.
2077 1989 2153 2043 De
2183 1987 2355 2042 sancti
2397 1983 2616 2056 fantulis
2658 2001 2691 2037 a
2732 1980 2919 2037 vinclis
2957 1986 3139 2049 sponte
3179 1973 3369 2030 solutis
3403 1969 3539 2043 (25).

246 2087 493 2143 Conatur
521 2088 648 2143 tecti
678 2087 951 2158 quoddam
982 2086 1240 2142 obturare
1268 2082 1535 2139 foramen.
1982 2080 2199 2158 _____V'llA.
2240 2079 2281 2132 Α
2303 2077 2693 2158 sanctofrater
2722 2083 2951 2158 sanatur:
2971 2072 3138 2143 fratre
3160 2075 3396 2158 rogante.

1982 2132 2323 2215 Villi-Quod,
2344 2132 2601 2202 sancti't'n
2633 2148 2766 2216 festo
2807 2132 3001 2215 pluria?
3031 2132 3307 2216 cessaverit
3339 2132 3501 2189 unda.

250 2178 360 2239 Sed
391 2180 652 2252 deceptus
675 2195 770 2251 spe
801 2194 911 2251 qua
948 2194 1008 2245 se
1038 2178 1176 2234 bene
1200 2193 1359 2249 posse
1395 2185 1579 2231 tenere
1994 2178 2118 2209 VIII.
2160 2178 2309 2215 uttuu
2344 2178 2513 2202 δαιιωι
2548 2178 2766 2231 tchotu
2807 2178 2997 2215 μιαιιιο
3031 2178 3306 2221 ιυοικυιιιιῖ
3340 2178 3479 2189 ..ηκ-

251 2270 290 2287 η
336 2286 343 2287 ,
372 2272 407 2287 ..
658 2273 671 2287 .
1112 2271 1123 2287 .
1166 2271 1201 2287 ,.
1230 2284 1267 2287 is
1304 2268 1486 2287 .444.
2001 2223 2093 2278 ιχ.
2134 2221 2421 2277 Prwdones
2449 2231 2620 2272 sanet:
2659 2223 2916 2287 nequeunt
2946 2210 3226 2266 accendere
3260 2207 3483 2278 ltgnum.

247 2270 514 2338 Credidit,
540 2288 573 2328 a
594 2273 741 2328 celso
765 2272 1013 2343 dilapsus
1039 2271 1278 2327 culmine
1302 2268 1489 2338 templi

249 2362 522 2431 Concidit,
554 2378 620 2419 ac
647 2362 865 2433 penitus
910 2361 1239 2417 horrendam
1266 2367 1499 2414 mortem
1528 2356 1775 2423 obiisset,

249 2452 481 2512 Parietis
507 2455 563 2510 in
593 2465 803 2527 partem
834 2454 943 2510 nisi
976 2454 1058 2509 vis
1094 2453 1278 2509 divina
1309 2451 1560 2508 tulisset:

250 2544 422 2618 Cujus
454 2547 690 2629 porrecti
715 2546 921 2617 lapides
945 2546 1025 2602 sic
1057 2544 1195 2601 forte
1218 2542 1389 2611 fuere,

252 2637 323 2695 Ut
347 2654 442 2708 per
470 2639 760 2694 circuitum
789 2653 985 2708 posses
1012 2638 1260 2693 incedere
1283 2636 1467 2708 templi

1946 2315 2043 2372 Est
2068 2312 2391 2386 quodam-in
2424 2326 2563 2383 pago
2591 2308 2958 2363 Ambianense
2999 2310 3223 2357 vocatus

1945 2409 2102 2465 Mons
2136 2406 2401 2463 Desiderii
2429 2404 2563 2476 (26),
2590 2404 2747 2458 vicus
2773 2401 2862 2457 cui
2890 2399 3137 2469 subiacet
3162 2410 3325 2463 unus,

1946 2499 2191 2557 Ecclesia
2215 2506 2299 2554 est
2326 2497 2485 2568 cujus
2517 2495 2693 2551 sancti
2723 2494 2828 2550 sub
2860 2478 3073 2547 bonore
3106 2488 3306 2544 dicata.

1945 2593 2152 2651 Contra
2171 2594 2279 2649 hoc
2300 2591 2584 2649 castellum
2608 2588 2809 2643 bellum
2840 2599 3055 2655 erepere
3083 2582 3398 2653 Royenses:

1945 2686 2204 2745 Pluribus
2229 2694 2283 2742 et
2306 2683 2449 2739 villis
2474 2668 2770 2755 populatis,
2805 2678 2963 2732 vicus
2986 2675 3189 2739 aditur,

1947 2778 2074 2847 Qui,
2114 2778 2257 2835 sicut
2280 2773 2415 2840 dixi,
2442 2771 2705 2843 templum
2739 2766 2915 2825 sancti
2949 2763 3233 2821 retinebat.

1946 2867 2105 2923 Hunc
2132 2865 2273 2921 furia
2298 2863 2515 2919 accensi
2540 2859 2824 2931 praedones
2852 2852 3257 2935 aggrediuntur,

1945 2958 2067 3017 Non
2094 2955 2395 3015 dubitaturi
2422 2954 2685 3025 templum
2725 2949 2933 3005 violare
2968 2941 3207 3017 profani.
3346 3020 3347 3023 η

1949 3052 2109 3109 Forte
2132 3066 2292 3107 secus
2319 3047 2501 3119 templi
2530 3046 2624 3103 sed
2650 3043 2829 3099 stabat
2857 3053 3050 3097 cereus
3080 3049 3230 3092 aram
3254 3050 3269 3088 :

1874 3124 1917 3185 (ἶ
1956 3144 2114 3200 Hunc
2136 3146 2532 3213 praesumentes
2560 3150 2772 3205 rapere,
2800 3136 3087 3203 asportant
3119 3125 3403 3181 abeuntes.

1957 3233 2063 3291 Sed
2085 3212 2375 3304 pustquam
2406 3228 2473 3285 ad
2497 3226 2748 3298 proprias
2776 3223 2934 3279 sedes
2963 3228 3192 3292 potuere
3220 3212 3439 3280 reverti,

1956 3326 2132 3395 Quam
2157 3337 2339 3380 secum
2367 3319 2605 3377 tulerant
2628 3324 2840 3372 tentant
2863 3311 3160 3369 accendere
3181 3320 3364 3363 ceram
3391 3322 3407 3359 :

1956 3416 2280 3490 Appositum
2311 3412 2416 3469 sibi
2447 3411 2540 3468 sed
2570 3422 2800 3481 prorsus
2828 3405 2907 3461 sic
2936 3400 3172 3473 reppulit
3204 3399 3407 3470 ignem,

1957 3510 2036 3565 Ac
2069 3510 2118 3565 si
2154 3509 2209 3563 in
2243 3504 2529 3562 materiam
2566 3499 2808 3572 lapidum
2842 3509 3106 3553 conversa
3138 3490 3347 3547 fuisset.

1959 3600 2114 3670 Quod
2135 3613 2355 3654 rursum
2382 3601 2613 3660 tentant,
2661 3601 2993 3657 rursumque
3030 3583 3235 3639 frustra
3277 3576 3547 3633 laborant.

1958 3693 2192 3750 Paenitet
2216 3691 2320 3745 hoc
2346 3698 2505 3760 pacto
2528 3683 2703 3766 sancti
2729 3680 2966 3737 violasse
2988 3682 3198 3733 secreta

1954 3786 2104 3852 lllos,
2133 3800 2198 3841 ac
2222 3782 2427 3839 celeres
2457 3779 2660 3850 templo
2682 3775 2898 3833 sublata
2922 3770 3227 3827 remittunt.

1958 3878 2085 3935 llaec
2117 3894 2148 3933 a
2171 3875 2449 3932 nonnullis
2474 3874 2554 3929 sic
2581 3877 2733 3945 gesta
2756 3865 2928 3922 fuisse
2958 3862 3229 3926 feruntur,

1961 3970 2231 4028 Externus
2260 3966 2511 4040 quamvis
2547 3962 2709 4020 nobis
2744 3961 2901 4018 locus
2941 3956 3034 4013 ille
3072 3952 3285 4011 fuisset.

254 2727 451 2785 Tutius
482 2739 649 2801 utque
669 2745 766 2800 per
802 2730 905 2785 hos
934 2729 1197 2789 valuisset
1220 2728 1383 2801 figere
1409 2744 1651 2800 gressus,

253 2819 498 2893 Desuper
523 2822 840 2893 adiunctum
865 2822 1148 2877 munimen
1175 2831 1292 2877 erat
1316 2820 1629 2892 podiorum,
1665 2828 1771 2875 etc.

322 2911 388 2968 V.
429 2912 582 2979 Quod
624 2913 758 2969 eicit
788 2913 1037 2985 templum
1066 2914 1324 2969 scandens
1352 2912 1541 2968 insana
1574 2910 1772 2984 puella.

253 3001 430 3061 Unius
456 3005 513 3060 in
538 3006 745 3061 rabiem
776 3004 953 3061 fuerat
977 3021 1133 3062 mens
1161 3020 1317 3062 versa
1341 3004 1555 3076 puellm,

253 3090 387 3163 Qua:
413 3109 576 3151 sensu
603 3100 785 3166 pravo
802 3096 1118 3152 stimulante
1141 3096 1359 3151 errabat
1386 3097 1606 3168 ubique.

253 3184 382 3243 Haec
409 3187 551 3241 vilia
582 3187 759 3241 triviis
786 3188 1089 3259 peragratis
1125 3195 1370 3258 tempore
1396 3189 1594 3256 noctis,

181 3331 185 3334 ,
252 3278 396 3336 Dum
429 3286 730 3335 matutinos
753 3277 945 3349 vigiles
973 3294 1221 3336 essemus
1250 3279 1319 3333 ad
1344 3278 1599 3349 hymnos,

253 3369 326 3429 Ut
353 3386 471 3426 mos
496 3377 601 3437 est,
632 3379 822 3441 portas
849 3370 1035 3441 templi
1064 3370 1338 3441 aspiciens
1365 3369 1686 3441 patefactas,

251 3461 425 3520 Intrat
448 3461 756 3520 vociferans
789 3479 854 3520 ac
873 3462 1129 3519 frendens
1155 3462 1372 3518 horrida
1399 3464 1581 3519 verba.

257 3555 341 3612 Ad
365 3556 626 3628 vocisque
654 3571 855 3612 sonum
896 3564 1158 3626 torquens
1187 3556 1416 3628 vestigia
1449 3564 1671 3622 nostrae,

259 3646 495 3705 Oﬁendit
521 3649 725 3704 scalam
753 3663 877 3720 qua:
903 3648 1307 3713 transmittebat
1340 3649 1407 3705 ad
1437 3648 1586 3704 alia:

260 3737 395 3811 Ejus
422 3757 519 3813 per
546 3742 749 3814 gradus
781 3741 1148 3798 conscendere
1183 3741 1368 3798 nescia
1398 3741 1561 3812 cmpit
1588 3758 1604 3800 :

266 3831 373 3889 Sed
399 3843 692 3906 postquam
723 3835 897 3906 ipsius
919 3835 1085 3906 caapit
1109 3835 1426 3905 contingere
1468 3850 1744 3891 summum

263 3922 370 3981 Per
395 3936 772 3997 porrectarum
802 3929 886 3983 sic
911 3926 1269 3984 discurrendo
1294 3935 1573 3999 petrarum

264 4013 578 4087 Fracturas,
608 4019 752 4076 sicut
775 4035 895 4076 mos
923 4028 1026 4087 est,
1060 4019 1288 4076 incessit
1330 4027 1629 4075 amentum.

338 4131 453 4216 (ἓξ)
493 4130 886 4216 quatuor
916 4134 1206 4216 miracula2
1239 4150 1371 4216 quae
1406 4134 1543 4216 nibil
1578 4132 1855 4204 singulare
2033 4138 2146 4210 (26)
2189 4134 2509 4193 Mondidier.

268 4205 567 4272 continent,
594 4205 779 4261 videre
805 4205 931 4261 licet
954 4206 1009 4260 in
1034 4205 1208 4277 Aprili
1239 4205 1614 4263 Bollandiauo.

268 4332 3524 4409 Μ

1561 4499 1717 4540 ClRCA
1756 4498 1962 4539 ιίεωωι
1994 4495 2273 4536 εεευιωι.

778 4660 1460 4823 PAPIAS
1572 4580 3027 4819 GRAMMATICUS.

246 5013 278 5072 ξ’

1472 5103 2339 5223 NOTITIA.

1010 5327 1229 5402 (Ouum,
1265 5328 1556 5385 Comment.
1589 5327 1653 5381 de
1687 5324 2035 5401 scriptoribus
2058 5334 2109 5380 et
2134 5288 2321 5395 script.
2350 5321 2536 5379 ποια.
2578 5319 2625 5379 Π
2669 5319 2821 5380 621.)

352 5611 552 5687 Papias
581 5611 971 5687 grammaticus
990 5606 1137 5666 circa
1166 5619 1369 5663 annum
1400 5602 1538 5660 1050
1566 5604 1773 5672 ﬂoruit,
1802 5612 1866 5659 ut
1897 5609 1943 5669 ο
1968 5610 2030 5657 ut
2048 5600 2189 5657 male
2211 5597 2587 5654 Thrithemius
2615 5594 2672 5651 in
2695 5593 2839 5651 libro
2876 5590 2954 5647 De
3001 5587 3361 5661 scriptoribus
3386 5591 3561 5647 eccle-

287 5679 454 5769 estin
481 5679 755 5765 Chronico
778 5703 1015 5762 Alberici
1038 5715 1295 5769 ms.,non
1319 5707 1499 5757 autem
1531 5714 1677 5756 anno
1705 5696 1864 5765 ηοο,
1973 5690 2213 5750 siasticis
2254 5687 2464 5745 scribit.
2495 5685 2734 5750 Alberici
2774 5682 2940 5740 verba
2984 5688 3114 5738 sunt
3152 5699 3164 5735 :
3204 5680 3354 5736 Anno
3398 5679 3562 5744 1053,,
