4038 6384
611 302 752 393 44³59
790 300 791 303 1

1617 293 1861 397 ΡΑρίΑε
1890 293 2414 398 (instimulans.
2466 371 2518 381 —
2554 294 2853 397 ΝοτιτιΑξ

3712 313 3813 409 uti

613 468 752 552 trino
784 432 985 507 decimo
1015 430 1173 507 tertio
1197 429 1531 511 imperatoris
1558 422 1780 511 lienrici
1814 456 1916 526 ﬁlii
1941 456 2195 524 Conradi,
2228 460 2273 517 Α
2300 479 2373 534 du
2400 452 2607 535 ιπτεέηέ
2630 480 2887 535 dominus
2920 478 2991 533 du
3022 477 3206 550 causa
3234 480 3289 535 in
3313 479 3616 552 ραι-πίση
3633 485 3815 545 adem

610 541 815 613 Papias
852 543 1049 598 librum
1074 562 1250 613 suum,
1282 545 1520 601 videlicet
1551 546 1969 603 Elementarium
1998 551 2200 605 doctri-

611 650 693 688 na:
724 632 1152 702 Erudimentum,
1179 637 1347 692 edidit
1388 656 1405 693 :
1442 641 1581 710 quod
1610 641 1867 707 probatur
1891 660 1985 709 per
2014 660 2198 699 nume-

610 740 729 807 rum
763 714 1044 807 annorum,
1073 728 1161 782 ubi
1183 730 1294 800 agit
1317 729 1380 784 de
1409 731 1655 787 aztatibus
1700 733 1885 807 steculi
1920 736 1973 788 in
2023 738 2198 805 prima

608 801 815 884 littera,
843 828 892 872 et
918 821 1275 880 enumerando
1303 824 1557 894 pertingit
1596 824 1665 878 ad
1691 801 1828 878 hunc
1870 801 2087 881 annum.
2140 826 2198 882 In

609 924 691 966 eo.
712 924 877 982 porro
910 914 1194 969 condendo
1224 914 1547 971 decennium
1581 917 1944 986 insumpsisse
1988 928 2198 974 testan-

611 1007 705 1054 tur
755 1014 948 1058 versus
988 1003 1248 1072 adscripti
1304 1002 1485 1074 Papize
1540 1005 1593 1059 in
1645 1005 2055 1076 Aquicinetensi
2107 1009 2199 1064 illo

610 1095 934 1163 exemplari,
957 1103 1011 1150 et
1036 1110 1067 1150 a
1088 1095 1208 1150 viro
1238 1097 1559 1152 doctissimo
1590 1098 1833 1170 mihique
1862 1102 2199 1156 amicissimo

611 1182 822 1241 Joanne
851 1185 1166 1267 Mabillonio
1196 1188 1480 1259 exscripti,
1507 1206 1647 1260 quos
1676 1190 1766 1246 hic
1788 1207 2079 1261 apponam,
2108 1195 2198 1250 ubi
2252 1192 2261 1196 “

611 1277 798 1331 nescio
821 1280 948 1348 quis
975 1278 1273 1361 Rainaldus
1306 1282 1621 1337 nominatur
1641 1325 1657 1350 ,
1704 1300 1734 1338 a
1758 1300 1869 1354 quo
1906 1285 1996 1340 hic
2027 1288 2199 1343 codex

610 1382 756 1422 anno
780 1367 986 1426 Christi
1014 1372 1148 1426 1175
1172 1372 1480 1443 des‘criptus
1508 1373 1629 1430 fuit.

611 1521 672 1577 Si
701 1524 931 1592 durante
958 1524 1339 1601 die'nunquam
1370 1533 1746 1589 tenebresceret
1777 1536 1961 1601 orbis,

693 1619 901 1675 Visibus
926 1622 1172 1678 humanis
1193 1625 1343 1678 nulla
1366 1626 1583 1681 lucerna
1624 1629 1781 1698 foret,

605 1708 709 1765 Sic'
733 1713 811 1766 in
833 1708 1229 1788 Scriptura'qui
1262 1721 1519 1789 prospicit
1549 1720 1727 1775 omnia
1751 1720 1911 1788 clare,

681 1802 806 1858 Non
833 1816 943 1877 eget
969 1809 1124 1862 istius
1155 1811 1529 1865 commoditate
1562 1812 1706 1867 libri.

606 1893 714 1950 Sed
736 1900 988 1968 quoniam
1014 1902 1185 1973 quivis
1211 1904 1303 1972 qui
1326 1906 1527 1958 neverit
1553 1907 1734 1958 omnia
1761 1922 1863 1960 non
1898 1916 1994 1972 est,

679 1986 1193 2062 Esiample‘ctendus
1216 1997 1459 2050 omnibus
1490 1999 1590 2051 iste
1616 1998 1767 2053 liber.

607 2080 793 2137 Instar
822 2087 940 2154 apis
963 2087 1125 2143 mella
1155 2089 1379 2143 collecta
1407 2090 1589 2145 labore
1615 2092 1852 2169 decenni,

674 2176 892 2232 Cunctis
914 2179 1118 2250 Papias
1152 2182 1258 2236 ista
1282 2183 1501 2254 legenda
1530 2185 1694 2240 dedit.

604 2269 677 2321 At
712 2259 859 2324 cibus
889 2264 947 2325 at
970 2266 1147 2331 noster
1178 2276 1242 2330 de
1261 2277 1425 2331 divite
1448 2278 1614 2332 ditior
1643 2288 1834 2346 esset,,

677 2361 935 2433 Apposuit
959 2367 1109 2423 nobis
1142 2369 1239 2423 ltas
1274 2369 1570 2425 Rainaldus
1597 2388 1738 2442 opes.

608 2450 693 2507 Ne
725 2455 824 2510 tuli
854 2467 1035 2512 nostra
1056 2461 1333 2517 dulcedine
1360 2480 1540 2521 mensa
1571 2476 1797 2531 careret,

675 2543 879 2602 Extitat
901 2550 1016 2619 ejus
1038 2553 1099 2615 in
1133 2553 1229 2607 hoc
1261 2556 1491 2623 officiosa
1517 2573 1726 2612 manus.

603 2633 764 2692 Istud
793 2638 923 2695 habe
942 2639 1157 2714 gratum
1182 2664 1369 2703 munus
1400 2646 1671 2716 Salvator,
1709 2658 1759 2703 et
1789 2650 1874 2705 illi

678 2729 995 2802 Perpetuam
1022 2739 1251 2808 requiem
1274 2750 1541 2810 comparet
1566 2742 1666 2796 iste
1699 2741 1870 2796 labar.

606 2819 764 2876 Hunc
790 2836 949 2891 amet,
982 2828 1118 2882 hunc
1156 2829 1375 2900 relegat,
1403 2832 1500 2884 hoc
1527 2832 1836 2897 delectetur,
1872 2843 1921 2887 et
1958 2851 2098 2889 0mm

678 2914 835 2970 Hunc
864 2915 1042 2973 studio
1072 2932 1259 2988 servet,
1283 2938 1430 2991 grex,
1456 2923 1757 2994 Aquicinte,
1802 2934 1939 2980 tuus.

604 3001 808 3075 Scripti
845 3017 1047 3079 tempus
1071 3011 1245 3079 habet,
1275 3014 1364 3083 qui
1394 3012 1560 3068 Jhesu
1589 3015 1802 3085 copulat
1832 3018 1986 3071 antiis

677 3095 931 3161 Undecies
971 3095 1179 3157 centum
1208 3106 1547 3176 septuaginta
1579 3107 1768 3162 tribus.

606 3188 832 3273 Noveris
858 3193 965 3249 ista
1001 3193 1195 3265 legens,
1232 3197 1372 3267 quod
1396 3214 1491 3267 pro
1525 3199 1757 3253 mercede
1778 3199 1978 3255 laboris

676 3281 801 3336 Non
827 3301 1017 3341 aurum
1042 3288 1274 3357 scriptor
1293 3288 1551 3359 postulat,
1582 3292 1689 3344 imo
1710 3308 1935 3362 precem.

603 3373 747 3445 Ergo
777 3364 981 3445 precem
1022 3380 1200 3447 redde,
1237 3382 1489 3452 quoniam
1517 3382 1801 3452 pretiosius
1831 3402 1983 3450 auro,

675 3469 771 3525 Est
794 3461 943 3541 prece
971 3470 1157 3525 devota
1179 3474 1473 3543 propitiare
1502 3472 1691 3528 Deum.

602 3601 811 3660 Exstat
848 3614 1028 3661 autem
1076 3605 1219 3661 istud
1274 3604 1699 3661 Elementarinm
1753 3606 1933 3678 Papia
1987 3608 2077 3663 fol.
2138 3610 2191 3664 in

604 3697 925 3752 membrana
974 3698 1029 3752 in
1061 3696 1396 3753 bibliotheca
1435 3707 1622 3753 nostra
1671 3698 2188 3769 Lugdune—Batava,

604 3788 750 3844 inter
784 3805 916 3843 mss.
942 3787 1174 3844 Codices
1198 3787 1425 3844 Latinos
1448 3805 1599 3844 num.
1631 3790 1718 3856 l4,
1754 3798 1813 3844 ut
1839 3790 2002 3844 habet
2026 3789 2193 3846 Cata-

603 3880 764 3951 logus
812 3881 1071 3936 libroruin
1105 3881 1271 3951 hujus
1297 3881 1640 3938 bibliothecas
1668 3882 1849 3937 editus
1882 3881 2037 3937 in-4°
2079 3883 2191 3938 Lu-

600 3973 1153 4044 gduni-Batavorum
1181 3972 1320 4027 1674
1344 4006 1369 4042 ,η
1392 3988 1423 4029 a
1471 3973 1763 4029 Frederico
1815 3972 2149 4044 Spanhemio
2172 4017 2187 4041 ,

604 4080 728 4135 pag.
762 4063 886 4131 400,
930 4080 1099 4136 quem
1119 4064 1257 4120 vide.
1290 4064 1591 4135 Scripsisse
1619 4066 1782 4120 etiam
1815 4063 2039 4136 Papiam
2065 4064 2193 4137 Epi-

607 4157 874 4212 stolarum
900 4159 1101 4213 librum
1132 4157 1200 4213 ad
1247 4157 1515 4225 diversos,
1575 4167 1765 4213 auctor
1828 4167 1913 4213 est
1946 4152 2189 4216 Joannes

609 4247 946 4306 Trithcmius
978 4251 1098 4307 loco
1129 4251 1315 4305 citato.
1369 4250 1634 4305 Praeterea
1692 4249 1836 4305 Elias
1896 4249 2191 4306 Putschius

608 4340 798 4407 edidit;
818 4342 979 4396 inter
996 4340 1385 4413 grammaticos
1411 4348 1642 4407 veteres”,
1667 4339 2068 4410 Expli‘cationes
2091 4354 2192 4395 no—

606 4442 788 4490 tarum
815 4442 1058 4489 veterum
1089 4434 1155 4491 ex
1197 4433 1376 4506 Papia:
1408 4432 1710 4500 Glossario,
1756 4447 1896 4503 quas
1941 4432 1995 4488 in
2052 4447 2184 4489 mss.

2302 571 2511 626 sarium
2556 571 2751 627 media:
2805 579 2860 626 et
2891 570 3090 626 intima:
3119 569 3465 639 Latinitatis,
3501 573 3528 645 §
3586 591 3668 631 seu
3697 594 3812 636 num.

2300 662 2393 729 44,
2421 678 2545 733 pag.
2572 661 2668 731 .56,
2694 662 2790 733 qui
2825 661 2852 739 ᾗ
2876 677 2972 717 seu
3002 678 3157 717 num.
3187 660 3275 731 46,
3299 679 3354 733 p.
3379 662 3468 731 37,
3498 664 3604 721 hinc
3627 668 3763 724 addit.
3807 717 3810 721 .

2378 769 2395 802 ι
2429 749 2651 821 Papiam
2678 752 2881 822 excipit
2915 750 3107 823 Ugutio
3129 751 3383 819 Pisanus,
3415 755 3507 824 qui
3526 756 3667 826 longe
3682 756 3817 818 fusius

2254 868 2257 873 ν
2302 857 2365 896 ac
2396 830 2565 896 multa
2616 843 3005 899 vocabulorum
3056 851 3111 898 et
3161 846 3359 917 ἕτύμων
3413 848 3701 903 accessione
3735 852 3817 906 sive

2303 930 2641 989 Glossarium
2673 933 2787 989 sive
2831 933 3229 990 Dictionarium
3269 936 3485 991 auctius
3510 939 3685 1005 edidit,
3710 944 3819 1011 quod

2300 1041 2436 1080 mss.
2477 1026 2533 1079 in
2573 1025 2922 1082 bibliothecis
2966 1026 3172 1097 passim
3224 1028 3512 1097 reperitur.
3556 1027 3677 1085 Nam
3714 1033 3819 1102 typis

2258 1146 2261 1151 ι
2301 1131 2567 1171 excusum
2604 1132 2712 1171 non
2741 1127 2896 1187 puto,
2920 1118 3068 1188 quod
3097 1134 3221 1173 cum
3258 1133 3349 1173 ars
3386 1121 3741 1191 typograpbica
3766 1125 3821 1178 in-

2300 1215 2464 1261 venta
2494 1208 2766 1282 est,;illud
2802 1209 2859 1262 in
2899 1209 3104 1265 scholis
3154 1218 3283 1264 tunc
3330 1210 3631 1278 haberetur,
3660 1213 3820 1282 quod:

2301 1299 2512 1355 Joanne
2534 1300 2600 1356 de
2626 1299 2803 1356 Janua
2836 1318 2902 1356 ex
2937 1300 3104 1372 Papia
3152 1312 3205 1357 et
3252 1300 3524 1373 Ugutione
3569 1304 3823 1362 conlectum

2300 1402 2402 1448 est.
2431 1391 2567 1459 Quis
2599 1393 2701 1464 iste
2740 1391 2941 1465 Ugutio
2972 1392 3157 1461 fuerit,
3177 1394 3263 1450 vel
3301 1409 3413 1465 quo
3444 1394 3631 1451 vixerit
3648 1403 3821 1463 sucula,

2300 1499 2367 1538 ex
2393 1484 2709 1554 praefatione
2743 1488 2925 1556 operis
2962 1486 3108 1542 illius
3139 1502 3249 1541 non
3288 1486 3645 1557 percipimus;
3687 1489 3761 1543 sed
3784 1492 3823 1545 id
3868 1542 3871 1545 .

2300 1574 2564 1628 docemur
2583 1589 2646 1629 ex
2673 1570 2948 1631 Chronico
2978 1592 3082 1632 ms.
3120 1575 3681 1647 Nonantulano,cujus
3698 1579 3824 1633 verba

2240 1704 2246 1707 -
2303 1664 2392 1719 hic
2424 1654 2799 1722 describemus
2833 1684 2846 1720 :
2875 1666 2983 1721 Per
3008 1667 3119 1721 haec
3163 1676 3397 1737 tempora
3448 1668 3611 1737 (circa
3634 1684 3679 1722 a.
3702 1669 3823 1738 “92)
3875 1731 3878 1734 ,

2301 1752 2449 1825 Agna
2496 1755 2708 1833 Ugutio,
2733 1756 2945 1812 natione
2987 1757 3242 1823 Pisanus,
3269 1760 3541 1829 episcopus
3567 1757 3827 1819 Ferrarieu-

2299 1847 2394 1914 sis,
2426 1848 2516 1918 qui
2559 1848 2718 1902 datus
2766 1868 2799 1904 a
2842 1850 2961 1904 sede
3013 1850 3308 1921 apostolica
3360 1851 3633 1921 coadjutor
3685 1853 3825 1905 abbati
3862 1857 3866 1860 ⁴

2258 1978 2261 1979 ν
2301 1941 2610 1993 monasterii
2652 1924 3023 1995 Nonantulani
3070 1944 3291 2014 prodigo
3326 1943 3569 2011 homini,
3623 1962 3679 1998 ex
3724 1945 3827 1999 libro

2223 2023 2226 2027 ’
2300 2024 2511 2097 Ραρίιε,
2537 2029 2628 2098 qui
2659 2028 2773 2082 illic
2799 2041 2896 2098 est,
2923 2029 3117 2084 librant
3139 2031 3543 2085 Derivationum
3566 2035 3824 2104 composuit.

2237 2141 2239 2145 Α
2299 2116 2358 2172 In
2414 2119 2735 2190 praefatione
2789 2137 2919 2177 vero
2979 2125 3271 2179 consilium
3329 2125 3513 2195 operis
3570 2133 3621 2179 et
3671 2130 3879 2180 nomen‘

2299 2226 2463 2265 suum
2505 2212 2581 2267 ita
2604 2198 2797 2283 aperit.
2837 2213 2981 2286 Opus
3016 2216 3186 2287 igitur
3220 2216 3399 2270 divina
3455 2218 3653 2286 favente
3694 2219 3827 2288 gratia

2276 2304 2601 2374 "componere
2635 2307 2940 2373 statuimus,
2974 2308 3029 2360 in
3054 2325 3156 2378 quo
3186 2325 3297 2379 pra:
3326 2307 3475 2372 aliis,
3514 2310 3828 2363 vocabulorum

2280 2383 2731 2467 significationes,
2763 2400 3217 2471 significationum
3252 2400 3638 2469 distinctiones,
3662 2403 3829 2457 Δανίτας
3882 2400 3885 2403 ⁷

2299 2490 2501 2543 tionum
2534 2491 2785 2561 origines,
2818 2492 3259 2563 etymologiarum
3290 2495 3684 2563 assignationes,
3708 2506 3747 2547 et
3765 2496 3829 2546 in-

2299 2583 2732 2650 terpretationum
2780 2584 3103 2652 reperientur
3134 2585 3516 2654 expositiones
3582 2600 3598 2638 :
3655 2601 3829 2655 quorum

2295 2674 2599 2744 ignorantia
2634 2674 2899 2729 Latinitas
2926 2676 3247 2730 naturaliter
3282 2678 3480 2748 indiga
3522 2677 3731 2748 quadam
3760 2674 3832 2731 do-

2294 2775 2499 2820 ctorum
2524 2758 2744 2837 pigritia
2782 2784 2887 2822 non
2928 2768 3193 2844 modicum
3238 2779 3567 2825 coarctatur.
3616 2770 3714 2825 Nec
3760 2771 3831 2823 hoc

2296 2866 2502 2912 tantum
2527 2868 2581 2912 ut
2604 2860 2825 2914 vitream
2853 2861 3157 2917 cenodoxice
3182 2862 3542 2933 fragilitatem
3567 2863 3830 2933 lucrifacia-

2297 2968 2436 3017 mus,
2473 2952 2759 3022 adimplere
2793 2954 3125 3021 conabimur,
3154 2965 3412 3025 quantum
3441 2966 3500 3010 ut
3529 2958 3738 3010 omnium
3754 2956 3833 3009 scis

2290 3044 2449 3097 entire
2470 3041 2770 3097 litterarum
2791 3045 3187 3116 invigilantium
3209 3052 3506 3103 communis
3529 3051 3644 3105 inde
3667 3051 3831 3104 utilitas

2220 3151 2261 3207 α
2292 3137 2597 3207 efflorescat.
2633 3134 2746 3191 Nec
2778 3140 2952 3193 minus
2983 3139 3270 3194 descendat
3317 3142 3375 3195 in
3422 3152 3671 3210 mentem,
3695 3159 3770 3196 nos
3791 3143 3831 3195 is

2297 3228 2395 3283 hoc
2421 3246 2573 3301 opere
2602 3231 2973 3303 perfectionem
3008 3234 3324 3290 insinuatim
3370 3236 3640 3303 adhibere,
3673 3252 3770 3290 cum
3791 3237 3831 3289 is

2297 3320 2542 3376 humanis
2598 3322 2732 3376 nihil
2788 3323 2857 3377 ad
2902 3341 3128 3396 unguem
3188 3327 3495 3381 inveniatur
3553 3327 3832 3397 expolitum,

2299 3409 2422 3464 licet
2471 3412 2595 3465 aliis
2621 3412 2683 3467 de
2706 3413 2804 3467 hac
2844 3415 3023 3468 eadem
3051 3432 3103 3469 re
3132 3417 3492 3472 tractantibus
3518 3418 3728 3486 quadam
3747 3418 3831 3470 siu-

2297 3502 2474 3572 gulari
2501 3506 2838 3574 perfectione,
2865 3506 3007 3560 haud
3033 3507 3236 3577 injuria
3262 3509 3431 3563 videri
3462 3526 3725 3580 possumus
3761 3523 3831 3562 cr-

2297 3593 2500 3649 cellere.
2552 3581 2818 3652 Nam'hic
2838 3597 3089 3668 parvulus
3130 3599 3487 3654 delectabitur
3534 3599 3832 3655 suaeius.hic

2296 3688 2511 3743 adultus
2545 3692 2756 3745 uberius
2804 3691 3090 3760 cibabitur,
3148 3692 3234 3746 hic:
3288 3694 3558 3765 perfectus
3591 3694 3834 3764 affluentius

2296 3777 2647 3840 delectabitur
2679 3796 2697 3833 :
2721 3780 2807 3835 hic
2836 3783 3283 3854 gymnosophistae
3304 3785 3568 3851 triviales,
3599 3786 3677 3838 hic
3700 3783 3832 3836 Dida-

2295 3869 2430 3924 scali
2463 3870 2846 3941 quadriviales,
2871 3873 2955 3926 hic
2979 3872 3152 3945 legum
3181 3876 3538 3946 professores,
3585 3875 3665 3930 hic
3706 3872 3834 3927 Theo-

2296 3959 2453 4031 logice
2473 3971 2910 4032 perscrutatores,
2936 3964 3021 4017 hic
3057 3962 3425 4019 Ecclesiarum
3464 3966 3725 4035 proficient
3761 3978 3833 4031 gu-

2296 4048 2617 4105 bernatores.
2637 4047 2755 4104 illic
2776 4052 3378 4126 supplebiturquicquid
3415 4056 3667 4111 hactenus
3700 4055 3832 4108 scien-

2297 4142 2387 4196 tia:
2421 4142 2625 4212 defectu
2659 4147 3074 4213 praetermissum
3101 4156 3211 4213 est,
3252 4148 3338 4219 hic
3373 4146 3682 4202 elimabitur
3718 4146 3834 4214 quit-

2292 4234 2420 4305 quid
2464 4251 2497 4287 a
2529 4233 2684 4306 longo
2736 4244 2962 4306 tempore
3010 4237 3514 4309 mala'usurpatum
3544 4250 3637 4293 est.
3669 4236 3722 4292 Si
3746 4236 3834 4306 quis

2292 4333 2495 4395 quierat
2557 4326 2729 4395 operis
2794 4327 2952 4397 hujus
2984 4328 3103 4399 quis
3146 4337 3303 4382 actor
3343 4329 3557 4398 fuerit,
3604 4326 3835 4380 ἐξειπεῖυή

2293 4426 2391 4486 est,
2419 4416 2581 4472 Deus.
2611 4416 2670 4473 Si
2698 4428 2903 4490 quaerat
2929 4420 3068 4492 quod
3099 4422 3272 4493 operis
3296 4422 3454 4492 hujus
3480 4422 3643 4492 fuerit
3674 4423 3834 4474 instru-

605 4526 889 4583 codicibus
947 4542 1089 4599 quos
1129 4527 1313 4582 videre
1357 4524 1585 4596 contigit
1640 4540 1749 4579 non
1806 4520 2191 4579 animadvertit

2294 4516 2551 4574 mentum,
2580 4509 2996 4578 respondendum
3023 4521 3104 4566 est
3136 4514 3275 4583 quod
3302 4515 3483 4582 patria
3506 4513 3743 4576 Pisanus,
3766 4524 3836 4561 uo-

604 4616 839 4673 Carolus
864 4618 937 4672 du
982 4616 1183 4689 Gange.
1217 4615 1622 4673 Proatatwvero
1681 4614 2188 4685 ciusClossarium

604 4708 747 4779 typis
768 4708 973 4763 editum
1006 4724 1140 4763 cura
1162 4708 1355 4787 Bonini
1387 4706 1705 4775 Mombritii,
1738 4706 1897 4777 cujus
1927 4695 2056 4761 Sunt
2077 4707 2188 4762 duo

605 4800 882 4859 volumina
913 4800 987 4855 De
1023 4801 1149 4855 vitis
1196 4792 1532 4866 sanctarum,
1559 4796 1753 4870 nempe
1775 4796 2018 4854 Venetiis
2044 4815 2189 4854 anno

609 4891 767 4958 4490,
800 4908 987 4948 mense
1025 4892 1220 4963 Aprili,
1269 4893 1357 4948 die
1387 4908 1499 4948 XIX.
1537 4892 1678 4947 Sane
1704 4907 1810 4947 non
1827 4900 1939 4947 tam
1961 4891 2026 4947 de
2045 4907 2190 4949 novo

606 4985 919 5040 condidisse
947 5000 1112 5055 quam
1146 4992 1307 5039 antea
1348 4992 1626 5054 utcunque
1668 4984 1939 5054 digestum
1967 4982 2189 5038 Glossa-

605 5078 751 5133 rium
804 5094 868 5133 ac
915 5079 1255 5134 elaboratum
1282 5077 1530 5142 auxisse,
1560 5076 1676 5147 ipse
1720 5075 1948 5129 innuere
1973 5074 2187 5129 videtur

606 5175 663 5228 in
694 5172 1012 5243 prmfatione
1034 5173 1122 5228 his
1145 5172 1324 5228 verbis
1358 5190 1371 5225 :
1405 5170 1533 5233 Iam
1588 5186 1705 5225 vero
1756 5169 1821 5222 de
1859 5168 2025 5237 hujus
2049 5169 2184 5220 artis

607 5266 816 5318 nomine
855 5281 959 5318 non
987 5262 1498 5345 prietermittendum
1543 5260 1770 5331 videtur,
1806 5258 1944 5329 quod
1974 5257 2188 5328 quidem

603 5356 704 5412 etsi
749 5356 900 5423 olim,
954 5356 1080 5426 quia
1132 5354 1271 5408 verbi
1327 5358 1374 5409 et
1432 5352 1749 5423 simpliciter
1775 5347 1932 5404 unius
1968 5348 2188 5402 alterius

602 5449 853 5502 dictionis
878 5446 1130 5501 retinebat
1160 5446 1665 5515 interpretationem,
1688 5441 2016 5497 Glossarium
2036 5457 2189 5494 voca-

603 5549 750 5594 retur
779 5554 796 5591 :
816 5539 936 5607 jam
966 5554 1082 5591 vero
1120 5538 1538 5607 deﬁnitionibus,
1574 5544 1625 5590 et
1654 5532 1943 5588 secundum
1972 5531 2182 5603 regulas

605 5620 994 5695 natationibus,
1032 5629 1304 5684 sen‘entiis
1334 5644 1571 5700 quoque,
1604 5634 1652 5680 et
1713 5624 1893 5678 multis
1927 5624 1983 5676 id
2022 5637 2182 5693 genus

604 5720 985 5793 superadditis,
1018 5720 1181 5773 altius
1214 5729 1369 5788 atque
1397 5721 1574 5789 aptius
1612 5717 2031 5772 Elementarium
2077 5710 2187 5766 Ποέ

606 5818 793 5869 ctrime
824 5814 1209 5867 erudimentum
1262 5813 1526 5865 nominari
1582 5804 1793 5880 poterit.
1848 5807 1921 5861 Ita
1958 5805 2188 5864 Carolus

2292 4602 2433 4655 mine
2458 4600 2723 4672 Hugutio,
2758 4605 2913 4674 quasi
2947 4603 3195 4676 Eugetio,
3219 4607 3276 4660 id
3296 4615 3396 4673 est,
3421 4608 3561 4661 bona
3587 4617 3734 4673 terra,
3757 4620 3835 4658 ιοιι

2294 4698 2502 4746 tantum
2537 4694 2907 4763 prementibus,
2934 4697 3025 4750 sed
3051 4699 3214 4752 etiam
3239 4699 3442 4773 futuris
3468 4714 3489 4752 :
3516 4699 3595 4754 vel
3620 4697 3833 4768 Παριιὶοι

2297 4786 2449 4853 quasi
2487 4783 2707 4856 Vigitio,
2733 4786 2789 4841 id
2811 4797 2887 4841 est
2919 4781 3095 4844 virens
3116 4783 3285 4858 terra,
3315 4774 3614 4846 n‘cn‘solum
3638 4792 3745 4856 sibi,
3769 4788 3834 4843 sed

2294 4876 2457 4929 etiam
2488 4876 2632 4931 aliis.
2667 4876 2799 4947 Ejus
2827 4879 3035 4934 obitum
3072 4881 3219 4936 circa
3241 4898 3446 4937 annum
3479 4883 3620 4937 12ιῖ
3657 4878 3836 4951 conjicit

2297 4966 2558 5039 Ugbellus
2591 4968 2646 5023 in
2681 4970 2955 5040 episcopis
2996 4972 3471 5041 Ferrariensibus,
3516 4976 3608 5031 cui
3656 4977 3756 5029 hac
3786 4970 3837 5025 de

2298 5057 2569 5131 Ugutione
2598 5060 2745 5116 haud
2774 5070 2902 5117 nota
2926 5062 3168 5122 luerunt.
3204 5083 3223 5116 ι
3255 5064 3382 5122 Haec
3413 5067 3731 5122 verbotenus
3753 5062 3836 5117 Ca-

2294 5153 2447 5208 rolus
2471 5154 2543 5207 du
2569 5151 2793 5221 Fresne,
2825 5155 3084 5213 dominus
3109 5158 3183 5213 du
3232 5158 3435 5230 Gange,
3487 5159 3626 5214 locis
3669 5156 3831 5212 citatis.

2293 5244 2539 5301 Meminit
2593 5262 2811 5317 quoque
2851 5247 3047 5327 Papiae
3084 5254 3444 5323 grammatici
3501 5252 3771 5307 Cornelius
3811 5264 3832 5301 a

2260 5332 2264 5336 Α
2292 5334 2567 5409 Beughem
2603 5338 2657 5391 in
2690 5341 2955 5409 opusculo
2986 5339 3061 5397 De
3104 5342 3452 5400 incunabulis
3504 5340 3834 5417 typOgraphiz

2293 5428 2461 5483 verbo
2483 5428 2708 5500 Papias,
2736 5446 2857 5502 pag.
2897 5432 3021 5498 105,
3054 5433 3212 5504 cujus
3240 5432 3664 5491 Vocabularium
3692 5431 3835 5502 inquit

2294 5522 2623 5593 impressum
2670 5524 2801 5579 olim
2859 5524 3147 5581 Mediolani
3195 5527 3334 5601 l476
3379 5527 3589 5597 in-[ol.,
3636 5524 3833 5581 Venetiis

2295 5616 2458 5685 1487,
2483 5616 2611 5671 l49l
2642 5625 2697 5672 et
2716 5617 2852 5674 1496
2874 5618 2928 5672 In
2954 5616 3050 5674 fol.
3066 5617 3219 5675 Illum
3244 5619 3458 5677 natione
3478 5610 3833 5679 Lombard'um.

2293 5718 2410 5763 arte
2432 5709 2874 5779 grammaticum,
2912 5711 3056 5767 male
3086 5709 3543 5770 cum‘Trithemio
3568 5711 3635 5767 ad
3665 5718 3830 5764 annum

2296 5801 2499 5856 Christi
2530 5800 2665 5856 1200
2694 5801 2960 5860 claruisse
2992 5804 3199 5861 scribit.
