4038 6386
600 294 627 347 1
644 294 740 351 με

1520 410 1646 420 ...α-..-

1596 269 1935 343 ὀΑειειΑδ
1972 281 2351 340 MONACHUS
2388 277 2820 338 cuxaseusxs

3689 270 3787 328 NI

609 394 3758 441 Μ

906 456 2407 791 εΑΒρΙιἘῗΜΟΝΑρΗΙ
2503 558 3477 733 (ιῌΧΑξΕΝδΙδ

1890 824 2583 969 EPISTOLA

1084 1052 1237 1145 AD
1306 1049 1767 1146 OLIVAM
1840 1042 2519 1173 EPISCOPUM
2592 1039 3383 1136 AUSONENSEM

916 1244 1005 1307 De
1058 1242 1267 1306 initiis
1328 1238 1697 1303 monasterii
1750 1236 2159 1311 Cumasensis,
2218 1243 2274 1297 et
2310 1233 2380 1297 de
2414 1214 2614 1297 sacris
2657 1234 2949 1315 reliquiis
2984 1236 3049 1297 in
3090 1252 3157 1296 eo
3188 1230 3541 1297 custoditis.

1892 1381 2098 1463 (Circa
2122 1396 2368 1442 annum
2396 1378 2598 1461 1050.)

699 1534 905 1604 (Edidit
928 1533 1126 1591 BALUZ.
1159 1533 1219 1590 in
1247 1530 1494 1604 Append.
1519 1530 1589 1587 ad
1616 1528 1857 1587 Marcam
1889 1527 2266 1594 Hispanicam,
2291 1540 2346 1596 p.
2377 1523 2516 1579 {072
2536 1563 2551 1591 ,
2579 1540 2647 1580 ex
2673 1523 3010 1580 chartulario
3039 1521 3362 1578 monasterii
3382 1519 3730 1593 Cumensis.)

2078 1682 2396 1700 ﬂ

674 1820 1171 1895 (l)Gloriosissimo
1190 1827 1354 1890 atque
1379 1818 1518 1873 inter
1538 1816 1660 1888 pios
1680 1813 1938 1887 praesules
1952 1812 2188 1867 clemen—
2218 1812 2260 1872 Α
2287 1820 2481 1878 precor
2508 1816 2569 1862 ut
2589 1807 2695 1863 hoc
2725 1805 2873 1880 quod
2914 1805 3122 1863 inculto
3154 1823 3406 1867 sermone
3428 1810 3622 1883 protuli
3641 1827 3731 1868 non
3748 1813 3810 1867 rio

601 1914 816 1970 tissimo
870 1911 1020 1968 Patri
1058 1909 1242 1968 01.th
1291 1910 1563 1965 bonorum
1606 1906 2004 1962 monachorum
2053 1901 2183 1956 ulti-

601 2023 754 2074 mus,
790 2004 1096 2062 sanctitatis
1140 2011 1324 2058 autem
1362 2009 1557 2058 vestrae
1607 2014 1832 2064 servus,
1885 1994 2073 2067 gratia:
2101 1992 2186 2048 vel

600 2096 928 2167 potestatis,
951 2093 1134 2165 quoad
1162 2093 1340 2147 vivam
1362 2132 1376 2158 ,
1420 2089 1658 2145 famulus
1694 2086 1960 2151 GARCIAS,
1992 2084 2187 2140 debitae

602 2188 880 2244 servitutis
911 2186 1260 2256 obsequium,
1287 2192 1343 2239 et
1360 2192 1577 2240 mternae
1615 2180 1816 2252 quietis
1840 2179 2186 2248 incompara-

601 2276 710 2333 bile
741 2277 1047 2348 przemium.

669 2365 1029 2439 Omnipotens
1056 2366 1220 2434 Deus,
1258 2381 1384 2422 cum
1418 2363 1716 2421 visibilium
1749 2371 1912 2432 atque
1933 2357 2185 2415 invisibi-

598 2458 734 2514 lium
782 2460 1216 2516 substantiarum
1248 2466 1529 2514 creaturas
1558 2456 1844 2520 conderet,
1891 2466 1944 2509 et
1990 2467 2188 2509 causas

599 2551 685 2606 vel
710 2560 867 2607 actus
909 2567 1091 2608 rerum
1123 2552 1447 2617 adverteret,
1493 2566 1608 2606 sua:
1649 2549 1869 2604 virtutis
1908 2548 2190 2604 mmulato-

598 2658 718 2698 rem
752 2643 964 2700 scilicet
999 2644 1258 2714 cupidum
1285 2642 1595 2700 ctelestium
1623 2642 1945 2713 gratiarum,
1972 2640 2041 2693 ad
2066 2638 2187 2693 lau-

603 2733 730 2788 dem
770 2742 826 2789 ct
860 2734 1091 2805 gloriam
1133 2750 1323 2801 suam,
1353 2743 1479 2788 ante
1520 2734 1710 2788 mundi
1740 2732 2188 2789 constitutionem

598 2826 799 2896 delegit
819 2827 1121 2893 hominem,
1145 2827 1236 2897 qui
1264 2827 1528 2881 mundani
1553 2827 1735 2896 operis
1754 2835 1807 2879 et
1828 2823 2187 2878 animantium

575 2915 988 2973 ’tmiversorum
1040 2918 1354 2974 necessario
1409 2927 1587 2973 uteret
1629 2924 1985 2987 potestatem;
2030 2915 2189 2983 cujus

605 3012 795 3084 gratim
825 3012 911 3067 vel
941 3011 1285 3067 similitudini
1313 3010 1485 3066 totius
1522 3011 1776 3064 humana:
1818 3008 2189 3063 universitatis

598 3119 699 3158 vos
715 3101 1105 3159 conferendum
1128 3102 1276 3158 dedit
1296 3117 1419 3157 cum
1438 3116 1708 3171 corporea:
1729 3097 2037 3171 fragilitatis
2059 3114 2184 3153 con-

603 3197 831 3251 sortium
863 3205 914 3251 et
940 3195 1187 3251 omnium
1232 3194 1558 3265 specierum,
1600 3192 1900 3248 secundum
1935 3190 2189 3260 amplitu-

601 3287 784 3343 dinem
808 3288 971 3343 vestri
997 3287 1203 3351 cordis,
1229 3285 1606 3356 inexplebilem
1630 3294 1795 3355 atque
1824 3283 2189 3338 insatiabilem

600 3380 797 3436 tribuit
818 3381 1172 3437 intellectum.
1205 3377 1448 3434 Primum
1486 3378 1736 3434 videlicet
1765 3377 2039 3460 vernantis
2062 3384 2193 3431 teta-

602 3475 677 3531 tis
716 3473 1023 3545 disciplinis
1049 3488 1160 3544 pra:
1179 3471 1662 3528 exercitaminibus
1689 3480 1742 3527 et
1770 3472 1940 3526 multa
1981 3469 2190 3527 sollici—

602 3565 792 3623 tudine
821 3567 877 3621 in
924 3580 1185 3637 processu
1231 3566 1496 3636 temporis
1533 3563 1783 3618 laborare
1823 3565 2106 3636 compulit,
2137 3572 2193 3620 et

604 3658 687 3715 sic
716 3657 783 3713 ad
808 3672 1028 3713 omnem
1054 3671 1278 3712 causam
1304 3671 1371 3711 ex
1402 3654 1668 3726 parentali
1700 3656 2051 3711 successione
2092 3671 2192 3727 pro

599 3762 830 3824 justum
866 3751 1075 3807 meritis
1105 3750 1466 3822 regendarum
1499 3764 1681 3805 rerum
1727 3750 1812 3820 pie
1841 3749 2102 3820 praefecit,
2133 3759 2194 3806 ut

600 3842 750 3914 iugis
771 3842 1035 3898 exbibitio
1058 3842 1420 3913 probabilium
1445 3850 1665 3898 actuum
1694 3842 2049 3913 conjungeret
2071 3857 2194 3912 per-

609 3933 791 4003 ceptio
825 3933 1144 3988 sublimium
1167 3933 1522 4004 cogitatuum.
1547 3932 1740 3987 Merito
1770 3942 1951 3987 autem
1976 3931 2196 4002 dispen-

613 4023 755 4079 satio
790 4024 1089 4079 voluntatis
1120 4033 1377 4094 paternae,
1402 4024 1599 4094 spretis
1639 4024 1943 4079 honoribus
1980 4024 2193 4090 mundi,

614 4130 712 4171 vos
734 4114 993 4171 Ecclesia:
1022 4131 1136 4171 suae
1178 4116 1377 4171 iterum
1416 4114 1641 4169 donavit
1685 4124 1974 4180 rectorem,
2016 4122 2077 4168 ut
2100 4114 2196 4167 im-

609 4222 848 4278 prunens
874 4218 929 4261 et
956 4207 1120 4263 nimis
1141 4206 1427 4276 imperitus
1461 4205 1563 4260 sub
1589 4220 1755 4259 manu
1787 4214 1842 4259 et
1863 4205 2197 4259 beatitudine

609 4306 791 4353 vestra
812 4297 1125 4367 ubicunque
1147 4296 1341 4351 secreti
1356 4296 1569 4350 consilii
1594 4296 1817 4350 haberet
1846 4296 2196 4350 securitatem

610 4398 664 4443 et
691 4387 829 4443 lucri
862 4388 1089 4457 majoris
1120 4401 1392 4442 summam
1423 4385 1817 4442 defensionem.
1845 4385 2000 4454 Quod
2030 4401 2196 4457 expe-

2289 1906 2526 1969 tuperes,
2553 1907 2614 1954 ut
2641 1900 2891 1965 aemulus,
2916 1900 3011 1956 sed
3034 1908 3277 1957 vestrum
3298 1902 3566 1962 lucentem
3586 1904 3809 1975 ingenium

2285 1990 2525 2045 vindicet
2554 1997 2614 2045 ut
2641 1991 2959 2047 benevolus.

2355 2081 2625 2139 Nonnulla
2651 2100 2780 2156 ergo
2806 2100 2929 2154 qua:
2959 2095 3089 2141 sunt
3118 2081 3259 2143 inter
3282 2087 3559 2145 chartulas
3588 2088 3809 2161 descripta

2287 2176 2490 2244 inveni,
2547 2189 2602 2233 et
2644 2194 2711 2233 ex
2756 2178 2890 2249 ipsis
2931 2179 3199 2250 quidquid
3248 2180 3578 2237 luculentios
3620 2182 3811 2239 invenire

2286 2270 2439 2340 potui
2476 2279 2571 2326 aut
2607 2270 2907 2326 multorum
2947 2269 3177 2327 utilitate
3211 2288 3385 2344 prona
3417 2275 3645 2331 condere
3671 2277 3813 2332 studui

2287 2362 2566 2420 voluntate
2603 2365 2678 2420 ita
2707 2384 2720 2419 :
2753 2363 2960 2431 Quarto
2988 2363 3260 2421 Kalendas
3292 2365 3546 2424 Octobris
3582 2370 3813 2424 celebritas

2287 2453 2647 2511 dedicationis
2707 2458 2883 2511 sancti
2944 2460 3255 2533 archangeli
3309 2462 3584 2520 Michaelis
3626 2465 3813 2523 rmaobii

2288 2543 2642 2613 Cuxasensis,
2675 2564 2840 2618 quam
2870 2550 3032 2605 etiam
3064 2551 3359 2608 admodum
3393 2554 3447 2609 in
3492 2571 3661 2610 rerum
3691 2557 3815 2612 rebus

2286 2636 2548 2706 prudens,
2584 2646 2640 2693 et
2669 2637 2736 2693 ad
2765 2639 3064 2694 docendam
3086 2656 3151 2696 ex
3197 2650 3438 2714 tempore
3474 2644 3671 2715 plebem
3705 2645 3816 2701 sum.

2288 2727 2470 2796 ciens,
2500 2729 2555 2782 in
2587 2729 2906 2800 ornatisque
2945 2731 3141 2787 studiis
3177 2746 3272 2804 per
3293 2733 3452 2789 facile
3483 2736 3679 2801 lucens,
3704 2734 3814 2790 γαπ.

2289 2818 2465 2886 rinus,
2501 2820 2746 2890 ejusdem
2774 2819 2927 2877 fundi
2955 2821 3245 2895 religiosus
3272 2825 3466 2892 abbas,
3500 2827 3671 2882 divina
3691 2827 3818 2883 redu-

2290 2923 2447 2970 cente
2491 2930 2679 2981 manu,
2718 2931 2827 2970 una
2876 2932 3003 2971 cum
3048 2918 3297 2985 ejusdem
3342 2921 3597 2977 dioecesis
3638 2921 3821 2992 pursuit:

2292 3006 2449 3077 signo
2479 3015 2533 3064 et
2566 3008 2792 3064 scicntia
2820 3006 3073 3077 Suniero,
3111 3011 3384 3080 adjunctis
3413 3009 3731 3069 diversarum
3753 3027 3819 3067 se-

2290 3097 2441 3154 dium
2468 3099 2758 3170 episcopis,
2783 3108 2988 3171 septem
3012 3101 3115 3157 viri
3149 3117 3401 3169 numero,
3426 3112 3485 3159 et
3507 3105 3754 3159 nobilitate
3774 3118 3822 3157 ac

2293 3190 2575 3260 prudentia
2602 3193 3070 3262 praestantissimi.
3114 3210 3241 3250 cum
3278 3195 3497 3251 infinita
3534 3196 3821 3251 mulutuiin:

2290 3285 2555 3340 nobilium
2601 3294 2868 3357 potestate
2910 3287 3230 3357 pollcntium
3274 3306 3339 3346 ac
3385 3293 3666 3363 utriusque
3701 3305 3823 3346 suas

2290 3374 2493 3432 diversi
2527 3376 2737 3431 ordinis
2778 3377 3105 3433 clericorum
3136 3387 3301 3450 atque
3340 3381 3582 3450 plebium
3610 3380 3749 3436 varia:
3763 3379 3823 3434 dio

2292 3467 2513 3539 gnitatis
2535 3469 2973 3525 eminentissimo
3006 3478 3173 3538 cmtu,
3205 3471 3261 3525 in
3296 3472 3517 3543 gaudiis
3547 3473 3735 3544 magnis
3755 3487 3822 3525 aco

2293 3560 2535 3616 tionibus
2560 3561 2860 3633 gratiarum
2895 3562 3283 3619 dedicaverunt
3309 3565 3572 3637 illamque
3593 3563 3732 3620 donis
3748 3563 3823 3617 du-

2293 3651 2524 3722 plicibus
2561 3653 2615 3708 in
2652 3669 2943 3709 commune
2984 3655 3478 3728 locupletaveruut,
3513 3664 3569 3712 et
3609 3656 3746 3725 regite
3764 3654 3824 3708 di-

2278 3738 2488 3814 gnitati
2524 3757 2649 3800 cum
2693 3746 3014 3802 muneribus
3042 3755 3097 3802 et
3132 3748 3353 3804 coronis
3384 3751 3599 3821 copiam
3635 3746 3827 3803 reddidi»

2295 3847 2426 3891 runt
2449 3846 2505 3892 et
2544 3853 2664 3893 eam
2706 3848 2762 3893 tn
2794 3839 3160 3911 trrcfragahili
3189 3840 3332 3910 juris
3369 3842 3712 3913 perpetuitate
3741 3853 3829 3895 esse

2297 3929 2674 3985 inconvulsam
2696 3938 2792 3985 aut
2828 3928 3206 4000 cujuscunque
3229 3931 3434 3986 servitii
3460 3933 3690 4003 qualibet
3716 3945 3830 3985 exse-

2296 4022 2513 4077 cutione
2539 4020 2789 4088 liberam,
2817 4037 2882 4077 ac
2908 4021 2963 4075 in
3001 4022 3357 4093 protelatione
3390 4024 3584 4079 finium
3606 4039 3715 4080 cum
3746 4021 3829 4076 suis

2296 4116 2493 4187 opibus
2523 4124 2668 4171 stare
2708 4131 2921 4187 semper
2947 4116 3251 4183 dominam,
3283 4118 3543 4189 quodque
3582 4117 3829 4173 sanctiores

2296 4222 2422 4263 cum
2450 4223 2677 4263 ornasse
2700 4209 2961 4278 templum
2984 4223 3049 4263 ex
3077 4221 3275 4280 magna
3301 4218 3457 4280 parte
3493 4208 3829 4266 venerabilium

2298 4308 2613 4355 sanctorum
2642 4307 2697 4355 et
2717 4299 2955 4370 majores
2976 4299 3289 4371 quicunque
3316 4302 3735 4373 populorumque
3756 4314 3829 4369 ρο*

2302 4396 2497 4456 tentes,
2525 4404 2817 4443 munerum
2856 4388 3105 4460 largitate
3134 4390 3379 4461 apprime
3420 4392 3667 4459 ditatum,
3696 4389 3831 4445 omni

612 4482 849 4537 rimento
870 4480 1108 4551 copiosis
1130 4489 1183 4535 et
1213 4478 1421 4535 securis
1447 4478 1562 4549 ipse
1582 4480 1833 4551 cognovi.
1856 4472 1986 4534 dum
2015 4481 2197 4536 dilecti
2224 4496 2266 4554 ο
2301 4478 2511 4549 husque
2574 4478 2733 4534 bonis
2778 4494 2916 4549 pene
2953 4474 3329 4547 sublimatum,
3368 4483 3589 4554 utrique
3613 4482 3736 4553 parti
3768 4495 3833 4534 sae

615 4572 968 4645 praeceptoris
1003 4573 1085 4629 vcl
1121 4573 1176 4628 in
1214 4581 1328 4627 toto
1360 4572 1528 4628 vestri
1556 4570 1839 4628 familiaris
1865 4573 2073 4627 Arnalli
2113 4589 2199 4628 re-

613 4662 826 4737 fugium
855 4673 911 4720 et
955 4664 1309 4720 memorabile
1333 4664 1467 4720 duce
1498 4662 1727 4730 furtum,
1768 4664 1975 4719 scilicet
2012 4664 2080 4720 de
2114 4665 2198 4718 in-

615 4757 917 4813 structionc
945 4765 1109 4827 atque
1149 4756 1479 4812 exaltatione
1514 4753 1829 4826 Christique
1872 4771 1937 4811 ac
1977 4765 2197 4812 sancto-

617 4862 740 4903 rum
770 4848 894 4917 ejus
925 4848 1214 4920 pignorum
1259 4847 1643 4913 conclusione,
1678 4848 1762 4902 vel
1803 4848 1994 4903 altaris
2026 4850 2197 4904 nostri

616 4938 979 5006 dedicatione,
1006 4956 1177 4996 necne
1200 4940 1343 5011 ignis
1364 4939 1669 5005 exustione,
1696 4940 1863 4996 vestri
1887 4955 2015 4995 vero
2044 4942 2198 4996 labo-

616 5030 751 5087 riosi
776 5032 958 5101 operis
998 5032 1432 5098 restauratione,
1462 5039 1517 5086 et
1541 5030 1735 5085 iterum
1772 5031 2021 5104 gloriosae
2044 5034 2201 5090 vallis

617 5122 1012 5191 benedictione,
1058 5139 1090 5179 a
1132 5122 1536 5179 destruentibus
1572 5124 1736 5179 etiam
1782 5124 2103 5195 irruptione,
2142 5127 2201 5182 in

618 5215 821 5287 quibus
841 5215 1031 5286 jussus
1062 5213 1162 5271 feci
1206 5214 1403 5271 sinceri
1429 5215 1633 5271 amoris
1662 5216 1827 5272 vestri
1852 5216 2110 5285 oilicium,
2148 5227 2204 5274 et

619 5305 836 5363 Domini
864 5306 971 5362 mei
994 5305 1276 5362 Michaelis
1300 5306 1448 5363 sensi
1481 5306 1813 5377 adjutorium
1839 5309 2201 5379 propitiatorii

620 5409 840 5467 quoque
863 5396 1140 5453 coloribus
1166 5406 1221 5452 et
1262 5395 1732 5469 Evangeiistarum
1766 5397 1954 5469 ﬁguris
1984 5398 2029 5453 si
2058 5399 2201 5454 assi-

622 5489 804 5558 gnavi,
832 5504 940 5544 non
961 5504 1092 5545 vero
1114 5490 1444 5545 concedente
1475 5487 1696 5545 Christo
1722 5489 1778 5545 in
1804 5500 1986 5545 vestra
2032 5493 2204 5548 salute

623 5577 744 5634 fieri
774 5595 933 5650 spero
977 5581 1033 5638 in
1081 5583 1277 5637 melius
1320 5581 1527 5651 majora
1556 5597 1623 5638 ex
1661 5583 1935 5642 omnibus.
1980 5585 2204 5644 interim

2302 4575 2651 4624 crosanctum
2707 4567 2941 4623 Domino
2989 4570 3247 4639 templum
3296 4580 3662 4627 sac'averuut.
3716 4568 3833 4625 Unde

2301 4661 2464 4717 etiam
2488 4676 2554 4716 ex
2579 4660 2768 4715 eadem
2793 4659 3025 4716 ecclesia
3046 4660 3130 4715 vel
3152 4660 3495 4719 dedicatione
3520 4679 3619 4719 suo
3639 4672 3833 4732 tempore

2302 4751 2557 4822 optabilis
2583 4759 2668 4806 est
2691 4751 2998 4806 recordatio
3031 4752 3293 4821 paulatim
3328 4762 3384 4809 et
3407 4754 3664 4809 memoria
3686 4764 3834 4807 amna

2301 4845 2450 4901 tibus
2471 4845 2724 4917 cognosci
2753 4852 2864 4899 tota
2887 4844 3131 4901 veritate.
3169 4844 3233 4901 Et
3255 4847 3433 4917 primo
3463 4863 3627 4919 quam
3648 4845 3836 4919 gloriose

2302 4936 2448 4994 Deus
2481 4938 2663 4994 locum
2688 4947 2741 4992 et
2772 4938 3029 5009 templum
3052 4954 3174 4996 esse
3197 4938 3301 4995 sibi
3329 4939 3590 5007 effecerit,
3610 4948 3834 5011 quamque

2305 5027 2681 5098 Redemptoris
2714 5030 2889 5084 nostri
2917 5028 3094 5085 facilis
3115 5031 3407 5087 miserendi
3432 5032 3705 5089 clementia
3731 5028 3836 5085 votis

2304 5118 2450 5176 adsit
2478 5118 2921 5190 supplicantium,
2963 5134 3183 5190 quoque
3212 5122 3378 5177 modo
3417 5123 3573 5179 locus
3615 5122 3694 5176 ille
3730 5120 3836 5173 inter

2307 5209 2514 5280 primos
2548 5211 2716 5266 totius
2747 5210 2898 5267 orbis
2937 5210 3273 5281 plenitudine
3315 5222 3369 5269 et
3396 5214 3727 5269 veneratione
3757 5206 3838 5264 fcl-

2309 5310 2452 5372 geat,
2494 5302 2681 5372 paucis
2732 5302 2913 5359 verbis
2962 5302 3348 5361 circumtollat.
3397 5305 3680 5361 Enimvero
3722 5299 3834 5357 ante

2309 5394 2504 5464 quiora
2529 5393 2731 5465 posteri
2759 5394 3036 5449 memoria:
3057 5397 3272 5453 tradere
3299 5397 3455 5455 laude
3479 5405 3536 5453 et
3574 5392 3837 5453 testimonio

2308 5488 2531 5560 dignum
2556 5498 2659 5546 est.

2380 5590 2551 5664 Igitur
2587 5602 2711 5663 post
2757 5593 2863 5649 tela
2905 5593 3218 5662 apostolicae
3265 5593 3486 5651 ultionis
3529 5580 3834 5650 sacratissimi

701 5718 780 5789 (ί)
817 5716 1023 5774 Textus
1056 5708 1405 5789 corruptione
1436 5721 1729 5777 insanabili
1762 5738 1871 5780 non
1901 5739 2010 5777 uno
2038 5725 2092 5778 in
2116 5726 2238 5781 loco
2256 5727 2333 5781 laf.
2351 5740 2488 5782 erat.
