4038 6380
234 275 373 333 ωδ

1356 277 1443 333 DE
1482 276 1761 337 ORIGINE
1798 276 2219 334 MONASTEBII
2260 277 2387 335 SL'l.

3377 283 3513 344 tua

232 388 469 446 emnobii
495 388 682 446 Sancti
725 387 955 446 Andr-eia
985 389 1218 461 apostoli
1263 400 1319 446 et
1357 392 1815 448 restaurationem
1847 398 1888 454 Α
1920 391 2197 457 munitus,
2226 392 2358 462 jecit
2403 390 2818 449 fundamentum
2871 412 2934 451 ex
2991 397 3311 470 vulgaribus
3362 402 3512 456 saxis

230 493 354 548 qua:
391 492 578 535 coram
620 478 815 550 positis
869 480 1105 546 videtur,
1148 488 1203 535 et
1248 479 1445 553 legitur
1486 481 1817 537 sanctissimi

229 569 492 626 Germani
536 570 788 640 praesulis
837 571 1037 627 divina:
1079 571 1435 642 providentia:
1468 572 1686 644 quidem
1717 573 1805 628 .fa-

230 669 380 718 ctum
416 677 429 712 :
464 661 809 717 clarissimus
850 661 1099 728 Pontius,
1131 662 1216 717 vir
1257 663 1472 718 eximiae
1519 662 1818 719 nobilitatis

232 751 642 824 probabilisque
686 753 843 820 vitm,
904 764 1229 810 conventum
1285 754 1620 810 dominantis
1673 754 1819 810 illius

231 844 472 899 emnobii
515 845 872 915 procumbat,
906 844 1102 915 bisque
1140 846 1243 901 sub
1291 845 1467 901 felicis
1518 849 1814 901 memoriae.

231 933 533 991 Seniofredi
587 922 826 1001 comitis,
867 936 960 1007 qui
996 936 1111 1007 jam
1148 953 1299 1008 spem
1336 953 1495 993 suam
1529 938 1589 992 in
1622 936 1816 991 fructi-

229 1027 334 1083 bus
367 1028 728 1083 collocaverat
755 1028 937 1093 bonis,
964 1038 1019 1084 et
1050 1029 1261 1084 viribus
1291 1039 1455 1100 atque
1490 1030 1818 1083 auctoritate

229 1119 503 1190 patentior
527 1119 721 1185 inerat,
753 1121 977 1190 provide
1006 1121 1176 1177 armis
1205 1122 1480 1192 patientia:
1512 1122 1813 1187 fulciretur,

232 1225 298 1267 ac
319 1226 432 1282 pra:
457 1212 667 1267 caeteris
693 1213 880 1283 gratia:
908 1228 1022 1268 sua:
1057 1213 1111 1267 in
1150 1213 1338 1268 multis
1370 1213 1661 1267 haberetur
1700 1213 1816 1267 sin-

229 1304 457 1373 gularis,
480 1304 568 1360 die
601 1305 834 1375 quadam
860 1304 964 1375 piis
1006 1306 1188 1361 verbis
1228 1306 1419 1361 extulit
1439 1321 1564 1359 eum
1586 1305 1774 1360 dicens
1801 1324 1814 1359 :

229 1395 374 1452 Loco
399 1412 511 1467 quo
549 1397 905 1468 pratsidemus
947 1408 1000 1452 et
1041 1407 1282 1468 paterna:
1315 1397 1609 1469 vigilantiae
1642 1396 1817 1451 oflicio

226 1489 654 1561 dispensationis
701 1506 889 1546 curam
935 1491 1289 1556 exhibemus,
1336 1491 1650 1546 Creatorem
1691 1506 1816 1545 om-

226 1581 378 1639 nium
421 1584 707 1654 magniﬁce
748 1584 1017 1650 laedimus,
1066 1585 1326 1655 quoniam
1363 1598 1546 1639 rerum
1586 1584 1818 1639 smcula-

225 1673 368 1729 rium
412 1676 589 1746 magis
635 1676 886 1732 volumus
928 1676 1225 1731 ambitione
1266 1675 1501 1732 distendi
1544 1691 1708 1747 quam
1747 1677 1816 1731 ad

1920 483 2388 554 popularibusque
2416 485 2641 554 quadris
2670 486 3132 555 luculentissime;
3189 507 3355 563 quam
3384 508 3511 548 cum

1920 573 2088 628 altius
2108 574 2393 628 materiam
2419 574 2539 643 ejus
2562 575 2615 629 in
2640 576 2977 648 longitudine
3005 594 3181 651 usque
3208 581 3261 634 in
3289 581 3513 654 triginta

1924 671 2033 718 tres
2064 664 2307 731 ClllillOS,
2336 672 2390 719 et
2432 665 2487 720 in
2530 666 2815 723 latitudine
2859 684 2997 739 pene.
3045 670 3099 725 in
3147 672 3509 745 quadraginta

1919 752 2130 822 palmas
2159 754 2445 820 elevasset,
2477 756 2695 811 tandem
2738 758 2791 811 in
2831 759 3146 815 excellentia
3193 776 3356 817 arcus
3396 762 3512 819 ele-

1921 843 2243 913 gantissime
2276 844 2517 914 demisit,
2564 862 2729 902 causa
2774 847 2829 901 in
2876 849 3153 919 prox-pris
3193 850 3510 920 invidente;

1920 949 2211 1004 quoniam,
2240 944 2298 989 ut
2333 937 2408 991 ait
2441 937 2686 1007 quidam,
2719 936 2951 994 felicitas
2981 941 3223 1011 subjecta
3244 952 3329 999 est
3361 958 3511 999 sem-

1918 1039 2015 1095 per
2040 1026 2302 1089 adversis.
2328 1030 2802 1102 pertransientque
2838 1048 2957 1087 eam
2983 1034 3224 1103 plurimi,
3266 1044 3320 1092 et
3367 1037 3509 1093 mul-

1923 1115 2085 1186 tiplex
2111 1117 2215 1171 erit
2245 1118 2493 1175 scientia.

1992 1207 2126 1279 Ejus
2156 1210 2211 1264 in
2257 1211 2377 1266 loco
2413 1228 2609 1283 nempe
2648 1222 2886 1285 rapitur,
2928 1224 2988 1271 ut
3037 1216 3250 1285 decuit,
3280 1220 3509 1292 angelus

1918 1300 2003 1355 vel
2027 1301 2267 1357 ccclesiis
2292 1304 2459 1359 homo
2471 1302 2749 1362 Vuariuus
2773 1307 3063 1364 identidem
3088 1319 3378 1369 exstruens
3404 1312 3509 1369 ba-

1921 1391 2153 1460 silieam,
2179 1396 2417 1464 parietes
2466 1399 2746 1455 suecineto
2788 1416 2952 1471 opere
3000 1401 3056 1457 in
3103 1404 3509 1475 magnificentia

1920 1482 2141 1541 fabricae
2171 1503 2297 1543 eum
2325 1489 2685 1547 admiratione
2716 1493 2952 1548 mirabili
2977 1494 3030 1549 in
3055 1496 3287 1552 sublime
3311 1498 3509 1568 erexit,

1921 1575 2138 1649 fastigia
2175 1595 2307 1634 vero
2346 1579 2603 1638 culminis
2630 1585 2956 1652 proceritate
2985 1585 3148 1640 simul
3182 1586 3417 1644 trabium
3453 1597 3511 1646 et

1920 1680 2369 1726 ornamentorum
2398 1673 2724 1730 claritudine
2746 1676 2836 1745 illa
2864 1678 3251 1736 venustissime
3272 1683 3504 1752 operuit.

222 1767 582 1835 reparandam
620 1767 848 1839 gemina:
884 1767 1199 1824 hostilitatis
1224 1768 1427 1823 bellum
1461 1777 1516 1823 et
1544 1783 1701 1823 saeva!
1729 1783 1816 1824 se—
1850 1739 1890 1796 υ
1918 1759 2101 1817 Prima
2132 1779 2354 1835 quoque
2378 1766 2521 1822 mdes
2550 1768 2726 1822 sancti
2753 1776 3089 1837 sanctorum.
3123 1787 3247 1842 qua:
3290 1781 3346 1828 ει
3378 1789 3507 1845 pre-

223 1856 447 1913 ditionis
477 1859 743 1915 tumultus
770 1859 824 1913 in
855 1861 1238 1932 prospectione
1263 1860 1646 1932 temporalium
1679 1859 1817 1934 [spi-

222 1949 529 2025 ritualium]
570 1953 716 2023 quod
761 1951 873 2007 Deo
907 1954 1119 2024 placeat
1156 1954 1442 2010 decertari.
1488 1953 1555 2010 Et
1595 1955 1816 2026 quidem

225 2058 326 2097 nos
363 2052 489 2114 post
535 2044 853 2101 discrimina
892 2047 1093 2113 totius,
1143 2055 1205 2102 ut
1253 2047 1329 2129 ita
1378 2046 1640 2114 dixerim,
1688 2047 1813 2115 loci,

221 2143 348 2206 post
374 2136 580 2208 virgam
612 2135 814 2193 furoris
842 2136 959 2207 Dei,
990 2138 1304 2210 improvisis
1342 2140 1523 2196 causis
1554 2139 1677 2211 plus
1706 2141 1820 2195 vir-

222 2236 337 2285 tute
368 2244 534 2299 quam
562 2229 827 2301 religione
857 2232 923 2286 ad
955 2248 1089 2289 usus
1112 2232 1358 2289 omnium
1385 2249 1452 2289 ex
1477 2234 1675 2304 ineptis
1702 2235 1817 2290 olli—

223 2321 322 2377 ciis
359 2321 702 2379 decurrimus
748 2324 1044 2391 beatiores,
1092 2335 1145 2380 et
1190 2325 1310 2381 sine
1356 2327 1578 2398 proprio
1617 2328 1817 2384 sudore

223 2423 426 2470 nostrae
454 2429 650 2471 manus
683 2417 753 2470 ab
789 2417 1047 2472 omnibus
1077 2416 1374 2473 laudantur
1409 2429 1674 2489 potestate
1717 2436 1815 2474 su-

222 2505 521 2562 blimiores.
561 2506 680 2578 Ipse
724 2508 960 2580 denique
986 2551 1000 2574 ,
1054 2511 1197 2565 sicut
1241 2511 1418 2566 nostis
1443 2552 1458 2577 ,
1506 2526 1603 2581 per
1644 2527 1818 2583 aquas

222 2598 397 2654 credes
426 2615 653 2670 magnas
683 2600 896 2665 intulit,
926 2610 978 2656 et
1004 2602 1077 2656 ob
1099 2602 1353 2659 meritum
1384 2603 1558 2674 culpae
1583 2604 1818 2659 misera-

222 2688 403 2745 biliter
427 2700 717 2762 superatus
759 2694 951 2763 periit;
1001 2693 1081 2748 sic
1122 2708 1342 2765 quoque
1364 2709 1394 2749 a
1416 2696 1819 2752 venerabilibus

224 2782 357 2839 viris
395 2798 461 2838 ex
499 2783 835 2856 benigni:ate
869 2785 1089 2855 juratus
1129 2794 1185 2840 ct
1222 2784 1572 2854 reformatus,
1614 2788 1817 2861 regali-

222 2873 435 2945 busque
462 2877 747 2947 praeceptis
782 2878 864 2932 vel
899 2877 1196 2950 privilegiis
1231 2879 1544 2946 roboratus,
1575 2895 1671 2950 per
1692 2880 1815 2949 jus-

223 2966 434 3023 sionem
492 2970 803 3027 serenitatis
864 2982 1067 3027 nostra:
1123 2972 1192 3027 ad
1245 2987 1386 3042 opus
1440 2972 1816 3028 intermissum

223 3068 483 3130 praestare
505 3062 648 3117 duco
691 3064 1130 3134 supplementum
1173 3079 1285 3136 quo
1324 3064 1516 3121 diluvii
1557 3064 1813 3136 impetus,

223 3150 308 3205 vel
357 3150 648 3209 fulminum
695 3155 837 3211 ictus
906 3158 1081 3221 possit
1130 3157 1273 3213 ferre
1310 3164 1366 3213 et
1426 3156 1815 3213 inundationes

1921 3062 2195 3128 aliquibus
2217 3062 2353 3115 locis
2368 3075 2572 3115 munus
2593 3062 2755 3127 datis,
2781 3062 3076 3130 aliquando
3093 3062 3305 3131 magnis
3325 3062 3515 3115 orctiis

1921 3151 2269 3220 acquisierat,
2294 3151 2447 3207 visus
2484 3160 2570 3206 est
2601 3150 2790 3207 ordiri.
2820 3150 2877 3206 ln
2902 3151 3080 3206 altiori
3112 3165 3307 3221 nempe
3341 3150 3516 3221 gradu

1955 3166 2269 3220 cqutsmrat,
2294 3166 2447 3207 \‘lSUS
2484 3166 2570 3206 ρει
2601 3166 2790 3207 Οὶάιιί.
2820 3166 2877 3206 ιιι
2902 3166 3080 3206 ωιοῐι
3112 3166 3307 3221 nempe
3341 3167 3404 3223 gl‘

222 3150 308 3205 vel
357 3150 648 3209 fulminum
695 3155 837 3211 ictus
906 3158 1081 3227 possit
1130 3157 1273 3213 ferre
1310 3164 1366 3213 et
1426 3156 1816 3213 inundationes

221 3240 531 3311 pluviarum
565 3242 619 3297 in
661 3259 811 3314 spem
853 3246 1033 3316 gaudii
1060 3247 1238 3301 valeat
1264 3246 1416 3302 dare.

297 3333 379 3389 Ad
423 3348 585 3405 quem
631 3333 759 3390 ille:
790 3353 808 3386 ι
838 3333 993 3390 Unde
1033 3336 1168 3391 mihi
1198 3352 1395 3393 nomen
1424 3346 1481 3392 et
1506 3337 1685 3395 laudis
1714 3338 1816 3394 ho-

225 3425 387 3481 stiam
422 3425 505 3481 vel
540 3425 737 3481 animae
775 3442 912 3483 mea:
953 3427 1230 3483 lanitium?
1259 3449 1279 3479 ι
1328 3427 1424 3485 Est
1467 3430 1813 3501 pet-parvula,

227 3518 420 3591 inquit,
451 3534 562 3575 non
583 3519 763 3575 dicam
790 3520 1042 3586 ecclesia,
1074 3520 1166 3576 sed
1194 3520 1496 3577 orat.:rium
1525 3531 1651 3578 ante
1679 3530 1816 3577 tem-

225 3611 374 3683 plum
413 3611 600 3667 domui
643 3609 939 3679 Germani,
982 3611 1262 3669 Michaelis
1303 3613 1615 3685 archangeli
1657 3614 1816 3669 titulo

224 3702 581 3776 insignitum,
636 3705 730 3776 qui
781 3705 1070 3776 aliquoties
1122 3721 1151 3760 a
1216 3704 1520 3777 frequentia
1568 3706 1813 3762 omniurn

225 3805 407 3852 manet
448 3797 755 3854 exclusum.
796 3795 904 3868 ipsi
947 3812 1077 3870 ergo
1120 3807 1294 3853 totum
1328 3812 1530 3869 corpus
1570 3798 1816 3854 ccclesize

225 3901 350 3944 cum
388 3890 788 3946 habitatoribus
808 3890 947 3957 suis,
973 3890 1131 3960 juxta
1158 3906 1381 3947 sensum
1411 3898 1576 3961 atque
1600 3891 1816 3961 sapien—

223 3979 356 4037 tiam
386 3992 645 4048 vestram,
687 3982 744 4037 in
775 3983 1069 4039 vindictam
1112 3983 1324 4053 patriae,
1370 3983 1425 4037 in
1463 3983 1812 4039 commodum

222 4083 499 4147 perpetua:
543 4075 769 4140 militiae,
812 4075 1077 4133 adversus
1121 4074 1519 4132 infructuosam
1562 4075 1816 4148 maligni-

225 4176 389 4225 tatem
442 4168 655 4226 decenti
719 4168 930 4225 honore
974 4168 1222 4226 funditus
1283 4169 1561 4241 erigamus
1608 4169 1811 4225 aulam.

222 4257 378 4316 Tunc
405 4260 660 4332 princeps
699 4259 857 4331 quasi
896 4267 1216 4330 conceptam
1258 4260 1691 4318 misericordiam
1736 4260 1816 4317 fe-

220 4352 401 4411 stinus
431 4352 723 4419 concessit,
765 4361 821 4408 et
858 4353 970 4407 ait:
996 4351 1232 4408 Lieitum
1274 4353 1377 4409 erit
1410 4354 1662 4425 gloriosis
1688 4369 1814 4425 pre-

1918 1855 2217 1929 sbyterium
2235 1856 2455 1925 dicitur,
2472 1868 2525 1915 et
2552 1860 2668 1931 ipsa
2690 1861 2942 1931 planities
2966 1872 3120 1933 grato
3141 1879 3305 1933 opere
3326 1863 3469 1921 facta
3490 1884 3507 1932 ;

1917 1963 2079 2019 supra
2110 1965 2276 2020 quam
2301 1951 2482 2023 magni
2508 1953 2770 2024 principis
2793 1953 3071 2011 Michaelis
3098 1956 3268 2012 altare
3297 1957 3351 2012 in
3377 1973 3510 2028 qua-

1919 2050 2041 2095 tuor
2066 2040 2453 2109 pulcherrimis
2480 2044 2850 2109 columnis,ex
2876 2055 3295 2116 agonuswmate
3320 2046 3502 2114 factis,

1919 2134 2129 2189 honore
2164 2135 2437 2207 condigne
2468 2138 2678 2194 statuit.
2714 2136 2865 2195 Tota:
2885 2141 3085 2211 quippe
3111 2141 3325 2197 illatum
3360 2142 3513 2198 flor.-

1918 2235 2000 2280 tes
2028 2225 2254 2281 artiﬁcis
2278 2227 2519 2283 exterius
2548 2228 2740 2298 peritia
2773 2228 2975 2300 politae,
3008 2230 3240 2287 interius
3260 2246 3391 2287 vero
3417 2246 3513 2287 ex-

1918 2326 2152 2385 cavatae;
2184 2319 2238 2373 in
2274 2320 2476 2390 quibus
2505 2335 2659 2376 aram
2684 2336 3001 2377 mensuram
3024 2321 3283 2378 vastioris
3305 2323 3513 2389 gressio

1920 2409 2146 2476 tudinis,
2172 2422 2245 2475 et.
2278 2421 2337 2466 ut
2360 2413 2435 2468 ita
2472 2412 2684 2481 dicam,
2715 2413 2974 2469 tredecim
3013 2415 3304 2486 semipedis
3350 2431 3512 2489 longa

1917 2511 1971 2556 et
1992 2518 2187 2558 novem
2212 2504 2412 2577 ampla,
2436 2505 2807 2577 omnibusque
2838 2506 3111 2563 columnis
3154 2506 3220 2563 ad
3256 2523 3377 2563 eam
3424 2507 3514 2563 in-

1919 2596 2135 2651 troitus.
2173 2595 2294 2666 ipsa
2316 2606 2500 2653 autem
2535 2598 2683 2655 intus
2710 2614 2775 2656 ac
2795 2597 2930 2655 foris
2951 2600 3087 2655 nihil
3108 2599 3256 2671 quod
3287 2599 3510 2656 animus

1919 2696 2015 2743 aut
2047 2688 2190 2743 oculi
2220 2690 2491 2745 mirentur
2521 2692 2705 2747 minus
2758 2707 2870 2762 prae
2912 2691 3163 2747 albedine
3215 2691 3405 2747 nimia.
3449 2689 3509 2748 In

1921 2781 2161 2837 medium
2207 2781 2479 2852 siquidem
2528 2785 2719 2840 altaris
2766 2783 2995 2840 vivitiea:
3047 2783 3230 2840 crucis
3284 2784 3511 2840 madum

1921 2872 2234 2930 intercludit
2254 2875 2611 2947 terrigenum,
2638 2883 2690 2932 et
2718 2875 3060 2947 profundiori
3089 2876 3212 2931 loco
3234 2877 3289 2931 ia
3320 2876 3515 2934 invisi-

1923 2965 2176 3021 biiiorem
2223 2982 2386 3038 quem
2439 2968 2556 3038 ipse
2605 2964 2996 3042 Hierosolymis
3026 2976 3081 3024 et
3117 2966 3307 3024 Romae
3334 2967 3420 3022 νει
3455 2966 3511 3024 in

1921 3056 2195 3128 aliquibus
2217 3059 2353 3115 locis
2368 3075 2572 3115 munus
2593 3060 2755 3127 datis,
2781 3059 3076 3130 aliquando
3093 3060 3305 3131 magnis
3325 3059 3515 3115 orctiis

1918 3242 2154 3311 plurima
2179 3241 2383 3313 quibus
2419 3243 2562 3298 idem
2614 3242 2771 3299 locus
2823 3243 3146 3310 excellebat,
3191 3252 3511 3300 sanctorum

1916 3333 2235 3405 pignora,et
2261 3350 2385 3406 quae
2411 3349 2440 3389 a
2470 3334 2739 3407 religiosis
2760 3334 2893 3392 viris
2919 3335 3059 3391 datre
3086 3346 3223 3392 sunt
3241 3334 3507 3407 reliquias,

1916 3433 2032 3480 tota
2057 3425 2259 3482 mentis
2294 3427 2494 3483 intuitu
2527 3435 2752 3499 totaque
2777 3428 2961 3490 contis
2989 3426 3303 3494 devotione,
3343 3426 3512 3483 bene-

1917 3516 2164 3574 dicentes
2187 3517 2282 3574 Dei
2305 3520 2479 3576 nostri
2505 3523 2876 3587 cietncntiam,
2895 3521 3243 3591 sepelierunt.
3269 3517 3517 3592 Denique

1919 3608 1969 3665 is
2010 3610 2079 3665 de
2118 3626 2229 3682 quo
2276 3626 2443 3682 supra
2490 3612 2783 3668 retulimus
2833 3613 3041 3668 chorus
3087 3610 3514 3668 reverendurum

1917 3703 2216 3773 prmsnlum
2258 3704 2608 3760 innumerosa
2641 3706 2925 3777 congeries
2951 3705 3343 3760 advocatorum
3374 3718 3513 3760 con-

1918 3802 2191 3850 structum
2224 3795 2395 3852 altare
2418 3798 2665 3869 mysticis
2699 3798 3065 3868 spiritualium
3118 3797 3512 3855 sanctiﬁcatio-

1921 3903 2050 3942 num
2078 3887 2596 3957 charismatibus,et
2616 3890 2757 3946 sacri
2780 3890 3132 3947 charismatis
3155 3890 3513 3947 unctionibus

1917 3977 2222 4034 delibutum
2252 3980 2319 4033 ad
2351 3979 2739 4036 immolandum
2772 3980 3153 4053 Redemptoris
3190 3980 3365 4037 nostri
3411 3979 3514 4036 bo-

1919 4069 2082 4125 stiam
2116 4087 2243 4126 cum
2275 4072 2449 4142 ipsius
2493 4074 2837 4129 invocatione
2892 4068 3137 4130 muneris
3188 4074 3515 4146 magnisque

1920 4162 2087 4218 totius
2114 4162 2326 4218 ordinis
2349 4163 2602 4220 laudibus
2628 4174 2940 4221 creverunt.
2974 4162 3031 4220 in
3068 4165 3335 4221 altaribus
3375 4164 3519 4222 inte"

1921 4257 2025 4313 rim
2055 4258 2301 4316 ecclesia:
2327 4258 2533 4315 nomini
2566 4275 2670 4315 suo
2693 4274 2891 4329 cunque
2924 4258 3184 4331 reliquias
3213 4258 3511 4326 miserunt;

1919 4360 1974 4407 et
1997 4351 2139 4408 unde
2170 4368 2389 4423 semper
2429 4352 2682 4408 laudandi
2734 4363 2920 4409 essent
2966 4351 3352 4422 perpetualitcr
3402 4367 3509 4408 usu

219 4445 376 4503 cibus
419 4444 676 4500 omnibus
721 4445 1190 4515 prosequendum,
1239 4446 1313 4500 ita
1360 4454 1421 4500 ut
1460 4447 1564 4501 sub
1611 4447 1814 4501 nullius
1849 4466 1893 4519 ι)
1918 4442 2287 4497 ecclesiastico
2321 4443 2661 4499 tradiderunt
2686 4443 3109 4499 siuei-dentilms
3149 4458 3368 4519 quoque
3401 4451 3515 4498 tam

218 4537 500 4609 redigatur
527 4546 874 4609 potestatem,
906 4550 959 4593 et
985 4537 1184 4593 domus
1232 4537 1449 4593 Domini
1498 4538 1552 4592 in
1594 4537 1813 4610 religio-

220 4643 346 4685 nem
384 4636 440 4684 et
474 4627 691 4684 laudem
730 4628 816 4683 vel
853 4627 1054 4683 virtute
1096 4626 1305 4683 Christi
1350 4628 1662 4696 summique
1706 4628 1811 4683 lili—

217 4720 426 4778 cbaelis
458 4721 668 4778 honore
695 4728 1051 4777 construatur
1086 4718 1445 4791 infelicesque
1471 4720 1676 4777 inimici
1718 4737 1813 4792 per

218 4813 471 4868 eumdem
521 4809 911 4883 archangelum
961 4809 1270 4881 effugentur
1307 4818 1363 4865 et
1411 4821 1815 4881 persequantur

216 4902 401 4976 potius
438 4918 605 4975 quam
642 4903 1062 4974 participentur;
1108 4912 1162 4959 et
1185 4945 1202 4970 ,
1248 4911 1309 4958 ut
1348 4903 1546 4958 merito
1587 4903 1811 4974 loquar,

219 5004 535 5053 sanctorum
562 4997 809 5053 omnium
854 4996 1145 5067 primatem
1184 4996 1516 5067 superbique
1550 4994 1815 5051 Draconis

220 5088 479 5146 victorem
501 5089 657 5147 decet
695 5099 756 5145 ut
790 5091 911 5162 ejus
949 5089 1237 5145 ecclesiam
1279 5102 1493 5144 sacram
1538 5088 1814 5152 obtineat.

218 5184 515 5254 potentiam
543 5193 598 5239 et
620 5183 819 5240 habeat
847 5191 1054 5238 sortem
1078 5195 1319 5247 coronae,
1348 5188 1405 5235 et
1433 5180 1551 5251 ipse
1592 5180 1816 5251 belliger

218 5275 399 5333 celsus
433 5276 719 5347 praesentis
747 5275 931 5332 saeculi
957 5275 1031 5331 sit
1053 5274 1205 5332 salus
1236 5282 1293 5330 et
1324 5273 1476 5329 omni
1508 5272 1815 5344 posteritati

219 5367 394 5440 gentis
454 5377 675 5435 nostrae,
737 5369 883 5434 dux,
934 5378 991 5423 et
1038 5367 1295 5425 defensor
1345 5367 1585 5437 novique
1639 5366 1810 5437 praelii

218 5460 586 5533 triumphator
608 5503 624 5531 ,
665 5471 722 5518 et
761 5461 866 5518 sibi
896 5461 1203 5532 parentium
1247 5458 1505 5517 defensor
1543 5459 1814 5530 benignus

221 5555 547 5612 inveniatur.

290 5649 369 5706 ita
395 5665 527 5724 ergo
555 5651 610 5706 in
637 5664 808 5705 unum
839 5647 1198 5707 humanitatis
1225 5661 1535 5705 sermonem
1577 5646 1813 5719 diligen-

222 5743 434 5801 tissime
455 5750 747 5814 penentes,
801 5743 887 5798 vir
917 5742 1139 5814 dignus,
1163 5740 1412 5814 angelico
1432 5739 1631 5796 solatio
1672 5738 1815 5794 forte

1919 4549 2020 4604 pro
2036 4535 2333 4613 stabilitate
2350 4535 2503 4606 regni
2530 4535 2727 4591 terreni
2753 4551 2919 4605 quam
2951 4549 3048 4603 pro
3076 4534 3332 4591 facilitate
3360 4535 3514 4608 regni

1918 4626 2178 4681 emlestis.

1987 4717 2065 4774 Ex
2096 4718 2291 4788 majori
2327 4719 2485 4774 altari
2519 4718 2766 4792 reliquiis
2795 4720 2868 4776 ita
2898 4719 3177 4777 memoria:
3215 4717 3512 4776 mandare.

1918 4825 2047 4870 runt
2084 4832 2099 4870 :
2144 4822 2273 4869 sunt
2316 4829 2371 4867 in
2408 4815 2510 4869 hoc
2547 4813 2840 4870 venerabili
2872 4813 3027 4869 altari
3074 4812 3344 4884 imprimis
3385 4812 3514 4868 relic

1918 4905 2062 4975 quite
2102 4905 2250 4960 illius
2284 4904 2582 4960 salutifera!
2625 4906 2808 4961 crucis
2848 4905 3032 4974 inqua
3065 4901 3178 4958 lies
3223 4901 3512 4972 caelorum,

1919 4995 2187 5053 Dominus
2206 5006 2392 5053 uoster
2416 4995 2506 5051 Dei
2527 4995 2717 5063 Filius,
2737 4997 2905 5052 totius
2922 4995 3109 5050 mundi
3130 4993 3404 5066 passionis
3424 5008 3514 5049 sa-

1920 5100 2261 5145 cramentum
2285 5088 2576 5161 complevit
2591 5098 2641 5143 et
2669 5104 2870 5144 munus
2892 5084 3235 5142 remissionis
3249 5100 3350 5156 pro
3365 5099 3514 5140 mor—

1920 5184 2113 5238 talium
2159 5183 2265 5237 vita
2320 5180 2565 5253 pertulit.
2607 5179 2793 5237 Insunt
2838 5179 3084 5251 reliquim
3124 5177 3194 5233 de
3245 5176 3516 5233 velamine
3574 5185 3595 5191 ’

1921 5275 2119 5345 pannis
2147 5276 2347 5346 quibus
2375 5283 2648 5343 susmptte
2679 5271 3079 5328 lnearnationis
3099 5270 3352 5327 decorem
3382 5285 3516 5340 pue-

1916 5370 2003 5424 rili
2034 5369 2088 5423 iu
2131 5382 2358 5439 corpore
2389 5367 2605 5424 obsitus
2643 5366 2851 5421 mansit
2884 5366 3051 5421 homo
3091 5375 3147 5421 et
3178 5361 3517 5441 Deus.,Sunt

1916 5459 2162 5531 reliquiae
2189 5460 2256 5516 de
2277 5461 2502 5516 sudario
2522 5457 2723 5529 capitis
2758 5456 2995 5523 Domini,
3038 5456 3091 5511 in
3119 5471 3232 5528 quo
3270 5455 3513 5511 laborent

1917 5540 2193 5623 passionis
2211 5550 2328 5620 ejus
2362 5549 2433 5604 ab
2459 5548 2785 5605 celsitudine
2818 5545 3125 5603 divinitatis
3157 5544 3513 5617 disiungitur,

1885 5652 1968 5699 .et
1998 5642 2287 5700 infirmitas
2315 5650 2517 5697 nostra:
2536 5637 2871 5713 cognitionis
2896 5638 2968 5694 ab
2988 5653 3110 5709 ejus
3130 5635 3370 5708 potentia
3401 5644 3518 5690 toro

1919 5746 2229 5793 mentorum
2259 5734 2446 5797 labore
2474 5733 2767 5808 ﬁguratur.
2810 5732 3000 5789 insunt
3034 5729 3279 5802 reliquiae
3301 5728 3370 5784 de
3408 5725 3514 5782 lin»
