4038 6382
599 238 740 318 itit

1669 255 1970 336 CARCIAS
2005 253 2382 312 MONACHUS
2420 250 2855 317 CUXASENSIS

3704 236 3807 319 tut

594 383 705 441 teo,
739 372 882 429 unde
909 373 1051 450 Deus
1078 370 1329 428 etllomo
1351 387 1449 427 sua
1483 370 1726 426 membra
1751 370 2112 426 circumdedit
2134 378 2189 424 ct
2217 374 2265 432 Α
2295 369 2349 423 in
2391 367 2579 423 eadem
2625 369 2862 426 civitate.
2918 367 3057 425 Sunt
3100 368 3340 439 reliquie
3380 368 3522 425 beati
3572 372 3810 434 Clementis

595 466 987 537 discipulorum
1010 480 1238 521 suorum
1270 463 1435 534 pedes
1461 462 1739 518 lnunilitcr
1759 462 1988 517 abluens
2010 461 2184 517 tersit.

598 558 739 613 Sunt
768 558 1014 630 reliquiae
1038 558 1105 613 de
1129 556 1402 627 sepulcro,
1429 554 1521 609 ubi
1558 553 1838 609 Dominica
1859 566 2011 619 caro,
2030 553 2187 623 juxta

595 657 872 715 naturam,
916 648 1124 719 quievit
1172 654 1227 701 et
1257 646 1541 701 viviﬁcans
1572 653 1802 699 mortem
1835 655 2080 699 nostram
2118 659 2187 700 ex

595 739 715 810 ipso
754 755 783 794 a
818 739 1050 796 mortuis
1098 738 1418 795 resurrexit.
1461 735 1658 791 Insunt
1686 735 1927 806 reliquiae
1950 735 2018 791 de
2046 734 2186 804 prac-

582 816 732 899 sepi,
767 830 823 885 in
852 844 964 901 quo
987 825 1257 884 infantilia
1292 827 1538 882 membra
1578 825 1669 881 Dei
1704 825 1921 879 Domini
1950 824 2036 894 pia
2069 823 2185 878 Ma-

581 906 696 974 ‘ter.
741 919 1044 974 secundum
1089 918 1232 973 servi
1259 916 1514 973 formam.
1551 915 1853 970 reclinavit.
1884 912 2022 969 Sunt
2054 912 2186 970 reli-

593 1011 737 1080 quite
759 1025 823 1065 ex
847 1010 1168 1079 fragmentis
1193 1010 1339 1065 illius
1365 1010 1522 1080 panis
1562 1007 1706 1063 unde
1726 1007 1970 1079 quinque
2016 1007 2187 1064 millia

593 1101 881 1156 hominum
910 1118 973 1155 ex
999 1103 1245 1172 quinque
1270 1101 1507 1171 panibus
1541 1107 1595 1154 et
1616 1099 1831 1155 duobus
1859 1098 2103 1168 piscibus
2128 1099 2186 1153 in

590 1179 812 1248 deserto
836 1194 1127 1247 satiaverat
1147 1192 1420 1248 Christus.
1444 1190 1638 1246 Insunt
1660 1189 1902 1260 reliquiae
1920 1190 1987 1244 de
2028 1189 2188 1245 vesti-

595 1278 783 1337 mento
814 1283 1142 1341 beatissima:
1163 1282 1390 1354 virginis
1411 1281 1613 1348 Mariae,
1638 1297 1760 1351 quae
1781 1289 2186 1336 sacramentum

590 1370 789 1429 divinae
813 1374 1205 1431 incarnationis
1227 1375 1568 1446 specietcnus
1589 1373 1807 1439 clausit,
1830 1382 1884 1428 et
1905 1373 2186 1429 viviﬁcans

593 1465 687 1521 Dei
728 1464 968 1523 Verbum
1000 1468 1054 1523 in
1083 1478 1240 1524 utero
1270 1468 1522 1538 concepit
1553 1476 1607 1522 et
1644 1467 1848 1537 genuit.
1886 1465 2026 1522 Sunt
2054 1466 2185 1522 reli-

498 1615 510 1627 _
588 1548 734 1631 quia:
770 1561 942 1630 ipsius
983 1561 1208 1634 gloriosi
1254 1561 1564 1633 archangeli
1594 1559 1894 1628 Michaelis,
1926 1575 1992 1615 ex
2021 1559 2185 1630 pallio

588 1648 799 1705 scilicet
829 1651 951 1720 ejus
995 1660 1198 1707 sanctae
1248 1652 1545 1707 memoriae.
1591 1650 1787 1706 Insunt
1830 1650 2073 1720 reliquiae
2116 1665 2183 1705 ex

2290 457 2379 526 qui
2412 468 2641 526 quartus
2664 470 2787 527 post
2810 460 3031 515 Petrum
3063 459 3362 525 Romanam
3388 462 3524 516 rexit
3547 462 3809 533 Ecclesiam,

2288 560 2340 603 ct
2374 549 2478 604 sub
2507 550 3142 623 persccutioneTrajani
3177 561 3329 607 trans
3368 551 3593 609 Pontum
3626 573 3749 613 mare
3771 562 3811 614 in

2288 655 2494 705 eremo,
2544 643 2688 711 quod
2733 643 2942 713 adjacct
2980 643 3191 700 civitati
3238 644 3563 713 Chersonae,
3599 649 3813 720 relegatur

2288 732 2513 791 exsilio:
2538 734 2810 809 tigataque
2839 736 2905 792 ad
2935 738 3140 792 collum
3172 737 3291 807 ejus
3314 738 3567 805 anchora,
3597 752 3645 794 ct
3668 744 3815 811 praeei-

2288 822 2493 890 pitatns
2528 824 2580 878 in
2614 826 2781 881 maris
2817 828 3016 894 medio,
3039 828 3162 899 ejus
3203 829 3466 882 memoria
3499 844 3656 899 usque
3693 832 3815 887 hodie

2290 912 2420 969 inibi
2469 916 2795 972 custoditur.
2848 915 2987 974 Sunt
3035 918 3282 989 reliquiae
3339 919 3510 973 sancti
3546 919 3816 989 Apollinaris

2287 1005 2526 1077 cpiscOpi
2557 1019 2611 1063 et
2648 1010 2925 1081 martyris,
2954 1011 3045 1080 qui
3079 1012 3150 1065 ab
3180 1009 3469 1064 Antiochia
3491 1020 3693 1066 secutus
3717 1027 3816 1082 apo-

2278 1098 2492 1163 ,stolum
2525 1099 2766 1169 Petrum,
2795 1104 2863 1157 ab
2889 1103 3024 1157 urbe
3056 1102 3229 1157 Roma
3288 1102 3357 1155 ab
3394 1103 3577 1156 eodem
3619 1106 3816 1173 apostolo

2288 1189 2490 1246 missus
2521 1191 2858 1260 Ravennam,
2892 1196 2997 1249 sub
3034 1193 3376 1264 Vespasiano
3408 1194 3633 1257 Caesare,
3665 1207 3818 1265 marty-

2286 1280 2431 1335 rium
2458 1288 2876 1341 consummavit.
2904 1284 3093 1341 Insunt
3115 1285 3359 1356 reliquiae
3379 1285 3521 1340 beati
3547 1284 3817 1354 Sebastiani,

2287 1372 2381 1443 qui
2410 1378 2513 1433 sub
2539 1379 2917 1447 persecutione
2947 1378 3267 1434 Diocletiani
3292 1387 3345 1432 ct
3370 1376 3666 1432 Maximiani
3685 1377 3817 1447 inope.

2285 1481 2553 1535 ratorum,
2578 1479 2701 1539 post
2726 1469 3295 1539 principatnmprimae
3315 1468 3558 1523 cohortis
3586 1478 3635 1524 ct
3655 1467 3819 1541 fugitivi

2287 1562 2472 1618 saeculi
2498 1561 2890 1631 blandimenta,
2931 1561 3142 1631 sagittis
3168 1559 3488 1631 perforat‘us
3523 1577 3551 1615 a
3589 1561 3818 1626 militibus,

2286 1663 2342 1708 et
2367 1653 2681 1721 fustigatus,
2704 1649 2891 1706 Romae
2925 1661 3134 1723 martyr
3174 1651 3422 1720 pervenit
3463 1652 3535 1706 ad
3574 1650 3820 1708 Christum.

590 1733 799 1814 capillis
850 1745 992 1801 beati
1030 1745 1387 1816 prazcursoris
1420 1753 1474 1799 et
1502 1743 1770 1814 Baptistae
1808 1741 2058 1808 Joannis,
2089 1741 2183 1812 qui
2217 1714 2260 1769 Β
2288 1744 2429 1800 Sunt
2467 1744 2709 1813 reliquiae
2748 1745 2926 1799 sancti
2976 1742 3245 1798 V’ineentii
3290 1743 3552 1803 martyris
3590 1758 3637 1799 et
3670 1743 3819 1809 levita,

589 1836 660 1890 ab
680 1834 897 1892 'llerode
926 1849 1145 1907 propter
1166 1836 1470 1892 fraternum
1503 1836 1648 1906 quod
1671 1834 1952 1906 prohibuit
1981 1833 2186 1889 violare

589 1921 927 1984 cunnubium
947 1944 1165 1985 carcere
1188 1938 1242 1984 et
1268 1928 1501 1984 vinculis
1523 1927 1887 1997 mancipatur,
1917 1936 1972 1982 et
1996 1926 2062 1981 ad
2087 1941 2183 1996 pe-

588 2019 838 2075 titionem
860 2021 1153 2075 mulierum
1184 2034 1284 2090 pro
1312 2018 1695 2089 Redemptoris
1730 2017 1903 2072 nostri
1932 2018 2185 2072 testimo-

589 2113 683 2165 nio
706 2113 883 2181 capite
911 2112 1186 2183 plectitur.
1214 2110 1356 2166 Sunt
1393 2109 1640 2181 reliquiae
1681 2109 1749 2165 de
1778 2109 1948 2164 barba
1972 2117 2028 2163 et
2059 2123 2184 2164 cor-

590 2203 778 2270 porale
806 2202 991 2267 simul,
1025 2210 1079 2257 et
1105 2192 1269 2257 cruce
1300 2199 1357 2255 S.
1396 2199 1544 2256 Petri
1566 2199 1824 2271 apostoli,
1854 2198 1948 2269 qui
1975 2198 2031 2251 in
2056 2213 2187 2253 con—

591 2292 831 2349 fossione
853 2294 1116 2366 unigeniti
1148 2294 1270 2348 Filii
1294 2292 1389 2348 Dei
1424 2292 1633 2363 accepit
1658 2291 1952 2362 primatum
1978 2290 2033 2345 in
2057 2289 2187 2345 fun-

589 2385 847 2441 damento
887 2386 1083 2441 domus
1124 2385 1377 2453 Domini,
1426 2396 1479 2442 et
1530 2383 1746 2456 primus
1791 2382 2187 2440 sacerdotalem

592 2478 908 2534 cathedram
958 2478 1111 2533 urbis
1140 2478 1345 2545 Romae,
1383 2478 1488 2533 sub
1532 2475 1747 2533 Nerone
1770 2475 2006 2543 Caesare,
2034 2476 2188 2531 cruci

588 2568 784 2639 aﬂixus
808 2570 1006 2637 capite,
1035 2579 1093 2626 ut
1135 2571 1252 2640 ipse
1285 2571 1478 2636 voluit,
1518 2569 1586 2624 ad
1609 2578 1811 2624 terram
1847 2583 2009 2624 verso
2043 2584 2191 2623 mar-

590 2652 731 2733 tyrio
746 2672 1065 2727 coronatur,
1090 2671 1144 2717 et
1171 2663 1242 2717 ibi
1272 2663 1439 2734 digno
1461 2663 1669 2717 honore
1693 2661 1973 2731 sepelitur.
1997 2659 2191 2737 Insunt

586 2748 837 2825 reliquiae
859 2755 1092 2825 apostoli
1124 2753 1298 2821 Pauli,
1329 2755 1424 2825 qui
1465 2755 1607 2810 inter
1648 2755 1927 2827 apostolos
1949 2754 2189 2826 dignita-

592 2853 701 2900 tem
721 2848 924 2902 meruit
952 2848 1313 2918 apostolatus,
1338 2857 1392 2903 ct
1418 2848 1469 2901 in
1498 2864 1628 2903 vera
1664 2848 1925 2918 religione
1948 2848 2191 2918 gentium

598 2937 863 3009 magister
910 2938 1214 3009 appositus,
1263 2954 1363 3009 pro
1397 2939 1626 2993 veritate
1653 2937 1860 2993 Christi
1914 2954 1946 2993 a
1978 2937 2192 2993 Nerone

2286 1837 2379 1908 qui
2426 1852 2549 1892 cum
2589 1844 2780 1890 sancto
2822 1834 3039 1891 Valerio
3076 1835 3336 1906 episcOpo
3378 1851 3503 1902 suo,
3549 1835 3598 1888 in
3628 1834 3822 1891 Caesam

2285 1928 2517 2001 augusta
2530 1929 2746 1983 civitate
2764 1927 3043 1995 Valentius,
3058 1928 3291 1998 plurima
3306 1944 3402 1998 per
3414 1927 3627 1983 vincula
3636 1929 3824 1987 carceris

2284 2030 2616 2089 maceratus,
2638 2022 2739 2077 sub
2762 2018 3000 2076 Daciano
3028 2020 3420 2093 infatigabilem
3445 2021 3682 2090 spiritum
3706 2036 3821 2074 inar-

2285 2122 2370 2185 ψ*
2396 2111 2602 2167 Christi
2629 2111 2883 2166 reddidit.
2925 2110 3119 2167 Insunt
3147 2111 3395 2180 reliquiae
3422 2110 3597 2166 sancti
3615 2108 3821 2174 Mauritii,

2286 2207 2381 2277 qui
2428 2206 2529 2261 fuit
2575 2204 2925 2275 primicerius
2965 2203 3199 2275 legionis
3237 2203 3387 2257 iilius
3416 2218 3543 2273 quae
3569 2202 3662 2256 sub
3689 2200 3820 2255 Mari-

2285 2298 2471 2370 miano
2495 2298 2550 2351 in
2573 2296 2790 2352 civitate
2815 2294 3053 2360 Seduno,
3078 2295 3199 2349 loco
3221 2294 3473 2364 Agauno,
3518 2308 3618 2361 pro
3652 2291 3823 2346 Christo

2286 2389 2676 2462 gloriosissime
2713 2388 2959 2445 coronati
2988 2395 3135 2442 sunt.
3178 2385 3318 2441 Sunt
3337 2385 3585 2455 reliquia:
3608 2385 3730 2439 leati
3755 2382 3824 2436 \‘io

2286 2480 2473 2548 cteris,
2514 2481 2630 2552 qui,
2680 2481 2825 2551 apud
2864 2478 3161 2534 Massiliam
3203 2476 3583 2532 crudelissime
3611 2490 3757 2531 caesus
3777 2490 3824 2530 ac

2287 2589 2610 2644 suspensus,
2639 2581 2694 2626 et
2717 2572 2921 2628 taurcis
2956 2571 3253 2634 cruciatus,
3292 2578 3346 2623 et
3383 2570 3440 2622 in
3482 2569 3674 2623 molam
3696 2569 3824 2637 pisto-

2286 2665 2425 2739 rium
2450 2664 2677 2729 missus,
2701 2661 3023 2734 martyrium
3047 2660 3481 2716 consummavit:

2358 2755 2549 2811 Insunt
2574 2755 2819 2825 reliquiae
2850 2753 3047 2808 sancti.
3066 2750 3371 2817 Saturnini,
3404 2750 3528 2821 qui,
3551 2749 3681 2821 apud
3698 2747 3824 2802 Tolo—

2289 2865 2428 2915 sam,
2455 2848 2793 2919 temporibus
2832 2845 3000 2910 Decii,
3043 2844 3097 2898 in
3125 2837 3397 2914 Capitolio
3438 2843 3675 2913 ejusdem
3711 2840 3825 2895 urbis

2291 2941 2568 3012 apaganis
2618 2949 2797 2995 tentus
2842 2948 3111 3008 tauroque
3142 2936 3210 2991 ad
3252 2936 3539 2991 victimam
3582 2943 3825 3006 praeparato

590 3029 768 3099 capite
805 3038 1109 3085 truncatur.
1156 3038 1211 3085 et
1248 3029 1304 3085 iu
1338 3030 1476 3086 urbe
1515 3029 1709 3097 Roma,
1748 3030 1867 3100 pari
1902 3031 2187 3097 memoria,
2218 3064 2259 3121 ρ
2294 3034 2515 3090 fontibus
2544 3034 2824 3104 religatus,
2854 3040 2908 3088 et
2940 3048 2971 3087 a
3000 3046 3218 3087 summo
3253 3029 3533 3099 Capitolio
3568 3045 3653 3100 per
3681 3041 3826 3083 omnes

588 3130 650 3177 ut
678 3130 903 3177 sanctus
929 3123 1144 3190 Petrus,
1182 3133 1495 3179 veneratur.
1533 3122 1674 3178 Sunt
1709 3124 1953 3193 reliquiae
1987 3133 2190 3178 sanctae

587 3212 821 3269 Andreae
839 3216 1097 3284 apostoli,
1129 3215 1224 3287 qui
1252 3214 1531 3288 Scythiam
1560 3225 1615 3272 et
1641 3216 1905 3280 Achaiam
1929 3215 2191 3286 praedica-

589 3308 759 3365 tionis
790 3310 964 3382 gt‘atia
1008 3312 1203 3379 tenuit,
1235 3321 1292 3368 et
1312 3313 1377 3368 in
1403 3313 1623 3369 civitate
1652 3312 1846 3368 Patras
1883 3312 1988 3368 sub
2017 3311 2187 3383 [Egea

589 3404 919 3473 proconsule
943 3406 1113 3473 cruci,
1138 3405 1319 3477 ligatis
1343 3407 1598 3461 manibus
1620 3415 1672 3461 et
1695 3405 1923 3477 pedibus
1939 3404 2190 3460 funibus-

588 3486 698 3565 que
726 3504 842 3551 toto
862 3512 1091 3567 corpore
1115 3508 1326 3567 tensus,
1345 3500 1513 3555 biduo
1536 3498 1669 3554 inihi
1692 3498 2064 3568 supervivens,
2081 3499 2189 3553 ﬁne

589 3587 752 3642 beato
800 3589 1075 3645 occubuit.
1127 3588 1320 3647 Insunt
1370 3591 1613 3662 reliquiae
1648 3591 1793 3646 beati
1825 3589 2013 3646 Jacobi
2052 3606 2216 3661 apo»

592 3681 742 3749 stoli,
767 3681 864 3751 qui
891 3682 1195 3739 decollatus
1231 3692 1317 3739 est
1336 3685 1405 3739 ab
1424 3683 1636 3739 Herode
1654 3682 2066 3754 Hierosolymis,
2090 3698 2189 3737 eu-

583 3772 682 3843 ju‘s
722 3791 846 3832 ossa
889 3776 959 3831 ad
993 3775 1287 3848 Hispanias
1323 3779 1612 3845 translata,
1641 3777 1699 3831 in
1746 3777 1953 3832 ultimis
1995 3792 2187 3831 earum
2223 3818 2226 3819 ν

590 3853 815 3931 ﬁnibus,
848 3864 1103 3923 videlicet
1127 3876 1319 3923 contra
1350 3882 1502 3923 mare
1522 3856 1919 3932 Britannicum,
1949 3865 2188 3921 celeber-

593 3944 732 4011 rima
759 3959 1108 4017 veneratione
1130 3960 1416 4017 excolitur.

650 4042 1105 4127 LSuntreliquiae
1151 4052 1296 4107 beati
1338 4050 1722 4106 Bartholomaei
1756 4050 2012 4120 apostoli,
2068 4049 2185 4119 qui,

591 4141 737 4210 apud
764 4140 974 4197 Indiam
999 4142 1354 4216 Evangelium
1395 4144 1602 4201 Christi
1647 4143 1983 4216 praedicans,
2013 4158 2189 4213 usque

591 4233 663 4288 ad
708 4234 925 4295 titulum
970 4239 1246 4308 passionis
1293 4255 1408 4295 suae
1454 4239 1671 4309 populis
1712 4238 1956 4294 scientiae
2002 4237 2187 4291 lumen

592 4314 999 4384 menstravitet
1023 4344 1123 4398 pro
1149 4330 1273 4385 lidei
1314 4330 1619 4401 integritate
1657 4329 1837 4400 gladio
1869 4343 2045 4385 caesus
2090 4343 2186 4382 oc-

2293 3128 2494 3200 gradus
2521 3126 2911 3197 praecipitatus,
2945 3124 3167 3194 dignam
3199 3119 3431 3177 Christo
3453 3123 3683 3176 animam
3698 3120 3827 3173 exha-

2291 3220 2440 3285 lavit,
2471 3219 2717 3297 iuibique
2736 3217 3048 3287 requiescit.
3090 3215 3233 3270 Sunt
3252 3214 3513 3283 reliquiae
3543 3213 3701 3268 sancti
3722 3210 3826 3264 Mar-

2291 3312 2431 3378 celli,
2468 3312 2584 3383 qui,
2607 3311 2842 3382 equuleo
2870 3324 3176 3381 suspensus
3196 3323 3262 3363 ac
3287 3306 3540 3363 fustibus
3560 3313 3844 3366 maceratus,

2291 3406 2435 3476 apud
2474 3404 2757 3475 Spoletum
2790 3411 2877 3457 est
2917 3400 3242 3472 martyrium
3272 3414 3501 3470 passus.
3551 3396 3827 3455 lnsuntreli-

2289 3498 2433 3568 quire
2460 3496 2603 3551 beati
2635 3493 2859 3559 Juliani,
2895 3509 3010 3564 qui,
3056 3492 3128 3546 ab
3164 3491 3589 3559 insequentibus
3625 3502 3827 3558 persocia.

2290 3591 2503 3645 toribus
2532 3598 2733 3652 tentus,
2769 3587 2991 3641 desecto
3016 3592 3252 3655 gutture,
3289 3593 3477 3637 tuor-te
3502 3581 3724 3637 horribili
3756 3594 3825 3633 ne-

2290 3692 2444 3739 catus
2464 3691 2551 3737 est
2573 3680 2713 3750 apud
2738 3678 3053 3752 Brivatense
3084 3675 3449 3731 territorium.
3482 3674 3613 3729 Sunt
3640 3671 3829 3742 reliquie

2292 3773 2351 3830 S.
2379 3771 2661 3829 Laurentii
2698 3770 3090 3835 archidiaconi,
3122 3769 3239 3840 qui,
3279 3777 3413 3838 post
3461 3768 3654 3830 multas
3679 3762 3827 3820 sectio-

2289 3884 2387 3925 nes
2412 3867 2723 3931 verberum,
2771 3863 2950 3919 ferreo
2983 3871 3193 3918 cratere
3224 3861 3527 3928 distentus,
3569 3869 3682 3930 post
3711 3859 3827 3925 longa

2288 3968 2342 4015 et
2363 3957 2648 4027 multiplici
2671 3972 2832 4027 poma
2856 3955 3165 4020 cruciatus;
3184 3953 3411 4008 insuper
3432 3952 3675 4022 exposita
3699 3948 3826 4003 melos

2289 4051 2588 4108 carbonum
2618 4049 2721 4105 sub
2746 4047 2909 4103 Decio
2932 4046 3241 4112 Valeriano,
3275 4040 3513 4100 illustris
3539 4044 3698 4099 Roma
3716 4040 3825 4111 pium

2290 4149 2489 4204 retinet
2524 4162 2731 4202 secum.
2767 4143 2909 4200 Sunt
2936 4144 3180 4214 reliquiae
3225 4144 3409 4199 sancti
3443 4141 3693 4213 Stephani
3716 4150 3828 4209 papa

2289 4250 2344 4296 et
2380 4240 2656 4310 martyris,
2706 4237 2799 4308 qui
2846 4236 3053 4304 Romae,
3086 4237 3191 4291 sub
3222 4234 3523 4291 Valeriano
3563 4244 3615 4290 et
3641 4231 3829 4289 Gallieno

2292 4336 2734 4408 imperatoribus,
2785 4336 2842 4390 in
2892 4351 2993 4391 sua
3042 4334 3353 4391 decollatus
3384 4340 3470 4389 est
3514 4333 3653 4389 sede.
3683 4330 3829 4384 Insunt

591 4418 809 4487 cubuit;
837 4419 1069 4492 indeque
1089 4420 1454 4477 Beneventum
1484 4422 1801 4489 translatus,
1836 4421 1925 4492 pia
1946 4418 2187 4475 ﬁdelium
2219 4410 2264 4464 D
2290 4430 2534 4500 reliqum:
2571 4429 2746 4485 sancti
2790 4424 3093 4499 Hyppoliti,
3142 4427 3235 4497 qui
3260 4468 3275 4492 ,
3322 4427 3581 4496 exemplo
3625 4420 3828 4494 martyri!

591 4511 942 4567 veneratione
964 4513 1286 4569 celebratur.
1327 4512 1517 4570 Insunt
1550 4514 1797 4583 reliquiae
1819 4513 1995 4569 sancti
2017 4511 2184 4567 Marci

591 4604 956 4684 evangelistae,
989 4606 1082 4677 qui
1115 4607 1325 4677 primus
1353 4606 1695 4663 Alexandriae
1737 4598 2056 4661 cathedram
2101 4612 2199 4669 te—,

593 4700 731 4770 nuit,
759 4712 815 4760 et
839 4703 1141 4761 Ecclesiam
1176 4705 1393 4778 Egypti
1418 4706 1524 4763 ﬁde
1558 4715 1611 4762 et
1637 4705 1906 4763 industria
1933 4719 2033 4759 sua
2056 4702 2185 4761 fun-

592 4796 775 4864 davit;
800 4805 857 4853 et
876 4798 944 4853 ad
983 4798 1238 4855 ultimum
1279 4806 1460 4855 tentus
1495 4815 1526 4854 a
1560 4798 1810 4870 paganis,
1853 4796 2026 4854 misso
2054 4793 2186 4851 fune

593 4888 651 4944 in
670 4889 811 4946 collo
832 4891 975 4962 ejus,
1016 4902 1223 4965 martyr
1250 4894 1315 4948 ad
1348 4893 1592 4948 caelestia
1620 4904 1784 4963 regna
1815 4899 1900 4945 est
1936 4898 2185 4962 vocatus,

592 4991 649 5036 et
676 4998 706 5054 a
736 4982 868 5039 viris
898 4983 1165 5055 religiosis
1186 4986 1330 5055 apud
1354 4985 1591 5041 insulam
1614 4983 1852 5038 Venetiae
1871 4982 2185 5055 deputatus.

596 5063 737 5131 Sunt
758 5072 1002 5147 reliquiae
1021 5079 1438 5151 protomartyris
1465 5076 1748 5152 Stephani,
1768 5077 1863 5147 qui
1884 5077 1955 5149 ab
1975 5084 2192 5146 aposto-

592 5166 662 5223 lis
688 5176 774 5249 est
798 5162 1065 5224 diaconus
1085 5170 1395 5238 ordinatus,
1425 5177 1480 5224 et
1505 5185 1537 5224 a
1560 5168 1764 5247 Judaeis
1784 5177 1838 5227 et
1850 5166 2201 5237 principibus.

593 5254 941 5328 saCerdetum
965 5260 1020 5315 in
1039 5258 1345 5329 Jerusalem
1366 5260 1658 5335 lapidatus,
1684 5270 1891 5332 martyr
1918 5259 2191 5316 obdormi-

591 5352 673 5406 vit
706 5350 1045 5437 in.D'omino.
1085 5348 1280 5437 Insunt
1302 5355 1545 5425 reliqtn'ae
1564 5355 1738 5411 sancti
1766 5352 1968 5427 lgnatiit
1990 5352 2207 5408 Αυιὶοι

594 5444 780 5499 ehenae
805 5444 1060 5502 Ecclesiae
1081 5447 1344 5518 episcopi,
1365 5447 1460 5518 qui
1482 5455 1606 5517 post
1629 5444 1849 5502 Petrum
1873 5445 2184 5516 apostolum

592 5537 838 5614 ejusdem
868 5539 1126 5597 Ecclesia:
1159 5541 1372 5609 tertius,
1403 5549 1782 5597 commovente
1813 5538 2052 5610 Trajano
2080 5538 2191 5595 ἰηιέ

596 5639 866 5700 peratore,
879 5631 1173 5689 damnatus
1188 5642 1274 5688 est
1294 5633 1364 5688 ad
1382 5632 1605 5698 bestias,
1623 5641 1681 5688 et
1698 5631 1803 5688 sub
1820 5630 2011 5688 eodem
2040 5630 2187 5700 prin~
2206 5681 2210 5685 .

599 5725 720 5795 cipe
756 5741 854 5797 per
896 5726 1069 5779 multa
1111 5732 1512 5780 tormentorum
1547 5739 1746 5795 genera
1792 5737 2013 5795 passus,
2040 5722 2187 5791 jacet

2287 4523 2566 4581 Laurentii
2619 4529 2893 4587 extentus,
2946 4518 3186 4574 fustibus
3217 4527 3273 4573 et
3323 4519 3513 4573 cardis
3546 4518 3637 4572 diu
3675 4526 3826 4573 casus.

2288 4615 2467 4686 ligatis
2504 4614 2733 4684 pedibus
2781 4612 2851 4667 ad
2892 4612 3032 4667 colla
3066 4611 3463 4667 indomitorum
3489 4623 3734 4680 equorum
3759 4618 3830 4675 per

2290 4708 2613 4764 carductum
2633 4714 2689 4761 et
2714 4704 2950 4760 tribulos
2975 4713 3205 4768 tractus,
3228 4703 3426 4758 Romae
3445 4704 3637 4758 emisit.
3654 4704 3843 4756 beatum

2290 4799 2564 4869 spiritum.
2605 4798 2745 4852 Sunt
2778 4796 3023 4867 reliquiae
3070 4796 3247 4851 sancti
3273 4794 3496 4865 Apulei,
3541 4794 3652 4865 qui,
3680 4790 3829 4847 relicto

2295 4889 2519 4952 Simone
2543 4889 2721 4962 Mago,
2751 4890 3013 4946 doctrina!
3041 4888 3274 4960 apostoli
3299 4887 3452 4943 Petri
3483 4904 3549 4943 se
3563 4882 3828 4946 tradidit,“

2289 4982 2582 5039 Aureliano
2623 4981 2899 5037 consulari
2945 4981 3067 5036 viro
3105 4981 3353 5053 martyrii
3382 4991 3645 5035 cumnam
3683 4974 3827 5031 Rom

2242 5113 2245 5117 -
2289 5074 2598 5146 complevit.
2637 5073 2830 5135 Insunt
2864 5074 3321 5145 reliquiaesancti
3353 5071 3592 5134 Vitatis,l
3605 5069 3689 5139 qui
3717 5062 3825 5135 apud

2291 5166 2607 5224 Ravennam
2643 5175 2787 5238 post
2812 5166 2983 5223 nimia
3012 5174 3294 5222 tormenta
3338 5164 3628 5235 capitalem
3663 5152 3831 5225 scorpii

2290 5262 2549 5332 palmam.
2582 5248 2716 5322 Sunt
2739 5259 2996 5329 reliquiae
3019 5258 3079 5313 Β.
3112 5258 3349 5329 Agapiti,
3394 5256 3520 5329 qui,
3559 5253 3691 5324 apud
3716 5249 3824 5303 Pra-
3868 5290 3871 5291 ν

2289 5354 2567 5419 nestinam
2584 5352 2858 5411 civitatem
2884 5352 3063 5424 gladio
3082 5366 3258 5407 caesus
3276 5364 3379 5407 est.
3405 5348 3607 5405 Insunt
3626 5337 3825 5412 reliqui:

2289 5445 2463 5502 sancti
2489 5444 2766 5509 Mercurii,
2791 5444 2885 5514 qui
2917 5443 2973 5498 in
2998 5443 3202 5499 castris
3232 5440 3590 5498 saecularibus
3608 5434 3821 5491 militaui.

2288 5554 2453 5594 verus
2503 5544 2558 5592 et
2607 5521 2909 5607 spiritualis
2944 5537 3128 5602 miles,
3162 5536 3220 5591 in
3261 5545 3431 5593 morte
3482 5528 3700 5593 Juliaui,
3747 5525 3823 5578 intr

2288 5630 2521 5701 piissimi
2550 5629 2810 5702 Augusti,
2830 5629 3283 5701 praeclarissimas
3309 5626 3533 5685 exStitét,
3559 5626 3823 5693 propugm'

2289 5734 2394 5792 tor,
2422 5734 2483 5778 ut
2525 5721 2719 5794 legitur
2754 5723 2809 5777 in
2846 5721 3029 5779 Gestis
3054 5720 3242 5779 Basilii
3273 5718 3537 5793 episcopi.
3573 5715 3700 5771 Sunt
3728 5717 3821 5762 reu-
