  <div class='ocr_page' id='page_1' title='image "/cluster/home/n/w/nwhite01/storage/ocr_20150623/141/hvd.32044015471790/730.png"; bbox 0 0 4066 5330; ppageno 0'>
   <div class='ocr_carea' id='block_1_1' title="bbox 287 87 420 152">
    <p class='ocr_par' dir='ltr' id='par_1_1' title="bbox 287 87 420 152">
     <span class='ocr_line' id='line_1_1' title="bbox 287 87 420 152; baseline -0.008 -1"><span class='ocrx_word' id='word_1_1' title='bbox 287 99 309 151; x_wconf 78' lang='lat' dir='ltr'><strong>l</strong></span> <span class='ocrx_word' id='word_1_2' title='bbox 322 87 420 152; x_wconf 62' lang='grc' dir='ltr'><strong>ιω</strong></span> 
     </span>
    </p>
   </div>
   <div class='ocr_carea' id='block_1_2' title="bbox 1410 58 2435 149">
    <p class='ocr_par' dir='ltr' id='par_1_2' title="bbox 1410 58 2435 149">
     <span class='ocr_line' id='line_1_2' title="bbox 1410 58 2435 149; baseline 0.001 -1"><span class='ocrx_word' id='word_1_3' title='bbox 1410 66 1496 149; x_wconf 71' lang='lat' dir='ltr'><strong>in:</strong></span> <span class='ocrx_word' id='word_1_4' title='bbox 1534 84 1809 149; x_wconf 80' lang='lat' dir='ltr'><strong>ORIClNE</strong></span> <span class='ocrx_word' id='word_1_5' title='bbox 1847 58 2268 146; x_wconf 65' lang='lat' dir='ltr'><strong>nonAsrenn</strong></span> <span class='ocrx_word' id='word_1_6' title='bbox 2310 86 2435 149; x_wconf 77' lang='lat' dir='ltr'><strong>sur.</strong></span> 
     </span>
    </p>
   </div>
   <div class='ocr_carea' id='block_1_3' title="bbox 3404 96 3545 158">
    <p class='ocr_par' dir='ltr' id='par_1_3' title="bbox 3404 96 3545 158">
     <span class='ocr_line' id='line_1_3' title="bbox 3404 96 3545 158; baseline 0 -2"><span class='ocrx_word' id='word_1_7' title='bbox 3404 96 3545 158; x_wconf 66' lang='lat'><strong>£450</strong></span> 
     </span>
    </p>
   </div>
   <div class='ocr_carea' id='block_1_4' title="bbox 288 202 3545 284">
    <p class='ocr_par' dir='ltr' id='par_1_4' title="bbox 288 202 3545 284">
     <span class='ocr_line' id='line_1_4' title="bbox 288 202 3545 284; baseline 0.001 -19"><span class='ocrx_word' id='word_1_8' title='bbox 288 213 428 282; x_wconf 84' lang='lat' dir='ltr'><strong>quie</strong></span> <span class='ocrx_word' id='word_1_9' title='bbox 460 210 602 265; x_wconf 73' lang='lat' dir='ltr'><strong>beati</strong></span> <span class='ocrx_word' id='word_1_10' title='bbox 642 210 974 278; x_wconf 86' lang='lat' dir='ltr'><strong>Lanteberti,</strong></span> <span class='ocrx_word' id='word_1_11' title='bbox 1019 211 1112 282; x_wconf 99' lang='lat' dir='ltr'><strong>qui</strong></span> <span class='ocrx_word' id='word_1_12' title='bbox 1153 210 1459 282; x_wconf 78' lang='lat' dir='ltr'><strong>Tungrensi</strong></span> <span class='ocrx_word' id='word_1_13' title='bbox 1483 209 1607 263; x_wconf 91' lang='lat' dir='ltr'><strong>villa</strong></span> <span class='ocrx_word' id='word_1_14' title='bbox 1647 206 1860 278; x_wconf 89' lang='lat' dir='ltr'><strong>publica</strong></span> <span class='ocrx_word' id='word_1_15' title='bbox 1892 204 1937 260; x_wconf 85' lang='grc' dir='ltr'><strong>Α</strong></span> <span class='ocrx_word' id='word_1_16' title='bbox 1965 202 2247 263; x_wconf 86' lang='lat' dir='ltr'><strong>hensibilis</strong></span> <span class='ocrx_word' id='word_1_17' title='bbox 2279 208 2382 262; x_wconf 87' lang='lat' dir='ltr'><strong>viri</strong></span> <span class='ocrx_word' id='word_1_18' title='bbox 2409 206 2697 265; x_wconf 82' lang='lat' dir='ltr'><strong>Turonice</strong></span> <span class='ocrx_word' id='word_1_19' title='bbox 2721 208 2956 267; x_wconf 93' lang='lat' dir='ltr'><strong>civitatis</strong></span> <span class='ocrx_word' id='word_1_20' title='bbox 2999 212 3262 284; x_wconf 83' lang='lat' dir='ltr'><strong>episcopi,</strong></span> <span class='ocrx_word' id='word_1_21' title='bbox 3293 213 3432 270; x_wconf 90' lang='lat' dir='ltr'><strong>Sunt</strong></span> <span class='ocrx_word' id='word_1_22' title='bbox 3459 232 3545 275; x_wconf 54' lang='lat' dir='ltr'><strong>re.</strong></span> 
     </span>
    </p>
   </div>
   <div class='ocr_carea' id='block_1_5' title="bbox 287 296 1864 381">
    <p class='ocr_par' dir='ltr' id='par_1_5' title="bbox 287 296 1864 381">
     <span class='ocr_line' id='line_1_5' title="bbox 287 296 1864 381; baseline -0.005 -21"><span class='ocrx_word' id='word_1_23' title='bbox 287 306 356 360; x_wconf 90' lang='lat' dir='ltr'><strong>ab</strong></span> <span class='ocrx_word' id='word_1_24' title='bbox 384 303 745 374; x_wconf 82' lang='lat' dir='ltr'><strong>iniquissimis</strong></span> <span class='ocrx_word' id='word_1_25' title='bbox 775 304 908 359; x_wconf 92' lang='lat' dir='ltr'><strong>viris</strong></span> <span class='ocrx_word' id='word_1_26' title='bbox 938 304 1231 374; x_wconf 80' lang='lat' dir='ltr'><strong>improvise</strong></span> <span class='ocrx_word' id='word_1_27' title='bbox 1260 303 1401 356; x_wconf 89' lang='lat' dir='ltr'><strong>intra</strong></span> <span class='ocrx_word' id='word_1_28' title='bbox 1443 302 1665 356; x_wconf 91' lang='lat' dir='ltr'><strong>domum</strong></span> <span class='ocrx_word' id='word_1_29' title='bbox 1692 296 1864 381; x_wconf 86' lang='lat' dir='ltr'><strong>eccle—</strong></span> 
     </span>
    </p>
   </div>
   <div class='ocr_carea' id='block_1_6' title="bbox 286 387 1863 468">
    <p class='ocr_par' dir='ltr' id='par_1_6' title="bbox 286 387 1863 468">
     <span class='ocr_line' id='line_1_6' title="bbox 286 387 1863 468; baseline -0.006 -16"><span class='ocrx_word' id='word_1_30' title='bbox 286 397 383 453; x_wconf 84' lang='lat' dir='ltr'><strong>sie</strong></span> <span class='ocrx_word' id='word_1_31' title='bbox 408 396 672 468; x_wconf 76' lang='lat' dir='ltr'><strong>martyrio</strong></span> <span class='ocrx_word' id='word_1_32' title='bbox 686 404 1000 452; x_wconf 80' lang='lat' dir='ltr'><strong>coronatur.</strong></span> <span class='ocrx_word' id='word_1_33' title='bbox 1033 394 1226 451; x_wconf 79' lang='lat' dir='ltr'><strong>Insunt</strong></span> <span class='ocrx_word' id='word_1_34' title='bbox 1247 393 1491 464; x_wconf 86' lang='lat' dir='ltr'><strong>reliquie</strong></span> <span class='ocrx_word' id='word_1_35' title='bbox 1514 390 1686 447; x_wconf 89' lang='lat' dir='ltr'><strong>sancti</strong></span> <span class='ocrx_word' id='word_1_36' title='bbox 1710 387 1863 445; x_wconf 83' lang='lat' dir='ltr'><strong>Fabii</strong></span> 
     </span>
    </p>
   </div>
   <div class='ocr_carea' id='block_1_7' title="bbox 285 484 1864 565">
    <p class='ocr_par' dir='ltr' id='par_1_7' title="bbox 285 484 1864 565">
     <span class='ocr_line' id='line_1_7' title="bbox 285 484 1864 565; baseline -0.004 -22"><span class='ocrx_word' id='word_1_37' title='bbox 285 488 565 561; x_wconf 84' lang='lat' dir='ltr'><strong>martyris,</strong></span> <span class='ocrx_word' id='word_1_38' title='bbox 593 487 710 557; x_wconf 88' lang='lat' dir='ltr'><strong>qui,</strong></span> <span class='ocrx_word' id='word_1_39' title='bbox 743 501 866 542; x_wconf 90' lang='lat' dir='ltr'><strong>cum</strong></span> <span class='ocrx_word' id='word_1_40' title='bbox 901 486 1041 543; x_wconf 87' lang='lat' dir='ltr'><strong>ferre</strong></span> <span class='ocrx_word' id='word_1_41' title='bbox 1060 486 1253 542; x_wconf 78' lang='lat' dir='ltr'><strong>vexilla</strong></span> <span class='ocrx_word' id='word_1_42' title='bbox 1278 484 1604 565; x_wconf 83' lang='lat' dir='ltr'><strong>presidialia</strong></span> <span class='ocrx_word' id='word_1_43' title='bbox 1644 488 1864 539; x_wconf 83' lang='lat' dir='ltr'><strong>recusa-</strong></span> 
     </span>
    </p>
   </div>
   <div class='ocr_carea' id='block_1_8' title="bbox 244 572 1864 649">
    <p class='ocr_par' dir='ltr' id='par_1_8' title="bbox 244 572 1864 649">
     <span class='ocr_line' id='line_1_8' title="bbox 244 572 1864 649; baseline -0.004 -13"><span class='ocrx_word' id='word_1_44' title='bbox 244 608 253 613; x_wconf 89' lang='lat'><strong>-</strong></span> <span class='ocrx_word' id='word_1_45' title='bbox 283 589 385 648; x_wconf 89' lang='lat' dir='ltr'><strong>ret,</strong></span> <span class='ocrx_word' id='word_1_46' title='bbox 417 579 680 635; x_wconf 81' lang='lat' dir='ltr'><strong>Cesaree</strong></span> <span class='ocrx_word' id='word_1_47' title='bbox 713 592 744 634; x_wconf 88' lang='lat' dir='ltr'><strong>a</strong></span> <span class='ocrx_word' id='word_1_48' title='bbox 793 576 1089 634; x_wconf 87' lang='lat' dir='ltr'><strong>furibundo</strong></span> <span class='ocrx_word' id='word_1_49' title='bbox 1125 577 1308 649; x_wconf 88' lang='lat' dir='ltr'><strong>judice</strong></span> <span class='ocrx_word' id='word_1_50' title='bbox 1335 575 1554 647; x_wconf 81' lang='lat' dir='ltr'><strong>capitali</strong></span> <span class='ocrx_word' id='word_1_51' title='bbox 1597 572 1864 629; x_wconf 88' lang='lat' dir='ltr'><strong>sententia</strong></span> 
     </span>
    </p>
   </div>
   <div class='ocr_carea' id='block_1_9' title="bbox 285 654 1864 742">
    <p class='ocr_par' dir='ltr' id='par_1_9' title="bbox 285 654 1864 742">
     <span class='ocr_line' id='line_1_9' title="bbox 285 654 1864 742; baseline -0.003 -15"><span class='ocrx_word' id='word_1_52' title='bbox 285 671 695 727; x_wconf 84' lang='lat' dir='ltr'><strong>condemnatur.</strong></span> <span class='ocrx_word' id='word_1_53' title='bbox 722 668 870 726; x_wconf 85' lang='lat' dir='ltr'><strong>Sunt</strong></span> <span class='ocrx_word' id='word_1_54' title='bbox 899 671 1143 742; x_wconf 86' lang='lat' dir='ltr'><strong>reliquie</strong></span> <span class='ocrx_word' id='word_1_55' title='bbox 1170 668 1311 725; x_wconf 84' lang='lat' dir='ltr'><strong>beati</strong></span> <span class='ocrx_word' id='word_1_56' title='bbox 1336 656 1568 738; x_wconf 85' lang='lat' dir='ltr'><strong>Projecti</strong></span> <span class='ocrx_word' id='word_1_57' title='bbox 1605 654 1864 738; x_wconf 80' lang='lat' dir='ltr'><strong>martyris</strong></span> 
     </span>
    </p>
   </div>
   <div class='ocr_carea' id='block_1_10' title="bbox 281 750 1861 833">
    <p class='ocr_par' dir='ltr' id='par_1_10' title="bbox 281 750 1861 833">
     <span class='ocr_line' id='line_1_10' title="bbox 281 750 1861 833; baseline -0.004 -16"><span class='ocrx_word' id='word_1_58' title='bbox 281 770 339 818; x_wconf 83' lang='lat' dir='ltr'><strong>et</strong></span> <span class='ocrx_word' id='word_1_59' title='bbox 364 761 601 833; x_wconf 84' lang='lat' dir='ltr'><strong>episcopi</strong></span> <span class='ocrx_word' id='word_1_60' title='bbox 622 762 1003 818; x_wconf 82' lang='lat' dir='ltr'><strong>Arvernensis.</strong></span> <span class='ocrx_word' id='word_1_61' title='bbox 1033 759 1228 816; x_wconf 88' lang='lat' dir='ltr'><strong>Insunt</strong></span> <span class='ocrx_word' id='word_1_62' title='bbox 1251 759 1496 830; x_wconf 85' lang='lat' dir='ltr'><strong>reliquie</strong></span> <span class='ocrx_word' id='word_1_63' title='bbox 1529 758 1704 813; x_wconf 91' lang='lat' dir='ltr'><strong>sancti</strong></span> <span class='ocrx_word' id='word_1_64' title='bbox 1723 750 1861 813; x_wconf 76' lang='lat' dir='ltr'><strong>For-</strong></span> 
     </span>
    </p>
   </div>
   <div class='ocr_carea' id='block_1_11' title="bbox 281 849 1862 925">
    <p class='ocr_par' dir='ltr' id='par_1_11' title="bbox 281 849 1862 925">
     <span class='ocr_line' id='line_1_11' title="bbox 281 849 1862 925; baseline -0.003 -16"><span class='ocrx_word' id='word_1_65' title='bbox 281 854 459 911; x_wconf 86' lang='lat' dir='ltr'><strong>tunati</strong></span> <span class='ocrx_word' id='word_1_66' title='bbox 495 854 753 925; x_wconf 78' lang='lat' dir='ltr'><strong>martyris</strong></span> <span class='ocrx_word' id='word_1_67' title='bbox 783 854 928 924; x_wconf 84' lang='lat' dir='ltr'><strong>apud</strong></span> <span class='ocrx_word' id='word_1_68' title='bbox 976 853 1282 924; x_wconf 78' lang='lat' dir='ltr'><strong>Aquileiam</strong></span> <span class='ocrx_word' id='word_1_69' title='bbox 1330 852 1498 922; x_wconf 84' lang='lat' dir='ltr'><strong>passi.</strong></span> <span class='ocrx_word' id='word_1_70' title='bbox 1549 849 1689 905; x_wconf 86' lang='lat' dir='ltr'><strong>Sunt</strong></span> <span class='ocrx_word' id='word_1_71' title='bbox 1734 850 1862 905; x_wconf 82' lang='lat' dir='ltr'><strong>reli-</strong></span> 
     </span>
    </p>
   </div>
   <div class='ocr_carea' id='block_1_12' title="bbox 282 942 1861 1018">
    <p class='ocr_par' dir='ltr' id='par_1_12' title="bbox 282 942 1861 1018">
     <span class='ocr_line' id='line_1_12' title="bbox 282 942 1861 1018; baseline -0.004 -16"><span class='ocrx_word' id='word_1_72' title='bbox 282 947 426 1018; x_wconf 82' lang='lat' dir='ltr'><strong>quie</strong></span> <span class='ocrx_word' id='word_1_73' title='bbox 458 947 605 1003; x_wconf 88' lang='lat' dir='ltr'><strong>beati</strong></span> <span class='ocrx_word' id='word_1_74' title='bbox 626 944 845 1001; x_wconf 83' lang='lat' dir='ltr'><strong>Nazarii</strong></span> <span class='ocrx_word' id='word_1_75' title='bbox 866 987 882 1013; x_wconf 92' lang='lat'><strong>,</strong></span> <span class='ocrx_word' id='word_1_76' title='bbox 930 961 1093 1016; x_wconf 88' lang='lat' dir='ltr'><strong>quem</strong></span> <span class='ocrx_word' id='word_1_77' title='bbox 1124 945 1389 1000; x_wconf 82' lang='lat' dir='ltr'><strong>Anolinus</strong></span> <span class='ocrx_word' id='word_1_78' title='bbox 1418 943 1521 999; x_wconf 86' lang='lat' dir='ltr'><strong>sub</strong></span> <span class='ocrx_word' id='word_1_79' title='bbox 1544 942 1696 998; x_wconf 83' lang='lat' dir='ltr'><strong>rabie</strong></span> <span class='ocrx_word' id='word_1_80' title='bbox 1733 956 1861 1014; x_wconf 87' lang='lat' dir='ltr'><strong>per-</strong></span> 
     </span>
    </p>
   </div>
   <div class='ocr_carea' id='block_1_13' title="bbox 280 1036 1862 1109">
    <p class='ocr_par' dir='ltr' id='par_1_13' title="bbox 280 1036 1862 1109">
     <span class='ocr_line' id='line_1_13' title="bbox 280 1036 1862 1109; baseline -0.001 -14"><span class='ocrx_word' id='word_1_81' title='bbox 280 1036 583 1095; x_wconf 80' lang='lat' dir='ltr'><strong>secutionis</strong></span> <span class='ocrx_word' id='word_1_82' title='bbox 610 1039 704 1094; x_wconf 92' lang='lat' dir='ltr'><strong>diu</strong></span> <span class='ocrx_word' id='word_1_83' title='bbox 728 1045 1062 1094; x_wconf 87' lang='lat' dir='ltr'><strong>maceratum</strong></span> <span class='ocrx_word' id='word_1_84' title='bbox 1104 1048 1158 1094; x_wconf 91' lang='lat' dir='ltr'><strong>et</strong></span> <span class='ocrx_word' id='word_1_85' title='bbox 1185 1038 1439 1094; x_wconf 78' lang='lat' dir='ltr'><strong>afﬂictum</strong></span> <span class='ocrx_word' id='word_1_86' title='bbox 1481 1037 1662 1109; x_wconf 91' lang='lat' dir='ltr'><strong>gladio</strong></span> <span class='ocrx_word' id='word_1_87' title='bbox 1709 1037 1862 1093; x_wconf 86' lang='lat' dir='ltr'><strong>feriri</strong></span> 
     </span>
    </p>
   </div>
   <div class='ocr_carea' id='block_1_14' title="bbox 278 1127 1861 1204">
    <p class='ocr_par' dir='ltr' id='par_1_14' title="bbox 278 1127 1861 1204">
     <span class='ocr_line' id='line_1_14' title="bbox 278 1127 1861 1204; baseline -0.003 -17"><span class='ocrx_word' id='word_1_88' title='bbox 278 1133 445 1204; x_wconf 81' lang='lat' dir='ltr'><strong>jussit</strong></span> <span class='ocrx_word' id='word_1_89' title='bbox 467 1130 610 1202; x_wconf 88' lang='lat' dir='ltr'><strong>apud</strong></span> <span class='ocrx_word' id='word_1_90' title='bbox 641 1130 1029 1186; x_wconf 80' lang='lat' dir='ltr'><strong>Mediolanum.</strong></span> <span class='ocrx_word' id='word_1_91' title='bbox 1076 1129 1216 1185; x_wconf 89' lang='lat' dir='ltr'><strong>Sunt</strong></span> <span class='ocrx_word' id='word_1_92' title='bbox 1240 1129 1485 1200; x_wconf 80' lang='lat' dir='ltr'><strong>reliquiae</strong></span> <span class='ocrx_word' id='word_1_93' title='bbox 1525 1128 1670 1184; x_wconf 89' lang='lat' dir='ltr'><strong>beati</strong></span> <span class='ocrx_word' id='word_1_94' title='bbox 1711 1127 1861 1183; x_wconf 88' lang='lat' dir='ltr'><strong>Lon-</strong></span> 
     </span>
    </p>
   </div>
   <div class='ocr_carea' id='block_1_15' title="bbox 281 1217 1862 1294">
    <p class='ocr_par' dir='ltr' id='par_1_15' title="bbox 281 1217 1862 1294">
     <span class='ocr_line' id='line_1_15' title="bbox 281 1217 1862 1294; baseline -0.003 -17"><span class='ocrx_word' id='word_1_95' title='bbox 281 1222 420 1294; x_wconf 85' lang='lat' dir='ltr'><strong>gini,</strong></span> <span class='ocrx_word' id='word_1_96' title='bbox 459 1221 652 1277; x_wconf 87' lang='lat' dir='ltr'><strong>militis</strong></span> <span class='ocrx_word' id='word_1_97' title='bbox 693 1228 748 1276; x_wconf 88' lang='lat' dir='ltr'><strong>et</strong></span> <span class='ocrx_word' id='word_1_98' title='bbox 793 1220 1071 1293; x_wconf 83' lang='lat' dir='ltr'><strong>martyris,</strong></span> <span class='ocrx_word' id='word_1_99' title='bbox 1096 1218 1189 1291; x_wconf 83' lang='lat' dir='ltr'><strong>qui</strong></span> <span class='ocrx_word' id='word_1_100' title='bbox 1232 1221 1420 1276; x_wconf 85' lang='lat' dir='ltr'><strong>lancea</strong></span> <span class='ocrx_word' id='word_1_101' title='bbox 1466 1220 1610 1275; x_wconf 90' lang='lat' dir='ltr'><strong>latus</strong></span> <span class='ocrx_word' id='word_1_102' title='bbox 1644 1217 1862 1274; x_wconf 88' lang='lat' dir='ltr'><strong>Domini</strong></span> 
     </span>
    </p>
   </div>
   <div class='ocr_carea' id='block_1_16' title="bbox 281 1310 1862 1384">
    <p class='ocr_par' dir='ltr' id='par_1_16' title="bbox 281 1310 1862 1384">
     <span class='ocr_line' id='line_1_16' title="bbox 281 1310 1862 1384; baseline -0.003 -16"><span class='ocrx_word' id='word_1_103' title='bbox 281 1313 570 1384; x_wconf 83' lang='lat' dir='ltr'><strong>pendentis</strong></span> <span class='ocrx_word' id='word_1_104' title='bbox 616 1313 673 1367; x_wconf 90' lang='lat' dir='ltr'><strong>in</strong></span> <span class='ocrx_word' id='word_1_105' title='bbox 712 1327 875 1368; x_wconf 87' lang='lat' dir='ltr'><strong>cruce</strong></span> <span class='ocrx_word' id='word_1_106' title='bbox 919 1312 1150 1383; x_wconf 83' lang='lat' dir='ltr'><strong>aperuit.</strong></span> <span class='ocrx_word' id='word_1_107' title='bbox 1186 1311 1377 1367; x_wconf 85' lang='lat' dir='ltr'><strong>insunt</strong></span> <span class='ocrx_word' id='word_1_108' title='bbox 1404 1310 1647 1381; x_wconf 87' lang='lat' dir='ltr'><strong>reliquie</strong></span> <span class='ocrx_word' id='word_1_109' title='bbox 1687 1311 1862 1367; x_wconf 89' lang='lat' dir='ltr'><strong>sancti</strong></span> 
     </span>
    </p>
   </div>
   <div class='ocr_carea' id='block_1_17' title="bbox 280 1403 1863 1476">
    <p class='ocr_par' dir='ltr' id='par_1_17' title="bbox 280 1403 1863 1476">
     <span class='ocr_line' id='line_1_17' title="bbox 280 1403 1863 1476; baseline -0.001 -16"><span class='ocrx_word' id='word_1_110' title='bbox 280 1404 540 1472; x_wconf 85' lang='lat' dir='ltr'><strong>Protasii,</strong></span> <span class='ocrx_word' id='word_1_111' title='bbox 580 1404 675 1476; x_wconf 86' lang='lat' dir='ltr'><strong>qui</strong></span> <span class='ocrx_word' id='word_1_112' title='bbox 723 1405 865 1474; x_wconf 89' lang='lat' dir='ltr'><strong>apud</strong></span> <span class='ocrx_word' id='word_1_113' title='bbox 906 1403 1271 1459; x_wconf 82' lang='lat' dir='ltr'><strong>Mediolanum</strong></span> <span class='ocrx_word' id='word_1_114' title='bbox 1311 1403 1506 1474; x_wconf 84' lang='lat' dir='ltr'><strong>capitis</strong></span> <span class='ocrx_word' id='word_1_115' title='bbox 1557 1403 1863 1459; x_wconf 89' lang='lat' dir='ltr'><strong>abscisione</strong></span> 
     </span>
    </p>
   </div>
   <div class='ocr_carea' id='block_1_18' title="bbox 282 1488 1864 1570">
    <p class='ocr_par' dir='ltr' id='par_1_18' title="bbox 282 1488 1864 1570">
     <span class='ocr_line' id='line_1_18' title="bbox 282 1488 1864 1570; baseline -0.001 -17"><span class='ocrx_word' id='word_1_116' title='bbox 282 1497 608 1570; x_wconf 75' lang='lat' dir='ltr'><strong>martyrium</strong></span> <span class='ocrx_word' id='word_1_117' title='bbox 660 1498 1080 1553; x_wconf 82' lang='lat' dir='ltr'><strong>consummavit.</strong></span> <span class='ocrx_word' id='word_1_118' title='bbox 1146 1496 1340 1553; x_wconf 88' lang='lat' dir='ltr'><strong>Insunt</strong></span> <span class='ocrx_word' id='word_1_119' title='bbox 1383 1496 1627 1569; x_wconf 76' lang='lat' dir='ltr'><strong>reliquie</strong></span> <span class='ocrx_word' id='word_1_120' title='bbox 1654 1488 1659 1493; x_wconf 52' lang='grc'><strong><em>’</em></strong></span> <span class='ocrx_word' id='word_1_121' title='bbox 1687 1497 1864 1553; x_wconf 83' lang='lat' dir='ltr'><strong>sancti</strong></span> 
     </span>
    </p>
   </div>
   <div class='ocr_carea' id='block_1_19' title="bbox 282 1588 1867 1662">
    <p class='ocr_par' dir='ltr' id='par_1_19' title="bbox 282 1588 1867 1662">
     <span class='ocr_line' id='line_1_19' title="bbox 282 1588 1867 1662; baseline 0.001 -19"><span class='ocrx_word' id='word_1_122' title='bbox 282 1589 460 1646; x_wconf 84' lang='lat' dir='ltr'><strong>Prisci</strong></span> <span class='ocrx_word' id='word_1_123' title='bbox 489 1592 741 1662; x_wconf 80' lang='lat' dir='ltr'><strong>martyris</strong></span> <span class='ocrx_word' id='word_1_124' title='bbox 763 1591 904 1661; x_wconf 90' lang='lat' dir='ltr'><strong>apud</strong></span> <span class='ocrx_word' id='word_1_125' title='bbox 933 1588 1177 1662; x_wconf 83' lang='lat' dir='ltr'><strong>Capuam</strong></span> <span class='ocrx_word' id='word_1_126' title='bbox 1212 1589 1563 1662; x_wconf 83' lang='lat' dir='ltr'><strong>quiescentis.</strong></span> <span class='ocrx_word' id='word_1_127' title='bbox 1617 1588 1759 1644; x_wconf 87' lang='lat' dir='ltr'><strong>Sunt</strong></span> <span class='ocrx_word' id='word_1_128' title='bbox 1778 1604 1867 1645; x_wconf 82' lang='lat' dir='ltr'><strong>re-</strong></span> 
     </span>
    </p>
   </div>
   <div class='ocr_carea' id='block_1_20' title="bbox 282 1680 1865 1753">
    <p class='ocr_par' dir='ltr' id='par_1_20' title="bbox 282 1680 1865 1753">
     <span class='ocr_line' id='line_1_20' title="bbox 282 1680 1865 1753; baseline 0 -18"><span class='ocrx_word' id='word_1_129' title='bbox 282 1681 471 1751; x_wconf 80' lang='lat' dir='ltr'><strong>liquie</strong></span> <span class='ocrx_word' id='word_1_130' title='bbox 490 1681 634 1736; x_wconf 80' lang='lat' dir='ltr'><strong>beati</strong></span> <span class='ocrx_word' id='word_1_131' title='bbox 659 1681 941 1749; x_wconf 83' lang='lat' dir='ltr'><strong>Antonini,</strong></span> <span class='ocrx_word' id='word_1_132' title='bbox 975 1681 1071 1753; x_wconf 91' lang='lat' dir='ltr'><strong>qui</strong></span> <span class='ocrx_word' id='word_1_133' title='bbox 1094 1683 1301 1738; x_wconf 87' lang='lat' dir='ltr'><strong>honore</strong></span> <span class='ocrx_word' id='word_1_134' title='bbox 1330 1680 1608 1753; x_wconf 78' lang='lat' dir='ltr'><strong>dignitatis</strong></span> <span class='ocrx_word' id='word_1_135' title='bbox 1647 1680 1865 1735; x_wconf 91' lang='lat' dir='ltr'><strong>Domini</strong></span> 
     </span>
    </p>
   </div>
   <div class='ocr_carea' id='block_1_21' title="bbox 283 1765 1867 1842">
    <p class='ocr_par' dir='ltr' id='par_1_21' title="bbox 283 1765 1867 1842">
     <span class='ocr_line' id='line_1_21' title="bbox 283 1765 1867 1842; baseline 0 -18"><span class='ocrx_word' id='word_1_136' title='bbox 283 1768 492 1825; x_wconf 86' lang='lat' dir='ltr'><strong>illustri</strong></span> <span class='ocrx_word' id='word_1_137' title='bbox 533 1771 855 1842; x_wconf 80' lang='lat' dir='ltr'><strong>martyrium</strong></span> <span class='ocrx_word' id='word_1_138' title='bbox 878 1772 1021 1841; x_wconf 81' lang='lat' dir='ltr'><strong>apud</strong></span> <span class='ocrx_word' id='word_1_139' title='bbox 1043 1771 1326 1841; x_wconf 76' lang='lat' dir='ltr'><strong>Apamiam</strong></span> <span class='ocrx_word' id='word_1_140' title='bbox 1350 1771 1631 1827; x_wconf 90' lang='lat' dir='ltr'><strong>sustinuit.</strong></span> <span class='ocrx_word' id='word_1_141' title='bbox 1676 1765 1867 1826; x_wconf 84' lang='lat' dir='ltr'><strong>Insunt</strong></span> 
     </span>
    </p>
   </div>
   <div class='ocr_carea' id='block_1_22' title="bbox 279 1854 1863 1933">
    <p class='ocr_par' dir='ltr' id='par_1_22' title="bbox 279 1854 1863 1933">
     <span class='ocr_line' id='line_1_22' title="bbox 279 1854 1863 1933; baseline 0.001 -18"><span class='ocrx_word' id='word_1_142' title='bbox 279 1859 535 1931; x_wconf 78' lang='lat' dir='ltr'><strong>reliquie</strong></span> <span class='ocrx_word' id='word_1_143' title='bbox 568 1861 743 1916; x_wconf 87' lang='lat' dir='ltr'><strong>sancti</strong></span> <span class='ocrx_word' id='word_1_144' title='bbox 777 1854 1036 1933; x_wconf 80' lang='lat' dir='ltr'><strong>Cypriani</strong></span> <span class='ocrx_word' id='word_1_145' title='bbox 1064 1860 1306 1931; x_wconf 88' lang='lat' dir='ltr'><strong>episcopi</strong></span> <span class='ocrx_word' id='word_1_146' title='bbox 1348 1869 1403 1915; x_wconf 90' lang='lat' dir='ltr'><strong>et</strong></span> <span class='ocrx_word' id='word_1_147' title='bbox 1443 1861 1719 1933; x_wconf 85' lang='lat' dir='ltr'><strong>martyris,</strong></span> <span class='ocrx_word' id='word_1_148' title='bbox 1747 1861 1863 1932; x_wconf 85' lang='lat' dir='ltr'><strong>qui,</strong></span> 
     </span>
    </p>
   </div>
   <div class='ocr_carea' id='block_1_23' title="bbox 283 1949 1863 2023">
    <p class='ocr_par' dir='ltr' id='par_1_23' title="bbox 283 1949 1863 2023">
     <span class='ocr_line' id='line_1_23' title="bbox 283 1949 1863 2023; baseline 0.001 -18"><span class='ocrx_word' id='word_1_149' title='bbox 283 1951 395 2005; x_wconf 86' lang='lat' dir='ltr'><strong>sub</strong></span> <span class='ocrx_word' id='word_1_150' title='bbox 437 1949 653 2006; x_wconf 84' lang='lat' dir='ltr'><strong>Galerio</strong></span> <span class='ocrx_word' id='word_1_151' title='bbox 691 1952 1039 2021; x_wconf 83' lang='lat' dir='ltr'><strong>proconsule,</strong></span> <span class='ocrx_word' id='word_1_152' title='bbox 1065 1951 1206 2021; x_wconf 93' lang='lat' dir='ltr'><strong>apud</strong></span> <span class='ocrx_word' id='word_1_153' title='bbox 1228 1949 1490 2017; x_wconf 82' lang='lat' dir='ltr'><strong>Africam,</strong></span> <span class='ocrx_word' id='word_1_154' title='bbox 1514 1949 1863 2023; x_wconf 80' lang='lat' dir='ltr'><strong>Carthagine,</strong></span> 
     </span>
    </p>
   </div>
   <div class='ocr_carea' id='block_1_24' title="bbox 280 2040 1866 2112">
    <p class='ocr_par' dir='ltr' id='par_1_24' title="bbox 280 2040 1866 2112">
     <span class='ocr_line' id='line_1_24' title="bbox 280 2040 1866 2112; baseline -0.001 -16"><span class='ocrx_word' id='word_1_155' title='bbox 280 2056 478 2096; x_wconf 87' lang='lat' dir='ltr'><strong>amore</strong></span> <span class='ocrx_word' id='word_1_156' title='bbox 513 2040 719 2096; x_wconf 88' lang='lat' dir='ltr'><strong>Christi</strong></span> <span class='ocrx_word' id='word_1_157' title='bbox 751 2042 1046 2108; x_wconf 88' lang='lat' dir='ltr'><strong>animatus,</strong></span> <span class='ocrx_word' id='word_1_158' title='bbox 1071 2041 1358 2112; x_wconf 77' lang='lat' dir='ltr'><strong>gladioque</strong></span> <span class='ocrx_word' id='word_1_159' title='bbox 1379 2055 1691 2111; x_wconf 84' lang='lat' dir='ltr'><strong>percussus,</strong></span> <span class='ocrx_word' id='word_1_160' title='bbox 1715 2056 1866 2095; x_wconf 83' lang='lat' dir='ltr'><strong>mar-</strong></span> 
     </span>
    </p>
   </div>
   <div class='ocr_carea' id='block_1_25' title="bbox 279 2130 1865 2203">
    <p class='ocr_par' dir='ltr' id='par_1_25' title="bbox 279 2130 1865 2203">
     <span class='ocr_line' id='line_1_25' title="bbox 279 2130 1865 2203; baseline 0 -18"><span class='ocrx_word' id='word_1_161' title='bbox 279 2138 371 2203; x_wconf 88' lang='lat' dir='ltr'><strong>tyr</strong></span> <span class='ocrx_word' id='word_1_162' title='bbox 401 2131 657 2203; x_wconf 74' lang='lat' dir='ltr'><strong>migravit</strong></span> <span class='ocrx_word' id='word_1_163' title='bbox 677 2132 743 2188; x_wconf 88' lang='lat' dir='ltr'><strong>ad</strong></span> <span class='ocrx_word' id='word_1_164' title='bbox 778 2130 1089 2188; x_wconf 89' lang='lat' dir='ltr'><strong>Dominum.</strong></span> <span class='ocrx_word' id='word_1_165' title='bbox 1124 2130 1261 2188; x_wconf 91' lang='lat' dir='ltr'><strong>Sunt</strong></span> <span class='ocrx_word' id='word_1_166' title='bbox 1282 2131 1526 2201; x_wconf 75' lang='lat' dir='ltr'><strong>reliquiae</strong></span> <span class='ocrx_word' id='word_1_167' title='bbox 1550 2131 1727 2188; x_wconf 89' lang='lat' dir='ltr'><strong>sancti</strong></span> <span class='ocrx_word' id='word_1_168' title='bbox 1753 2130 1865 2185; x_wconf 74' lang='lat' dir='ltr'><strong>Lu~</strong></span> 
     </span>
    </p>
   </div>
   <div class='ocr_carea' id='block_1_26' title="bbox 279 2222 1867 2295">
    <p class='ocr_par' dir='ltr' id='par_1_26' title="bbox 279 2222 1867 2295">
     <span class='ocr_line' id='line_1_26' title="bbox 279 2222 1867 2295; baseline 0.001 -17"><span class='ocrx_word' id='word_1_169' title='bbox 279 2224 376 2291; x_wconf 89' lang='lat' dir='ltr'><strong>cii,</strong></span> <span class='ocrx_word' id='word_1_170' title='bbox 408 2224 505 2294; x_wconf 91' lang='lat' dir='ltr'><strong>qui</strong></span> <span class='ocrx_word' id='word_1_171' title='bbox 535 2224 677 2295; x_wconf 87' lang='lat' dir='ltr'><strong>apud</strong></span> <span class='ocrx_word' id='word_1_172' title='bbox 707 2223 972 2291; x_wconf 83' lang='lat' dir='ltr'><strong>Africam,</strong></span> <span class='ocrx_word' id='word_1_173' title='bbox 1031 2225 1136 2280; x_wconf 87' lang='lat' dir='ltr'><strong>sub</strong></span> <span class='ocrx_word' id='word_1_174' title='bbox 1161 2222 1330 2280; x_wconf 89' lang='lat' dir='ltr'><strong>Decio</strong></span> <span class='ocrx_word' id='word_1_175' title='bbox 1349 2231 1404 2279; x_wconf 92' lang='lat' dir='ltr'><strong>et</strong></span> <span class='ocrx_word' id='word_1_176' title='bbox 1430 2222 1743 2291; x_wconf 80' lang='lat' dir='ltr'><strong>Valeriano,</strong></span> <span class='ocrx_word' id='word_1_177' title='bbox 1769 2238 1867 2279; x_wconf 79' lang='lat' dir='ltr'><strong>ex-</strong></span> 
     </span>
    </p>
   </div>
   <div class='ocr_carea' id='block_1_27' title="bbox 278 2314 1868 2386">
    <p class='ocr_par' dir='ltr' id='par_1_27' title="bbox 278 2314 1868 2386">
     <span class='ocr_line' id='line_1_27' title="bbox 278 2314 1868 2386; baseline -0.003 -14"><span class='ocrx_word' id='word_1_178' title='bbox 278 2324 543 2386; x_wconf 86' lang='lat' dir='ltr'><strong>surgente</strong></span> <span class='ocrx_word' id='word_1_179' title='bbox 571 2316 967 2386; x_wconf 87' lang='lat' dir='ltr'><strong>persecutionis</strong></span> <span class='ocrx_word' id='word_1_180' title='bbox 995 2315 1167 2383; x_wconf 86' lang='lat' dir='ltr'><strong>rabie,</strong></span> <span class='ocrx_word' id='word_1_181' title='bbox 1199 2331 1323 2371; x_wconf 90' lang='lat' dir='ltr'><strong>cum</strong></span> <span class='ocrx_word' id='word_1_182' title='bbox 1345 2314 1532 2371; x_wconf 92' lang='lat' dir='ltr'><strong>multis</strong></span> <span class='ocrx_word' id='word_1_183' title='bbox 1563 2315 1868 2370; x_wconf 82' lang='lat' dir='ltr'><strong>confessio-</strong></span> 
     </span>
    </p>
   </div>
   <div class='ocr_carea' id='block_1_28' title="bbox 278 2404 1869 2478">
    <p class='ocr_par' dir='ltr' id='par_1_28' title="bbox 278 2404 1869 2478">
     <span class='ocr_line' id='line_1_28' title="bbox 278 2404 1869 2478; baseline -0.001 -16"><span class='ocrx_word' id='word_1_184' title='bbox 278 2409 370 2464; x_wconf 88' lang='lat' dir='ltr'><strong>nis</strong></span> <span class='ocrx_word' id='word_1_185' title='bbox 418 2422 653 2478; x_wconf 90' lang='lat' dir='ltr'><strong>agonem</strong></span> <span class='ocrx_word' id='word_1_186' title='bbox 703 2410 1123 2463; x_wconf 77' lang='lat' dir='ltr'><strong>consummavit.</strong></span> <span class='ocrx_word' id='word_1_187' title='bbox 1179 2404 1371 2462; x_wconf 89' lang='lat' dir='ltr'><strong>Insunt</strong></span> <span class='ocrx_word' id='word_1_188' title='bbox 1415 2407 1662 2476; x_wconf 89' lang='lat' dir='ltr'><strong>reliquie</strong></span> <span class='ocrx_word' id='word_1_189' title='bbox 1724 2406 1869 2461; x_wconf 85' lang='lat' dir='ltr'><strong>beati</strong></span> 
     </span>
    </p>
   </div>
   <div class='ocr_carea' id='block_1_29' title="bbox 279 2497 1871 2571">
    <p class='ocr_par' dir='ltr' id='par_1_29' title="bbox 279 2497 1871 2571">
     <span class='ocr_line' id='line_1_29' title="bbox 279 2497 1871 2571; baseline -0.001 -18"><span class='ocrx_word' id='word_1_190' title='bbox 279 2498 556 2571; x_wconf 86' lang='lat' dir='ltr'><strong>Dionysii,</strong></span> <span class='ocrx_word' id='word_1_191' title='bbox 592 2499 709 2569; x_wconf 91' lang='lat' dir='ltr'><strong>qui,</strong></span> <span class='ocrx_word' id='word_1_192' title='bbox 744 2500 887 2569; x_wconf 92' lang='lat' dir='ltr'><strong>apud</strong></span> <span class='ocrx_word' id='word_1_193' title='bbox 908 2497 1177 2555; x_wconf 89' lang='lat' dir='ltr'><strong>Parisium</strong></span> <span class='ocrx_word' id='word_1_194' title='bbox 1212 2508 1461 2555; x_wconf 89' lang='lat' dir='ltr'><strong>sanctum</strong></span> <span class='ocrx_word' id='word_1_195' title='bbox 1485 2514 1623 2569; x_wconf 90' lang='lat' dir='ltr'><strong>opus</strong></span> <span class='ocrx_word' id='word_1_196' title='bbox 1644 2497 1871 2553; x_wconf 72' lang='lat' dir='ltr'><strong>fideliter</strong></span> 
     </span>
    </p>
   </div>
   <div class='ocr_carea' id='block_1_30' title="bbox 277 2590 1868 2662">
    <p class='ocr_par' dir='ltr' id='par_1_30' title="bbox 277 2590 1868 2662">
     <span class='ocr_line' id='line_1_30' title="bbox 277 2590 1868 2662; baseline -0.001 -15"><span class='ocrx_word' id='word_1_197' title='bbox 277 2599 604 2658; x_wconf 76' lang='lat' dir='ltr'><strong>exsecutus,</strong></span> <span class='ocrx_word' id='word_1_198' title='bbox 645 2607 678 2647; x_wconf 89' lang='lat' dir='ltr'><strong>a</strong></span> <span class='ocrx_word' id='word_1_199' title='bbox 711 2592 965 2662; x_wconf 88' lang='lat' dir='ltr'><strong>prefecto</strong></span> <span class='ocrx_word' id='word_1_200' title='bbox 999 2591 1299 2647; x_wconf 81' lang='lat' dir='ltr'><strong>Fescennia</strong></span> <span class='ocrx_word' id='word_1_201' title='bbox 1323 2590 1568 2648; x_wconf 91' lang='lat' dir='ltr'><strong>Sisinnio</strong></span> <span class='ocrx_word' id='word_1_202' title='bbox 1618 2605 1868 2661; x_wconf 88' lang='lat' dir='ltr'><strong>compre-</strong></span> 
     </span>
    </p>
   </div>
   <div class='ocr_carea' id='block_1_31' title="bbox 278 2668 1870 2755">
    <p class='ocr_par' dir='ltr' id='par_1_31' title="bbox 278 2668 1870 2755">
     <span class='ocr_line' id='line_1_31' title="bbox 278 2668 1870 2755; baseline 0 -19"><span class='ocrx_word' id='word_1_203' title='bbox 278 2683 498 2739; x_wconf 84' lang='lat' dir='ltr'><strong>hensus</strong></span> <span class='ocrx_word' id='word_1_204' title='bbox 540 2684 864 2755; x_wconf 84' lang='lat' dir='ltr'><strong>martyrium</strong></span> <span class='ocrx_word' id='word_1_205' title='bbox 909 2684 1163 2755; x_wconf 79' lang='lat' dir='ltr'><strong>portavit.</strong></span> <span class='ocrx_word' id='word_1_206' title='bbox 1221 2668 1362 2739; x_wconf 88' lang='lat' dir='ltr'><strong>Sunt</strong></span> <span class='ocrx_word' id='word_1_207' title='bbox 1406 2682 1650 2754; x_wconf 86' lang='lat' dir='ltr'><strong>reliquie</strong></span> <span class='ocrx_word' id='word_1_208' title='bbox 1694 2681 1870 2738; x_wconf 89' lang='lat' dir='ltr'><strong>sancti</strong></span> 
     </span>
    </p>
   </div>
   <div class='ocr_carea' id='block_1_32' title="bbox 274 2770 1871 2845">
    <p class='ocr_par' dir='ltr' id='par_1_32' title="bbox 274 2770 1871 2845">
     <span class='ocr_line' id='line_1_32' title="bbox 274 2770 1871 2845; baseline -0.001 -17"><span class='ocrx_word' id='word_1_209' title='bbox 274 2772 607 2841; x_wconf 69' lang='lat' dir='ltr'><strong>Alexandri,</strong></span> <span class='ocrx_word' id='word_1_210' title='bbox 634 2775 749 2845; x_wconf 86' lang='lat' dir='ltr'><strong>qui,</strong></span> <span class='ocrx_word' id='word_1_211' title='bbox 782 2776 923 2845; x_wconf 89' lang='lat' dir='ltr'><strong>apud</strong></span> <span class='ocrx_word' id='word_1_212' title='bbox 951 2773 1274 2845; x_wconf 83' lang='lat' dir='ltr'><strong>Lugdunum</strong></span> <span class='ocrx_word' id='word_1_213' title='bbox 1304 2772 1485 2831; x_wconf 89' lang='lat' dir='ltr'><strong>crucis</strong></span> <span class='ocrx_word' id='word_1_214' title='bbox 1514 2772 1703 2828; x_wconf 76' lang='lat' dir='ltr'><strong>aﬂixus</strong></span> <span class='ocrx_word' id='word_1_215' title='bbox 1729 2770 1871 2845; x_wconf 84' lang='lat' dir='ltr'><strong>pati-</strong></span> 
     </span>
    </p>
   </div>
   <div class='ocr_carea' id='block_1_33' title="bbox 1967 298 3542 369">
    <p class='ocr_par' dir='ltr' id='par_1_33' title="bbox 1967 298 3542 369">
     <span class='ocr_line' id='line_1_33' title="bbox 1967 298 3542 369; baseline 0.01 -18"><span class='ocrx_word' id='word_1_216' title='bbox 1967 298 2150 369; x_wconf 87' lang='lat' dir='ltr'><strong>liquie</strong></span> <span class='ocrx_word' id='word_1_217' title='bbox 2171 299 2313 354; x_wconf 89' lang='lat' dir='ltr'><strong>beati</strong></span> <span class='ocrx_word' id='word_1_218' title='bbox 2335 300 2520 356; x_wconf 85' lang='lat' dir='ltr'><strong>Brictii</strong></span> <span class='ocrx_word' id='word_1_219' title='bbox 2557 301 2773 357; x_wconf 85' lang='lat' dir='ltr'><strong>civitate</strong></span> <span class='ocrx_word' id='word_1_220' title='bbox 2793 302 3029 361; x_wconf 88' lang='lat' dir='ltr'><strong>Turonis</strong></span> <span class='ocrx_word' id='word_1_221' title='bbox 3054 306 3385 364; x_wconf 78' lang='lat' dir='ltr'><strong>admiranda:</strong></span> <span class='ocrx_word' id='word_1_222' title='bbox 3410 324 3542 366; x_wconf 58' lang='lat' dir='ltr'><strong>sane</strong></span> 
     </span>
    </p>
   </div>
   <div class='ocr_carea' id='block_1_34' title="bbox 1965 380 3541 466">
    <p class='ocr_par' dir='ltr' id='par_1_34' title="bbox 1965 380 3541 466">
     <span class='ocr_line' id='line_1_34' title="bbox 1965 380 3541 466; baseline 0.008 -21"><span class='ocrx_word' id='word_1_223' title='bbox 1965 391 2170 447; x_wconf 91' lang='lat' dir='ltr'><strong>ctitatis</strong></span> <span class='ocrx_word' id='word_1_224' title='bbox 2197 391 2319 446; x_wconf 90' lang='lat' dir='ltr'><strong>viri.</strong></span> <span class='ocrx_word' id='word_1_225' title='bbox 2359 390 2552 448; x_wconf 87' lang='lat' dir='ltr'><strong>Insunt</strong></span> <span class='ocrx_word' id='word_1_226' title='bbox 2573 380 3021 466; x_wconf 18' lang='lat' dir='ltr'><strong>reliquie‘sancti</strong></span> <span class='ocrx_word' id='word_1_227' title='bbox 3046 396 3319 455; x_wconf 85' lang='lat' dir='ltr'><strong>Ambrosii</strong></span> <span class='ocrx_word' id='word_1_228' title='bbox 3342 399 3541 457; x_wconf 73' lang='lat' dir='ltr'><strong>Medio~</strong></span> 
     </span>
    </p>
   </div>
   <div class='ocr_carea' id='block_1_35' title="bbox 1964 481 3541 561">
    <p class='ocr_par' dir='ltr' id='par_1_35' title="bbox 1964 481 3541 561">
     <span class='ocr_line' id='line_1_35' title="bbox 1964 481 3541 561; baseline 0.006 -24"><span class='ocrx_word' id='word_1_229' title='bbox 1964 481 2205 539; x_wconf 90' lang='lat' dir='ltr'><strong>lanensis</strong></span> <span class='ocrx_word' id='word_1_230' title='bbox 2238 483 2500 557; x_wconf 84' lang='lat' dir='ltr'><strong>episcopi,</strong></span> <span class='ocrx_word' id='word_1_231' title='bbox 2535 486 2693 558; x_wconf 90' lang='lat' dir='ltr'><strong>cujus</strong></span> <span class='ocrx_word' id='word_1_232' title='bbox 2736 487 2899 545; x_wconf 87' lang='lat' dir='ltr'><strong>tlores</strong></span> <span class='ocrx_word' id='word_1_233' title='bbox 2933 489 3137 561; x_wconf 90' lang='lat' dir='ltr'><strong>eloquii</strong></span> <span class='ocrx_word' id='word_1_234' title='bbox 3156 490 3403 547; x_wconf 87' lang='lat' dir='ltr'><strong>redolent</strong></span> <span class='ocrx_word' id='word_1_235' title='bbox 3442 502 3541 561; x_wconf 78' lang='lat' dir='ltr'><strong>per</strong></span> 
     </span>
    </p>
   </div>
   <div class='ocr_carea' id='block_1_36' title="bbox 1963 562 3635 655">
    <p class='ocr_par' dir='ltr' id='par_1_36' title="bbox 1963 562 3635 655">
     <span class='ocr_line' id='line_1_36' title="bbox 1963 562 3635 655; baseline 0.007 -27"><span class='ocrx_word' id='word_1_236' title='bbox 1963 576 2133 629; x_wconf 85' lang='lat' dir='ltr'><strong>totam</strong></span> <span class='ocrx_word' id='word_1_237' title='bbox 2160 573 2459 632; x_wconf 85' lang='lat' dir='ltr'><strong>Ecclesiam</strong></span> <span class='ocrx_word' id='word_1_238' title='bbox 2490 578 2697 634; x_wconf 89' lang='lat' dir='ltr'><strong>mundi.</strong></span> <span class='ocrx_word' id='word_1_239' title='bbox 2729 576 2868 635; x_wconf 90' lang='lat' dir='ltr'><strong>Sunt</strong></span> <span class='ocrx_word' id='word_1_240' title='bbox 2899 562 3141 652; x_wconf 81' lang='lat' dir='ltr'><strong>reliquie</strong></span> <span class='ocrx_word' id='word_1_241' title='bbox 3160 582 3305 639; x_wconf 83' lang='lat' dir='ltr'><strong>beati</strong></span> <span class='ocrx_word' id='word_1_242' title='bbox 3342 580 3544 655; x_wconf 86' lang='lat' dir='ltr'><strong>Grego-</strong></span> <span class='ocrx_word' id='word_1_243' title='bbox 3632 654 3635 655; x_wconf 17' lang='grc' dir='ltr'><em>ν</em></span> 
     </span>
    </p>
   </div>
   <div class='ocr_carea' id='block_1_37' title="bbox 1962 662 3637 740">
    <p class='ocr_par' dir='ltr' id='par_1_37' title="bbox 1962 662 3637 740">
     <span class='ocr_line' id='line_1_37' title="bbox 1962 662 3637 740; baseline 0.004 -20"><span class='ocrx_word' id='word_1_244' title='bbox 1962 665 2032 720; x_wconf 91' lang='lat' dir='ltr'><strong>rii</strong></span> <span class='ocrx_word' id='word_1_245' title='bbox 2079 664 2298 739; x_wconf 81' lang='lat' dir='ltr'><strong>dialogi,</strong></span> <span class='ocrx_word' id='word_1_246' title='bbox 2347 664 2442 740; x_wconf 92' lang='lat' dir='ltr'><strong>qui</strong></span> <span class='ocrx_word' id='word_1_247' title='bbox 2483 666 2728 739; x_wconf 74' lang='lat' dir='ltr'><strong>pontifex</strong></span> <span class='ocrx_word' id='word_1_248' title='bbox 2760 669 2946 727; x_wconf 83' lang='lat' dir='ltr'><strong>Rome</strong></span> <span class='ocrx_word' id='word_1_249' title='bbox 2974 672 3257 730; x_wconf 88' lang='lat' dir='ltr'><strong>ordinatus</strong></span> <span class='ocrx_word' id='word_1_250' title='bbox 3293 671 3541 729; x_wconf 75' lang='lat' dir='ltr'><strong>celibem</strong></span> <span class='ocrx_word' id='word_1_251' title='bbox 3628 662 3637 705; x_wconf 50' lang='lat'><strong>7‘</strong></span> 
     </span>
    </p>
   </div>
   <div class='ocr_carea' id='block_1_38' title="bbox 1960 753 3638 836">
    <p class='ocr_par' dir='ltr' id='par_1_38' title="bbox 1960 753 3638 836">
     <span class='ocr_line' id='line_1_38' title="bbox 1960 753 3638 836; baseline 0.005 -25"><span class='ocrx_word' id='word_1_252' title='bbox 1960 755 2129 812; x_wconf 91' lang='lat' dir='ltr'><strong>vitam</strong></span> <span class='ocrx_word' id='word_1_253' title='bbox 2147 756 2321 814; x_wconf 79' lang='lat' dir='ltr'><strong>duxit.</strong></span> <span class='ocrx_word' id='word_1_254' title='bbox 2354 757 2544 816; x_wconf 85' lang='lat' dir='ltr'><strong>Insunt</strong></span> <span class='ocrx_word' id='word_1_255' title='bbox 2564 761 2807 833; x_wconf 82' lang='lat' dir='ltr'><strong>reliquie</strong></span> <span class='ocrx_word' id='word_1_256' title='bbox 2827 764 2999 818; x_wconf 88' lang='lat' dir='ltr'><strong>sancti</strong></span> <span class='ocrx_word' id='word_1_257' title='bbox 3023 762 3144 835; x_wconf 85' lang='lat' dir='ltr'><strong>Syri</strong></span> <span class='ocrx_word' id='word_1_258' title='bbox 3168 765 3429 836; x_wconf 87' lang='lat' dir='ltr'><strong>episcopi,</strong></span> <span class='ocrx_word' id='word_1_259' title='bbox 3449 766 3544 834; x_wconf 78' lang='lat' dir='ltr'><strong>qui</strong></span> <span class='ocrx_word' id='word_1_260' title='bbox 3634 753 3638 777; x_wconf 27' lang='lat'>7</span> 
     </span>
    </p>
   </div>
   <div class='ocr_carea' id='block_1_39' title="bbox 1963 846 3543 931">
    <p class='ocr_par' dir='ltr' id='par_1_39' title="bbox 1963 846 3543 931">
     <span class='ocr_line' id='line_1_39' title="bbox 1963 846 3543 931; baseline 0.004 -31"><span class='ocrx_word' id='word_1_261' title='bbox 1963 847 2107 916; x_wconf 86' lang='lat' dir='ltr'><strong>apud</strong></span> <span class='ocrx_word' id='word_1_262' title='bbox 2145 846 2370 931; x_wconf 70' lang='lat' dir='ltr'><strong>Papiam</strong></span> <span class='ocrx_word' id='word_1_263' title='bbox 2403 850 2509 905; x_wconf 86' lang='lat' dir='ltr'><strong>fide</strong></span> <span class='ocrx_word' id='word_1_264' title='bbox 2535 850 2871 906; x_wconf 76' lang='lat' dir='ltr'><strong>credentium</strong></span> <span class='ocrx_word' id='word_1_265' title='bbox 2901 852 3227 923; x_wconf 89' lang='lat' dir='ltr'><strong>populorum</strong></span> <span class='ocrx_word' id='word_1_266' title='bbox 3260 852 3543 909; x_wconf 75' lang='lat' dir='ltr'><strong>fundatam</strong></span> 
     </span>
    </p>
   </div>
   <div class='ocr_carea' id='block_1_40' title="bbox 1961 936 3548 1018">
    <p class='ocr_par' dir='ltr' id='par_1_40' title="bbox 1961 936 3548 1018">
     <span class='ocr_line' id='line_1_40' title="bbox 1961 936 3548 1018; baseline 0.007 -27"><span class='ocrx_word' id='word_1_267' title='bbox 1961 936 2262 995; x_wconf 86' lang='lat' dir='ltr'><strong>Ecelesiam</strong></span> <span class='ocrx_word' id='word_1_268' title='bbox 2298 941 2539 1013; x_wconf 83' lang='lat' dir='ltr'><strong>glorioso</strong></span> <span class='ocrx_word' id='word_1_269' title='bbox 2592 942 2701 997; x_wconf 87' lang='lat' dir='ltr'><strong>ﬁne</strong></span> <span class='ocrx_word' id='word_1_270' title='bbox 2756 944 3070 1015; x_wconf 83' lang='lat' dir='ltr'><strong>requiescit.</strong></span> <span class='ocrx_word' id='word_1_271' title='bbox 3122 943 3264 1002; x_wconf 90' lang='lat' dir='ltr'><strong>Sunt</strong></span> <span class='ocrx_word' id='word_1_272' title='bbox 3304 946 3548 1018; x_wconf 75' lang='lat' dir='ltr'><strong>reliquie</strong></span> 
     </span>
    </p>
   </div>
   <div class='ocr_carea' id='block_1_41' title="bbox 1961 1029 3549 1109">
    <p class='ocr_par' dir='ltr' id='par_1_41' title="bbox 1961 1029 3549 1109">
     <span class='ocr_line' id='line_1_41' title="bbox 1961 1029 3549 1109; baseline 0.006 -24"><span class='ocrx_word' id='word_1_273' title='bbox 1961 1029 2107 1086; x_wconf 91' lang='lat' dir='ltr'><strong>beati</strong></span> <span class='ocrx_word' id='word_1_274' title='bbox 2136 1032 2472 1090; x_wconf 87' lang='lat' dir='ltr'><strong>Gunterandi</strong></span> <span class='ocrx_word' id='word_1_275' title='bbox 2500 1034 2646 1106; x_wconf 87' lang='lat' dir='ltr'><strong>regis</strong></span> <span class='ocrx_word' id='word_1_276' title='bbox 2670 1035 3030 1104; x_wconf 84' lang='lat' dir='ltr'><strong>Francorum,</strong></span> <span class='ocrx_word' id='word_1_277' title='bbox 3054 1038 3147 1108; x_wconf 92' lang='lat' dir='ltr'><strong>qui</strong></span> <span class='ocrx_word' id='word_1_278' title='bbox 3175 1039 3549 1109; x_wconf 88' lang='lat' dir='ltr'><strong>spiritualihus</strong></span> 
     </span>
    </p>
   </div>
   <div class='ocr_carea' id='block_1_42' title="bbox 1961 1115 3550 1200">
    <p class='ocr_par' dir='ltr' id='par_1_42' title="bbox 1961 1115 3550 1200">
     <span class='ocr_line' id='line_1_42' title="bbox 1961 1115 3550 1200; baseline 0.005 -24"><span class='ocrx_word' id='word_1_279' title='bbox 1961 1122 2269 1180; x_wconf 89' lang='lat' dir='ltr'><strong>actionibus</strong></span> <span class='ocrx_word' id='word_1_280' title='bbox 2295 1124 2506 1180; x_wconf 77' lang='lat' dir='ltr'><strong>exstitit</strong></span> <span class='ocrx_word' id='word_1_281' title='bbox 2532 1126 2882 1197; x_wconf 88' lang='lat' dir='ltr'><strong>conspicuus,</strong></span> <span class='ocrx_word' id='word_1_282' title='bbox 2902 1136 2957 1183; x_wconf 93' lang='lat' dir='ltr'><strong>et</strong></span> <span class='ocrx_word' id='word_1_283' title='bbox 2982 1128 3126 1200; x_wconf 91' lang='lat' dir='ltr'><strong>apud</strong></span> <span class='ocrx_word' id='word_1_284' title='bbox 3155 1115 3345 1184; x_wconf 66' lang='lat' dir='ltr'><strong>urbem</strong></span> <span class='ocrx_word' id='word_1_285' title='bbox 3369 1128 3550 1184; x_wconf 87' lang='lat' dir='ltr'><strong>Cabil-</strong></span> 
     </span>
    </p>
   </div>
   <div class='ocr_carea' id='block_1_43' title="bbox 1960 1212 3549 1293">
    <p class='ocr_par' dir='ltr' id='par_1_43' title="bbox 1960 1212 3549 1293">
     <span class='ocr_line' id='line_1_43' title="bbox 1960 1212 3549 1293; baseline 0.006 -25"><span class='ocrx_word' id='word_1_286' title='bbox 1960 1212 2240 1268; x_wconf 89' lang='lat' dir='ltr'><strong>Ionensem</strong></span> <span class='ocrx_word' id='word_1_287' title='bbox 2278 1215 2560 1293; x_wconf 86' lang='lat' dir='ltr'><strong>miraculis</strong></span> <span class='ocrx_word' id='word_1_288' title='bbox 2604 1225 2789 1272; x_wconf 91' lang='lat' dir='ltr'><strong>manet</strong></span> <span class='ocrx_word' id='word_1_289' title='bbox 2833 1219 3035 1275; x_wconf 90' lang='lat' dir='ltr'><strong>clarus.</strong></span> <span class='ocrx_word' id='word_1_290' title='bbox 3075 1218 3269 1275; x_wconf 88' lang='lat' dir='ltr'><strong>Insunt</strong></span> <span class='ocrx_word' id='word_1_291' title='bbox 3306 1220 3549 1291; x_wconf 69' lang='lat' dir='ltr'><strong>reliquie</strong></span> 
     </span>
    </p>
   </div>
   <div class='ocr_carea' id='block_1_44' title="bbox 1962 1304 3549 1384">
    <p class='ocr_par' dir='ltr' id='par_1_44' title="bbox 1962 1304 3549 1384">
     <span class='ocr_line' id='line_1_44' title="bbox 1962 1304 3549 1384; baseline 0.004 -24"><span class='ocrx_word' id='word_1_292' title='bbox 1962 1304 2137 1361; x_wconf 89' lang='lat' dir='ltr'><strong>sancti</strong></span> <span class='ocrx_word' id='word_1_293' title='bbox 2174 1304 2328 1361; x_wconf 88' lang='lat' dir='ltr'><strong>Pauli</strong></span> <span class='ocrx_word' id='word_1_294' title='bbox 2359 1306 2623 1380; x_wconf 76' lang='lat' dir='ltr'><strong>episcopi,</strong></span> <span class='ocrx_word' id='word_1_295' title='bbox 2664 1309 2780 1381; x_wconf 90' lang='lat' dir='ltr'><strong>qui,</strong></span> <span class='ocrx_word' id='word_1_296' title='bbox 2826 1311 2970 1384; x_wconf 87' lang='lat' dir='ltr'><strong>apud</strong></span> <span class='ocrx_word' id='word_1_297' title='bbox 3007 1311 3196 1367; x_wconf 84' lang='lat' dir='ltr'><strong>urbem</strong></span> <span class='ocrx_word' id='word_1_298' title='bbox 3235 1309 3549 1368; x_wconf 84' lang='lat' dir='ltr'><strong>Narbonam</strong></span> 
     </span>
    </p>
   </div>
   <div class='ocr_carea' id='block_1_45' title="bbox 1945 1396 3551 1474">
    <p class='ocr_par' dir='ltr' id='par_1_45' title="bbox 1945 1396 3551 1474">
     <span class='ocr_line' id='line_1_45' title="bbox 1945 1396 3551 1474; baseline 0.005 -24"><span class='ocrx_word' id='word_1_299' title='bbox 1945 1396 2364 1466; x_wconf 57' lang='lat' dir='ltr'><strong>’predicationis</strong></span> <span class='ocrx_word' id='word_1_300' title='bbox 2400 1398 2637 1455; x_wconf 79' lang='lat' dir='ltr'><strong>ofﬁcium</strong></span> <span class='ocrx_word' id='word_1_301' title='bbox 2669 1418 2778 1457; x_wconf 93' lang='lat' dir='ltr'><strong>non</strong></span> <span class='ocrx_word' id='word_1_302' title='bbox 2808 1402 3044 1473; x_wconf 84' lang='lat' dir='ltr'><strong>segniter</strong></span> <span class='ocrx_word' id='word_1_303' title='bbox 3082 1402 3344 1474; x_wconf 88' lang='lat' dir='ltr'><strong>implevit,</strong></span> <span class='ocrx_word' id='word_1_304' title='bbox 3389 1412 3444 1458; x_wconf 87' lang='lat' dir='ltr'><strong>et</strong></span> <span class='ocrx_word' id='word_1_305' title='bbox 3476 1404 3551 1458; x_wconf 88' lang='lat' dir='ltr'><strong>ibi</strong></span> 
     </span>
    </p>
   </div>
   <div class='ocr_carea' id='block_1_46' title="bbox 1963 1488 3547 1565">
    <p class='ocr_par' dir='ltr' id='par_1_46' title="bbox 1963 1488 3547 1565">
     <span class='ocr_line' id='line_1_46' title="bbox 1963 1488 3547 1565; baseline 0.006 -24"><span class='ocrx_word' id='word_1_306' title='bbox 1963 1488 2148 1545; x_wconf 84' lang='lat' dir='ltr'><strong>clarus</strong></span> <span class='ocrx_word' id='word_1_307' title='bbox 2173 1490 2453 1547; x_wconf 84' lang='lat' dir='ltr'><strong>miraculis</strong></span> <span class='ocrx_word' id='word_1_308' title='bbox 2480 1492 2733 1563; x_wconf 89' lang='lat' dir='ltr'><strong>quiescit.</strong></span> <span class='ocrx_word' id='word_1_309' title='bbox 2780 1493 2920 1549; x_wconf 90' lang='lat' dir='ltr'><strong>Sunt</strong></span> <span class='ocrx_word' id='word_1_310' title='bbox 2958 1495 3202 1565; x_wconf 86' lang='lat' dir='ltr'><strong>reliquie</strong></span> <span class='ocrx_word' id='word_1_311' title='bbox 3224 1495 3370 1551; x_wconf 89' lang='lat' dir='ltr'><strong>beati</strong></span> <span class='ocrx_word' id='word_1_312' title='bbox 3406 1493 3547 1550; x_wconf 88' lang='lat' dir='ltr'><strong>Tro-</strong></span> 
     </span>
    </p>
   </div>
   <div class='ocr_carea' id='block_1_47' title="bbox 1965 1580 3550 1653">
    <p class='ocr_par' dir='ltr' id='par_1_47' title="bbox 1965 1580 3550 1653">
     <span class='ocr_line' id='line_1_47' title="bbox 1965 1580 3550 1653; baseline 0.006 -19"><span class='ocrx_word' id='word_1_313' title='bbox 1965 1580 2157 1651; x_wconf 88' lang='lat' dir='ltr'><strong>phimi,</strong></span> <span class='ocrx_word' id='word_1_314' title='bbox 2189 1583 2284 1652; x_wconf 90' lang='lat' dir='ltr'><strong>qui</strong></span> <span class='ocrx_word' id='word_1_315' title='bbox 2318 1583 2460 1653; x_wconf 92' lang='lat' dir='ltr'><strong>apud</strong></span> <span class='ocrx_word' id='word_1_316' title='bbox 2488 1582 2761 1641; x_wconf 81' lang='lat' dir='ltr'><strong>Arelatem</strong></span> <span class='ocrx_word' id='word_1_317' title='bbox 2790 1586 2981 1641; x_wconf 89' lang='lat' dir='ltr'><strong>urbem</strong></span> <span class='ocrx_word' id='word_1_318' title='bbox 3013 1586 3200 1643; x_wconf 87' lang='lat' dir='ltr'><strong>Gallie</strong></span> <span class='ocrx_word' id='word_1_319' title='bbox 3234 1587 3550 1643; x_wconf 63' lang='lat' dir='ltr'><strong>innumeras</strong></span> 
     </span>
    </p>
   </div>
   <div class='ocr_carea' id='block_1_48' title="bbox 1964 1672 3552 1747">
    <p class='ocr_par' dir='ltr' id='par_1_48' title="bbox 1964 1672 3552 1747">
     <span class='ocr_line' id='line_1_48' title="bbox 1964 1672 3552 1747; baseline 0.004 -20"><span class='ocrx_word' id='word_1_320' title='bbox 1964 1672 2195 1729; x_wconf 82' lang='lat' dir='ltr'><strong>virtutes</strong></span> <span class='ocrx_word' id='word_1_321' title='bbox 2232 1672 2381 1740; x_wconf 90' lang='lat' dir='ltr'><strong>fecit,</strong></span> <span class='ocrx_word' id='word_1_322' title='bbox 2408 1682 2460 1729; x_wconf 90' lang='lat' dir='ltr'><strong>et</strong></span> <span class='ocrx_word' id='word_1_323' title='bbox 2482 1675 2591 1732; x_wconf 91' lang='lat' dir='ltr'><strong>illic</strong></span> <span class='ocrx_word' id='word_1_324' title='bbox 2612 1676 2667 1731; x_wconf 91' lang='lat' dir='ltr'><strong>in</strong></span> <span class='ocrx_word' id='word_1_325' title='bbox 2699 1692 2832 1747; x_wconf 86' lang='lat' dir='ltr'><strong>pace</strong></span> <span class='ocrx_word' id='word_1_326' title='bbox 2866 1677 3213 1733; x_wconf 90' lang='lat' dir='ltr'><strong>obdormivit.</strong></span> <span class='ocrx_word' id='word_1_327' title='bbox 3240 1676 3436 1734; x_wconf 88' lang='lat' dir='ltr'><strong>Insunt</strong></span> <span class='ocrx_word' id='word_1_328' title='bbox 3464 1695 3552 1734; x_wconf 82' lang='lat' dir='ltr'><strong>rc-</strong></span> 
     </span>
    </p>
   </div>
   <div class='ocr_carea' id='block_1_49' title="bbox 1964 1763 3548 1844">
    <p class='ocr_par' dir='ltr' id='par_1_49' title="bbox 1964 1763 3548 1844">
     <span class='ocr_line' id='line_1_49' title="bbox 1964 1763 3548 1844; baseline 0.005 -25"><span class='ocrx_word' id='word_1_329' title='bbox 1964 1763 2148 1835; x_wconf 86' lang='lat' dir='ltr'><strong>liqnie</strong></span> <span class='ocrx_word' id='word_1_330' title='bbox 2180 1766 2323 1821; x_wconf 87' lang='lat' dir='ltr'><strong>beati</strong></span> <span class='ocrx_word' id='word_1_331' title='bbox 2359 1764 2547 1822; x_wconf 90' lang='lat' dir='ltr'><strong>Severi</strong></span> <span class='ocrx_word' id='word_1_332' title='bbox 2590 1770 2912 1840; x_wconf 84' lang='lat' dir='ltr'><strong>presbyteri,</strong></span> <span class='ocrx_word' id='word_1_333' title='bbox 2949 1770 3044 1842; x_wconf 91' lang='lat' dir='ltr'><strong>qui</strong></span> <span class='ocrx_word' id='word_1_334' title='bbox 3079 1772 3353 1844; x_wconf 86' lang='lat' dir='ltr'><strong>ingentem</strong></span> <span class='ocrx_word' id='word_1_335' title='bbox 3386 1787 3548 1842; x_wconf 49' lang='lat' dir='ltr'><strong>paga‘</strong></span> 
     </span>
    </p>
   </div>
   <div class='ocr_carea' id='block_1_50' title="bbox 1966 1857 3550 1933">
    <p class='ocr_par' dir='ltr' id='par_1_50' title="bbox 1966 1857 3550 1933">
     <span class='ocr_line' id='line_1_50' title="bbox 1966 1857 3550 1933; baseline 0.004 -22"><span class='ocrx_word' id='word_1_336' title='bbox 1966 1872 2162 1912; x_wconf 83' lang='lat' dir='ltr'><strong>norum</strong></span> <span class='ocrx_word' id='word_1_337' title='bbox 2194 1857 2595 1914; x_wconf 85' lang='lat' dir='ltr'><strong>multitudinem</strong></span> <span class='ocrx_word' id='word_1_338' title='bbox 2613 1859 2680 1916; x_wconf 90' lang='lat' dir='ltr'><strong>ad</strong></span> <span class='ocrx_word' id='word_1_339' title='bbox 2703 1860 2862 1916; x_wconf 88' lang='lat' dir='ltr'><strong>fidem</strong></span> <span class='ocrx_word' id='word_1_340' title='bbox 2879 1860 3083 1917; x_wconf 81' lang='lat' dir='ltr'><strong>Christi</strong></span> <span class='ocrx_word' id='word_1_341' title='bbox 3105 1863 3392 1929; x_wconf 89' lang='lat' dir='ltr'><strong>convertit,</strong></span> <span class='ocrx_word' id='word_1_342' title='bbox 3408 1862 3550 1933; x_wconf 81' lang='lat' dir='ltr'><strong>apud</strong></span> 
     </span>
    </p>
   </div>
   <div class='ocr_carea' id='block_1_51' title="bbox 1965 1948 3548 2025">
    <p class='ocr_par' dir='ltr' id='par_1_51' title="bbox 1965 1948 3548 2025">
     <span class='ocr_line' id='line_1_51' title="bbox 1965 1948 3548 2025; baseline 0.003 -20"><span class='ocrx_word' id='word_1_343' title='bbox 1965 1950 2157 2006; x_wconf 87' lang='lat' dir='ltr'><strong>urbem</strong></span> <span class='ocrx_word' id='word_1_344' title='bbox 2186 1948 2473 2006; x_wconf 79' lang='lat' dir='ltr'><strong>Viennam.</strong></span> <span class='ocrx_word' id='word_1_345' title='bbox 2513 1950 2655 2008; x_wconf 90' lang='lat' dir='ltr'><strong>Sunt</strong></span> <span class='ocrx_word' id='word_1_346' title='bbox 2682 1953 3121 2025; x_wconf 85' lang='lat' dir='ltr'><strong>reliquie.sancti</strong></span> <span class='ocrx_word' id='word_1_347' title='bbox 3145 1954 3337 2010; x_wconf 85' lang='lat' dir='ltr'><strong>Hilarii</strong></span> <span class='ocrx_word' id='word_1_348' title='bbox 3366 1953 3548 2012; x_wconf 84' lang='lat' dir='ltr'><strong>Picta-</strong></span> 
     </span>
    </p>
   </div>
   <div class='ocr_carea' id='block_1_52' title="bbox 1940 2038 3554 2119">
    <p class='ocr_par' dir='ltr' id='par_1_52' title="bbox 1940 2038 3554 2119">
     <span class='ocr_line' id='line_1_52' title="bbox 1940 2038 3554 2119; baseline 0.005 -23"><span class='ocrx_word' id='word_1_349' title='bbox 1940 2038 1941 2041; x_wconf 53' lang='grc'><em>“</em></span> <span class='ocrx_word' id='word_1_350' title='bbox 1965 2042 2050 2098; x_wconf 85' lang='lat' dir='ltr'><strong>vis</strong></span> <span class='ocrx_word' id='word_1_351' title='bbox 2077 2041 2340 2113; x_wconf 87' lang='lat' dir='ltr'><strong>episcopi,</strong></span> <span class='ocrx_word' id='word_1_352' title='bbox 2368 2059 2563 2115; x_wconf 89' lang='lat' dir='ltr'><strong>genere</strong></span> <span class='ocrx_word' id='word_1_353' title='bbox 2589 2052 2643 2101; x_wconf 89' lang='lat' dir='ltr'><strong>et</strong></span> <span class='ocrx_word' id='word_1_354' title='bbox 2660 2046 2945 2103; x_wconf 88' lang='lat' dir='ltr'><strong>miraculis</strong></span> <span class='ocrx_word' id='word_1_355' title='bbox 2972 2047 3125 2103; x_wconf 90' lang='lat' dir='ltr'><strong>clari.</strong></span> <span class='ocrx_word' id='word_1_356' title='bbox 3154 2046 3294 2103; x_wconf 88' lang='lat' dir='ltr'><strong>Sunt</strong></span> <span class='ocrx_word' id='word_1_357' title='bbox 3308 2049 3554 2119; x_wconf 74' lang='lat' dir='ltr'><strong>reliquie</strong></span> 
     </span>
    </p>
   </div>
   <div class='ocr_carea' id='block_1_53' title="bbox 1968 2134 3552 2210">
    <p class='ocr_par' dir='ltr' id='par_1_53' title="bbox 1968 2134 3552 2210">
     <span class='ocr_line' id='line_1_53' title="bbox 1968 2134 3552 2210; baseline 0.003 -20"><span class='ocrx_word' id='word_1_358' title='bbox 1968 2136 2142 2190; x_wconf 83' lang='lat' dir='ltr'><strong>sancti</strong></span> <span class='ocrx_word' id='word_1_359' title='bbox 2165 2134 2380 2203; x_wconf 86' lang='lat' dir='ltr'><strong>Felicis,</strong></span> <span class='ocrx_word' id='word_1_360' title='bbox 2404 2134 2628 2192; x_wconf 86' lang='lat' dir='ltr'><strong>Nolane</strong></span> <span class='ocrx_word' id='word_1_361' title='bbox 2652 2138 2802 2194; x_wconf 87' lang='lat' dir='ltr'><strong>urbis</strong></span> <span class='ocrx_word' id='word_1_362' title='bbox 2825 2139 3145 2210; x_wconf 86' lang='lat' dir='ltr'><strong>presbyteri,</strong></span> <span class='ocrx_word' id='word_1_363' title='bbox 3179 2140 3233 2195; x_wconf 92' lang='lat' dir='ltr'><strong>in</strong></span> <span class='ocrx_word' id='word_1_364' title='bbox 3258 2140 3442 2197; x_wconf 88' lang='lat' dir='ltr'><strong>Pincis</strong></span> <span class='ocrx_word' id='word_1_365' title='bbox 3465 2141 3552 2197; x_wconf 65' lang='lat' dir='ltr'><strong>di«</strong></span> 
     </span>
    </p>
   </div>
   <div class='ocr_carea' id='block_1_54' title="bbox 1968 2222 3546 2297">
    <p class='ocr_par' dir='ltr' id='par_1_54' title="bbox 1968 2222 3546 2297">
     <span class='ocr_line' id='line_1_54' title="bbox 1968 2222 3546 2297; baseline 0.008 -22"><span class='ocrx_word' id='word_1_366' title='bbox 1968 2238 2072 2293; x_wconf 91' lang='lat' dir='ltr'><strong>gne</strong></span> <span class='ocrx_word' id='word_1_367' title='bbox 2095 2222 2512 2293; x_wconf 82' lang='lat' dir='ltr'><strong>sepulti.ln5unt</strong></span> <span class='ocrx_word' id='word_1_368' title='bbox 2533 2226 2778 2297; x_wconf 80' lang='lat' dir='ltr'><strong>reliquiae</strong></span> <span class='ocrx_word' id='word_1_369' title='bbox 2816 2227 2987 2283; x_wconf 88' lang='lat' dir='ltr'><strong>sancti</strong></span> <span class='ocrx_word' id='word_1_370' title='bbox 3025 2227 3285 2297; x_wconf 78' lang='lat' dir='ltr'><strong>Medardi,</strong></span> <span class='ocrx_word' id='word_1_371' title='bbox 3311 2231 3546 2288; x_wconf 88' lang='lat' dir='ltr'><strong>civitatis</strong></span> 
     </span>
    </p>
   </div>
   <div class='ocr_carea' id='block_1_55' title="bbox 1971 2311 3553 2395">
    <p class='ocr_par' dir='ltr' id='par_1_55' title="bbox 1971 2311 3553 2395">
     <span class='ocr_line' id='line_1_55' title="bbox 1971 2311 3553 2395; baseline 0.008 -29"><span class='ocrx_word' id='word_1_372' title='bbox 1971 2311 2283 2369; x_wconf 87' lang='lat' dir='ltr'><strong>Suessionis</strong></span> <span class='ocrx_word' id='word_1_373' title='bbox 2336 2315 2598 2387; x_wconf 90' lang='lat' dir='ltr'><strong>episc0pi,</strong></span> <span class='ocrx_word' id='word_1_374' title='bbox 2630 2325 2684 2372; x_wconf 91' lang='lat' dir='ltr'><strong>et</strong></span> <span class='ocrx_word' id='word_1_375' title='bbox 2728 2318 3080 2377; x_wconf 83' lang='lat' dir='ltr'><strong>confessoris.</strong></span> <span class='ocrx_word' id='word_1_376' title='bbox 3129 2321 3269 2375; x_wconf 91' lang='lat' dir='ltr'><strong>Sunt</strong></span> <span class='ocrx_word' id='word_1_377' title='bbox 3308 2322 3553 2395; x_wconf 78' lang='lat' dir='ltr'><strong>reliquie</strong></span> 
     </span>
    </p>
   </div>
   <div class='ocr_carea' id='block_1_56' title="bbox 1967 2399 3553 2477">
    <p class='ocr_par' dir='ltr' id='par_1_56' title="bbox 1967 2399 3553 2477">
     <span class='ocr_line' id='line_1_56' title="bbox 1967 2399 3553 2477; baseline 0.009 -20"><span class='ocrx_word' id='word_1_378' title='bbox 1967 2403 2111 2458; x_wconf 91' lang='lat' dir='ltr'><strong>beati</strong></span> <span class='ocrx_word' id='word_1_379' title='bbox 2124 2403 2383 2461; x_wconf 76' lang='lat' dir='ltr'><strong>Martialis</strong></span> <span class='ocrx_word' id='word_1_380' title='bbox 2400 2409 2541 2477; x_wconf 88' lang='lat' dir='ltr'><strong>apud</strong></span> <span class='ocrx_word' id='word_1_381' title='bbox 2560 2410 2747 2465; x_wconf 88' lang='lat' dir='ltr'><strong>urbem</strong></span> <span class='ocrx_word' id='word_1_382' title='bbox 2765 2409 3205 2468; x_wconf 89' lang='lat' dir='ltr'><strong>Lemovicensem</strong></span> <span class='ocrx_word' id='word_1_383' title='bbox 3220 2399 3553 2471; x_wconf 75' lang='lat' dir='ltr'><strong>admirande</strong></span> 
     </span>
    </p>
   </div>
   <div class='ocr_carea' id='block_1_57' title="bbox 1969 2497 3554 2575">
    <p class='ocr_par' dir='ltr' id='par_1_57' title="bbox 1969 2497 3554 2575">
     <span class='ocr_line' id='line_1_57' title="bbox 1969 2497 3554 2575; baseline 0.008 -26"><span class='ocrx_word' id='word_1_384' title='bbox 1969 2497 2273 2552; x_wconf 87' lang='lat' dir='ltr'><strong>sanctitatis</strong></span> <span class='ocrx_word' id='word_1_385' title='bbox 2296 2506 2349 2553; x_wconf 90' lang='lat' dir='ltr'><strong>et</strong></span> <span class='ocrx_word' id='word_1_386' title='bbox 2365 2498 2647 2571; x_wconf 88' lang='lat' dir='ltr'><strong>religionis</strong></span> <span class='ocrx_word' id='word_1_387' title='bbox 2686 2501 2808 2555; x_wconf 88' lang='lat' dir='ltr'><strong>viri.</strong></span> <span class='ocrx_word' id='word_1_388' title='bbox 2869 2500 3062 2558; x_wconf 90' lang='lat' dir='ltr'><strong>Insunt</strong></span> <span class='ocrx_word' id='word_1_389' title='bbox 3102 2504 3348 2575; x_wconf 81' lang='lat' dir='ltr'><strong>reliquie</strong></span> <span class='ocrx_word' id='word_1_390' title='bbox 3377 2508 3554 2561; x_wconf 90' lang='lat' dir='ltr'><strong>sancti</strong></span> 
     </span>
    </p>
   </div>
   <div class='ocr_carea' id='block_1_58' title="bbox 1968 2590 3557 2670">
    <p class='ocr_par' dir='ltr' id='par_1_58' title="bbox 1968 2590 3557 2670">
     <span class='ocr_line' id='line_1_58' title="bbox 1968 2590 3557 2670; baseline 0.007 -25"><span class='ocrx_word' id='word_1_391' title='bbox 1968 2590 2248 2647; x_wconf 84' lang='lat' dir='ltr'><strong>Maximini</strong></span> <span class='ocrx_word' id='word_1_392' title='bbox 2297 2594 2539 2666; x_wconf 80' lang='lat' dir='ltr'><strong>episcOpi</strong></span> <span class='ocrx_word' id='word_1_393' title='bbox 2580 2596 2797 2651; x_wconf 83' lang='lat' dir='ltr'><strong>civitate</strong></span> <span class='ocrx_word' id='word_1_394' title='bbox 2840 2595 3081 2653; x_wconf 90' lang='lat' dir='ltr'><strong>Treviris</strong></span> <span class='ocrx_word' id='word_1_395' title='bbox 3116 2600 3359 2670; x_wconf 83' lang='lat' dir='ltr'><strong>gloriosi.</strong></span> <span class='ocrx_word' id='word_1_396' title='bbox 3416 2600 3557 2656; x_wconf 90' lang='lat' dir='ltr'><strong>Sunt</strong></span> 
     </span>
    </p>
   </div>
   <div class='ocr_carea' id='block_1_59' title="bbox 1970 2683 3558 2763">
    <p class='ocr_par' dir='ltr' id='par_1_59' title="bbox 1970 2683 3558 2763">
     <span class='ocr_line' id='line_1_59' title="bbox 1970 2683 3558 2763; baseline 0.005 -26"><span class='ocrx_word' id='word_1_397' title='bbox 1970 2683 2213 2752; x_wconf 87' lang='lat' dir='ltr'><strong>rel&#39;quie</strong></span> <span class='ocrx_word' id='word_1_398' title='bbox 2245 2684 2312 2739; x_wconf 90' lang='lat' dir='ltr'><strong>de</strong></span> <span class='ocrx_word' id='word_1_399' title='bbox 2354 2684 2563 2763; x_wconf 70' lang='lat' dir='ltr'><strong>capillis</strong></span> <span class='ocrx_word' id='word_1_400' title='bbox 2601 2685 2741 2740; x_wconf 87' lang='lat' dir='ltr'><strong>beati</strong></span> <span class='ocrx_word' id='word_1_401' title='bbox 2788 2683 2979 2754; x_wconf 89' lang='lat' dir='ltr'><strong>Salvii,</strong></span> <span class='ocrx_word' id='word_1_402' title='bbox 3016 2687 3112 2761; x_wconf 91' lang='lat' dir='ltr'><strong>qui</strong></span> <span class='ocrx_word' id='word_1_403' title='bbox 3161 2688 3453 2745; x_wconf 90' lang='lat' dir='ltr'><strong>virtutibus</strong></span> <span class='ocrx_word' id='word_1_404' title='bbox 3502 2699 3558 2745; x_wconf 85' lang='lat' dir='ltr'><strong>et</strong></span> 
     </span>
    </p>
   </div>
   <div class='ocr_carea' id='block_1_60' title="bbox 1963 2777 3554 2851">
    <p class='ocr_par' dir='ltr' id='par_1_60' title="bbox 1963 2777 3554 2851">
     <span class='ocr_line' id='line_1_60' title="bbox 1963 2777 3554 2851; baseline 0.001 -18"><span class='ocrx_word' id='word_1_405' title='bbox 1963 2777 2252 2833; x_wconf 74' lang='lat' dir='ltr'><strong>miraculis</strong></span> <span class='ocrx_word' id='word_1_406' title='bbox 2301 2777 2572 2833; x_wconf 88' lang='lat' dir='ltr'><strong>Albiensis</strong></span> <span class='ocrx_word' id='word_1_407' title='bbox 2616 2778 2868 2849; x_wconf 88' lang='lat' dir='ltr'><strong>quiescit.</strong></span> <span class='ocrx_word' id='word_1_408' title='bbox 2935 2777 3129 2835; x_wconf 89' lang='lat' dir='ltr'><strong>Insunt</strong></span> <span class='ocrx_word' id='word_1_409' title='bbox 3188 2781 3437 2851; x_wconf 84' lang='lat' dir='ltr'><strong>reliquie</strong></span> <span class='ocrx_word' id='word_1_410' title='bbox 3485 2797 3554 2835; x_wconf 75' lang='lat' dir='ltr'><strong>ex</strong></span> 
     </span>
    </p>
   </div>
   <div class='ocr_carea' id='block_1_61' title="bbox 272 2864 3559 2969">
    <p class='ocr_par' dir='ltr' id='par_1_61' title="bbox 272 2864 3559 2969">
     <span class='ocr_line' id='line_1_61' title="bbox 272 2864 3559 2969; baseline 0.002 -48"><span class='ocrx_word' id='word_1_411' title='bbox 272 2867 443 2933; x_wconf 60' lang='lat' dir='ltr'><strong>huic,</strong></span> <span class='ocrx_word' id='word_1_412' title='bbox 485 2867 736 2936; x_wconf 81' lang='lat' dir='ltr'><strong>spiritum</strong></span> <span class='ocrx_word' id='word_1_413' title='bbox 779 2866 1122 2921; x_wconf 82' lang='lat' dir='ltr'><strong>exanimatus</strong></span> <span class='ocrx_word' id='word_1_414' title='bbox 1169 2866 1369 2922; x_wconf 89' lang='lat' dir='ltr'><strong>emisit.</strong></span> <span class='ocrx_word' id='word_1_415' title='bbox 1407 2864 1599 2921; x_wconf 89' lang='lat' dir='ltr'><strong>Insunt</strong></span> <span class='ocrx_word' id='word_1_416' title='bbox 1630 2864 1872 2936; x_wconf 76' lang='lat' dir='ltr'><strong>reliquie</strong></span> <span class='ocrx_word' id='word_1_417' title='bbox 1899 2907 1945 2969; x_wconf 58' lang='grc' dir='ltr'>ϐ</span> <span class='ocrx_word' id='word_1_418' title='bbox 1975 2868 2185 2939; x_wconf 89' lang='lat' dir='ltr'><strong>capillis</strong></span> <span class='ocrx_word' id='word_1_419' title='bbox 2206 2869 2381 2925; x_wconf 89' lang='lat' dir='ltr'><strong>sancti</strong></span> <span class='ocrx_word' id='word_1_420' title='bbox 2410 2869 2634 2924; x_wconf 85' lang='lat' dir='ltr'><strong>Cesarii</strong></span> <span class='ocrx_word' id='word_1_421' title='bbox 2665 2870 2880 2924; x_wconf 87' lang='lat' dir='ltr'><strong>diaconi</strong></span> <span class='ocrx_word' id='word_1_422' title='bbox 2907 2872 3067 2941; x_wconf 79' lang='lat' dir='ltr'><strong>juxta</strong></span> <span class='ocrx_word' id='word_1_423' title='bbox 3091 2873 3280 2928; x_wconf 90' lang='lat' dir='ltr'><strong>urbem</strong></span> <span class='ocrx_word' id='word_1_424' title='bbox 3305 2872 3559 2927; x_wconf 84' lang='lat' dir='ltr'><strong>Terraci-</strong></span> 
     </span>
    </p>
   </div>
   <div class='ocr_carea' id='block_1_62' title="bbox 277 2957 3557 3033">
    <p class='ocr_par' dir='ltr' id='par_1_62' title="bbox 277 2957 3557 3033">
     <span class='ocr_line' id='line_1_62' title="bbox 277 2957 3557 3033; baseline 0 -18"><span class='ocrx_word' id='word_1_425' title='bbox 277 2959 437 3015; x_wconf 88' lang='lat' dir='ltr'><strong>beati</strong></span> <span class='ocrx_word' id='word_1_426' title='bbox 472 2957 694 3015; x_wconf 91' lang='lat' dir='ltr'><strong>Oroncii</strong></span> <span class='ocrx_word' id='word_1_427' title='bbox 744 2959 1022 3031; x_wconf 84' lang='lat' dir='ltr'><strong>martyris,</strong></span> <span class='ocrx_word' id='word_1_428' title='bbox 1074 2961 1189 3030; x_wconf 89' lang='lat' dir='ltr'><strong>qui,</strong></span> <span class='ocrx_word' id='word_1_429' title='bbox 1232 2959 1374 3029; x_wconf 87' lang='lat' dir='ltr'><strong>apud</strong></span> <span class='ocrx_word' id='word_1_430' title='bbox 1426 2958 1870 3014; x_wconf 84' lang='lat' dir='ltr'><strong>Ebrcdunensem</strong></span> <span class='ocrx_word' id='word_1_431' title='bbox 1903 2957 1945 2969; x_wconf 79' lang='lat'>&quot;</span> <span class='ocrx_word' id='word_1_432' title='bbox 1974 2974 2101 3012; x_wconf 88' lang='lat' dir='ltr'><strong>nam</strong></span> <span class='ocrx_word' id='word_1_433' title='bbox 2147 2959 2363 3028; x_wconf 86' lang='lat' dir='ltr'><strong>sepulti.</strong></span> <span class='ocrx_word' id='word_1_434' title='bbox 2407 2958 2546 3013; x_wconf 90' lang='lat' dir='ltr'><strong>Sunt</strong></span> <span class='ocrx_word' id='word_1_435' title='bbox 2586 2959 2828 3030; x_wconf 85' lang='lat' dir='ltr'><strong>reliquie</strong></span> <span class='ocrx_word' id='word_1_436' title='bbox 2866 2961 3007 3015; x_wconf 87' lang='lat' dir='ltr'><strong>beati</strong></span> <span class='ocrx_word' id='word_1_437' title='bbox 3058 2961 3273 3018; x_wconf 88' lang='lat' dir='ltr'><strong>Paulini</strong></span> <span class='ocrx_word' id='word_1_438' title='bbox 3317 2962 3557 3033; x_wconf 87' lang='lat' dir='ltr'><strong>episcopi</strong></span> 
     </span>
    </p>
   </div>
   <div class='ocr_carea' id='block_1_63' title="bbox 280 3051 1872 3120">
    <p class='ocr_par' dir='ltr' id='par_1_63' title="bbox 280 3051 1872 3120">
     <span class='ocr_line' id='line_1_63' title="bbox 280 3051 1872 3120; baseline -0.001 -15"><span class='ocrx_word' id='word_1_439' title='bbox 280 3051 564 3106; x_wconf 89' lang='lat' dir='ltr'><strong>civitatem</strong></span> <span class='ocrx_word' id='word_1_440' title='bbox 588 3051 925 3120; x_wconf 87' lang='lat' dir='ltr'><strong>corporalem</strong></span> <span class='ocrx_word' id='word_1_441' title='bbox 953 3059 1181 3105; x_wconf 89' lang='lat' dir='ltr'><strong>mortem</strong></span> <span class='ocrx_word' id='word_1_442' title='bbox 1209 3060 1580 3114; x_wconf 90' lang='lat' dir='ltr'><strong>contemnens,</strong></span> <span class='ocrx_word' id='word_1_443' title='bbox 1614 3063 1872 3104; x_wconf 89' lang='lat' dir='ltr'><strong>coronam</strong></span> 
     </span>
    </p>
   </div>
   <div class='ocr_carea' id='block_1_64' title="bbox 276 3139 1874 3215">
    <p class='ocr_par' dir='ltr' id='par_1_64' title="bbox 276 3139 1874 3215">
     <span class='ocr_line' id='line_1_64' title="bbox 276 3139 1874 3215; baseline -0.004 -15"><span class='ocrx_word' id='word_1_444' title='bbox 276 3146 417 3200; x_wconf 69' lang='lat' dir='ltr'><strong>vite</strong></span> <span class='ocrx_word' id='word_1_445' title='bbox 444 3144 673 3215; x_wconf 86' lang='lat' dir='ltr'><strong>adeptus</strong></span> <span class='ocrx_word' id='word_1_446' title='bbox 711 3153 813 3199; x_wconf 91' lang='lat' dir='ltr'><strong>est.</strong></span> <span class='ocrx_word' id='word_1_447' title='bbox 852 3141 992 3197; x_wconf 91' lang='lat' dir='ltr'><strong>Sunt</strong></span> <span class='ocrx_word' id='word_1_448' title='bbox 1019 3142 1264 3212; x_wconf 84' lang='lat' dir='ltr'><strong>reliquie</strong></span> <span class='ocrx_word' id='word_1_449' title='bbox 1308 3141 1479 3195; x_wconf 83' lang='lat' dir='ltr'><strong>sancti</strong></span> <span class='ocrx_word' id='word_1_450' title='bbox 1510 3139 1732 3206; x_wconf 87' lang='lat' dir='ltr'><strong>Tiberii,</strong></span> <span class='ocrx_word' id='word_1_451' title='bbox 1779 3139 1874 3212; x_wconf 86' lang='lat' dir='ltr'><strong>qui</strong></span> 
     </span>
    </p>
   </div>
   <div class='ocr_carea' id='block_1_65' title="bbox 282 3232 1873 3307">
    <p class='ocr_par' dir='ltr' id='par_1_65' title="bbox 282 3232 1873 3307">
     <span class='ocr_line' id='line_1_65' title="bbox 282 3232 1873 3307; baseline -0.005 -14"><span class='ocrx_word' id='word_1_452' title='bbox 282 3247 538 3307; x_wconf 89' lang='lat' dir='ltr'><strong>tempore</strong></span> <span class='ocrx_word' id='word_1_453' title='bbox 573 3234 892 3292; x_wconf 84' lang='lat' dir='ltr'><strong>Diocletiani</strong></span> <span class='ocrx_word' id='word_1_454' title='bbox 934 3234 1104 3289; x_wconf 88' lang='lat' dir='ltr'><strong>variis</strong></span> <span class='ocrx_word' id='word_1_455' title='bbox 1150 3232 1439 3297; x_wconf 81' lang='lat' dir='ltr'><strong>tormentis</strong></span> <span class='ocrx_word' id='word_1_456' title='bbox 1469 3232 1769 3299; x_wconf 88' lang='lat' dir='ltr'><strong>cruciatus,</strong></span> <span class='ocrx_word' id='word_1_457' title='bbox 1816 3232 1873 3286; x_wconf 91' lang='lat' dir='ltr'><strong>in</strong></span> 
     </span>
    </p>
   </div>
   <div class='ocr_carea' id='block_1_66' title="bbox 280 3321 1875 3398">
    <p class='ocr_par' dir='ltr' id='par_1_66' title="bbox 280 3321 1875 3398">
     <span class='ocr_line' id='line_1_66' title="bbox 280 3321 1875 3398; baseline -0.003 -15"><span class='ocrx_word' id='word_1_458' title='bbox 280 3327 571 3383; x_wconf 89' lang='lat' dir='ltr'><strong>territorio</strong></span> <span class='ocrx_word' id='word_1_459' title='bbox 615 3326 911 3398; x_wconf 82' lang='lat' dir='ltr'><strong>Agathensi</strong></span> <span class='ocrx_word' id='word_1_460' title='bbox 961 3325 1284 3397; x_wconf 88' lang='lat' dir='ltr'><strong>martyrium</strong></span> <span class='ocrx_word' id='word_1_461' title='bbox 1326 3323 1635 3394; x_wconf 83' lang='lat' dir='ltr'><strong>complevit.</strong></span> <span class='ocrx_word' id='word_1_462' title='bbox 1677 3321 1875 3378; x_wconf 82' lang='lat' dir='ltr'><strong>Insunt</strong></span> 
     </span>
    </p>
   </div>
   <div class='ocr_carea' id='block_1_67' title="bbox 278 3413 1874 3490">
    <p class='ocr_par' dir='ltr' id='par_1_67' title="bbox 278 3413 1874 3490">
     <span class='ocr_line' id='line_1_67' title="bbox 278 3413 1874 3490; baseline -0.006 -14"><span class='ocrx_word' id='word_1_463' title='bbox 278 3419 541 3490; x_wconf 77' lang='lat' dir='ltr'><strong>reliquie</strong></span> <span class='ocrx_word' id='word_1_464' title='bbox 569 3419 742 3475; x_wconf 88' lang='lat' dir='ltr'><strong>sancti</strong></span> <span class='ocrx_word' id='word_1_465' title='bbox 770 3417 1068 3473; x_wconf 85' lang='lat' dir='ltr'><strong>Salvatoris</strong></span> <span class='ocrx_word' id='word_1_466' title='bbox 1098 3417 1153 3471; x_wconf 90' lang='lat' dir='ltr'><strong>in</strong></span> <span class='ocrx_word' id='word_1_467' title='bbox 1180 3413 1461 3471; x_wconf 85' lang='lat' dir='ltr'><strong>memoriis</strong></span> <span class='ocrx_word' id='word_1_468' title='bbox 1497 3414 1711 3485; x_wconf 89' lang='lat' dir='ltr'><strong>piorum</strong></span> <span class='ocrx_word' id='word_1_469' title='bbox 1768 3413 1874 3468; x_wconf 87' lang='lat' dir='ltr'><strong>ful-</strong></span> 
     </span>
    </p>
   </div>
   <div class='ocr_carea' id='block_1_68' title="bbox 278 3509 997 3585">
    <p class='ocr_par' dir='ltr' id='par_1_68' title="bbox 278 3509 997 3585">
     <span class='ocr_line' id='line_1_68' title="bbox 278 3509 997 3585; baseline -0.006 -18"><span class='ocrx_word' id='word_1_470' title='bbox 278 3512 470 3585; x_wconf 88' lang='lat' dir='ltr'><strong>gentis</strong></span> <span class='ocrx_word' id='word_1_471' title='bbox 494 3511 551 3565; x_wconf 91' lang='lat' dir='ltr'><strong>in</strong></span> <span class='ocrx_word' id='word_1_472' title='bbox 578 3526 747 3582; x_wconf 89' lang='lat' dir='ltr'><strong>regno</strong></span> <span class='ocrx_word' id='word_1_473' title='bbox 774 3509 997 3564; x_wconf 89' lang='lat' dir='ltr'><strong>Christi.</strong></span> 
     </span>
    </p>
   </div>
   <div class='ocr_carea' id='block_1_69' title="bbox 358 3588 1874 3670">
    <p class='ocr_par' dir='ltr' id='par_1_69' title="bbox 358 3588 1874 3670">
     <span class='ocr_line' id='line_1_69' title="bbox 358 3588 1874 3670; baseline -0.001 -15"><span class='ocrx_word' id='word_1_474' title='bbox 358 3603 504 3655; x_wconf 83' lang='lat' dir='ltr'><strong>Sunt</strong></span> <span class='ocrx_word' id='word_1_475' title='bbox 541 3600 783 3670; x_wconf 85' lang='lat' dir='ltr'><strong>reliquie</strong></span> <span class='ocrx_word' id='word_1_476' title='bbox 822 3599 965 3655; x_wconf 84' lang='lat' dir='ltr'><strong>beati</strong></span> <span class='ocrx_word' id='word_1_477' title='bbox 995 3598 1213 3655; x_wconf 86' lang='lat' dir='ltr'><strong>Cenesii</strong></span> <span class='ocrx_word' id='word_1_478' title='bbox 1262 3597 1538 3670; x_wconf 90' lang='lat' dir='ltr'><strong>martyris,</strong></span> <span class='ocrx_word' id='word_1_479' title='bbox 1590 3588 1691 3668; x_wconf 87' lang='lat' dir='ltr'><strong>qui</strong></span> <span class='ocrx_word' id='word_1_480' title='bbox 1722 3596 1874 3668; x_wconf 82' lang='lat' dir='ltr'><strong>&#39;apud</strong></span> 
     </span>
    </p>
   </div>
   <div class='ocr_carea' id='block_1_70' title="bbox 273 3690 1875 3762">
    <p class='ocr_par' dir='ltr' id='par_1_70' title="bbox 273 3690 1875 3762">
     <span class='ocr_line' id='line_1_70' title="bbox 273 3690 1875 3762; baseline -0.003 -12"><span class='ocrx_word' id='word_1_481' title='bbox 273 3693 560 3750; x_wconf 77' lang='lat' dir='ltr'><strong>Arelatem</strong></span> <span class='ocrx_word' id='word_1_482' title='bbox 586 3692 953 3762; x_wconf 76' lang='lat' dir='ltr'><strong>deprehensus</strong></span> <span class='ocrx_word' id='word_1_483' title='bbox 966 3692 1035 3747; x_wconf 88' lang='lat' dir='ltr'><strong>ab</strong></span> <span class='ocrx_word' id='word_1_484' title='bbox 1058 3691 1461 3762; x_wconf 82' lang='lat' dir='ltr'><strong>apparitoribus</strong></span> <span class='ocrx_word' id='word_1_485' title='bbox 1485 3698 1650 3759; x_wconf 87' lang='lat' dir='ltr'><strong>atque</strong></span> <span class='ocrx_word' id='word_1_486' title='bbox 1678 3690 1732 3744; x_wconf 92' lang='lat' dir='ltr'><strong>in</strong></span> <span class='ocrx_word' id='word_1_487' title='bbox 1756 3690 1875 3760; x_wconf 89' lang='lat' dir='ltr'><strong>ripa</strong></span> 
     </span>
    </p>
   </div>
   <div class='ocr_carea' id='block_1_71' title="bbox 275 3779 1878 3852">
    <p class='ocr_par' dir='ltr' id='par_1_71' title="bbox 275 3779 1878 3852">
     <span class='ocr_line' id='line_1_71' title="bbox 275 3779 1878 3852; baseline -0.005 -9"><span class='ocrx_word' id='word_1_488' title='bbox 275 3785 533 3843; x_wconf 82' lang='lat' dir='ltr'><strong>ﬂuminis</strong></span> <span class='ocrx_word' id='word_1_489' title='bbox 566 3783 815 3838; x_wconf 81' lang='lat' dir='ltr'><strong>Rhodani</strong></span> <span class='ocrx_word' id='word_1_490' title='bbox 839 3783 1136 3839; x_wconf 84' lang='lat' dir='ltr'><strong>decollatus</strong></span> <span class='ocrx_word' id='word_1_491' title='bbox 1166 3789 1270 3837; x_wconf 84' lang='lat' dir='ltr'><strong>est.</strong></span> <span class='ocrx_word' id='word_1_492' title='bbox 1303 3779 1443 3836; x_wconf 91' lang='lat' dir='ltr'><strong>Sunt</strong></span> <span class='ocrx_word' id='word_1_493' title='bbox 1472 3781 1720 3852; x_wconf 77' lang='lat' dir='ltr'><strong>reliquie</strong></span> <span class='ocrx_word' id='word_1_494' title='bbox 1747 3797 1878 3837; x_wconf 89' lang='lat' dir='ltr'><strong>san-</strong></span> 
     </span>
    </p>
   </div>
   <div class='ocr_carea' id='block_1_72' title="bbox 272 3871 1876 3944">
    <p class='ocr_par' dir='ltr' id='par_1_72' title="bbox 272 3871 1876 3944">
     <span class='ocr_line' id='line_1_72' title="bbox 272 3871 1876 3944; baseline -0.003 -12"><span class='ocrx_word' id='word_1_495' title='bbox 272 3876 355 3935; x_wconf 80' lang='lat' dir='ltr'><strong>cti</strong></span> <span class='ocrx_word' id='word_1_496' title='bbox 388 3873 605 3940; x_wconf 83' lang='lat' dir='ltr'><strong>Felicis,</strong></span> <span class='ocrx_word' id='word_1_497' title='bbox 631 3875 745 3944; x_wconf 89' lang='lat' dir='ltr'><strong>qui,</strong></span> <span class='ocrx_word' id='word_1_498' title='bbox 792 3874 931 3944; x_wconf 90' lang='lat' dir='ltr'><strong>apud</strong></span> <span class='ocrx_word' id='word_1_499' title='bbox 963 3871 1274 3928; x_wconf 86' lang='lat' dir='ltr'><strong>Gerundam</strong></span> <span class='ocrx_word' id='word_1_500' title='bbox 1302 3871 1511 3927; x_wconf 89' lang='lat' dir='ltr'><strong>catenis</strong></span> <span class='ocrx_word' id='word_1_501' title='bbox 1532 3871 1876 3944; x_wconf 85' lang='lat' dir='ltr'><strong>gravioribus</strong></span> 
     </span>
    </p>
   </div>
   <div class='ocr_carea' id='block_1_73' title="bbox 271 3961 1877 4036">
    <p class='ocr_par' dir='ltr' id='par_1_73' title="bbox 271 3961 1877 4036">
     <span class='ocr_line' id='line_1_73' title="bbox 271 3961 1877 4036; baseline -0.005 -12"><span class='ocrx_word' id='word_1_502' title='bbox 271 3969 527 4033; x_wconf 83' lang='lat' dir='ltr'><strong>vinctus,</strong></span> <span class='ocrx_word' id='word_1_503' title='bbox 568 3982 663 4036; x_wconf 79' lang='lat' dir='ltr'><strong>per</strong></span> <span class='ocrx_word' id='word_1_504' title='bbox 709 3975 850 4020; x_wconf 86' lang='lat' dir='ltr'><strong>totas</strong></span> <span class='ocrx_word' id='word_1_505' title='bbox 894 3964 1099 4036; x_wconf 82' lang='lat' dir='ltr'><strong>plateas</strong></span> <span class='ocrx_word' id='word_1_506' title='bbox 1138 3961 1206 4019; x_wconf 88' lang='lat' dir='ltr'><strong>ab</strong></span> <span class='ocrx_word' id='word_1_507' title='bbox 1252 3963 1531 4020; x_wconf 84' lang='lat' dir='ltr'><strong>indomitis</strong></span> <span class='ocrx_word' id='word_1_508' title='bbox 1576 3962 1740 4019; x_wconf 90' lang='lat' dir='ltr'><strong>mulis</strong></span> <span class='ocrx_word' id='word_1_509' title='bbox 1768 3971 1877 4018; x_wconf 74' lang='lat' dir='ltr'><strong>tra-</strong></span> 
     </span>
    </p>
   </div>
   <div class='ocr_carea' id='block_1_74' title="bbox 270 4054 1876 4129">
    <p class='ocr_par' dir='ltr' id='par_1_74' title="bbox 270 4054 1876 4129">
     <span class='ocr_line' id='line_1_74' title="bbox 270 4054 1876 4129; baseline -0.006 -11"><span class='ocrx_word' id='word_1_510' title='bbox 270 4073 431 4125; x_wconf 88' lang='lat' dir='ltr'><strong>ctus,</strong></span> <span class='ocrx_word' id='word_1_511' title='bbox 463 4060 716 4114; x_wconf 90' lang='lat' dir='ltr'><strong>manibus</strong></span> <span class='ocrx_word' id='word_1_512' title='bbox 744 4065 868 4128; x_wconf 88' lang='lat' dir='ltr'><strong>post</strong></span> <span class='ocrx_word' id='word_1_513' title='bbox 893 4067 1102 4129; x_wconf 87' lang='lat' dir='ltr'><strong>tergum</strong></span> <span class='ocrx_word' id='word_1_514' title='bbox 1128 4057 1306 4128; x_wconf 72' lang='lat' dir='ltr'><strong>ligatis</strong></span> <span class='ocrx_word' id='word_1_515' title='bbox 1326 4057 1384 4111; x_wconf 90' lang='lat' dir='ltr'><strong>in</strong></span> <span class='ocrx_word' id='word_1_516' title='bbox 1408 4056 1575 4113; x_wconf 85' lang='lat' dir='ltr'><strong>maris</strong></span> <span class='ocrx_word' id='word_1_517' title='bbox 1602 4054 1876 4127; x_wconf 75' lang='lat' dir='ltr'><strong>profundo</strong></span> 
     </span>
    </p>
   </div>
   <div class='ocr_carea' id='block_1_75' title="bbox 271 4147 1877 4221">
    <p class='ocr_par' dir='ltr' id='par_1_75' title="bbox 271 4147 1877 4221">
     <span class='ocr_line' id='line_1_75' title="bbox 271 4147 1877 4221; baseline -0.005 -12"><span class='ocrx_word' id='word_1_518' title='bbox 271 4166 526 4216; x_wconf 88' lang='lat' dir='ltr'><strong>mersus,</strong></span> <span class='ocrx_word' id='word_1_519' title='bbox 559 4150 769 4206; x_wconf 85' lang='lat' dir='ltr'><strong>illustre</strong></span> <span class='ocrx_word' id='word_1_520' title='bbox 813 4150 1129 4221; x_wconf 85' lang='lat' dir='ltr'><strong>martyrium</strong></span> <span class='ocrx_word' id='word_1_521' title='bbox 1152 4150 1375 4220; x_wconf 86' lang='lat' dir='ltr'><strong>peregit.</strong></span> <span class='ocrx_word' id='word_1_522' title='bbox 1404 4147 1598 4204; x_wconf 89' lang='lat' dir='ltr'><strong>Insunt</strong></span> <span class='ocrx_word' id='word_1_523' title='bbox 1635 4148 1877 4217; x_wconf 76' lang='lat' dir='ltr'><strong>reliquie</strong></span> 
     </span>
    </p>
   </div>
   <div class='ocr_carea' id='block_1_76' title="bbox 1971 3047 3559 3125">
    <p class='ocr_par' dir='ltr' id='par_1_76' title="bbox 1971 3047 3559 3125">
     <span class='ocr_line' id='line_1_76' title="bbox 1971 3047 3559 3125; baseline 0.003 -22"><span class='ocrx_word' id='word_1_524' title='bbox 1971 3047 2277 3103; x_wconf 90' lang='lat' dir='ltr'><strong>eruditione</strong></span> <span class='ocrx_word' id='word_1_525' title='bbox 2318 3057 2372 3103; x_wconf 91' lang='lat' dir='ltr'><strong>et</strong></span> <span class='ocrx_word' id='word_1_526' title='bbox 2411 3049 2646 3119; x_wconf 63' lang='lat' dir='ltr'><strong>copiosa</strong></span> <span class='ocrx_word' id='word_1_527' title='bbox 2686 3051 2811 3106; x_wconf 79' lang='lat' dir='ltr'><strong>vite</strong></span> <span class='ocrx_word' id='word_1_528' title='bbox 2855 3052 3143 3108; x_wconf 88' lang='lat' dir='ltr'><strong>sanctitate</strong></span> <span class='ocrx_word' id='word_1_529' title='bbox 3177 3054 3319 3125; x_wconf 89' lang='lat' dir='ltr'><strong>apud</strong></span> <span class='ocrx_word' id='word_1_530' title='bbox 3366 3052 3559 3109; x_wconf 83' lang='lat' dir='ltr'><strong>Nolam</strong></span> 
     </span>
    </p>
   </div>
   <div class='ocr_carea' id='block_1_77' title="bbox 1971 3136 3557 3213">
    <p class='ocr_par' dir='ltr' id='par_1_77' title="bbox 1971 3136 3557 3213">
     <span class='ocr_line' id='line_1_77' title="bbox 1971 3136 3557 3213; baseline 0.003 -22"><span class='ocrx_word' id='word_1_531' title='bbox 1971 3137 2300 3208; x_wconf 84' lang='lat' dir='ltr'><strong>Campanie.</strong></span> <span class='ocrx_word' id='word_1_532' title='bbox 2354 3136 2546 3193; x_wconf 85' lang='lat' dir='ltr'><strong>Insunt</strong></span> <span class='ocrx_word' id='word_1_533' title='bbox 2588 3139 2832 3210; x_wconf 82' lang='lat' dir='ltr'><strong>reliquie</strong></span> <span class='ocrx_word' id='word_1_534' title='bbox 2889 3143 3065 3197; x_wconf 89' lang='lat' dir='ltr'><strong>sancti</strong></span> <span class='ocrx_word' id='word_1_535' title='bbox 3110 3140 3379 3198; x_wconf 84' lang='lat' dir='ltr'><strong>Germani</strong></span> <span class='ocrx_word' id='word_1_536' title='bbox 3412 3143 3557 3213; x_wconf 61' lang='lat' dir='ltr'><strong>aput</strong></span> 
     </span>
    </p>
   </div>
   <div class='ocr_carea' id='block_1_78' title="bbox 1971 3225 3557 3305">
    <p class='ocr_par' dir='ltr' id='par_1_78' title="bbox 1971 3225 3557 3305">
     <span class='ocr_line' id='line_1_78' title="bbox 1971 3225 3557 3305; baseline 0.004 -24"><span class='ocrx_word' id='word_1_537' title='bbox 1971 3225 2244 3284; x_wconf 86' lang='lat' dir='ltr'><strong>Parisium</strong></span> <span class='ocrx_word' id='word_1_538' title='bbox 2274 3229 2571 3285; x_wconf 85' lang='lat' dir='ltr'><strong>virtutibus</strong></span> <span class='ocrx_word' id='word_1_539' title='bbox 2595 3237 2648 3284; x_wconf 91' lang='lat' dir='ltr'><strong>et</strong></span> <span class='ocrx_word' id='word_1_540' title='bbox 2670 3231 2949 3288; x_wconf 90' lang='lat' dir='ltr'><strong>miraculis</strong></span> <span class='ocrx_word' id='word_1_541' title='bbox 2970 3234 3213 3305; x_wconf 91' lang='lat' dir='ltr'><strong>gloriosi.</strong></span> <span class='ocrx_word' id='word_1_542' title='bbox 3252 3234 3393 3289; x_wconf 89' lang='lat' dir='ltr'><strong>Sunt</strong></span> <span class='ocrx_word' id='word_1_543' title='bbox 3421 3233 3557 3288; x_wconf 72' lang='lat' dir='ltr'><strong>rcli~</strong></span> 
     </span>
    </p>
   </div>
   <div class='ocr_carea' id='block_1_79' title="bbox 1973 3317 3552 3396">
    <p class='ocr_par' dir='ltr' id='par_1_79' title="bbox 1973 3317 3552 3396">
     <span class='ocr_line' id='line_1_79' title="bbox 1973 3317 3552 3396; baseline 0.005 -25"><span class='ocrx_word' id='word_1_544' title='bbox 1973 3318 2113 3388; x_wconf 86' lang='lat' dir='ltr'><strong>quie</strong></span> <span class='ocrx_word' id='word_1_545' title='bbox 2148 3320 2321 3373; x_wconf 90' lang='lat' dir='ltr'><strong>sancti</strong></span> <span class='ocrx_word' id='word_1_546' title='bbox 2349 3317 2538 3374; x_wconf 80' lang='lat' dir='ltr'><strong>Hilarii</strong></span> <span class='ocrx_word' id='word_1_547' title='bbox 2559 3317 2917 3377; x_wconf 85' lang='lat' dir='ltr'><strong>Carcacensis</strong></span> <span class='ocrx_word' id='word_1_548' title='bbox 2943 3324 3184 3395; x_wconf 87' lang='lat' dir='ltr'><strong>episcopi</strong></span> <span class='ocrx_word' id='word_1_549' title='bbox 3210 3340 3421 3396; x_wconf 81' lang='lat' dir='ltr'><strong>magne</strong></span> <span class='ocrx_word' id='word_1_550' title='bbox 3444 3325 3552 3379; x_wconf 82' lang='lat' dir='ltr'><strong>vir—</strong></span> 
     </span>
    </p>
   </div>
   <div class='ocr_carea' id='block_1_80' title="bbox 1970 3406 2256 3462">
    <p class='ocr_par' dir='ltr' id='par_1_80' title="bbox 1970 3406 2256 3462">
     <span class='ocr_line' id='line_1_80' title="bbox 1970 3406 2256 3462; baseline 0.003 -2"><span class='ocrx_word' id='word_1_551' title='bbox 1970 3407 2106 3462; x_wconf 90' lang='lat' dir='ltr'><strong>tutis</strong></span> <span class='ocrx_word' id='word_1_552' title='bbox 2134 3406 2256 3461; x_wconf 89' lang='lat' dir='ltr'><strong>viri.</strong></span> 
     </span>
    </p>
   </div>
   <div class='ocr_carea' id='block_1_81' title="bbox 2044 3501 3559 3579">
    <p class='ocr_par' dir='ltr' id='par_1_81' title="bbox 2044 3501 3559 3579">
     <span class='ocr_line' id='line_1_81' title="bbox 2044 3501 3559 3579; baseline 0.007 -24"><span class='ocrx_word' id='word_1_553' title='bbox 2044 3501 2233 3557; x_wconf 85' lang='lat' dir='ltr'><strong>Insunt</strong></span> <span class='ocrx_word' id='word_1_554' title='bbox 2254 3502 2496 3574; x_wconf 87' lang='lat' dir='ltr'><strong>reliquie</strong></span> <span class='ocrx_word' id='word_1_555' title='bbox 2510 3505 2654 3560; x_wconf 91' lang='lat' dir='ltr'><strong>beati</strong></span> <span class='ocrx_word' id='word_1_556' title='bbox 2677 3504 2833 3577; x_wconf 89' lang='lat' dir='ltr'><strong>Lupi,</strong></span> <span class='ocrx_word' id='word_1_557' title='bbox 2861 3507 2955 3579; x_wconf 91' lang='lat' dir='ltr'><strong>qui</strong></span> <span class='ocrx_word' id='word_1_558' title='bbox 2979 3508 3189 3564; x_wconf 89' lang='lat' dir='ltr'><strong>orando</strong></span> <span class='ocrx_word' id='word_1_559' title='bbox 3214 3506 3416 3565; x_wconf 84' lang='lat' dir='ltr'><strong>Trecas</strong></span> <span class='ocrx_word' id='word_1_560' title='bbox 3437 3526 3559 3565; x_wconf 84' lang='lat' dir='ltr'><strong>mu-</strong></span> 
     </span>
    </p>
   </div>
   <div class='ocr_carea' id='block_1_82' title="bbox 1973 3593 3555 3666">
    <p class='ocr_par' dir='ltr' id='par_1_82' title="bbox 1973 3593 3555 3666">
     <span class='ocr_line' id='line_1_82' title="bbox 1973 3593 3555 3666; baseline 0.006 -20"><span class='ocrx_word' id='word_1_561' title='bbox 1973 3593 2129 3647; x_wconf 89' lang='lat' dir='ltr'><strong>nivit.</strong></span> <span class='ocrx_word' id='word_1_562' title='bbox 2163 3593 2302 3650; x_wconf 89' lang='lat' dir='ltr'><strong>Sunt</strong></span> <span class='ocrx_word' id='word_1_563' title='bbox 2325 3596 2569 3666; x_wconf 85' lang='lat' dir='ltr'><strong>reliquie</strong></span> <span class='ocrx_word' id='word_1_564' title='bbox 2588 3599 2761 3653; x_wconf 87' lang='lat' dir='ltr'><strong>sancti</strong></span> <span class='ocrx_word' id='word_1_565' title='bbox 2798 3598 3014 3656; x_wconf 87' lang='lat' dir='ltr'><strong>Eusebii</strong></span> <span class='ocrx_word' id='word_1_566' title='bbox 3055 3601 3271 3657; x_wconf 86' lang='lat' dir='ltr'><strong>civitate</strong></span> <span class='ocrx_word' id='word_1_567' title='bbox 3294 3600 3555 3656; x_wconf 83' lang='lat' dir='ltr'><strong>Vercellis</strong></span> 
     </span>
    </p>
   </div>
   <div class='ocr_carea' id='block_1_83' title="bbox 1974 3684 3553 3759">
    <p class='ocr_par' dir='ltr' id='par_1_83' title="bbox 1974 3684 3553 3759">
     <span class='ocr_line' id='line_1_83' title="bbox 1974 3684 3553 3759; baseline 0.003 -19"><span class='ocrx_word' id='word_1_568' title='bbox 1974 3686 2232 3757; x_wconf 86' lang='lat' dir='ltr'><strong>episcopi.</strong></span> <span class='ocrx_word' id='word_1_569' title='bbox 2264 3684 2455 3743; x_wconf 89' lang='lat' dir='ltr'><strong>Insunt</strong></span> <span class='ocrx_word' id='word_1_570' title='bbox 2492 3689 2737 3759; x_wconf 82' lang='lat' dir='ltr'><strong>reliquie</strong></span> <span class='ocrx_word' id='word_1_571' title='bbox 2772 3690 2913 3745; x_wconf 87' lang='lat' dir='ltr'><strong>beati</strong></span> <span class='ocrx_word' id='word_1_572' title='bbox 2949 3689 3212 3745; x_wconf 73' lang='lat' dir='ltr'><strong>Phillierti</strong></span> <span class='ocrx_word' id='word_1_573' title='bbox 3250 3692 3464 3747; x_wconf 86' lang='lat' dir='ltr'><strong>abbatis</strong></span> <span class='ocrx_word' id='word_1_574' title='bbox 3499 3690 3553 3745; x_wconf 90' lang='lat' dir='ltr'><strong>in</strong></span> 
     </span>
    </p>
   </div>
   <div class='ocr_carea' id='block_1_84' title="bbox 1977 3777 3556 3852">
    <p class='ocr_par' dir='ltr' id='par_1_84' title="bbox 1977 3777 3556 3852">
     <span class='ocr_line' id='line_1_84' title="bbox 1977 3777 3556 3852; baseline 0.003 -21"><span class='ocrx_word' id='word_1_575' title='bbox 1977 3777 2252 3832; x_wconf 91' lang='lat' dir='ltr'><strong>territorio</strong></span> <span class='ocrx_word' id='word_1_576' title='bbox 2302 3777 2780 3847; x_wconf 73' lang='lat' dir='ltr'><strong>Rodomensi,&#39;in</strong></span> <span class='ocrx_word' id='word_1_577' title='bbox 2830 3782 2981 3835; x_wconf 90' lang='lat' dir='ltr'><strong>omni</strong></span> <span class='ocrx_word' id='word_1_578' title='bbox 3009 3781 3246 3852; x_wconf 87' lang='lat' dir='ltr'><strong>puritate</strong></span> <span class='ocrx_word' id='word_1_579' title='bbox 3291 3788 3346 3837; x_wconf 91' lang='lat' dir='ltr'><strong>et</strong></span> <span class='ocrx_word' id='word_1_580' title='bbox 3386 3781 3556 3836; x_wconf 85' lang='lat' dir='ltr'><strong>animi</strong></span> 
     </span>
    </p>
   </div>
   <div class='ocr_carea' id='block_1_85' title="bbox 1976 3868 3559 3945">
    <p class='ocr_par' dir='ltr' id='par_1_85' title="bbox 1976 3868 3559 3945">
     <span class='ocr_line' id='line_1_85' title="bbox 1976 3868 3559 3945; baseline 0.003 -22"><span class='ocrx_word' id='word_1_581' title='bbox 1976 3869 2268 3923; x_wconf 88' lang='lat' dir='ltr'><strong>virtutibus</strong></span> <span class='ocrx_word' id='word_1_582' title='bbox 2300 3870 2454 3925; x_wconf 90' lang='lat' dir='ltr'><strong>clari.</strong></span> <span class='ocrx_word' id='word_1_583' title='bbox 2494 3868 2635 3925; x_wconf 92' lang='lat' dir='ltr'><strong>Sunt</strong></span> <span class='ocrx_word' id='word_1_584' title='bbox 2652 3872 2897 3942; x_wconf 83' lang='lat' dir='ltr'><strong>reliquie</strong></span> <span class='ocrx_word' id='word_1_585' title='bbox 2927 3873 3103 3928; x_wconf 87' lang='lat' dir='ltr'><strong>sancti</strong></span> <span class='ocrx_word' id='word_1_586' title='bbox 3140 3871 3313 3945; x_wconf 84' lang='lat' dir='ltr'><strong>Egidii</strong></span> <span class='ocrx_word' id='word_1_587' title='bbox 3347 3872 3559 3929; x_wconf 68' lang='lat' dir='ltr'><strong>abbatis</strong></span> 
     </span>
    </p>
   </div>
   <div class='ocr_carea' id='block_1_86' title="bbox 1977 3959 3559 4036">
    <p class='ocr_par' dir='ltr' id='par_1_86' title="bbox 1977 3959 3559 4036">
     <span class='ocr_line' id='line_1_86' title="bbox 1977 3959 3559 4036; baseline 0.003 -20"><span class='ocrx_word' id='word_1_588' title='bbox 1977 3959 2032 4016; x_wconf 82' lang='lat' dir='ltr'><strong>in</strong></span> <span class='ocrx_word' id='word_1_589' title='bbox 2064 3959 2341 4017; x_wconf 84' lang='lat' dir='ltr'><strong>territorio</strong></span> <span class='ocrx_word' id='word_1_590' title='bbox 2374 3960 2733 4018; x_wconf 88' lang='lat' dir='ltr'><strong>Nemausensi</strong></span> <span class='ocrx_word' id='word_1_591' title='bbox 2760 3962 2932 4036; x_wconf 85' lang='lat' dir='ltr'><strong>signis</strong></span> <span class='ocrx_word' id='word_1_592' title='bbox 2963 3964 3318 4020; x_wconf 89' lang='lat' dir='ltr'><strong>illustrissimi</strong></span> <span class='ocrx_word' id='word_1_593' title='bbox 3348 3970 3403 4020; x_wconf 86' lang='lat' dir='ltr'><strong>et</strong></span> <span class='ocrx_word' id='word_1_594' title='bbox 3428 3980 3559 4023; x_wconf 82' lang='lat' dir='ltr'><strong>san-</strong></span> 
     </span>
    </p>
   </div>
   <div class='ocr_carea' id='block_1_87' title="bbox 1978 4050 3555 4129">
    <p class='ocr_par' dir='ltr' id='par_1_87' title="bbox 1978 4050 3555 4129">
     <span class='ocr_line' id='line_1_87' title="bbox 1978 4050 3555 4129; baseline 0.003 -22"><span class='ocrx_word' id='word_1_595' title='bbox 1978 4052 2181 4108; x_wconf 85' lang='lat' dir='ltr'><strong>ctitate.</strong></span> <span class='ocrx_word' id='word_1_596' title='bbox 2219 4050 2413 4109; x_wconf 89' lang='lat' dir='ltr'><strong>Insunt</strong></span> <span class='ocrx_word' id='word_1_597' title='bbox 2445 4053 2692 4126; x_wconf 87' lang='lat' dir='ltr'><strong>reliquie</strong></span> <span class='ocrx_word' id='word_1_598' title='bbox 2732 4055 2907 4111; x_wconf 91' lang='lat' dir='ltr'><strong>sancti</strong></span> <span class='ocrx_word' id='word_1_599' title='bbox 2934 4054 3158 4128; x_wconf 88' lang='lat' dir='ltr'><strong>Ugberti</strong></span> <span class='ocrx_word' id='word_1_600' title='bbox 3189 4056 3331 4129; x_wconf 86' lang='lat' dir='ltr'><strong>regis</strong></span> <span class='ocrx_word' id='word_1_601' title='bbox 3354 4100 3369 4124; x_wconf 93' lang='lat'><strong>,</strong></span> <span class='ocrx_word' id='word_1_602' title='bbox 3414 4055 3555 4129; x_wconf 83' lang='lat' dir='ltr'><strong>apud</strong></span> 
     </span>
    </p>
   </div>
   <div class='ocr_carea' id='block_1_88' title="bbox 1978 4143 3559 4221">
    <p class='ocr_par' dir='ltr' id='par_1_88' title="bbox 1978 4143 3559 4221">
     <span class='ocr_line' id='line_1_88' title="bbox 1978 4143 3559 4221; baseline 0.003 -24"><span class='ocrx_word' id='word_1_603' title='bbox 1978 4143 2184 4199; x_wconf 83' lang='lat' dir='ltr'><strong>italiam</strong></span> <span class='ocrx_word' id='word_1_604' title='bbox 2218 4146 2432 4217; x_wconf 80' lang='lat' dir='ltr'><strong>magnis</strong></span> <span class='ocrx_word' id='word_1_605' title='bbox 2459 4146 2755 4203; x_wconf 84' lang='lat' dir='ltr'><strong>virtutibus</strong></span> <span class='ocrx_word' id='word_1_606' title='bbox 2787 4155 2840 4203; x_wconf 89' lang='lat' dir='ltr'><strong>et</strong></span> <span class='ocrx_word' id='word_1_607' title='bbox 2871 4149 3093 4219; x_wconf 89' lang='lat' dir='ltr'><strong>optimis</strong></span> <span class='ocrx_word' id='word_1_608' title='bbox 3123 4150 3320 4206; x_wconf 85' lang='lat' dir='ltr'><strong>studiis</strong></span> <span class='ocrx_word' id='word_1_609' title='bbox 3346 4147 3559 4221; x_wconf 82' lang='lat' dir='ltr'><strong>prediti</strong></span> 
     </span>
    </p>
   </div>
   <div class='ocr_carea' id='block_1_89' title="bbox 268 4234 3562 4313">
    <p class='ocr_par' dir='ltr' id='par_1_89' title="bbox 268 4234 3562 4313">
     <span class='ocr_line' id='line_1_89' title="bbox 268 4234 3562 4313; baseline -0.002 -13"><span class='ocrx_word' id='word_1_610' title='bbox 268 4242 436 4300; x_wconf 85' lang='lat' dir='ltr'><strong>beati</strong></span> <span class='ocrx_word' id='word_1_611' title='bbox 483 4241 818 4311; x_wconf 86' lang='lat' dir='ltr'><strong>Cucuphatis</strong></span> <span class='ocrx_word' id='word_1_612' title='bbox 853 4240 1131 4312; x_wconf 80' lang='lat' dir='ltr'><strong>martyris,</strong></span> <span class='ocrx_word' id='word_1_613' title='bbox 1177 4240 1291 4312; x_wconf 90' lang='lat' dir='ltr'><strong>qui,</strong></span> <span class='ocrx_word' id='word_1_614' title='bbox 1328 4240 1651 4313; x_wconf 87' lang='lat' dir='ltr'><strong>gravissime</strong></span> <span class='ocrx_word' id='word_1_615' title='bbox 1697 4249 1875 4295; x_wconf 88' lang='lat' dir='ltr'><strong>tortus</strong></span> <span class='ocrx_word' id='word_1_616' title='bbox 1902 4257 1952 4313; x_wconf 73' lang='grc' dir='ltr'><strong>ι)</strong></span> <span class='ocrx_word' id='word_1_617' title='bbox 1978 4235 2100 4290; x_wconf 81' lang='lat' dir='ltr'><strong>viri.</strong></span> <span class='ocrx_word' id='word_1_618' title='bbox 2128 4234 2265 4292; x_wconf 89' lang='lat' dir='ltr'><strong>Sunt</strong></span> <span class='ocrx_word' id='word_1_619' title='bbox 2285 4237 2529 4308; x_wconf 73' lang='lat' dir='ltr'><strong>reliquie</strong></span> <span class='ocrx_word' id='word_1_620' title='bbox 2543 4237 2686 4294; x_wconf 87' lang='lat' dir='ltr'><strong>beati</strong></span> <span class='ocrx_word' id='word_1_621' title='bbox 2711 4238 3562 4311; x_wconf 80' lang='lat' dir='ltr'><strong>LeudegariiAugustodunensis</strong></span> 
     </span>
    </p>
   </div>
   <div class='ocr_carea' id='block_1_90' title="bbox 269 4329 1875 4398">
    <p class='ocr_par' dir='ltr' id='par_1_90' title="bbox 269 4329 1875 4398">
     <span class='ocr_line' id='line_1_90' title="bbox 269 4329 1875 4398; baseline -0.006 -7"><span class='ocrx_word' id='word_1_622' title='bbox 269 4344 332 4391; x_wconf 87' lang='lat' dir='ltr'><strong>et</strong></span> <span class='ocrx_word' id='word_1_623' title='bbox 374 4332 590 4387; x_wconf 87' lang='lat' dir='ltr'><strong>catenis</strong></span> <span class='ocrx_word' id='word_1_624' title='bbox 613 4332 897 4397; x_wconf 81' lang='lat' dir='ltr'><strong>astrictus,</strong></span> <span class='ocrx_word' id='word_1_625' title='bbox 922 4331 979 4385; x_wconf 89' lang='lat' dir='ltr'><strong>in</strong></span> <span class='ocrx_word' id='word_1_626' title='bbox 1001 4330 1263 4385; x_wconf 85' lang='lat' dir='ltr'><strong>craticula</strong></span> <span class='ocrx_word' id='word_1_627' title='bbox 1285 4338 1741 4398; x_wconf 81' lang='lat' dir='ltr'><strong>superextcnsus,</strong></span> <span class='ocrx_word' id='word_1_628' title='bbox 1771 4329 1875 4383; x_wconf 80' lang='lat' dir='ltr'><strong>sub</strong></span> 
     </span>
    </p>
   </div>
   <div class='ocr_carea' id='block_1_91' title="bbox 270 4417 1874 4485">
    <p class='ocr_par' dir='ltr' id='par_1_91' title="bbox 270 4417 1874 4485">
     <span class='ocr_line' id='line_1_91' title="bbox 270 4417 1874 4485; baseline -0.005 -4"><span class='ocrx_word' id='word_1_629' title='bbox 270 4424 508 4481; x_wconf 75' lang='lat' dir='ltr'><strong>Galerio</strong></span> <span class='ocrx_word' id='word_1_630' title='bbox 547 4432 600 4477; x_wconf 88' lang='lat' dir='ltr'><strong>et</strong></span> <span class='ocrx_word' id='word_1_631' title='bbox 639 4420 969 4477; x_wconf 79' lang='lat' dir='ltr'><strong>Maximiano</strong></span> <span class='ocrx_word' id='word_1_632' title='bbox 1010 4434 1077 4475; x_wconf 79' lang='lat' dir='ltr'><strong>ac</strong></span> <span class='ocrx_word' id='word_1_633' title='bbox 1122 4417 1340 4485; x_wconf 81' lang='lat' dir='ltr'><strong>Rufino,</strong></span> <span class='ocrx_word' id='word_1_634' title='bbox 1387 4417 1747 4474; x_wconf 84' lang='lat' dir='ltr'><strong>Barchinone</strong></span> <span class='ocrx_word' id='word_1_635' title='bbox 1792 4428 1874 4473; x_wconf 86' lang='lat' dir='ltr'><strong>est</strong></span> 
     </span>
    </p>
   </div>
   <div class='ocr_carea' id='block_1_92' title="bbox 272 4508 1876 4590">
    <p class='ocr_par' dir='ltr' id='par_1_92' title="bbox 272 4508 1876 4590">
     <span class='ocr_line' id='line_1_92' title="bbox 272 4508 1876 4590; baseline -0.005 -17"><span class='ocrx_word' id='word_1_636' title='bbox 272 4532 508 4590; x_wconf 84' lang='lat' dir='ltr'><strong>passus.</strong></span> <span class='ocrx_word' id='word_1_637' title='bbox 545 4513 683 4569; x_wconf 87' lang='lat' dir='ltr'><strong>Sunt</strong></span> <span class='ocrx_word' id='word_1_638' title='bbox 719 4513 962 4583; x_wconf 88' lang='lat' dir='ltr'><strong>reliquie</strong></span> <span class='ocrx_word' id='word_1_639' title='bbox 984 4508 1299 4568; x_wconf 84' lang='lat' dir='ltr'><strong>sanctorum</strong></span> <span class='ocrx_word' id='word_1_640' title='bbox 1337 4518 1637 4583; x_wconf 88' lang='lat' dir='ltr'><strong>martyrum</strong></span> <span class='ocrx_word' id='word_1_641' title='bbox 1684 4509 1876 4565; x_wconf 73' lang='lat' dir='ltr'><strong>litasse</strong></span> 
     </span>
    </p>
   </div>
   <div class='ocr_carea' id='block_1_93' title="bbox 270 4599 1875 4676">
    <p class='ocr_par' dir='ltr' id='par_1_93' title="bbox 270 4599 1875 4676">
     <span class='ocr_line' id='line_1_93' title="bbox 270 4599 1875 4676; baseline -0.006 -11"><span class='ocrx_word' id='word_1_642' title='bbox 270 4608 567 4672; x_wconf 74' lang='lat' dir='ltr'><strong>Candide,</strong></span> <span class='ocrx_word' id='word_1_643' title='bbox 612 4606 728 4676; x_wconf 90' lang='lat' dir='ltr'><strong>qui,</strong></span> <span class='ocrx_word' id='word_1_644' title='bbox 769 4612 1010 4674; x_wconf 90' lang='lat' dir='ltr'><strong>tempore</strong></span> <span class='ocrx_word' id='word_1_645' title='bbox 1047 4601 1320 4658; x_wconf 80' lang='lat' dir='ltr'><strong>Valeriani</strong></span> <span class='ocrx_word' id='word_1_646' title='bbox 1354 4612 1409 4659; x_wconf 90' lang='lat' dir='ltr'><strong>et</strong></span> <span class='ocrx_word' id='word_1_647' title='bbox 1439 4601 1672 4658; x_wconf 86' lang='lat' dir='ltr'><strong>Gallieni</strong></span> <span class='ocrx_word' id='word_1_648' title='bbox 1713 4599 1875 4656; x_wconf 84' lang='lat' dir='ltr'><strong>Chri-</strong></span> 
     </span>
    </p>
   </div>
   <div class='ocr_carea' id='block_1_94' title="bbox 274 4695 1873 4767">
    <p class='ocr_par' dir='ltr' id='par_1_94' title="bbox 274 4695 1873 4767">
     <span class='ocr_line' id='line_1_94' title="bbox 274 4695 1873 4767; baseline -0.005 -7"><span class='ocrx_word' id='word_1_649' title='bbox 274 4716 435 4761; x_wconf 84' lang='lat' dir='ltr'><strong>stum</strong></span> <span class='ocrx_word' id='word_1_650' title='bbox 463 4698 559 4755; x_wconf 81' lang='lat' dir='ltr'><strong>Dei</strong></span> <span class='ocrx_word' id='word_1_651' title='bbox 596 4696 792 4752; x_wconf 83' lang='lat' dir='ltr'><strong>Filium</strong></span> <span class='ocrx_word' id='word_1_652' title='bbox 821 4695 1049 4753; x_wconf 90' lang='lat' dir='ltr'><strong>fatentes</strong></span> <span class='ocrx_word' id='word_1_653' title='bbox 1082 4695 1240 4767; x_wconf 88' lang='lat' dir='ltr'><strong>ejecti</strong></span> <span class='ocrx_word' id='word_1_654' title='bbox 1275 4702 1404 4751; x_wconf 82' lang='lat' dir='ltr'><strong>sunt</strong></span> <span class='ocrx_word' id='word_1_655' title='bbox 1428 4695 1484 4750; x_wconf 89' lang='lat' dir='ltr'><strong>in</strong></span> <span class='ocrx_word' id='word_1_656' title='bbox 1523 4695 1702 4766; x_wconf 79' lang='lat' dir='ltr'><strong>ignem</strong></span> <span class='ocrx_word' id='word_1_657' title='bbox 1732 4695 1873 4765; x_wconf 86' lang='lat' dir='ltr'><strong>apud</strong></span> 
     </span>
    </p>
   </div>
   <div class='ocr_carea' id='block_1_95' title="bbox 271 4780 1879 4857">
    <p class='ocr_par' dir='ltr' id='par_1_95' title="bbox 271 4780 1879 4857">
     <span class='ocr_line' id='line_1_95' title="bbox 271 4780 1879 4857; baseline -0.003 -14"><span class='ocrx_word' id='word_1_658' title='bbox 271 4785 696 4857; x_wconf 80' lang='lat' dir='ltr'><strong>Carthaginem.</strong></span> <span class='ocrx_word' id='word_1_659' title='bbox 742 4785 932 4840; x_wconf 87' lang='lat' dir='ltr'><strong>Insunt</strong></span> <span class='ocrx_word' id='word_1_660' title='bbox 973 4787 1219 4857; x_wconf 90' lang='lat' dir='ltr'><strong>reliquie</strong></span> <span class='ocrx_word' id='word_1_661' title='bbox 1257 4785 1547 4840; x_wconf 87' lang='lat' dir='ltr'><strong>beatorum</strong></span> <span class='ocrx_word' id='word_1_662' title='bbox 1590 4780 1804 4839; x_wconf 88' lang='lat' dir='ltr'><strong>Cosme</strong></span> <span class='ocrx_word' id='word_1_663' title='bbox 1825 4792 1879 4838; x_wconf 82' lang='lat' dir='ltr'><strong>et</strong></span> 
     </span>
    </p>
   </div>
   <div class='ocr_carea' id='block_1_96' title="bbox 274 4875 1877 4948">
    <p class='ocr_par' dir='ltr' id='par_1_96' title="bbox 274 4875 1877 4948">
     <span class='ocr_line' id='line_1_96' title="bbox 274 4875 1877 4948; baseline -0.002 -13"><span class='ocrx_word' id='word_1_664' title='bbox 274 4878 563 4943; x_wconf 85' lang='lat' dir='ltr'><strong>Damiani,</strong></span> <span class='ocrx_word' id='word_1_665' title='bbox 587 4879 704 4948; x_wconf 88' lang='lat' dir='ltr'><strong>qui,</strong></span> <span class='ocrx_word' id='word_1_666' title='bbox 729 4886 849 4948; x_wconf 84' lang='lat' dir='ltr'><strong>post</strong></span> <span class='ocrx_word' id='word_1_667' title='bbox 871 4878 1126 4937; x_wconf 85' lang='lat' dir='ltr'><strong>toleratos</strong></span> <span class='ocrx_word' id='word_1_668' title='bbox 1155 4876 1348 4944; x_wconf 86' lang='lat' dir='ltr'><strong>fustes,</strong></span> <span class='ocrx_word' id='word_1_669' title='bbox 1372 4875 1877 4947; x_wconf 87' lang='lat' dir='ltr'><strong>equuleum,ignes,</strong></span> 
     </span>
    </p>
   </div>
   <div class='ocr_carea' id='block_1_97' title="bbox 276 4974 1875 5051">
    <p class='ocr_par' dir='ltr' id='par_1_97' title="bbox 276 4974 1875 5051">
     <span class='ocr_line' id='line_1_97' title="bbox 276 4974 1875 5051; baseline -0.003 -16"><span class='ocrx_word' id='word_1_670' title='bbox 276 4979 614 5050; x_wconf 79' lang='lat' dir='ltr'><strong>sagittarum</strong></span> <span class='ocrx_word' id='word_1_671' title='bbox 647 4976 803 5041; x_wconf 86' lang='lat' dir='ltr'><strong>ictus,</strong></span> <span class='ocrx_word' id='word_1_672' title='bbox 847 4976 949 5031; x_wconf 87' lang='lat' dir='ltr'><strong>sub</strong></span> <span class='ocrx_word' id='word_1_673' title='bbox 987 4977 1225 5051; x_wconf 83' lang='lat' dir='ltr'><strong>preside</strong></span> <span class='ocrx_word' id='word_1_674' title='bbox 1263 4976 1425 5048; x_wconf 82' lang='lat' dir='ltr'><strong>Lysia</strong></span> <span class='ocrx_word' id='word_1_675' title='bbox 1465 4976 1608 5047; x_wconf 82' lang='lat' dir='ltr'><strong>apud</strong></span> <span class='ocrx_word' id='word_1_676' title='bbox 1649 4974 1875 5046; x_wconf 73' lang='lat' dir='ltr'><strong>Egeam</strong></span> 
     </span>
    </p>
   </div>
   <div class='ocr_carea' id='block_1_98' title="bbox 275 5066 1875 5145">
    <p class='ocr_par' dir='ltr' id='par_1_98' title="bbox 275 5066 1875 5145">
     <span class='ocr_line' id='line_1_98' title="bbox 275 5066 1875 5145; baseline -0.001 -20"><span class='ocrx_word' id='word_1_677' title='bbox 275 5067 474 5145; x_wconf 70' lang='lat' dir='ltr'><strong>gladio</strong></span> <span class='ocrx_word' id='word_1_678' title='bbox 510 5066 865 5125; x_wconf 71' lang='lat' dir='ltr'><strong>animadversi</strong></span> <span class='ocrx_word' id='word_1_679' title='bbox 898 5081 1045 5132; x_wconf 81' lang='lat' dir='ltr'><strong>sunt.</strong></span> <span class='ocrx_word' id='word_1_680' title='bbox 1093 5068 1239 5123; x_wconf 89' lang='lat' dir='ltr'><strong>Sunt</strong></span> <span class='ocrx_word' id='word_1_681' title='bbox 1279 5069 1521 5138; x_wconf 83' lang='lat' dir='ltr'><strong>reliquie</strong></span> <span class='ocrx_word' id='word_1_682' title='bbox 1556 5068 1875 5125; x_wconf 75' lang='lat' dir='ltr'><strong>sanctorum</strong></span> 
     </span>
    </p>
   </div>
   <div class='ocr_carea' id='block_1_99' title="bbox 272 5155 1875 5230">
    <p class='ocr_par' dir='ltr' id='par_1_99' title="bbox 272 5155 1875 5230">
     <span class='ocr_line' id='line_1_99' title="bbox 272 5155 1875 5230; baseline -0.001 -12"><span class='ocrx_word' id='word_1_683' title='bbox 272 5157 432 5219; x_wconf 64' lang='lat' dir='ltr'><strong>Iusti</strong></span> <span class='ocrx_word' id='word_1_684' title='bbox 468 5165 523 5211; x_wconf 88' lang='lat' dir='ltr'><strong>et</strong></span> <span class='ocrx_word' id='word_1_685' title='bbox 548 5155 801 5223; x_wconf 84' lang='lat' dir='ltr'><strong>Pastoris,</strong></span> <span class='ocrx_word' id='word_1_686' title='bbox 827 5157 938 5226; x_wconf 91' lang='lat' dir='ltr'><strong>qui,</strong></span> <span class='ocrx_word' id='word_1_687' title='bbox 977 5175 1111 5221; x_wconf 83' lang='lat' dir='ltr'><strong>eum</strong></span> <span class='ocrx_word' id='word_1_688' title='bbox 1141 5159 1324 5214; x_wconf 81' lang='lat' dir='ltr'><strong>adhuc</strong></span> <span class='ocrx_word' id='word_1_689' title='bbox 1351 5160 1503 5230; x_wconf 89' lang='lat' dir='ltr'><strong>pueri</strong></span> <span class='ocrx_word' id='word_1_690' title='bbox 1541 5158 1736 5215; x_wconf 78' lang='lat' dir='ltr'><strong>litteris</strong></span> <span class='ocrx_word' id='word_1_691' title='bbox 1765 5159 1875 5217; x_wconf 60' lang='lat' dir='ltr'><strong>imo</strong></span> 
     </span>
    </p>
   </div>
   <div class='ocr_carea' id='block_1_100' title="bbox 267 5248 1879 5323">
    <p class='ocr_par' dir='ltr' id='par_1_100' title="bbox 267 5248 1879 5323">
     <span class='ocr_line' id='line_1_100' title="bbox 267 5248 1879 5323; baseline 0.006 -21"><span class='ocrx_word' id='word_1_692' title='bbox 267 5255 598 5311; x_wconf 61' lang='lat' dir='ltr'><strong>licerentur,</strong></span> <span class='ocrx_word' id='word_1_693' title='bbox 650 5248 894 5320; x_wconf 87' lang='lat' dir='ltr'><strong>projectis</strong></span> <span class='ocrx_word' id='word_1_694' title='bbox 952 5253 1009 5310; x_wconf 88' lang='lat' dir='ltr'><strong>in</strong></span> <span class='ocrx_word' id='word_1_695' title='bbox 1060 5251 1256 5311; x_wconf 84' lang='lat' dir='ltr'><strong>schola</strong></span> <span class='ocrx_word' id='word_1_696' title='bbox 1306 5252 1527 5317; x_wconf 83' lang='lat' dir='ltr'><strong>tabulis,</strong></span> <span class='ocrx_word' id='word_1_697' title='bbox 1575 5261 1770 5323; x_wconf 87' lang='lat' dir='ltr'><strong>sponte</strong></span> <span class='ocrx_word' id='word_1_698' title='bbox 1810 5256 1879 5312; x_wconf 84' lang='lat' dir='ltr'><strong>ad</strong></span> 
     </span>
    </p>
   </div>
   <div class='ocr_carea' id='block_1_101' title="bbox 1976 4326 3562 4402">
    <p class='ocr_par' dir='ltr' id='par_1_101' title="bbox 1976 4326 3562 4402">
     <span class='ocr_line' id='line_1_101' title="bbox 1976 4326 3562 4402; baseline 0.003 -20"><span class='ocrx_word' id='word_1_699' title='bbox 1976 4326 2236 4398; x_wconf 85' lang='lat' dir='ltr'><strong>episcopi.</strong></span> <span class='ocrx_word' id='word_1_700' title='bbox 2291 4326 2485 4385; x_wconf 87' lang='lat' dir='ltr'><strong>Insunt</strong></span> <span class='ocrx_word' id='word_1_701' title='bbox 2523 4330 2769 4401; x_wconf 85' lang='lat' dir='ltr'><strong>reliquie</strong></span> <span class='ocrx_word' id='word_1_702' title='bbox 2812 4332 2986 4385; x_wconf 88' lang='lat' dir='ltr'><strong>sancti</strong></span> <span class='ocrx_word' id='word_1_703' title='bbox 3024 4331 3278 4386; x_wconf 73' lang='lat' dir='ltr'><strong>Germani</strong></span> <span class='ocrx_word' id='word_1_704' title='bbox 3316 4330 3562 4402; x_wconf 89' lang='lat' dir='ltr'><strong>Capuani</strong></span> 
     </span>
    </p>
   </div>
   <div class='ocr_carea' id='block_1_102' title="bbox 1977 4418 3566 4494">
    <p class='ocr_par' dir='ltr' id='par_1_102' title="bbox 1977 4418 3566 4494">
     <span class='ocr_line' id='line_1_102' title="bbox 1977 4418 3566 4494; baseline 0.004 -22"><span class='ocrx_word' id='word_1_705' title='bbox 1977 4418 2248 4489; x_wconf 87' lang='lat' dir='ltr'><strong>episcopi,</strong></span> <span class='ocrx_word' id='word_1_706' title='bbox 2284 4420 2470 4476; x_wconf 82' lang='lat' dir='ltr'><strong>verbis</strong></span> <span class='ocrx_word' id='word_1_707' title='bbox 2497 4426 2552 4475; x_wconf 89' lang='lat' dir='ltr'><strong>et</strong></span> <span class='ocrx_word' id='word_1_708' title='bbox 2587 4420 2881 4476; x_wconf 87' lang='lat' dir='ltr'><strong>virtutibus</strong></span> <span class='ocrx_word' id='word_1_709' title='bbox 2914 4423 3112 4477; x_wconf 88' lang='lat' dir='ltr'><strong>ornati.</strong></span> <span class='ocrx_word' id='word_1_710' title='bbox 3155 4419 3293 4477; x_wconf 90' lang='lat' dir='ltr'><strong>Sunt</strong></span> <span class='ocrx_word' id='word_1_711' title='bbox 3320 4423 3566 4494; x_wconf 82' lang='lat' dir='ltr'><strong>reliquie</strong></span> 
     </span>
    </p>
   </div>
   <div class='ocr_carea' id='block_1_103' title="bbox 1979 4508 3568 4584">
    <p class='ocr_par' dir='ltr' id='par_1_103' title="bbox 1979 4508 3568 4584">
     <span class='ocr_line' id='line_1_103' title="bbox 1979 4508 3568 4584; baseline 0.003 -17"><span class='ocrx_word' id='word_1_712' title='bbox 1979 4510 2121 4567; x_wconf 86' lang='lat' dir='ltr'><strong>beati</strong></span> <span class='ocrx_word' id='word_1_713' title='bbox 2150 4508 2395 4579; x_wconf 89' lang='lat' dir='ltr'><strong>Geraldi,</strong></span> <span class='ocrx_word' id='word_1_714' title='bbox 2422 4512 2478 4567; x_wconf 89' lang='lat' dir='ltr'><strong>in</strong></span> <span class='ocrx_word' id='word_1_715' title='bbox 2503 4511 2693 4568; x_wconf 82' lang='lat' dir='ltr'><strong>habitu</strong></span> <span class='ocrx_word' id='word_1_716' title='bbox 2713 4512 3043 4568; x_wconf 84' lang='lat' dir='ltr'><strong>Christiane</strong></span> <span class='ocrx_word' id='word_1_717' title='bbox 3067 4512 3345 4584; x_wconf 84' lang='lat' dir='ltr'><strong>religionis</strong></span> <span class='ocrx_word' id='word_1_718' title='bbox 3370 4516 3535 4571; x_wconf 89' lang='lat' dir='ltr'><strong>multi</strong></span> <span class='ocrx_word' id='word_1_719' title='bbox 3556 4548 3568 4556; x_wconf 91' lang='lat'><strong>-</strong></span> 
     </span>
    </p>
   </div>
   <div class='ocr_carea' id='block_1_104' title="bbox 1979 4601 3571 4679">
    <p class='ocr_par' dir='ltr' id='par_1_104' title="bbox 1979 4601 3571 4679">
     <span class='ocr_line' id='line_1_104' title="bbox 1979 4601 3571 4679; baseline 0.004 -23"><span class='ocrx_word' id='word_1_720' title='bbox 1979 4601 2142 4673; x_wconf 84' lang='lat' dir='ltr'><strong>plicia</strong></span> <span class='ocrx_word' id='word_1_721' title='bbox 2188 4602 2418 4673; x_wconf 88' lang='lat' dir='ltr'><strong>operati.</strong></span> <span class='ocrx_word' id='word_1_722' title='bbox 2465 4602 2608 4658; x_wconf 90' lang='lat' dir='ltr'><strong>Sunt</strong></span> <span class='ocrx_word' id='word_1_723' title='bbox 2647 4603 2892 4674; x_wconf 86' lang='lat' dir='ltr'><strong>reliquie</strong></span> <span class='ocrx_word' id='word_1_724' title='bbox 2929 4604 3103 4661; x_wconf 88' lang='lat' dir='ltr'><strong>sancti</strong></span> <span class='ocrx_word' id='word_1_725' title='bbox 3147 4602 3378 4661; x_wconf 81' lang='lat' dir='ltr'><strong>Firmini</strong></span> <span class='ocrx_word' id='word_1_726' title='bbox 3425 4607 3571 4679; x_wconf 91' lang='lat' dir='ltr'><strong>apud</strong></span> 
     </span>
    </p>
   </div>
   <div class='ocr_carea' id='block_1_105' title="bbox 1987 4692 3573 4768">
    <p class='ocr_par' dir='ltr' id='par_1_105' title="bbox 1987 4692 3573 4768">
     <span class='ocr_line' id='line_1_105' title="bbox 1987 4692 3573 4768; baseline 0.004 -21"><span class='ocrx_word' id='word_1_727' title='bbox 1987 4692 2232 4749; x_wconf 83' lang='lat' dir='ltr'><strong>Uzetiam</strong></span> <span class='ocrx_word' id='word_1_728' title='bbox 2275 4698 2565 4753; x_wconf 87' lang='lat' dir='ltr'><strong>sanctitate</strong></span> <span class='ocrx_word' id='word_1_729' title='bbox 2606 4707 2660 4753; x_wconf 91' lang='lat' dir='ltr'><strong>ct</strong></span> <span class='ocrx_word' id='word_1_730' title='bbox 2707 4696 2968 4768; x_wconf 77' lang='lat' dir='ltr'><strong>patientia</strong></span> <span class='ocrx_word' id='word_1_731' title='bbox 3004 4710 3067 4751; x_wconf 90' lang='lat' dir='ltr'><strong>ac</strong></span> <span class='ocrx_word' id='word_1_732' title='bbox 3110 4695 3213 4750; x_wconf 82' lang='lat' dir='ltr'><strong>ﬁde</strong></span> <span class='ocrx_word' id='word_1_733' title='bbox 3252 4698 3573 4755; x_wconf 81' lang='lat' dir='ltr'><strong>laudabilis.</strong></span> 
     </span>
    </p>
   </div>
   <div class='ocr_carea' id='block_1_106' title="bbox 1986 4783 3582 4860">
    <p class='ocr_par' dir='ltr' id='par_1_106' title="bbox 1986 4783 3582 4860">
     <span class='ocr_line' id='line_1_106' title="bbox 1986 4783 3582 4860; baseline 0.001 -19"><span class='ocrx_word' id='word_1_734' title='bbox 1986 4783 2127 4842; x_wconf 85' lang='lat' dir='ltr'><strong>Sunt</strong></span> <span class='ocrx_word' id='word_1_735' title='bbox 2145 4787 2391 4858; x_wconf 82' lang='lat' dir='ltr'><strong>reliquie</strong></span> <span class='ocrx_word' id='word_1_736' title='bbox 2412 4795 2616 4845; x_wconf 82' lang='lat' dir='ltr'><strong>sancte</strong></span> <span class='ocrx_word' id='word_1_737' title='bbox 2636 4788 2878 4859; x_wconf 80' lang='lat' dir='ltr'><strong>Agnetis,</strong></span> <span class='ocrx_word' id='word_1_738' title='bbox 2904 4803 3027 4860; x_wconf 82' lang='lat' dir='ltr'><strong>que</strong></span> <span class='ocrx_word' id='word_1_739' title='bbox 3047 4787 3264 4857; x_wconf 86' lang='lat' dir='ltr'><strong>ignibus</strong></span> <span class='ocrx_word' id='word_1_740' title='bbox 3297 4789 3502 4859; x_wconf 86' lang='lat' dir='ltr'><strong>injecta</strong></span> <span class='ocrx_word' id='word_1_741' title='bbox 3530 4800 3582 4844; x_wconf 74' lang='lat' dir='ltr'><strong>ct</strong></span> 
     </span>
    </p>
   </div>
   <div class='ocr_carea' id='block_1_107' title="bbox 1984 4876 3585 4954">
    <p class='ocr_par' dir='ltr' id='par_1_107' title="bbox 1984 4876 3585 4954">
     <span class='ocr_line' id='line_1_107' title="bbox 1984 4876 3585 4954; baseline -0.001 -20"><span class='ocrx_word' id='word_1_742' title='bbox 1984 4879 2175 4934; x_wconf 71' lang='lat' dir='ltr'><strong>Rome</strong></span> <span class='ocrx_word' id='word_1_743' title='bbox 2203 4880 2307 4935; x_wconf 90' lang='lat' dir='ltr'><strong>sub</strong></span> <span class='ocrx_word' id='word_1_744' title='bbox 2340 4876 2709 4954; x_wconf 85' lang='lat' dir='ltr'><strong>Symphronio</strong></span> <span class='ocrx_word' id='word_1_745' title='bbox 2745 4878 2928 4949; x_wconf 85' lang='lat' dir='ltr'><strong>gladio</strong></span> <span class='ocrx_word' id='word_1_746' title='bbox 2957 4886 3044 4935; x_wconf 85' lang='lat' dir='ltr'><strong>est</strong></span> <span class='ocrx_word' id='word_1_747' title='bbox 3072 4892 3357 4947; x_wconf 88' lang='lat' dir='ltr'><strong>percussa.</strong></span> <span class='ocrx_word' id='word_1_748' title='bbox 3390 4876 3585 4937; x_wconf 80' lang='lat' dir='ltr'><strong>Insunt</strong></span> 
     </span>
    </p>
   </div>
   <div class='ocr_carea' id='block_1_108' title="bbox 1985 4971 3594 5045">
    <p class='ocr_par' dir='ltr' id='par_1_108' title="bbox 1985 4971 3594 5045">
     <span class='ocr_line' id='line_1_108' title="bbox 1985 4971 3594 5045; baseline -0.002 -18"><span class='ocrx_word' id='word_1_749' title='bbox 1985 4971 2231 5042; x_wconf 79' lang='lat' dir='ltr'><strong>reliquie</strong></span> <span class='ocrx_word' id='word_1_750' title='bbox 2256 4985 2466 5032; x_wconf 83' lang='lat' dir='ltr'><strong>sancte</strong></span> <span class='ocrx_word' id='word_1_751' title='bbox 2489 4972 2715 5044; x_wconf 79' lang='lat' dir='ltr'><strong>Agathe</strong></span> <span class='ocrx_word' id='word_1_752' title='bbox 2740 4971 2995 5044; x_wconf 82' lang='lat' dir='ltr'><strong>virginis,</strong></span> <span class='ocrx_word' id='word_1_753' title='bbox 3022 4985 3144 5040; x_wconf 77' lang='lat' dir='ltr'><strong>quae</strong></span> <span class='ocrx_word' id='word_1_754' title='bbox 3168 4981 3293 5040; x_wconf 85' lang='lat' dir='ltr'><strong>post</strong></span> <span class='ocrx_word' id='word_1_755' title='bbox 3321 4974 3509 5045; x_wconf 86' lang='lat' dir='ltr'><strong>alapas</strong></span> <span class='ocrx_word' id='word_1_756' title='bbox 3537 4979 3594 5025; x_wconf 78' lang='lat' dir='ltr'><strong>ct</strong></span> 
     </span>
    </p>
   </div>
   <div class='ocr_carea' id='block_1_109' title="bbox 1983 5065 3595 5136">
    <p class='ocr_par' dir='ltr' id='par_1_109' title="bbox 1983 5065 3595 5136">
     <span class='ocr_line' id='line_1_109' title="bbox 1983 5065 3595 5136; baseline -0.001 -16"><span class='ocrx_word' id='word_1_757' title='bbox 1983 5078 2285 5131; x_wconf 75' lang='lat' dir='ltr'><strong>carcerem,</strong></span> <span class='ocrx_word' id='word_1_758' title='bbox 2310 5077 2438 5135; x_wconf 91' lang='lat' dir='ltr'><strong>post</strong></span> <span class='ocrx_word' id='word_1_759' title='bbox 2458 5068 2753 5136; x_wconf 87' lang='lat' dir='ltr'><strong>equuleum</strong></span> <span class='ocrx_word' id='word_1_760' title='bbox 2783 5074 2837 5118; x_wconf 92' lang='lat' dir='ltr'><strong>et</strong></span> <span class='ocrx_word' id='word_1_761' title='bbox 2858 5065 3147 5125; x_wconf 87' lang='lat' dir='ltr'><strong>tortiones,</strong></span> <span class='ocrx_word' id='word_1_762' title='bbox 3175 5077 3301 5132; x_wconf 92' lang='lat' dir='ltr'><strong>post</strong></span> <span class='ocrx_word' id='word_1_763' title='bbox 3319 5066 3595 5122; x_wconf 87' lang='lat' dir='ltr'><strong>mamilla—</strong></span> 
     </span>
    </p>
   </div>
   <div class='ocr_carea' id='block_1_110' title="bbox 1986 5142 3597 5229">
    <p class='ocr_par' dir='ltr' id='par_1_110' title="bbox 1986 5142 3597 5229">
     <span class='ocr_line' id='line_1_110' title="bbox 1986 5142 3597 5229; baseline -0.003 -17"><span class='ocrx_word' id='word_1_764' title='bbox 1986 5160 2114 5212; x_wconf 76' lang='lat' dir='ltr'><strong>rum</strong></span> <span class='ocrx_word' id='word_1_765' title='bbox 2150 5142 2584 5221; x_wconf 73' lang='lat' dir='ltr'><strong>abscissionem,</strong></span> <span class='ocrx_word' id='word_1_766' title='bbox 2623 5165 2750 5229; x_wconf 87' lang='lat' dir='ltr'><strong>post</strong></span> <span class='ocrx_word' id='word_1_767' title='bbox 2779 5155 3174 5214; x_wconf 83' lang='lat' dir='ltr'><strong>volutationem</strong></span> <span class='ocrx_word' id='word_1_768' title='bbox 3210 5153 3268 5207; x_wconf 90' lang='lat' dir='ltr'><strong>in</strong></span> <span class='ocrx_word' id='word_1_769' title='bbox 3300 5158 3514 5213; x_wconf 88' lang='lat' dir='ltr'><strong>testulis</strong></span> <span class='ocrx_word' id='word_1_770' title='bbox 3541 5161 3597 5211; x_wconf 91' lang='lat' dir='ltr'><strong>et</strong></span> 
     </span>
    </p>
   </div>
   <div class='ocr_carea' id='block_1_111' title="bbox 1986 5240 3594 5330">
    <p class='ocr_par' dir='ltr' id='par_1_111' title="bbox 1986 5240 3594 5314">
     <span class='ocr_line' id='line_1_111' title="bbox 1986 5240 3594 5314; baseline -0.001 -12"><span class='ocrx_word' id='word_1_771' title='bbox 1986 5240 2323 5302; x_wconf 70' lang='lat' dir='ltr'><strong>carbonibus</strong></span> <span class='ocrx_word' id='word_1_772' title='bbox 2343 5291 2358 5314; x_wconf 94' lang='lat'><strong>,</strong></span> <span class='ocrx_word' id='word_1_773' title='bbox 2387 5250 2441 5305; x_wconf 91' lang='lat' dir='ltr'><strong>in</strong></span> <span class='ocrx_word' id='word_1_774' title='bbox 2469 5262 2693 5304; x_wconf 86' lang='lat' dir='ltr'><strong>carcere</strong></span> <span class='ocrx_word' id='word_1_775' title='bbox 2722 5252 3109 5304; x_wconf 68' lang='lat' dir='ltr'><strong>consummata</strong></span> <span class='ocrx_word' id='word_1_776' title='bbox 3148 5251 3253 5298; x_wconf 89' lang='lat' dir='ltr'><strong>est.</strong></span> <span class='ocrx_word' id='word_1_777' title='bbox 3299 5245 3439 5303; x_wconf 89' lang='lat' dir='ltr'><strong>Sunt</strong></span> <span class='ocrx_word' id='word_1_778' title='bbox 3455 5248 3594 5302; x_wconf 67' lang='lat' dir='ltr'><strong>&#39;rrli-</strong></span> 
     </span>
    </p>
   </div>
  </div>
