4038 6388
544 275 674 351 last

1614 244 1891 332 mea
1927 243 2236 330 nessem
2271 271 2723 357 consensis.

3636 272 3820 328 "1452

486 395 499 410 ⁴
540 386 677 444 sime
704 387 760 443 in
790 387 1021 461 equuleo
1052 376 1317 459 suspensa
1347 396 1402 442 et
1421 364 1770 459 exungulata,
1801 388 1997 444 faculis
2025 405 2117 444 ar-
2146 393 2197 450 Α
2218 403 2344 443 rum
2363 387 2432 467 ab
2472 388 2625 442 intus
2655 384 2856 467 Filium
2878 366 3123 443 hominis
3148 382 3202 438 in
3222 383 3437 453 spiritu
3470 383 3655 454 gloria

483 490 515 511 ν
539 480 794 537 dentibus
840 472 908 536 ex
953 468 1185 551 utroque
1236 482 1403 536 latere
1455 480 1717 550 appositis
1757 480 1957 536 hausto
1999 480 2124 551 igne

544 573 797 645 spiritum
819 572 1015 640 reddit,
1047 573 1190 646 apud
1212 571 1509 627 Emeritam
1530 569 1822 642 Hispaniae.
1840 570 1979 626 Sunt
1998 571 2125 626 reli-

510 665 686 737 ‘quim
712 673 914 721 sanctae
949 664 1233 719 Leocadiae
1264 663 1512 734 virginis,
1541 677 1663 732 quae
1686 663 1828 733 apud
1852 662 2122 729 Toletum,

522 758 662 813 dira
692 757 932 813 carceris
960 755 1242 823 custodia,
1274 754 1503 826 genibus
1530 754 1587 808 in
1615 755 1861 810 oratione
1898 753 2123 824 positis,

542 853 890 924 impollutum
933 851 1154 907 Christo
1190 850 1445 921 spiritum
1489 847 1731 927 tradidit.
1773 847 1966 903 Insunt
1997 847 2127 903 reli-

542 948 687 1015 quiae
734 938 937 1003 sanctis
976 944 1200 1000 Eulaliae
1236 937 1528 1013 martyris,
1553 931 1692 1010 "qua:
1728 955 1889 1010 passa
1913 948 1998 996 est
2023 939 2126 996 sub

544 1032 787 1095 Dac‘iano
813 1039 866 1092 in
898 1038 1113 1094 civitate
1134 1025 1500 1092 Harcb'i'nona.
1752 1104 1758 1111 '
2084 1090 2089 1095 .

521 1141 525 1145 '
608 1114 768 1185 Hanc
792 1124 921 1201 ergo
960 1124 1293 1209 Ecclesiam,
1316 1136 1441 1199 post
1468 1124 1833 1209 evolutioneni
1856 1112 2125 1207 ‘octu'age-

547 1222 673 1277 simi
702 1222 918 1292 septimi
945 1222 1104 1287 anni,
1135 1204 1651 1276 aediﬁcationis'sute
1677 1214 1731 1272 et
1755 1216 1970 1272 Domini
1993 1204 2124 1270 Jesu

516 1314 529 1329 ’
544 1314 748 1369 Christi
773 1330 804 1369 a
842 1312 1133 1369 Nativitate
1154 1308 1428 1368 millesimi
1445 1310 1853 1389 quadragesimi
1880 1307 2121 1380 regebat,

546 1407 719 1462 nostri
756 1403 944 1462 saeculi
978 1406 1202 1461 laudum
1232 1405 1391 1461 titulo
1421 1403 1745 1476 praeclarus,
1770 1401 1895 1456 vitm
1918 1416 1983 1455 ac
2003 1414 2125 1453 mo-

515 1490 668 1554 ”rum
696 1499 966 1569 probitate
1002 1500 1216 1554 cunctis
1237 1494 1460 1563 charus,
1478 1487 1785 1551 eruditione
1814 1495 2050 1565 ﬁliorum
2071 1500 2128 1548 et

546 1592 719 1662 gratia
750 1580 1032 1667 maximus
1057 1586 1239 1659 Oliva,
1272 1585 1601 1646 soliditatem
1629 1578 1844 1650 [sanctae
1868 1585 1994 1642 ﬁdei
2032 1600 2126 1640 ve-

546 1686 742 1741 iaciter
772 1694 963 1740 tenens
1030 1693 1085 1740 et
1118 1686 1172 1739 in
1214 1684 1429 1739 sincera
1459 1683 1645 1738 cordis
1686 1680 1973 1736 devotione
2007 1669 2124 1735 am-

519 1767 805 1845 plectens.
823 1760 1007 1831 Voluit
1032 1770 1228 1847 pignus
1255 1770 1612 1831 humanitatis
1638 1773 1856 1829 Domini
1875 1771 2050 1829 nostri
2071 1780 2126 1828 et

520 1867 823 1945 'tantorum
843 1868 1083 1923 ﬁdelium
1105 1870 1224 1939 ejus
1246 1853 1433 1924 oculis.
1444 1866 1660 1922 carneis
1680 1857 1975 1947 ponderari
1990 1883 2013 1944 ;_
2031 1865 2126 1920 sed

438 2001 450 2011 .
525 1944 858 2016 'ronstruxit
887 1945 1357 2030 propitiatorium,
1387 1967 1450 2015 ut
1484 1948 1678 2014 beatus
1715 1944 1929 2029 Moyses
1962 1972 2128 2027 super

547 2051 735 2117 altare,
770 2050 965 2106 artiﬁci
993 2051 1307 2123 magisterio
1327 2093 1342 2118 ,
1365 2066 1430 2105 ac
1460 2044 1739 2106 felicitatis
1772 2062 2024 2118 compos;
2057 2045 2127 2124 ad

526 2154 530 2158 ‘
549 2142 921 2199 contuendum
946 2132 1318 2199 universitatis
1337 2134 1507 2197 Deum
1523 2183 1538 2207 ,
1561 2150 1623 2197 ut
1644 2124 1976 2212 condignum
2002 2137 2124 2204 fuit,

532 2233 684 2287 'tanti
712 2232 927 2289 decoris
972 2234 1103 2289 illud
1135 2216 1407 2304 disposuit
1436 2240 1497 2287 ut
1523 2228 1666 2288 oculi
1703 2215 2030 2286 intuentium
2069 2218 2126 2284 in

538 2328 669 2399 ejus
709 2329 891 2400 specie
926 2328 1017 2385 vix
1056 2318 1405 2384 satiarentur.
1450 2311 1649 2392 Bases,
1687 2316 1945 2407 inquam,
1971 2323 2126 2405 juxta

530 2420 714 2474 ‘unius
742 2419 980 2474 hominis
1010 2419 1282 2475 incessum
1307 2426 1539 2490 quatuor
1562 2433 1594 2472 a
1616 2407 1762 2472 calce
1782 2404 1972 2487 procul
1992 2404 2128 2470 alta-

548 2507 627 2561 ris
638 2507 837 2578 posuit,
856 2508 1189 2579 totidemque
1200 2509 1485 2563 columnas
1505 2523 1536 2564 e
1548 2522 1821 2562 marmore
1838 2505 2127 2562 rubicundi

549 2601 749 2657 coloris
769 2617 800 2656 e
830 2602 1201 2673 singularibus
1220 2600 1367 2658 saxis
1389 2601 1446 2655 in
1466 2601 1693 2672 pedibus
1715 2606 1919 2669 septem
1935 2598 2128 2653 volun-

549 2694 689 2749 taria
719 2693 1039 2749 fortitudine
1061 2694 1267 2760 erexit,
1289 2693 1543 2764 explicite
1578 2693 1632 2747 in
1667 2692 1891 2748 oraculo
1915 2689 2125 2745 Cheru-

548 2784 659 2838 bim
700 2785 885 2857 gloriae
921 2784 1334 2839 obrumbrantia
1372 2798 1541 2841 sacra;
1592 2780 1954 2837 venerationis
1991 2780 2127 2850 ﬁgu-

548 2890 709 2940 rans,
761 2884 816 2929 ct
863 2876 917 2929 in
965 2874 1235 2930 columnis
1276 2883 1574 2946 martyrum
1605 2873 1833 2943 gloriam
1856 2886 2128 2943 praemon-

550 2972 754 3019 strans.
809 2964 913 3031 Qui
963 2964 1210 3034 corporis
1249 2964 1504 3033 passione
1542 2962 1861 3029 rubicundi,
1901 2961 2126 3031 spiritus

550 3057 783 3128 puritate
817 3051 1035 3113 candidi
1066 3052 1162 3127 per
1193 3052 1395 3111 undam
1422 3043 1768 3127 baptismatis
1790 3055 1877 3111 vel
1909 3054 2123 3111 cruoris

550 3150 633 3205 sui
678 3160 947 3205 venerunt
983 3148 1051 3206 ad
1100 3149 1436 3205 incrementa
1493 3136 1712 3221 frugum
1736 3147 1965 3227 justitiae
1995 3145 2121 3227 Dei,

548 3243 944 3315 doctorumque
973 3235 1210 3310 caterva,
1240 3233 1337 3313 qui
1362 3230 1677 3298 constantia
1698 3222 2031 3296 fortitudinis
2044 3224 2131 3296 vel

550 3336 667 3392 zelo
701 3334 1047 3392 rectitudinis
1080 3335 1134 3389 in
1167 3334 1393 3391 basibus
1426 3322 1733 3391 sustentant
1768 3334 1979 3404 plebem
2000 3332 2128 3411 jun-

551 3438 694 3486 ctam
736 3444 952 3485 summo
994 3422 1159 3499 capiti
1194 3427 1248 3482 in
1294 3412 1500 3483 unitate
1539 3426 1682 3482 ﬁdei.
1732 3412 1907 3503 Super
1952 3424 2128 3494 capita

549 3522 716 3577 etiam
744 3518 1144 3588 columnarum,
1166 3528 1228 3576 ut
1249 3520 1542 3576 candorem
1561 3518 1943 3575 ecclesiasticae
1960 3516 2128 3591 casti-

547 3600 680 3671 tatis
725 3601 1117 3686 imprimeret,‘
1151 3628 1215 3668 ac
1243 3594 1607 3683 spiritualium
1636 3609 1935 3682 gratiarum
1971 3607 2130 3663 ﬂores

548 3705 963 3778 proﬁcientibus
983 3704 1195 3760 meritis
1218 3719 1392 3759 vanos
1419 3704 1644 3758 timores
1669 3701 1899 3766 tolleret,
1920 3716 1986 3755 ex
2007 3700 2129 3754 albo

549 3817 827 3859 marmore
851 3788 1097 3872 capitella
1131 3782 1341 3866 statuit,
1367 3786 1552 3876 foliato
1579 3813 1809 3869 corpore
1830 3805 1884 3852 et
1903 3794 2131 3851 ﬁoribus

546 3895 894 3951 diversarum
919 3886 1162 3949 modum.
1198 3891 1442 3962 Desuper
1463 3899 1643 3946 autem
1662 3932 1677 3956 ,
1712 3898 1773 3945 ut
1798 3888 1932 3943 ordo
1959 3888 2129 3942 habe—

549 3987 649 4042 bat
670 4025 688 4054 ,
724 3986 791 4042 de
821 3979 984 4056 lignis
1021 3968 1184 4042 sectis
1224 3984 1281 4064 in
1321 3992 1551 4054 utraque
1582 3968 1735 4053 parte
1766 3979 2131 4052 propitiatorii

551 4086 745 4133 contra
784 4092 843 4133 se
880 4069 1111 4133 invicem
1150 4076 1355 4147 positas
1388 4076 1673 4152 columnas
1718 4074 1979 4129 habentes
2019 4081 2132 4128 tres

553 4169 907 4225 scmicubitos
927 4153 1226 4224 ambientes
1244 4182 1404 4222 arcus
1424 4166 1562 4222 infra
1583 4166 1962 4237 juncturasvel
1983 4172 2131 4221 secto

552 4270 608 4315 ct
647 4250 857 4315 serrato
889 4249 1037 4331 ligno
1072 4258 1304 4314 virtutes
1340 4268 1655 4313 sanctorum
1695 4257 1977 4323 innexuit,
2010 4270 2132 4326 quae

552 4343 746 4406 mutuo
770 4342 873 4404 sibi
893 4342 1053 4420 quasi
1078 4350 1147 4405 ad
1174 4334 1442 4405 fenestras
1461 4364 1619 4403 versa
1641 4348 1780 4414 viee,
1807 4348 1944 4405 alter
1972 4348 2026 4403 in
2052 4348 2133 4402 ala

551 4452 674 4496 tero
714 4436 989 4511 proﬁcuOs
1018 4432 1227 4497 fructus
1254 4440 1308 4495 in
1339 4440 1627 4494 arboream
1661 4440 2008 4494 sustollerent
2037 4438 2133 4493 ﬁr-

557 4531 825 4586 mitatem.
871 4528 1018 4587 Inter
1034 4520 1326 4602 juncturas
1358 4538 1540 4585 autem
1574 4545 1736 4586 arcus
1760 4529 1816 4584 in
1844 4530 2134 4599 arcemque

551 4613 816 4678 ascensus
863 4620 1136 4679 fenestras
1165 4623 1221 4677 in
1259 4613 1416 4677 omni
1464 4637 1660 4693 gcnere
1689 4619 1993 4692 specierum
2020 4622 2133 4677 sive

551 4728 777 4784 operum
806 4715 1151 4771 multitudine
1168 4700 1606 4786 diligentissima,
1643 4714 1855 4785 pictura
1893 4713 2133 4769 variatas

552 4806 872 4861 substravit.
914 4806 1155 4877 Sculpsit
1196 4822 1416 4878 quoque
1455 4805 1511 4861 in
1536 4821 1671 4878 gyro
1697 4822 1795 4883 per
1822 4805 2092 4876 quadrum
2113 4847 2130 4872 ,

548 4898 624 4952 ita
648 4906 711 4953 ut
733 4896 871 4953 facie
892 4898 961 4953 ad
988 4898 1185 4955 faciem
1209 4915 1267 4955 se
1290 4899 1555 4966 viderent,
1584 4898 1793 4955 dolatili
1815 4899 1965 4970 ligno
1988 4898 2130 4953 ima-

549 4990 704 5059 gines
731 4997 967 5060 quatuor
1011 4991 1500 5063 evangelistarum,
1550 4991 1828 5061 subiitque
1857 5005 1953 5047 eos
1988 4988 2132 5067 infra

552 5091 732 5138 status
769 5082 959 5138 forma:
998 5082 1300 5153 superioris
1321 5092 1378 5139 et
1414 5082 1824 5139 reclinationem
1850 5098 2012 5138 arcus
2049 5081 2134 5136 in-

550 5170 789 5243 ferioris,
835 5175 917 5231 sic
967 5184 1025 5229 ut
1071 5184 1327 5245 aspectus
1355 5190 1545 5231 eorum
1588 5174 1642 5229 in
1671 5183 1907 5245 quatuor
1945 5174 2135 5229 mundi

548 5277 733 5336 partes
785 5265 1059 5338 Evangelii
1115 5268 1288 5339 gratia
1341 5267 1717 5334 concordaret,
1780 5267 1963 5322 altiori
2004 5281 2134 5321 vero

555 5359 728 5427 gradu
752 5358 969 5431 Agnum
1006 5374 1199 5414 eorum
1241 5361 1568 5431 aspicerent.
1606 5358 1856 5414 lnteriori
1893 5372 2129 5428 namque

552 5451 782 5531 ambitu,
817 5466 929 5506 non
950 5450 1019 5506 ad
1047 5468 1301 5523 pompam
1318 5460 1373 5509 et
1392 5452 1774 5520 claritudinem
1804 5451 1974 5522 vulgi,
1999 5467 2131 5521 opu-

551 5541 893 5601 lentissimus
924 5547 1145 5616 praesul,
1179 5546 1275 5601 sed
1300 5546 1356 5600 in
1382 5545 1541 5601 laude
1560 5544 1844 5600 duodecim
1863 5545 2134 5614 apostolo-

496 5682 511 5695 ,
551 5648 676 5686 rum
698 5634 936 5702 bonique
963 5636 1179 5691 illorum
1209 5636 1453 5705 Magistri
1478 5637 1734 5692 virtutem
1755 5635 1977 5706 pretiosi
1999 5636 2132 5706 ligni

552 5725 774 5811 ordines
802 5740 903 5782 xm
939 5727 1144 5797 adﬁxit,
1174 5738 1235 5787 ut
1257 5729 1488 5801 apostoli
1523 5729 1664 5785 inter
1693 5729 1917 5785 semitas
1948 5728 2129 5798 justo-
2161 5764 2171 5773 .

2166 4475 2208 4529 D

2187 549 2192 554 ν
2228 463 2667 544 illustrarent,ac
2691 484 2881 531 sancta
2902 474 3161 530 animalia
3180 474 3425 529 exterius
3449 474 3663 544 Agnum
3685 459 3819 551 Dei,

2194 586 2322 641 per
2355 578 2552 626 cuncta
2596 576 2875 638 tempora,
2920 567 2976 621 in
3020 581 3127 621 una
3160 565 3537 622 dominatione
3567 575 3817 623 stantem

2190 653 2199 739 ξ
2224 647 2549 732 proferrent,
2577 668 2632 714 et
2660 660 2810 714 intus
2831 658 2915 713 vel
2942 656 3077 713 foris
3098 657 3286 711 aeterni
3315 654 3478 728 Regis
3501 657 3743 712 tribunal
3757 670 3818 712 et

2225 754 2426 809 solium
2455 752 2701 826 mysterii
2734 749 3162 829 revelationibus
3188 748 3534 833 familiariter
3571 749 3818 833 adorna-

2196 836 2375 911 'rent,
2412 835 2575 914 atque
2607 843 2697 914 pia
2725 826 3272 898 muneraofferentes
3300 839 3353 895 in
3375 826 3611 897 "Christo
3632 826 3815 896 unum

2194 920 2208 1014 ί
2225 932 2427 1007 corpus
2446 922 2739 990 efﬁcerent.
2842 989 2846 993 ,

2202 1102 2210 1109 ,
2296 1047 2525 1104 Omnem
2554 1048 2720 1129 enim.
2748 1047 3038 1121 materiam
3082 1045 3415 1103 intrinsecus
3447 1054 3503 1101 et
3530 1046 3817 1102 extrinse-

2200 1152 2324 1199 ,cus
2369 1138 2426 1192 in
2479 1152 2764 1207 proceram
2819 1135 3200 1211 celsitudinem
3255 1134 3386 1191 fecit
3439 1149 3699 1206 surgere,
3755 1144 3819 1192 et

2204 1228 2481 1309 :manibus
2502 1228 2775 1284 artiﬁcum
2801 1227 2994 1284 faciem
3017 1227 3361 1299 angulosque
3385 1228 3467 1283 sic
3487 1228 3810 1291 exornavit,

2204 1329 2288 1386 _ut
2316 1335 2590 1399 nusquam
2615 1320 2875 1389 iunctura
2922 1320 3138 1390 paginis
3187 1328 3493 1390 appareret.
3519 1318 3643 1393 Ipse
3667 1336 3818 1391 quo-

2206 1425 2334 1490 .que
2361 1402 2998 1493 jampridemspatium
3041 1413 3209 1483 quod
3239 1413 3418 1469 fuerat
3462 1423 3591 1485 post
3638 1415 3815 1472 altare

2207 1500 2520 1580 venerandi
2548 1500 2830 1575 Michaelis
2853 1511 3173 1573 argumento
3195 1511 3250 1558 et
3277 1504 3651 1560 muniﬁcentia
3686 1506 3813 1559 sin-

2228 1593 2405 1663 gulari
2434 1585 2722 1663 amplexus
2748 1602 2854 1661 est,
2871 1603 2925 1649 et
2954 1595 3215 1665 disposite
3239 1596 3294 1650 in
3314 1605 3563 1653 sanctum
3591 1596 3813 1652 Βοωϋί

2228 1695 2368 1754 opus
2402 1697 2433 1736 a
2460 1680 2599 1762 foris
2625 1670 2792 1753 super
2836 1683 3133 1758 reverenda
3161 1669 3465 1755 martyrum
3513 1683 3813 1750 Valentini,

2156 1746 2197 1806 Β
2225 1746 2586 1855 Flamidiani,
2618 1746 2782 1845 auius
2827 1746 3162 1859 confessoris
3204 1746 3425 1859 Naiarii
3470 1790 3701 1848 corpora
3744 1746 3815 1833 ad

2210 1865 2406 1949 rlocum
2429 1882 2577 1921 nunc
2594 1856 2860 1937 condigne
2885 1858 3231 1943 venerantur,
3261 1856 3496 1939 pulchro
3523 1879 3578 1925 et
3610 1879 3819 1925 ornato

2227 1972 2391 2026 opere
2414 1957 2587 2035 beatae
2619 1958 2900 2028 genitricis
2934 1947 3120 2014 Maria:
3143 1968 3198 2015 et
3235 1961 3689 2030 arcbangelorum
3715 1959 3816 2015 Dei

2226 2050 2283 2104 in
2320 2059 2569 2125 crypta,
2611 2067 2734 2123 quae
2785 2051 2854 2107 ad
2897 2038 3229 2131 Praesepium
3260 2055 3488 2123 dicitur,
3530 2058 3821 2112 exstruxit

2213 2130 2539 2219 ecclesiam,
2563 2141 2637 2196 ita
2661 2152 2722 2197 ut
2753 2158 2821 2197 ex
2847 2150 3082 2213 utroque
3110 2141 3352 2213 Virginis
3400 2144 3569 2199 latere
3605 2147 3816 2200 summi

2214 2218 2321 2309 ’Βρί
2356 2233 2569 2308 angeli,
2601 2241 2768 2289 tanta:
2791 2234 2887 2290 Dei
2912 2233 3103 2310 Matris
3126 2235 3363 2306 gloriam
3394 2235 3657 2291 laudibus
3694 2238 3818 2291 sive

2226 2322 2457 2390 meritis,
2483 2325 2539 2378 in
2577 2324 2904 2395 obsequium
2934 2341 3090 2381 novae
3139 2327 3512 2393 salutationis,-
3543 2342 3578 2381 a
3603 2328 3818 2383 dextris

2226 2415 2368 2485 ejus,
2413 2415 2633 2472 Gabriel
2673 2426 2999 2488 conceptum
3042 2426 3234 2489 partus
3279 2420 3517 2486 nuntiet;
3552 2436 3621 2475 ac
3665 2436 3699 2479 a
3741 2421 3819 2475 si-

2215 2508 2418 2572 nistris
2470 2508 2752 2580 virginalis
2801 2509 2985 2583 gloria:
3031 2511 3426 2579 plenitudinem
3490 2512 3819 2581 splendidus

2227 2596 2467 2667 Raphael
2517 2597 2763 2671 afﬁrmet.
2811 2598 2892 2653 Ad
2927 2598 3092 2669 pedes
3142 2600 3341 2665 etiam,
3394 2616 3493 2656 seu
3553 2601 3613 2655 in
3657 2601 3816 2664 sinu,

2227 2705 2395 2745 causa
2447 2688 2745 2747 famulatus
2796 2691 3198 2762 circumsepsit,
3229 2699 3299 2767 et
3327 2693 3463 2751 hinc.
3488 2693 3621 2748 inde
3668 2707 3821 2747 mar-

2225 2790 2371 2853 tyres
2416 2782 2815 2858 sepelivit,qui
2861 2783 2928 2839 de
2957 2799 3016 2839 se
3065 2784 3152 2852 vel
3211 2784 3595 2855 languentium
3640 2785 3820 2839 salute

2220 2872 2510 2951 dicerent:
2564 2892 2584 2926 ‹
2628 2872 2792 2941 Ecce,
2834 2874 2939 2930 iste
2980 2874 3159 2941 Deus,
3211 2873 3478 2931 fortitudo
3526 2885 3746 2930 nostra.
3793 2895 3811 2926 ι

2222 2962 2270 3031 Α
2293 2962 2433 3020 facie
2469 2973 2652 3021 autem
2676 2964 2919 3036 Regium,
2963 2972 3026 3021 ut
3071 2950 3442 3025 est'terribilis
3490 2976 3559 3022 ac
3591 2965 3817 3021 divinus

2224 3052 2471 3122 Michael,
2490 3066 2749 3127 tanquam
2777 3057 2844 3113 ad
2867 3058 3156 3115 tuitionem
3182 3058 3268 3113 sui
3292 3057 3490 3117 Filium
3515 3067 3651 3113 ante
3674 3069 3815 3113 tem-

2228 3146 2361 3219 pora
2386 3159 2578 3205 natum
2602 3150 2854 3206 ﬁdelibus
2873 3158 2929 3227 et
2956 3150 3215 3225 omnibus
3260 3151 3339 3213 ad.
3362 3162 3421 3206 se
3462 3150 3816 3204 venientibus

2228 3240 2531 3317 assignavit
2567 3238 2799 3296 dicens:
2839 3239 3126 3295 Invenietis
3186 3241 3450 3320 infantem
3493 3242 3697 3309 pannis
3742 3241 3818 3293 in-

2228 3326 2463 3382 volutum
2487 3335 2537 3382 et
2561 3328 2796 3399 positum
2827 3329 2884 3382 in
2929 3328 3183 3399 praesepio
3219 3328 3373 3399 (Lup.
3403 3345 3468 3393 η,
3498 3329 3631 3399 i2):
3678 3328 3817 3400 Ergo

2228 3424 2290 3472 ut
2318 3417 2665 3497 Altitonanti~
2693 3417 2942 3495 decentia
2994 3419 3053 3473 in
3093 3434 3255 3495 verre
3282 3418 3407 3473 ﬁdei
3460 3418 3815 3476 confessione

2228 3511 2424 3568 domus
2454 3510 2760 3582 possideret
2807 3519 3117 3585 maternum
3162 3520 3372 3583 partus,
3402 3517 3460 3565 et
3483 3511 3543 3565 in
3588 3528 3697 3567 suo
3724 3528 3816 3567 or-

2229 3601 2376 3680 dine,
2405 3587 2565 3674 quasi
2593 3601 2661 3657 ad
2691 3601 2927 3680 cilicium
2954 3600 3197 3676 Virginis
3217 3642 3233 3666 ,
3283 3610 3607 3656 sanctorum
3647 3602 3818 3659 decus

2230 3678 2350 3749 loco
2394 3692 2637 3748 infcriori
2670 3678 2924 3763 praztulit,
2950 3701 3005 3748 et
3053 3693 3122 3748 ad
3168 3692 3348 3746 instar
3373 3692 3580 3763 regalis
3610 3694 3816 3757 throni,

2231 3801 2342 3840 non
2399 3801 2576 3865 usque
2620 3786 2689 3841 ad
2741 3801 3018 3848 summum
3054 3784 3237 3854 templi
3280 3785 3669 3854 pinnaculum,
3727 3789 3817 3841 sed

2225 3866 2383 3950 juxta
2414 3862 2728 3933 mensuram
2755 3878 2917 3948 spatii
2944 3876 3075 3932 fecit
3103 3877 3447 3933 caenaculum
3482 3877 3723 3932 maximi
3766 3889 3821 3932 et

2232 3968 2469 4024 mirandi
2514 3968 2717 4038 operis,
2774 3968 2872 4037 qui
2920 3966 3188 4022 divideret
3235 3966 3523 4043 oraculum
3558 3982 3591 4021 a
3646 3966 3819 4037 priori

2231 4066 2383 4130 parte
2411 4056 2617 4127 templi,
2666 4064 2722 4111 et
2774 4056 2849 4111 ibi
2886 4056 3058 4135 beata:
3090 4064 3145 4112 et
3179 4056 3473 4133 individua:
3525 4055 3818 4111 Trinitatis

2230 4138 2440 4205 clarum
2480 4149 2651 4204 altare
2689 4164 2876 4225 coram
2917 4149 3107 4203 multis
3134 4144 3370 4203 testibus
3417 4148 3527 4218 piis
3559 4148 3819 4203 manibus

2230 4241 2529 4307 dedicavit,
2566 4225 2628 4295 ut
2677 4241 2796 4296 vice
2820 4240 2990 4296 Mater
3031 4249 3086 4297 et
3113 4240 3576 4314 Filius‘omnibus
3622 4240 3820 4295 diebus

2231 4333 2658 4403 praedicarentur
2699 4318 2764 4387 ac
2816 4332 3075 4387 continua
3134 4331 3446 4387 laudatione
3495 4331 3817 4386 mortalium

2233 4426 2610 4481 adorarentur.
2658 4425 2761 4480 (ἂιιί
2818 4424 3039 4495 utrique
3097 4414 3249 4496 operi
3312 4434 3375 4480 ut
3424 4426 3821 4482 conﬁtentibus

2235 4517 2570 4588 pmnitentiae
2600 4517 3088 4573 sanctiﬁcationem
3133 4518 3305 4583 daret,
3334 4518 3477 4572 bono
3527 4517 3727 4573 ordine
3751 4517 3820 4572 ad

2235 4598 2554 4663 sanctorum
2577 4608 2810 4679 pignora
2836 4607 2905 4662 ab
2935 4607 3084 4662 intus
3123 4598 3240 4662 tuta
3275 4607 3543 4676 praemisit
3592 4606 3820 4669 ostiola.

2235 4708 2295 4754 ut
2317 4699 2575 4755 omnibus
2599 4688 2785 4755 essent
2806 4699 2860 4753 in
2883 4715 3076 4764 unum,
3106 4699 3201 4768 qui
3225 4698 3329 4754 soli
3359 4696 3468 4752 Deo
3507 4698 3562 4751 in
3587 4698 3823 4767 praetr

2232 4791 2311 4847 ris
2333 4791 2573 4869 praemiis
2597 4799 2683 4847 est
2728 4788 3158 4859 manifestatum.
3188 4789 3271 4844 Ad
3324 4788 3622 4843 videndum
3654 4789 3825 4859 igitur

2237 4882 2451 4938 Sanctae
2502 4881 2789 4937 Trinitatis
2842 4882 3013 4937 altare
3063 4881 3204 4935 intra
3252 4879 3453 4935 Sancta
3495 4890 3822 4935 sancton

2236 4975 2439 5047 gradus
2497 4972 2622 5044 apte
2673 4974 2914 5040 locavit,
2962 4981 3024 5028 ut
3075 4971 3237 5029 facile
3289 4972 3667 5027 dilaberentur
3724 4975 3821 5040 qui

2236 5068 2531 5126 ascendere
2558 5067 2644 5123 vel
2671 5067 3003 5123 descendere
3029 5067 3413 5122 tentavissent.

2304 5182 2495 5251 Itaque
2524 5179 2661 5240 iuvit
2686 5193 2813 5234 eum
2845 5179 2900 5233 in
2923 5177 3179 5255 omnibus
3199 5176 3422 5247 quidam
3455 5175 3617 5230 bona
3661 5174 3825 5229 fama

2237 5273 2564 5338 monachus;
2596 5273 2701 5327 iter
2727 5286 2964 5342 sequens
2986 5271 3257 5342 magistri,
3279 5277 3340 5323 ut
3370 5268 3460 5323 ille
3480 5266 3666 5329 Oliba,
3692 5269 3822 5337 qui-

2231 5381 2340 5437 que
2366 5373 2484 5420 erat
2509 5378 2740 5419 summae
2766 5362 3043 5432 patientiae
3067 5377 3133 5416 ac
3162 5360 3603 5416 mansuetudinis
3630 5360 3741 5422 vir,
3768 5369 3827 5413 et

2234 5456 2339 5512 sub
2358 5471 2425 5511 eo
2444 5454 2863 5526 vigilantissime
2885 5454 2942 5507 in
2974 5452 3158 5508 varias
3178 5452 3422 5507 actiones
3446 5450 3677 5505 tandem
3715 5451 3826 5504 do—

2234 5562 2386 5600 mum
2416 5542 2776 5600 custodiebat‘.
2802 5542 2950 5606 limo,
2973 5541 3311 5606 charissimi,
3343 5556 3446 5596 nos
3482 5540 3539 5594 in
3564 5555 3827 5609 prasen-

2233 5638 2306 5694 tis
2335 5636 2460 5693 festi
2483 5635 2659 5692 nostri
2689 5635 2950 5707 gaudium
2976 5631 3275 5689 de-factura
3317 5632 3502 5701 templi
3532 5642 3714 5701 pauca
3754 5647 3829 5687 ex

2233 5730 2482 5800 pluribus
2508 5730 2689 5786 dicere
2722 5726 2898 5793 libuit,
2923 5732 3196 5796 quatenus
3229 5732 3284 5779 et
3330 5724 3581 5779 miranda
3617 5722 3828 5780 domus
