4038 6382
182 280 206 349 l
225 284 322 351 res

1326 283 1407 350 DE
1443 293 1721 352 ORIGINE
1760 294 2176 354 MONASTERII
2216 293 2343 355 SUl.
2432 298 2434 301 ’

3307 299 3442 354 “Si

179 411 407 468 Domini
434 409 638 466 fabrica
691 409 984 466 delectaret
1029 409 1296 477 auditum,
1325 421 1378 466 et
1417 411 1614 467 dilecta
1659 412 1770 467 Deo
1798 413 1844 469 Α
1871 414 2110 468 studium
2172 416 2299 469 boni
2343 414 2615 480 adhibeat,
2663 413 2746 469 vel
2791 413 2886 484 qui
2921 413 3088 469 alium
3133 415 3187 468 in
3245 414 3445 469 timore

179 506 382 562 civitas
411 512 622 573 aptaret
643 503 882 573 ingentia
919 512 1058 558 tecta
1112 502 1254 557 infra
1301 502 1424 557 fidei
1472 503 1763 559 aediﬁcium

178 614 246 653 ex
276 605 490 652 sacrata
524 602 706 650 autem
759 595 966 650 visibili
1011 611 1105 649 ara
1132 596 1199 650 ad
1231 596 1546 650 interiorem
1592 596 1764 650 altare

177 690 309 746 vtae
355 689 546 744 ordine
585 696 928 743 transeuntes
964 688 1362 743 succendamus
1409 687 1766 742 odoramento

179 778 607 844 benevolentiae,
663 777 1071 842 misericordiae,
1100 777 1345 847 justitiae,
1402 778 1760 849 benignitate,

181 870 633 936 mansuetudine,
669 871 984 935 sobrietate,
1016 871 1070 924 in
1096 871 1372 940 agnitione
1402 885 1533 924 vero
1557 877 1762 941 myste-

180 963 249 1017 ι·ὶί
302 961 401 1016 Dei
449 961 632 1018 Patris
670 962 940 1017 exaltetur
1000 969 1198 1017 unctus
1251 963 1389 1032 lapis
1443 969 1764 1017 ornamento

181 1068 336 1124 purae
365 1051 747 1108 confessionis.
784 1051 868 1107 Sit
912 1053 1349 1124 uniuscujusque
1381 1063 1628 1108 nostrum
1669 1067 1765 1108 cor

179 1145 376 1210 altare,
395 1144 506 1199 sint
525 1145 736 1214 puritas
757 1145 841 1199 vel
863 1137 1086 1201 castitas
1112 1146 1221 1199 vivi
1251 1146 1475 1216 lapides,
1505 1146 1576 1200 sit
1601 1145 1765 1200 timor

181 1238 406 1292 Domini
442 1238 672 1310 pervigil
699 1247 905 1306 custos,
962 1249 1016 1294 et
1043 1239 1177 1295 ﬁdes
1206 1240 1489 1304 sacerdos,
1518 1248 1577 1293 ut
1620 1240 1762 1293 intra
1805 1279 1808 1282 .

180 1328 404 1384 Domini
435 1330 843 1386 tabernaculum
887 1331 1023 1385 nihil
1076 1331 1384 1386 inveniatur
1414 1330 1649 1398 ftedum,
1688 1331 1765 1385 nil

182 1422 584 1476 intromittatur
612 1422 916 1493 indignum.
954 1423 1226 1479 Abscedat
1253 1439 1378 1479 cum
1410 1423 1764 1493 passionibus

178 1521 234 1568 ct
254 1514 678 1570 adversitatibus
699 1516 816 1570 suis
847 1515 1118 1583 diabolus,
1143 1525 1198 1571 et
1237 1517 1475 1572 introeat
1503 1532 1630 1573 cum
1665 1518 1761 1572 be-

179 1607 586 1661 nedictionibus
609 1616 664 1661 et
685 1607 892 1662 divitiis
929 1609 1284 1678 plenitudinis
1303 1609 1577 1664 Christus.
1614 1608 1763 1665 Intus

179 1698 457 1768 siquidem
494 1699 692 1754 subtile
742 1698 960 1753 Domini
1004 1700 1268 1770 judicium
1321 1702 1676 1772 aspiciamus,
1708 1711 1763 1759 et

1865 502 2082 558 Domini
2128 505 2310 560 ﬂectat
2343 514 2397 560 et
2441 505 2770 560 lntroducat.
2815 504 3018 560 Omnes
3065 522 3188 575 quae
3227 516 3442 561 terrena
3485 536 3489 539 ι

1865 604 1993 648 sunt
2015 595 2255 663 sapiunt,
2301 594 2701 664 indisciplinate
2727 601 3042 664 appetentes
3083 588 3442 651 redundantia

1865 684 2332 754 superfluentium.
2378 685 2566 740 Patres
2594 686 2686 756 qui
2723 686 2796 741 ibi
2826 687 3132 741 conversati
3164 690 3290 742 sunt
3325 680 3445 742 cer?-

1867 785 2118 830 taverunt
2149 777 2202 830 in
2226 785 2337 831 tota
2375 777 2589 847 justitia
2623 784 2677 831 et
2704 777 2758 830 in
2787 777 2937 831 omni
2973 776 3169 832 timore
3202 778 3439 832 Domini.
3485 795 3490 801 ·

1867 866 2019 922 Unde
2069 869 2138 922 ab
2173 868 2430 923 omnibus
2463 867 2647 923 felices
2695 868 2989 922 audiebant
3029 887 3040 921 :
3090 887 3107 919 ι
3157 867 3265 923 Vos
3307 869 3441 924 estis

1864 961 2180 1017 benedictus
2230 977 2361 1032 grex
2405 959 2630 1028 Christi,
2659 975 2758 1016 vos
2813 961 2944 1015 estis
2989 961 3286 1015 electorum
3323 960 3440 1026 filii,

1867 1069 1960 1108 vos
1989 1053 2123 1108 estis
2148 1053 2367 1108 dilectio
2391 1053 2484 1108 Dei
2513 1061 2567 1108 et
2597 1053 2854 1123 proximi,
2880 1069 2978 1107 vos
3014 1052 3146 1107 estis
3177 1053 3446 1107 columnae

1865 1145 1968 1200 sub
1991 1146 2150 1212 caelo,
2181 1145 2276 1214 qui
2308 1145 2678 1216 temporaliter
2713 1145 2870 1199 statis
2897 1145 3044 1198 velut
3070 1144 3248 1215 angeli
3282 1159 3448 1213 super
3478 1205 3483 1211 ρ

1865 1243 2086 1290 terram.
2120 1236 2333 1306 Corpus
2355 1236 2555 1306 quippe
2577 1236 2801 1306 gestatis
2831 1235 3156 1300 humanum,
3182 1249 3319 1302 opus
3349 1249 3448 1286 au-
3482 1270 3486 1272 -

1864 1335 1973 1380 tem
2009 1325 2269 1396 perficitis
2293 1326 2633 1396 angelorum.
2660 1344 2678 1374 ι
2719 1323 2810 1378 Vae
2849 1324 2903 1378 in
2945 1337 3164 1378 reversa
3196 1322 3449 1392 quisquis
3480 1351 3484 1362 ι

1864 1427 1917 1471 et
1963 1417 2066 1472 fide
2106 1417 2407 1472 secundum
2439 1433 2628 1472 casum
2658 1417 2982 1471 alteritatcm
3016 1415 3224 1480 dicens,
3247 1421 3302 1467 ct
3339 1416 3486 1466 n‘ou'l.

1865 1509 2150 1565 attendens
2197 1509 2325 1579 quia
2372 1507 2516 1564 Deus
2560 1509 2807 1562 omnium
2835 1507 3098 1560 virtutum
3139 1519 3354 1572 semper
3383 1503 3448 1556 li-

1865 1616 1962 1654 nes
1985 1600 2230 1670 priorum
2255 1601 2528 1655 connectit
2557 1598 2839 1669 principiis
2866 1596 3233 1652 secundorum
3262 1612 3275 1648 :
3301 1593 3448 1647 verli

1865 1692 2012 1746 enim
2044 1692 2237 1763 gratia,
2268 1700 2329 1745 ut
2372 1700 2595 1746 neutros
2629 1687 2961 1760 praedicabili
3000 1686 3247 1742 claritate
3292 1699 3452 1738 mon-

179 1762 378 1847 in-hac
420 1800 630 1858 nostra,
679 1795 790 1846 imo
824 1792 916 1847 Dei
973 1762 1212 1860 civitate,
1243 1762 1408 1863 quan;
1447 1795 1499 1848 in
1532 1762 1760 1864 percjjs-
1795 1762 1836 1820 Β
1866 1792 2084 1850 straret,
2123 1783 2305 1854 vigilia
2345 1783 2704 1853 apparitionis
2731 1781 2934 1836 Clll‘lSll
2971 1779 3259 1836 calamitas
3308 1776 3450 1847 ignis

179 1887 339 1940 sione
358 1885 504 1956 ignis
526 1884 978 1956 judiciojustitiae
1024 1885 1167 1942 Deus
1197 1886 1458 1942 humilem
1501 1887 1756 1954 ostendit,

177 1992 242 2031 ex
269 1986 516 2046 tempore
569 1993 692 2031 cum
741 1978 1034 2034 virtutibus
1091 1994 1608 2035 rememoreramus.
1662 1978 1762 2034 Hic

177 2083 310 2140 ergo
333 2069 492 2123 locus
521 2069 751 2140 figuram
774 2077 828 2124 et
859 2070 1096 2140 speciem
1141 2079 1530 2142 congruentem
1583 2071 1760 2126 adhuc

178 2175 287 2214 non
313 2168 620 2229 acceperat,
645 2176 770 2215 cum
795 2175 824 2214 a
844 2159 1085 2230 praefatis
1105 2161 1238 2216 viris
1268 2161 1505 2232 propriis
1529 2162 1761 2231 sumpti-

179 2250 283 2304 bus
310 2265 376 2304 ae
404 2251 728 2305 muneribus
750 2251 987 2306 maxime
1016 2261 1098 2309 est
1132 2253 1419 2308 decoratus
1450 2253 1592 2308 infra
1624 2254 1760 2310 lines

177 2335 370 2397 Galliae
418 2350 471 2397 et
524 2341 817 2412 Hispaniae,
854 2343 997 2398 inter
1031 2345 1235 2413 sinum,
1287 2355 1362 2412 et,
1408 2355 1468 2402 ut
1515 2355 1761 2417 patenter

175 2431 393 2498 dicam,
439 2441 792 2503 conspectum
841 2433 1177 2488 celeberrimi
1223 2444 1278 2489 et
1337 2437 1760 2492 nominatissimi

174 2521 388 2576 montis
456 2522 1111 2596 CanegonisyLitterani
1172 2527 1487 2585 suavissimi
1557 2528 1759 2582 lluvioli

173 2614 331 2668 vallis
361 2615 619 2670 videlicet
653 2617 1034 2688 longanimiter
1059 2628 1330 2687 porrecta,
1376 2619 1542 2674 verbo
1579 2628 1760 2675 autem

172 2704 268 2760 Dei
304 2721 378 2762 ex
431 2709 766 2776 protectione
805 2709 1138 2765 mirabiliter
1153 2711 1401 2775 visitata,
1437 2720 1491 2767 et
1538 2728 1761 2784 magna-

170 2797 406 2854 nimitcr
461 2801 742 2856 varietatis
797 2803 882 2856 vel
930 2803 1310 2859 a'editicatiOnis
1367 2804 1611 2859 membra
1674 2805 1759 2859 di-

172 2891 404 2946 stincta.
450 2890 605 2958 Quod
648 2909 678 2948 a
735 2893 845 2948 Deo
890 2896 1184 2964 probatur,
1215 2897 1474 2966 quoniam
1526 2897 1759 2966 insignia

173 2983 606 3052 pulchritudinis
642 2985 933 3042 arboribus
959 2997 1012 3043 et
1055 2989 1327 3058 paradisis
1380 2989 1621 3060 undique
1664 3005 1756 3044 or-

179 3082 302 3128 nata
357 3076 676 3131 nemoribus
724 3078 997 3145 cernitur,
1050 3089 1109 3134 ut
1150 3081 1328 3150 angeli
1383 3082 1530 3136 cives
1585 3081 1638 3135 in
1695 3097 1757 3136 ea

176 3164 459 3235 degentes,
493 3165 774 3221 beatorum
800 3169 1025 3238 spiritus
1054 3171 1356 3239 periculum
1392 3171 1760 3226 antecedentis

175 3254 308 3307 mali
339 3254 588 3309 tollentes
629 3258 942 3312 credantur.
975 3257 1145 3314 Vallis
1201 3255 1366 3315 etiam
1415 3261 1469 3315 in
1507 3276 1613 3330 qua
1662 3265 1762 3317 n’ec

177 3345 353 3416 frigus
385 3346 656 3415 hiemalis,
713 3365 812 3404 nec
852 3351 932 3405 sol
980 3353 1185 3407 aestatis
1212 3352 1378 3408 nimis
1400 3359 1594 3409 nocere
1625 3369 1759 3409 con-

176 3438 376 3504 suevit,
391 3438 519 3508 quia
548 3439 841 3495 obumbrat
867 3441 917 3497 ei
940 3443 1113 3514 gratia
1137 3444 1440 3514 spiritualis
1461 3454 1514 3500 et
1536 3446 1760 3516 copioso

177 3545 408 3586 munere
460 3531 805 3590 liberalitatis
836 3536 921 3590 vel
963 3537 1325 3593 redundantia
1359 3539 1534 3609 pacis,
1566 3549 1652 3607 et,
1703 3549 1763 3595 ut

177 3623 437 3678 clementi
464 3639 716 3682 sermone
741 3628 1090 3701 restringam,
1118 3638 1333 3702 tempus
1359 3632 1760 3688 habitatoribus

176 3713 354 3780 plenae
381 3714 578 3782 aetatis,
606 3723 666 3770 ut
701 3717 926 3773 veniant
958 3720 1024 3774 ad
1049 3719 1419 3776 maturitatem
1468 3721 1758 3793 perfectio-

177 3809 285 3864 nis.
340 3809 449 3880 lpsi
497 3812 697 3867 etenim
750 3815 1094 3870 delectantur
1147 3817 1368 3872 lenitate
1434 3819 1783 3888 prudentiae,-

177 3899 468 3968 splendore
499 3903 1040 3972 fidei,‘confessionis
1093 3908 1319 3976 decore,
1361 3909 1590 3979 justitiae
1640 3913 1758 3980 pul-

174 3991 509 4058 chritudine,
532 3994 778 4050 ubertate
801 3997 1207 4064 misericordiae,
1234 4009 1294 4055 ut
1315 3999 1515 4070 singuli
1547 4001 1757 4054 anima-

176 4084 396 4136 marum
424 4084 651 4138 munilia
676 4085 730 4139 in
759 4085 929 4141 Deum
959 4097 1222 4158 spectent.

244 4171 470 4236 Omnes,
518 4174 761 4245 inquam,
805 4177 896 4246 pio
925 4194 1110 4234 amore
1145 4196 1204 4234 se
1230 4181 1460 4236 invicem
1499 4182 1752 4253 diligunt,

173 4263 406 4319 invicem
439 4263 640 4332 fovent,
665 4274 719 4321 et
740 4269 895 4338 quasi
925 4286 1094 4325 unum
1123 4287 1323 4342 corpus
1348 4273 1562 4329 diversa
1590 4290 1758 4329 mem-

170 4355 270 4410 bra
310 4367 621 4413 sustentant
647 4359 840 4416 debitae
878 4361 1251 4420 fraternitatis.
1287 4365 1344 4419 ln
1396 4366 1640 4422 adversis
1681 4368 1755 4423 si-

1862 1884 2015 1930 extra
2038 1874 2283 1929 ecclesia:
2306 1874 2486 1928 aulam
2505 1875 2684 1928 locum
2711 1887 2927 1926 omnem
2959 1867 3260 1940 liquefecit,
3304 1867 3451 1922 sicut

1864 1966 2073 2022 circum
2104 1981 2162 2021 se
2200 1965 2383 2036 ignem
2427 1965 2739 2020 videntibus
2765 1963 3026 2032 adjuvare
3062 1961 3204 2017 idem
3245 1961 3328 2015 vel
3357 1975 3452 2014 ex-

1863 2059 2142 2130 stinguere
2169 2073 2332 2114 nemo
2365 2065 2597 2113 conatus
2617 2065 2722 2123 est,
2755 2064 2851 2110 aut
2883 2055 3032 2125 quod
3059 2053 3332 2123 reliquum
3356 2067 3447 2106 es-

1829 2178 1836 2208 :
1863 2160 1947 2208 set
1972 2152 2186 2207 salvum
2211 2151 2433 2216 habere,
2457 2151 2541 2204 vel
2569 2149 2623 2202 in
2657 2148 3017 2203 salvationem
3055 2145 3352 2201 viventium
3380 2144 3449 2198 ad

1863 2245 2134 2315 opinabile
2183 2244 2386 2300 bonum
2432 2243 2660 2314 erigere.
2713 2240 2807 2296 Dei
2843 2241 3044 2311 quippe
3085 2238 3354 2294 sententia
3393 2244 3450 2290 et

1862 2336 2004 2390 beati
2047 2334 2329 2391 Michaelis
2385 2333 2674 2390 clementia
2721 2332 2815 2402 qui
2879 2331 3021 2402 ignis
3065 2330 3180 2400 jam
3234 2329 3443 2384 dudum

1863 2428 2217 2483 damnaverat
2266 2427 2502 2482 maxime
2546 2425 2865 2480 admirabile
2904 2432 3014 2478 tam
3058 2420 3450 2477 exstructionis

1863 2535 2061 2591 genere
2085 2535 2250 2589 quam
2277 2517 2669 2589 magnitudinis
2692 2517 2945 2585 itemque
2971 2511 3361 2578 munificentiae
3391 2510 3447 2564 in

1862 2611 2095 2682 singulis
2139 2611 2302 2665 rebus
2342 2618 2396 2665 et
2431 2609 2619 2680 gloriae
2654 2609 2801 2663 intus
2837 2609 2918 2662 vel
2965 2606 3122 2674 foris,
3177 2621 3324 2660 nunc
3365 2613 3452 2659 est

1863 2704 2186 2761 aedificatum
2204 2703 2601 2774 persplendide.
2619 2701 2824 2758 Revera
2838 2700 2984 2754 enim
3004 2697 3312 2769 appetibilis
3329 2697 3443 2767 prir-

1825 2809 1839 2816 ‘
1863 2795 2060 2868 vilegio
2082 2796 2283 2864 insula,
2313 2810 2436 2865 quae
2461 2802 2544 2849 est
2566 2794 2746 2864 portio
2773 2798 2933 2847 terra:
2955 2799 3360 2857 ornamentum,
3393 2799 3450 2844 et

1863 2887 2029 2941 totius
2054 2885 2243 2956 patriae
2265 2885 2321 2938 in
2342 2885 2531 2940 multis
2555 2885 3014 2954 supplementum,
3047 2882 3287 2954 regionis
3320 2897 3451 2936 vero

1861 2979 2094 3048 propriae
2129 2978 2366 3033 salutare
2402 2977 2496 3032 dat
2530 2975 2796 3031 auxilium
2829 2975 3189 3046 prudentibus
3217 2983 3270 3029 ct
3300 2973 3452 3028 indo-

1862 3071 1997 3136 ctis,
2036 3070 2219 3142 parvis
2250 3077 2305 3125 et
2345 3070 2580 3141 magnis,
2607 3070 2720 3124 sive
2741 3068 2982 3135 rusticis,
3025 3065 3450 3137 promeritorum

1865 3163 2122 3232 qualitate
2173 3161 2396 3238 obtinet
2435 3160 2735 3216 honestatis
2776 3161 2994 3216 culmen
3025 3174 3322 3238 summum.
3357 3156 3446 3210 ln-

1863 3255 1982 3310 sula
2012 3253 2164 3324 puris
2202 3253 2558 3323 honestisque
2586 3251 2871 3322 praeceptis
2894 3266 2960 3306 ac
2975 3250 3262 3331 dulcedine
3283 3250 3450 3303 bene-

1861 3346 2115 3402 dictionis
2159 3346 2388 3418 inclyta,
2433 3344 2715 3416 dignitatis
2752 3344 2833 3398 vel
2873 3341 3217 3398 rectitudinis
3246 3341 3312 3396 ad
3356 3355 3445 3394 rc-'

1862 3440 2105 3495 verentia
2159 3439 2360 3494 civium
2397 3438 2631 3504 sincera,
2675 3437 2854 3492 insula
2899 3436 2954 3490 in
3006 3435 3289 3491 munimen
3320 3438 3444 3487 'om-

1862 3533 2013 3588 nium
2043 3533 2349 3602 constipata
2369 3531 2619 3587 cavernis
2634 3539 2688 3586 et
2713 3530 2931 3596 fistulis,
2964 3528 3228 3594 fontibus,
3266 3535 3320 3582 et
3346 3542 3446 3581 au-

1860 3625 2038 3681 rifluis
2066 3625 2221 3694 rivis,
2253 3622 2527 3696 segetibus
2552 3632 2608 3680 et
2635 3624 2813 3679 vineis
2841 3623 3151 3678 eminenter
3174 3621 3444 3692 gloriosa;

1860 3733 1982 3789 quae
2002 3717 2110 3773 nisi
2144 3726 2200 3772 et
2229 3718 2528 3772 astantium
2563 3715 2774 3772 meritis
2805 3714 2971 3770 fuerit
2992 3715 3213 3781 violata,
3241 3713 3443 3769 nobili-

1863 3812 1989 3866 tatis
2015 3817 2130 3866 suae
2153 3810 2362 3866 viribus
2383 3810 2437 3864 in
2466 3805 2637 3866 Deum
2675 3817 2926 3884 servatur
2946 3807 3099 3878 pacis
3124 3807 3247 3862 oleo
3266 3806 3442 3861 linita'.

1860 3903 2121 3970 Quamvis
2144 3911 2326 3958 autem
2361 3902 2770 3958 decertantibus
2799 3902 2870 3956 sit
2898 3900 2952 3954 in
2987 3901 3099 3954 lato
3133 3899 3441 3970 angustior,

1858 3995 1913 4050 in
1960 3995 2247 4066 praemium
2290 3993 2641 4052 vincentibus
2689 3994 2810 4066 ejus
2851 3993 3022 4048 ‘sinus
3071 3992 3128 4047 in
3173 3993 3443 4047 immensa

1859 4087 2198 4159 longitudine
2223 4098 2407 4143 manet
2429 4088 2679 4159 amplior.

1927 4181 2039 4252 Age
2062 4197 2191 4253 ergo
2221 4181 2477 4237 festivum
2507 4182 2673 4247 diem,
2707 4181 2864 4236 turba
2899 4180 3073 4236 fidelis
3116 4178 3446 4233 laetabundis

1857 4273 2056 4329 animis
2087 4273 2312 4330 induere
2343 4273 2736 4340 fortitudinem,
2778 4282 2832 4329 et
2856 4266 3027 4344 jubila
3057 4265 3443 4334 exSultatione,

1855 4365 2117 4434 quoniam
2156 4367 2233 4420 tui
2280 4382 2546 4421 maerores
2591 4365 2646 4421 in
2690 4365 2948 4436 gaudium
2981 4359 3108 4420 sunt
3133 4362 3348 4429 mutati,
3392 4369 3445 4417 et

169 4447 393 4516 quidem
436 4450 601 4503 rebus
651 4459 746 4505 aut
785 4454 1187 4508 contrariorum
1241 4471 1507 4511 accensus
1561 4458 1748 4511 tandiu
1779 4468 1830 4528 Ι)
1857 4457 2009 4511 triste
2044 4458 2290 4511 habitum
2334 4459 2389 4511 in
2421 4459 2681 4512 amictum
2720 4459 2920 4512 laetitiae
2951 4473 3171 4512 versum
3206 4465 3308 4513 est.
3347 4455 3444 4510 Pa-

169 4535 418 4591 divinum
475 4549 776 4608 exposcunt
817 4543 1156 4610 praesidium,
1204 4560 1494 4616 quousque
1537 4563 1752 4602 summa

167 4629 221 4683 vi
263 4639 428 4700 atque
465 4629 818 4687 inclinatione
849 4633 1099 4689 inimicos
1134 4635 1188 4688 iu
1219 4634 1389 4690 Deum
1425 4648 1480 4693 ct
1505 4639 1752 4695 homines

169 4721 536 4786 confundunt,
564 4739 759 4794 magna
787 4725 873 4779 sui
905 4727 1299 4796 supplicatione
1336 4746 1416 4784 ac-
1442 4731 1752 4802 archangeli

169 4811 504 4883 benignitate
525 4816 773 4883 protecti.
801 4815 1012 4871 Etenim
1029 4818 1189 4875 laude
1205 4821 1438 4876 habendi
1462 4833 1589 4877 sunt
1613 4840 1753 4894 quos

169 4904 539 4974 religiosiores
563 4907 736 4963 reddit
760 4911 1043 4978 praesentia
1063 4906 1515 4984 archangelorum
1545 4924 1599 4970 et
1621 4931 1744 4974 reos

170 4996 482 5051 testimonia
525 5001 1064 5069 comprovincialium
1100 5002 1334 5059 sinistrae
1371 5007 1748 5074 persuasionis

170 5085 604 5144 inclamantium.
638 5089 841 5149 Omnes
883 5110 942 5149 se
979 5095 1128 5164 ipsos
1167 5095 1443 5166 decipiunt
1483 5113 1608 5153 cum
1633 5098 1742 5154 Do-

171 5194 295 5234 mus
323 5180 538 5236 Domini
566 5183 634 5236 ab
670 5183 777 5239 illis
813 5185 1104 5241 inhoneste
1128 5187 1342 5242 laeditur
1370 5191 1453 5245 vel
1483 5191 1742 5261 deturpa-

171 5277 280 5334 tur,
321 5278 376 5324 et
415 5272 729 5327 mellifluam
769 5276 854 5329 vel
901 5277 1230 5332 uberrimam
1276 5281 1466 5334 mundi
1513 5282 1742 5351 gloriam

170 5360 496 5428 percipiunt,
526 5371 582 5417 et
607 5371 846 5432 paternae
876 5366 1092 5422 virtutis
1121 5369 1206 5423 vel
1237 5369 1458 5440 pietatis
1492 5371 1627 5425 nihil
1669 5372 1746 5428 si-

173 5449 300 5504 mile
337 5462 524 5522 agunt,
569 5455 665 5509 sed
698 5455 840 5510 bona
883 5465 938 5512 et
964 5459 1168 5527 optima
1209 5461 1264 5515 in
1305 5461 1517 5519 deliciis
1561 5465 1749 5520 decer-

171 5546 308 5604 punt
348 5556 413 5596 ac
449 5543 775 5614 deglutiunt,
808 5561 998 5603 omnes
1023 5549 1148 5602 vani
1192 5565 1255 5605 ac
1279 5552 1473 5606 tumidi
1513 5562 1566 5608 et
1606 5553 1744 5608 furi-~

171 5627 360 5693 bundi,
392 5632 448 5688 in
483 5636 724 5706 nequitia
762 5638 948 5693 dediti.
980 5638 1156 5710 Super
1192 5642 1276 5698 his
1302 5653 1483 5699 autem
1518 5661 1628 5701 non
1663 5656 1748 5703 est
1778 5658 1780 5660 '

167 5719 262 5788 qui
304 5720 479 5782 Deum
515 5731 788 5788 auscultet
818 5733 904 5790 vel
940 5735 1224 5807 intelligat,
1270 5752 1371 5794 nec
1399 5753 1508 5794 non
1538 5749 1621 5795 est
1648 5742 1744 5812 qui

1861 4547 2051 4602 rietem
2081 4549 2228 4603 enim
2262 4549 2545 4604 discordiae
2566 4565 2729 4620 quem
2766 4548 3128 4605 aedificaverat
3169 4549 3441 4614 diabolus,

1861 4638 2123 4707 parietem
2163 4639 2368 4705 effodit,
2403 4648 2457 4694 et
2493 4629 2702 4710 petram
2753 4657 2862 4695 non
2899 4641 3214 4706 commovit,
3249 4640 3446 4696 funda—'

1862 4738 2043 4784 menta
2082 4729 2337 4785 Ecclesia:
2363 4733 2624 4797 excussit,
2650 4741 2704 4787 et
2732 4741 2940 4786 turrem
2971 4733 3471 4788 immobileni'nOn'

1861 4821 2038 4886 elisit;
2070 4822 2278 4892 lapides
2299 4822 2514 4892 dejecit,
2530 4829 2598 4878 'et
2619 4825 2828 4880 radices
2842 4815 2960 4881 non
2983 4825 3164 4880 evellit
3185 4819 3464 4891 {unetio-f
3491 4814 3493 4816 ’

1864 4928 1987 4968 nem
2023 4913 2177 4980 vidit,
2203 4921 2257 4968 et
2283 4915 2466 4985 templi
2495 4915 2866 4972 fortitudinem
2893 4929 3022 4972 mo:
3044 4917 3300 4974 deseruit.
3334 4902 3444 4972 Lu—

1850 5012 1974 5076 geat
2017 5019 2082 5060 ac
2127 5007 2417 5062 erubescat
2455 5015 2779 5064 veternosus
2812 5010 2997 5079 praedo
3025 4999 3274 5081 praedam
3303 5006 3463 5065 sini-’-

1853 5097 2011 5162 sisse,
2040 5098 2169 5167 quia
2191 5099 2474 5168 impletum
2504 5100 2751 5155 videmus
2778 5096 2924 5170 quod
2955 5104 3220 5173 propheta
3246 5103 3468 5156 v'atici3-'

1849 5200 2013 5246 nante
2041 5191 2370 5246 audivimus.
2406 5191 2669 5262 Equidem
2702 5193 2896 5263 inquit,
2917 5195 3201 5264 captivitas
3233 5210 3264 5247 a
3288 5193 3466 5248 lforte-

1852 5283 2092 5348 tolletur,
2130 5285 2354 5354 etquod
2385 5284 2625 5338 ablatum
2662 5284 2858 5350 fuerat,
2886 5302 2916 5339 a
2947 5287 3174 5340 robusto
3201 5270 3469 5340 salvabi-'

1856 5381 1968 5428 tur.
1995 5373 2252 5429 Dicamus
2277 5388 2407 5429 sane
2434 5391 2625 5430 omnes
2651 5395 2663 5428 :
2693 5375 2875 5429 Gloria
2907 5377 2962 5428 in
2991 5375 3210 5429 excelsis
3233 5375 3361 5442 Deo,
3391 5374 3462 5430 δι’

1855 5467 2075 5520 interra
2107 5483 2213 5537 pax
2231 5467 2532 5520 hominibus
2581 5468 2728 5522 bonae
2753 5467 3038 5521 voluntatis
3063 5450 3300 5537 (Lucru,
3329 5466 3437 5537 Η).

1857 5556 2190 5628 Evigilemus
2204 5573 2432 5628 prorsus
2445 5565 2500 5613 et
2511 5573 2632 5624 nos,
2655 5559 2748 5628 qui
2761 5559 2951 5612 habitu
2965 5559 3047 5612 vel
3067 5566 3287 5628 aspectu
3301 5559 3442 5613 hanc

1855 5650 2329 5705 conversationem
2376 5650 2675 5721 angelicam
2723 5652 3157 5721 promeruimus,
3201 5660 3255 5706 et
3290 5651 3442 5705 nullo

1854 5741 2016 5798 modo
2057 5759 2089 5798 a
2118 5745 2387 5816 speranda
2425 5743 2733 5815 clementia,
2779 5745 3038 5815 quoniam
3066 5744 3461 5815 primiceriurn‘
