4038 6386
555 295 576 347 Ι
601 292 695 346 ιδε

926 281 1230 340 [mill-$0:
1265 280 1634 337 PATRIARC.
1678 283 2160 349 AQUILEIENSIS

2249 283 2416 340 PIST.
2460 282 2550 337 AD
2586 281 2869 339 PETBUM
2909 279 3428 337 ANTIOCHENUM.

3665 285 3805 339 MSS

550 405 866 475 angelorum
909 410 961 454 ct
998 400 1203 454 (Ilia-Isti
1243 399 1574 454 mirahilium
1617 399 1903 468 primatem
1935 401 2002 454 de
2037 400 2124 454 die
2153 409 2198 466 Α
2231 399 2478 470 Sponsus
2507 413 2631 454 cum
2671 399 2916 453 claritate
2954 406 3008 451 et
3041 398 3438 467 magniﬁcentia
3475 397 3532 450 in
3565 399 3803 452 thalamc

550 498 610 549 in
637 496 779 549 diem
809 491 1058 562 quisquis
1093 498 1340 544 nostrum
1373 489 1725 558 contemplari
1762 490 1928 554 valet;
1958 505 1988 542 a
2015 505 2124 558 quo

548 587 714 642 totius
737 584 859 639 ﬁdei
885 591 1083 638 nostrae
1111 583 1276 637 unius
1296 580 1539 636 beneﬁcii
1565 581 1786 651 praemia
1813 581 2123 651 conquirat,

551 686 605 730 ct
625 675 803 730 omnis
827 672 1244 744 conquisitionis
1267 671 1570 742 proﬁigatio
1596 671 1651 725 iu
1682 671 1924 726 omnium
1943 686 2124 724 rerum

547 767 847 820 viventium
883 780 947 820 ac
973 779 1080 819 non
1105 764 1426 827 viventium,
1452 762 1812 817 immobilium
1837 778 2053 833 quoque
2075 770 2129 816 et

548 858 756 912 voveri
805 856 1128 923 valentium,
1174 869 1404 924 corpore
1448 854 1532 908 vel
1584 855 1784 924 specie,
1821 853 1997 908 forma
2044 855 2127 908 vel

551 963 748 1020 genere
780 946 1127 1011 famulantes,
1157 945 1412 1000 concordi
1443 944 1756 1000 deﬁnitione
1781 955 2035 1016 optemus
2070 954 2132 1000 ut

551 1041 832 1111 proprium
873 1040 1132 1110 vigorem,
1197 1037 1290 1092 sed
1329 1037 1546 1109 proprie
1592 1037 1675 1092 vel
1717 1037 1962 1092 ordinem
2009 1052 2128 1092 ma-

517 1148 749 1202 gnum,
791 1146 906 1186 ave
956 1130 1263 1184 honestatis
1312 1127 1760 1183 consuetudinem
1809 1127 2030 1192 rell-vet,
2077 1136 2131 1182 et

551 1223 807 1295 angelica:
833 1221 1082 1292 dignitati
1112 1221 1196 1275 vel
1224 1221 1477 1274 humanm
1507 1220 1776 1274 devotioni
1805 1219 2004 1290 ubique
2027 1236 2127 1288 pax

551 1322 608 1367 et
637 1312 839 1367 veritas
861 1311 1152 1366 custodiat.
1177 1309 1433 1365 Nostrum
1457 1311 1620 1365 etiam
1645 1325 1805 1381 posse
1834 1320 1886 1366 et
1913 1325 2132 1366 necesse

551 1405 605 1458 in
635 1403 757 1474 ejus
781 1403 1018 1458 laude-et
1039 1403 1395 1458 admiratione
1417 1412 1588 1458 totum
1617 1403 1985 1467 sublevemus,
2010 1419 2134 1457 cor-

550 1495 810 1566 porisque
851 1497 1002 1551 visus
1029 1505 1081 1550 et
1115 1496 1314 1550 mentis
1341 1511 1590 1550 recessus
1619 1496 1725 1550 huc
1755 1495 1990 1566 illucque
2023 1511 2131 1550 non

550 1587 908 1652 divertamus,
953 1599 1012 1643 ut
1052 1587 1339 1644 diversitas
1380 1587 1721 1642 gecularium
1761 1587 1830 1642 ab
1870 1588 2134 1642 electione

549 1679 780 1736 unitatis
803 1689 1004 1734 nostra:
1033 1679 1275 1734 omnium
1301 1680 1606 1735 voluntates
1637 1689 1799 1762 atque
1830 1695 2134 1735 consensus

2225 491 2445 556 residet,
2473 500 2671 545 etcum
2701 490 2900 561 gaudio
2927 492 3192 544 intrantes
3225 490 3433 559 recipit.
3477 488 3812 559 Priusquam

2221 582 2402 651 ianua:
2432 581 2778 648 claudantur,
2803 581 3090 636 velocitate
3110 580 3308 650 pedum
3332 581 3473 650 apud
3507 581 3816 650 principem

2227 682 2474 728 nostrum
2497 687 2912 737 concurramus,
2937 688 3005 727 ne
3029 673 3187 727 nobis
3209 671 3342 727 foris
3363 687 3648 726 remanere
3671 687 3816 726 con~

2228 763 2418 831 tingat.
2444 762 2699 818 Libenter
2715 763 2864 817 enim
2896 763 3237 834 splendorem
3261 763 3446 834 gloriae
3467 763 3818 834 ﬁguramque

2229 853 2548 908 substantiae
2584 855 2637 908 in
2673 855 2878 910 sanctis
2907 855 3022 910 suis
3053 855 3438 926 gloriﬁcemus,
3467 862 3523 908 et
3544 856 3618 908 ob
3658 871 3820 924 repa-

2229 946 2496 999 rationem
2535 961 2730 1014 panem
2771 955 2823 1000 et
2855 948 3043 1001 vinum
3085 963 3228 1018 aqua
3269 949 3493 1002 mistum
3531 963 3820 1003 assumen-

2228 1036 2357 1090 dum
2389 1036 2442 1090 in
2473 1018 2703 1092 formam
2731 1039 3016 1108 pristinam
3061 1040 3118 1092 in
3150 1040 3333 1094 divino
3364 1055 3550 1093 amore
3581 1041 3819 1110 partlci-

2227 1146 2440 1199 pemus,
2481 1147 2545 1186 ac
2575 1132 2702 1186 totis
2735 1133 3023 1188 desideriis
3057 1133 3211 1187 illum
3239 1134 3292 1185 in
3317 1148 3426 1203 quo
3465 1143 3596 1187 sunt
3628 1135 3820 1187 omnia

2227 1237 2505 1288 amemus,
2553 1225 2710 1295 cujus
2773 1226 3047 1296 passionis
3099 1226 3400 1280 imitatione
3446 1226 3720 1280 immolati
3768 1236 3824 1280 et

2230 1314 2478 1370 coronati
2508 1324 2637 1370 sunt
2674 1316 2750 1370 illi
2785 1332 3023 1387 quorum
3051 1317 3291 1388 quotidie
3322 1319 3679 1387 praesentiam
3719 1333 3823 1372 ve-

2231 1423 2510 1462 neramur.
2534 1407 2815 1464 Celebrem
2835 1409 2893 1464 in
2923 1410 3292 1464 anniversaria
3315 1410 3501 1480 templi
3529 1420 3824 1480 portemus

2233 1497 2602 1568 festivitatem,
2629 1509 2684 1556 et
2709 1501 2962 1556 distincte
2991 1502 3191 1556 choros
3217 1501 3576 1555 reboantibus
3597 1501 3829 1572 hymnis

2232 1591 2686 1664 lampadibusque
2715 1593 2961 1648 accensis
2998 1593 3051 1646 in
3088 1592 3299 1647 laudem
3331 1601 3653 1647 sanctorum
3699 1593 3824 1662 pulc

2233 1681 2422 1736 ehram
2453 1698 2638 1737 vocem
2675 1683 2918 1740 levemus
2950 1692 3004 1738 et
3037 1693 3272 1738 mentem
3301 1683 3366 1738 ad
3403 1700 3531 1738 eum
3567 1685 3666 1754 qui
3692 1699 3823 1738 cum

553 1771 850 1838 perdurare
889 1779 1214 1840 cOgnoscat;
1251 1771 1412 1824 hodie
1441 1786 1659 1841 quoque
1687 1772 1886 1826 celsius
1916 1771 2134 1841 quando
2166 1787 2210 1846 ῃ
2237 1775 2393 1830 Patre
2423 1785 2478 1831 et
2499 1775 2702 1847 Spiritu
2728 1786 2936 1844 sancto,
2967 1778 3142 1832 trinus
3162 1785 3215 1831 et
3235 1794 3378 1832 unus
3403 1777 3570 1842 Deus,
3612 1777 3754 1831 vivit
3771 1787 3826 1830 et

556 1858 669 1913 iter
694 1875 882 1932 regum
915 1863 980 1915 ad
1007 1861 1126 1914 Filii
1153 1862 1236 1916 sui
1269 1863 1489 1932 nuptias
1511 1863 1755 1918 invitavit
1780 1878 1900 1918 nos.
1922 1862 2134 1933 Nuptiae

553 1961 756 2023 parata:
803 1961 954 2020 sunt,
1008 1953 1204 2023 inquit,
1263 1963 1315 2008 et
1354 1955 1522 2007 altilia
1575 1964 1762 2009 nostra
1815 1953 2130 2021 immolata,

2240 1877 2429 1937 regnat
2474 1869 2530 1924 in
2570 1883 2746 1924 arvum
2795 1877 2850 1926 et
2888 1870 2941 1924 in
2987 1870 3172 1924 omnia
3217 1870 3413 1925 secula
3463 1869 3820 1925 saeculorum.

2240 1959 2433 2014 Amen.

557 2053 3808 2102 Μ

1818 2159 1974 2202 ιῖιιελ
2014 2157 2218 2202 ιιειδιυι
2254 2160 2528 2203 SECULUI.

1561 2263 2816 2448 DOMINICUS

1054 2515 1445 2576 ﬁﬂADENSlS
1478 2517 1566 2572 ET
1605 2514 2087 2584 AQUl-LEIENSIS
2119 2512 2188 2568 ΙΝ
2225 2514 2501 2571 DITIONE
2540 2514 2809 2574 VENETA
2846 2517 3308 2577 PATRIARCBA.

1225 2695 2109 2812 DOMINIC!
2202 2696 3159 2846 atexnon;

871 2890 1020 2978 AD
1091 2888 1576 2978 PETRUM
1653 2883 2494 2978 PATRIARCHAM
2565 2884 3488 2982 ANTIOCHENUM.

1359 3036 1562 3106 (Edidit
1591 3035 1952 3104 Corttrmrs,
1989 3033 2240 3089 Ecc'esia:
2265 3033 2462 3088 Grata:
2491 3032 2748 3102 Monum,
2781 3034 2848 3102 ll,
2881 3036 3029 3106 l08.)

633 3219 1111 3281 llxcellentissima:
1140 3229 1340 3275 sancta:
1369 3219 1514 3275 sedis
1535 3217 1790 3276 Ecclesiae
1813 3221 2146 3276 Antiochen—
2172 3224 2217 3286 C
2249 3229 2418 3276 stram
2459 3218 2746 3289 pervenire
2787 3217 3138 3285 festinamus;
3176 3219 3496 3276 charitatem
3531 3222 3838 3293 perfectam

565 3316 707 3373 tium
753 3312 970 3388 prtesidi
1009 3311 1266 3367 eminenti
1310 3311 1882 3389 patriarchagmagno
1922 3323 1976 3368 et
2015 3328 2146 3384 apo-

565 3405 759 3460 stilico
822 3403 965 3472 viro,
1029 3401 1323 3458 Doutmcrs
1365 3402 1458 3458 Dei
1519 3403 1690 3475 gratia
1737 3401 2033 3462 Gradensis
2093 3415 2147 3460 ct

567 3495 934 3570 Aquileiensis
969 3493 1224 3550 Ecclesiae~
1253 3495 1581 3566 patriarcha.

608 3609 692 3672 τι.
739 3609 1112 3665 Admonemus
1136 3649 1150 3672 .
1197 3607 1377 3663 omnis
1423 3607 1677 3664 desiderii
1722 3623 1789 3665 ae
1835 3608 2149 3666 reverentiae

565 3707 715 3769 voto,
741 3716 868 3760 cum
898 3701 1178 3772 proposito
1207 3699 1508 3756 ﬁdelissimi
1538 3700 1810 3771 obsequii,
1836 3708 2038 3756 nostra:
2065 3717 2151 3756 re-

566 3793 809 3848 verentia
827 3801 881 3849 et
904 3792 1145 3849 amicitia
1172 3792 1430 3849 honorari
1451 3799 1506 3848 et
1527 3792 1630 3849 coli
1653 3790 1954 3849 Ecclesiam
1972 3803 2147 3858 tuam,

569 3900 693 3954 quae
739 3893 942 3942 nostrae
986 3885 1180 3941 matris
1233 3883 1491 3941 Romana:
1535 3884 1793 3942 Ecclesia:
1830 3900 1989 3942 soror
2031 3903 2153 3943 esse

571 3978 944 4048 cognoscitur,
971 3986 1137 4048 atque
1175 3975 1483 4033 fundatoris
1507 3978 1593 4035 sui
1628 3979 1858 4045 meritis,
1896 3977 2042 4035 Petri
2071 3980 2154 4036 Vir

570 4067 764 4122 delicet
789 4067 1158 4136 apostolorum
1188 4066 1468 4137 principis,
1513 4075 1634 4138 post
1674 4068 1968 4122 secundam
2012 4084 2155 4138 prato

574 4163 805 4217 iicatur.
840 4159 937 4214 llis
967 4160 1135 4232 igitur
1164 4159 1405 4224 omissis,
1445 4158 1590 4215 fama
1630 4159 1849 4231 pietatis
1885 4169 2010 4226 tua,
2053 4161 2156 4214 ﬁde

574 4269 637 4307 ac
669 4267 832 4321 opere
864 4252 1020 4321 plene
1055 4251 1229 4320 ipsam
1268 4267 1326 4304 se
1363 4251 1565 4322 ubique
1605 4251 1970 4321 proclamans,
2015 4251 2157 4320 cogit

575 4359 676 4398 nos
705 4342 968 4399 humilem
995 4341 1092 4397 tibi
1126 4341 1483 4398 reverentiam
1514 4342 1779 4408 reddere;
1821 4357 1922 4398 nec
1968 4356 2076 4398 non
2107 4351 2158 4398 te

569 4449 671 4503 ινι-
704 4434 842 4488 viam
874 4431 1088 4488 Domini
1126 4431 1430 4499 incedente,
1459 4433 1681 4505 vestigia
1712 4436 2009 4506 tuasequi.

611 4525 702 4590 ε.
757 4523 867 4581 Nis
911 4540 1043 4597 ergo
1090 4525 1143 4579 in
1189 4525 1596 4596 septentrionali
1644 4541 1782 4581 zona
1825 4527 2159 4598 longissimis

2247 3311 2388 3379 inter
2421 3324 2522 3365 nos
2550 3306 2848 3375 fundaturi,
2891 3324 3053 3380 supra
3095 3325 3259 3382 quam
3299 3312 3351 3366 in
3390 3324 3677 3384 posterum
3716 3331 3843 3386 qua

2249 3397 2344 3454 Dei
2375 3408 2502 3454 sunt
2529 3399 2798 3456 excelsius
2827 3399 3238 3457 aediﬁcabimtis.

2321 3513 2373 3568 3.
2435 3514 2690 3568 Attamen
2735 3513 2839 3570 hoc
2887 3515 3198 3585 paternitati
3252 3525 3447 3572 vestrae
3492 3527 3681 3574 tacere
3727 3533 3840 3575 non

2249 3620 2563 3677 possumus,
2613 3605 2759 3676 quod
2792 3621 2822 3660 a
2871 3607 3018 3662 clero
3053 3605 3665 3678 ConstantinOpolitano
3713 3627 3844 3665 san—

2251 3706 2394 3756 ctam
2448 3695 2748 3754 Romanam
2805 3697 3104 3755 Ecclesiam
3158 3701 3451 3771 vituperari
3498 3704 3844 3760 audivimus.

2254 3788 2677 3860 Reprehendunt
2720 3790 2886 3861 igitur
2933 3792 3298 3848 sacratissima
3348 3809 3561 3865 azyma,
3611 3812 3740 3867 qua
3788 3799 3844 3851 in

2253 3895 2481 3953 corpore
2509 3881 2712 3939 Christi
2743 3882 3148 3938 sanctiﬁcamus
3172 3893 3227 3939 et
3256 3885 3554 3951 sumimus;
3584 3898 3758 3957 atque
3787 3890 3848 3942 in

2255 3972 2358 4028 hoc
2387 3987 2489 4028 nos
2513 3981 2762 4043 expertes
2792 3973 2938 4028 illius
2967 3976 3211 4044 corporis
3233 3983 3506 4043 astruunt,
3534 3987 3591 4032 et
3620 3979 3694 4033 ab
3719 3982 3850 4034 uni-

2255 4073 2365 4118 tate
2428 4063 2682 4119 Ecclesiae
2727 4064 2976 4134 judicant
3019 4076 3334 4136 separatos;
3382 4071 3529 4138 quod
3575 4072 3845 4126 nimirum

2258 4156 2462 4224 absque
2478 4154 2730 4209 mistione
2753 4153 3004 4210 [armenti
3023 4155 3419 4213 Eucharistiam
3439 4161 3846 4224 sacriﬁcemus,

2259 4246 2349 4300 ubi
2383 4260 2481 4301 nos
2531 4245 2789 4300 unitatem
2836 4233 3116 4303 catholica:
3163 4247 3416 4304 Ecclesia:
3455 4267 3683 4307 servare
3725 4256 3847 4308 sine

2259 4336 2498 4407 quolibet
2533 4336 2827 4392 schismate
2873 4338 3180 4407 cupientes;
3237 4339 3475 4394 maxime
3520 4355 3843 4410 azymorutn

2262 4427 2732 4494 consuetudinem,
2781 4443 2888 4482 non
2945 4429 3119 4483 solum
3179 4430 3478 4499 apostolica
3536 4432 3634 4486 sed
3680 4434 3848 4486 etiam

2264 4519 2490 4588 ipsamet
2531 4515 2744 4572 Domini
2790 4518 3089 4573 retinemus
3133 4519 3450 4574 traditione.
3479 4520 3691 4576 Tamen
3716 4525 3846 4592 qu‘a

575 4627 733 4671 terra:
757 4587 1354 4686 marisqucintervallis
1375 4615 1555 4683 divisi,
1583 4617 1751 4693 animi
1774 4587 1955 4672 tamen
1972 4632 2156 4672 amore
2191 4587 2235 4643 D
2263 4610 2570 4665 fermentati
2620 4611 2778 4682 panis
2823 4627 2978 4666 sacra
3029 4613 3338 4667 commistio
3389 4629 3418 4667 a
3477 4617 3853 4670 sanctissimis

575 4707 874 4776 conjuncti,
905 4716 1098 4763 vestrae
1126 4707 1428 4762 sanctitatis
1464 4708 1670 4762 notitiae
1713 4707 2033 4778 agglutinari
2061 4723 2158 4760 cu-
2261 4702 2688 4773 orthodoxisque
2745 4702 2996 4757 Patribus
3055 4701 3411 4758 Orientalium
3469 4703 3853 4761 Ecclesiaer

575 4804 778 4869 pimus,
823 4800 998 4866 mutui
1039 4798 1241 4855 amoris
1279 4799 1436 4858 nobis
1467 4799 1934 4870 participationem
1964 4814 2155 4868 repen—

572 4895 742 4950 denti.
773 4893 1112 4965 Quapropter
1157 4892 1462 4948 indicamus
1497 4900 1740 4947 nostram
1781 4889 2078 4966 Ecclesiam
2121 4905 2176 4948 a,

578 4983 742 5051 beati,
762 4980 932 5051 Marci
962 4983 1306 5054 evangelista:
1327 4982 1599 5054 prteconio
1641 4981 1943 5051 sumpsisse
1987 4980 2153 5051 origi-

575 5089 734 5142 nem;
785 5074 912 5144 item
956 5063 1116 5130 beato
1156 5059 1318 5130 Petro
1352 5073 1737 5138 constituente,
1772 5072 2032 5126 honorem
2061 5086 2128 5141 pa

497 5177 502 5180 '
574 5165 852 5220 triarchici
883 5165 1123 5222 nominis
1161 5166 1300 5220 intra
1340 5164 1547 5221 Italiam
1576 5163 1841 5219 duntaxat
1867 5161 2153 5228 habuisse;

573 5271 628 5314 et
670 5259 725 5312 in
771 5257 1018 5314 Romano
1053 5264 1348 5324 conventu,
1393 5254 1797 5311 consessionem
1836 5253 2155 5310 tecumenici

575 5365 725 5417 papa:
751 5348 993 5403 dextram
1016 5349 1339 5410 obtinuisse,
1364 5346 1534 5418 Cujus
1561 5344 1776 5416 quidem
1803 5345 1880 5400 rei
1909 5343 2153 5398 ordinem

575 5453 616 5504 ιχ
650 5439 732 5492 bis
763 5440 976 5510 rit-nius
996 5438 1182 5495 futuro
1203 5449 1446 5510 tempore
1467 5437 1836 5505 ostendemus,
1866 5445 2155 5507 postquam

575 5543 645 5592 ex
675 5541 864 5586 mutuo
895 5533 1139 5602 rescripti
1170 5549 1294 5599 usu,
1339 5531 1406 5586 de
1439 5531 1505 5587 iis
1541 5545 1664 5602 quae
1697 5529 1763 5584 ad
1798 5528 1957 5584 ﬁdem
1987 5530 2157 5600 perti-

580 5630 710 5676 nent
738 5623 807 5675 ad
835 5624 1064 5680 invicem
1093 5624 1570 5680 declaraverimus.
1623 5611 1781 5676 Medo
1825 5629 2033 5676 tantum
2062 5635 2156 5672 ve-

583 5723 711 5784 stra:
744 5716 1028 5783 probitatis
1057 5735 1239 5772 auioz'e
1269 5717 1432 5785 capti,
1475 5716 1540 5770 ad
1581 5715 1754 5786 solum
1788 5713 2036 5769 notitiam
2064 5729 2156 5768 ve-

2260 4805 2478 4864 accepta
2513 4795 2768 4858 creditur,
2811 4809 2875 4849 ac
2913 4795 3149 4865 legitime
3196 4802 3343 4850 tanta
3388 4804 3680 4866 utramque
3713 4815 3844 4852 corr

2260 4887 2600 4952 suetudinem
2640 4887 2866 4942 ﬁdeliter
2895 4886 3279 4958 intelligamus,
3311 4887 3697 4958 intdlectuque
3738 4896 3854 4960 spi-

2257 4977 2401 5032 ritali
2431 4977 2720 5031 salubriter
2747 4975 3149 5032 conﬁrmemus.
3190 4974 3324 5029 Nam
3365 4975 3618 5032 fermenti
3667 4985 3725 5032 et
3772 4978 3854 5034 fa-

2261 5070 2395 5124 rinze
2419 5068 2746 5133 eommistio,
2777 5084 2884 5138 qua
2919 5066 3159 5122 Orientis
3185 5078 3413 5122 utuntur
3436 5067 3720 5134 Ecclesiae,
3767 5072 3857 5124 in-

2262 5161 2467 5215 carnati
2508 5158 2666 5214 Verbi
2713 5145 2951 5214 declarat
2997 5160 3386 5224 substantiam;
3436 5161 3668 5229 sinika
3717 5175 3860 5218 vero

2262 5267 2444 5306 massa
2495 5267 2810 5322 azymorum
2863 5267 3028 5321 quam
3085 5249 3329 5310 Romana
3375 5261 3523 5306 tenet
3577 5251 3856 5311 Ecclesia.

2259 5329 2552 5413 puritatem
2581 5345 2832 5398 humane
2867 5343 3079 5408 carnis,
3125 5359 3290 5412 quam
3334 5343 3536 5412 placuit
3573 5344 3858 5402 divinitati

2258 5435 2362 5492 sibi
2391 5435 2566 5498 unire,
2596 5435 2728 5489 citra
2760 5435 3187 5490 controversiam
3219 5444 3591 5504 rcprmsrutat.

2330 5530 2382 5582 4.
2440 5527 2624 5598 Itaque
2674 5528 2923 5598 redargui
2966 5527 3162 5582 debent
3207 5544 3236 5582 a
3290 5537 3470 5584 vestra
3520 5539 3857 5598 paternitate

2259 5622 2352 5692 qui
2399 5622 2534 5676 adeo
2582 5621 2922 5690 impudenter
2951 5621 3124 5674 sacris
3154 5623 3580 5693 apostolicisquc
3612 5625 3857 5678 sanctio-

2261 5716 2422 5768 nibus
2451 5713 2858 5778 contradicunt;
2887 5721 2942 5765 et
2968 5712 3024 5765 in
3050 5728 3160 5782 quo
3188 5713 3457 5770 teiiﬁrare
3485 5715 3856 5776 arhiu-antur.
