3978 6588
439 373 501 440 ll
1905 378 2010 438 NO‘

2115 377 2242 438 [ῚΑ.
3495 408 3512 425 ν
3629 383 3686 448 12

608 484 844 553 Epistola
875 486 943 543 de
995 485 1336 556 professione
1371 487 1493 541 ﬁdei
1552 488 1618 541 ad
1671 466 1935 542 mnnem
1955 485 2098 547 XXI,
2132 502 2349 556 papam.
2395 487 2585 542 Latine
2617 487 2759 559 apud
2795 486 3050 543 Allatium
3096 487 3170 542 De
3195 503 3470 554 consensu,
3509 489 3604 546 lib.
3633 509 3688 551 ιι.

428 590 552 646 cap.
594 576 682 639 15,
721 577 748 646 §
793 577 846 640 5,
882 591 1001 647 pag.
1031 574 1286 632 746-752.
1317 575 1510 645 Incipit
1539 591 1554 630 :
1599 573 1862 645 Principis
1911 574 2034 630 boni
2080 573 2332 642 optimum
2360 590 2472 630 esse
2510 575 2688 644 ﬁnem.
2715 575 2877 649 [Add.
2907 576 3068 641 infra,
3104 578 3213 630 vol.
3240 577 3334 641 XI,
3371 592 3424 647 p.
3455 578 3584 643 613,
3609 581 3688 633 cd-

431 674 543 719 vet.
578 663 778 734 Hann]

501 779 555 833 5.
584 779 886 848 Σηςιείωμα
918 780 1031 834 sive
1061 777 1344 849 Synodalis
1369 778 1624 832 sententia
1645 792 1696 832 a.
1732 773 1892 837 1280.
1921 776 1990 830 de
2018 777 2152 839 loco
2175 775 2426 848 Gregorii
2451 776 2683 848 Nysseni
2709 778 2842 852 (pro.
2871 777 3111 849 Spiritus
3139 778 3316 834 sancti
3346 792 3697 848 processtono

427 880 491 919 ex
522 866 680 920 Patre
703 877 753 919 et
789 865 966 936 Filio).
997 868 1159 934 petita
1190 882 1256 919 ex
1285 865 1402 930 ejus
1437 867 1657 920 bomilia
1694 865 1746 919 in
1779 864 1944 918 Pater
1980 881 1998 917 ι

2118 883 2322 937 inqua:
2375 867 2779 936 ἱηείρίιιὌτε
2805 870 3084 940 προσῆγεν
3150 872 3178 922 ὁ
3234 869 3413 936 μέγας
3467 869 3689 938 Μωσῆς·

429 951 616 1007 Graece
634 962 686 1006 et
715 952 905 1006 Latine
954 966 1087 1007 tom.
1118 953 1134 1006 l
1161 951 1384 1007 Graecia:
1407 953 1735 1014 orthodoxa}.
1772 968 1894 1024 pag.
1943 954 2000 1008 δε

2123 954 2208 1010 74.
2292 953 2467 1025 Hujus
2504 955 2892 1026 σημειὼματος
2945 957 3159 1011 initium
3193 957 3345 1011 :Ka‘t
3375 954 3498 1026 Θρὶξ
3528 955 3694 1023 ἐμπε-

430 1041 598 1092 σοῦσα
631 1041 706 1109 τῷ
745 1039 1028 1111 ὀφθαλμῷ.
1068 1039 1279 1112 (Fabr.)
1323 1041 1526 1105 Paris.,
1556 1043 1608 1094 in
1669 1042 1801 1098 bibl.
1826 1041 1976 1109 publ.

2124 1043 2158 1099 Ι.
2190 1043 2352 1111 1258,
2413 1061 2470 1100 n.
2500 1045 2554 1100 3.
2591 1044 2745 1100 Becci
2782 1045 2986 1101 scholia
3021 1047 3128 1100 tria
3157 1047 3214 1100 in
3260 1045 3479 1098 totidem
3508 1039 3695 1098 Basilii

427 1125 508 1182 Μ.
545 1126 783 1198 Gregorii
815 1125 1042 1199 Νεμεεηὶ
1075 1139 1123 1184 et
1164 1128 1748 1200 CyrilliAlexandrini.
1785 1127 2004 1200 (ΗΑιιι.)

497 1242 553 1296 6.
581 1242 850 1311 Διαθήκη.
915 1245 1300 1297 Testamentum
1333 1243 1400 1297 ab
1434 1242 1621 1297 exsule
1653 1243 1943 1312 scriptum.
1993 1242 2180 1298 Graece
2227 1252 2283 1299 et
2327 1243 2520 1301 Latine
2551 1245 2724 1300 tom.l
2754 1245 2974 1303 Graeciaa
3021 1245 3339 1302 orthodoxa:
3361 1261 3415 1316 p.
3443 1243 3698 1309 375-578,

425 1341 480 1384 et
510 1330 602 1382 lib.
635 1330 678 1382 ll
724 1329 801 1384 De
831 1346 1110 1397 consensu,
1147 1347 1268 1399 cap.
1298 1331 1385 1394 15,
1419 1329 1446 1402 §
1475 1329 1526 1395 8,
1555 1346 1606 1398 p.
1644 1331 1771 1386 763.
1827 1331 1996 1400 lncipi

2124 1331 2290 1386 Ιολλοί
2324 1333 2434 1386 τῶν
2473 1334 2798 1405 ’ἀνθρώπων
2845 1336 2904 1388 ἐν
2959 1333 3200 1405 ἑξορίαις
3254 1334 3349 1388 καὶ
3407 1333 3695 1402 φυλακαῖς.

390 1410 614 1470 'Exstat
650 1417 815 1472 etiam
875 1419 926 1471 in
991 1421 1132 1472 notis
1166 1418 1314 1474 Petri
1330 1417 1541 1472 Possini
1574 1419 1637 1472 ad
1672 1418 2058 1490 Pachymerem
2097 1429 2230 1475 tom.
2269 1419 2312 1486 Ι,
2339 1437 2390 1491 ρ.
2422 1421 2520 1476 541
2563 1437 2646 1491 sq.
2681 1420 2894 1493 (FABR.)
2957 1421 3072 1477 MS.
3113 1421 3404 1478 Florentia:
3465 1423 3518 1476 in
3570 1420 3698 1476 bibl-

427 1501 690 1558 Laurent.
723 1507 845 1559 cod.
879 1506 970 1570 5|,
1007 1523 1060 1559 ιι.
1105 1505 1158 1572 4,
1191 1507 1325 1573 plut.
1359 1506 1410 1560 7.
1447 1505 1503 1560 γ.
1539 1497 1962 1562 Bandin.Catal.

1500 1546 1503 1555 .
1539 1505 1763 1559 Bandin.
1785 1497 1962 1562 Crital.
2005 1509 2166 1565 codd.
2199 1507 2296 1564 Gr.
2331 1510 2498 1565 Laur.
2527 1509 2568 1575 ι,
2597 1527 2652 1581 ρ.
2688 1510 2816 1567 292.
2847 1511 3071 1582 (Hann)

497 1614 552 1667 7.
611 1614 695 1666 Ad
748 1613 994 1667 Alezium
1049 1614 1413 1683 Agallianum,
1450 1613 1656 1684 Magnae
1713 1615 1961 1670 ecclesia:
2021 1615 2187 1672 CPol.
2247 1619 2561 1683 diaconum,
2620 1619 2698 1674 De
2725 1622 3056 1689 processione
3095 1618 3326 1690 Spiritus
3365 1619 3426 1676 S.
3458 1619 3699 1688 epistola.

425 1701 654 1771 incipit:
706 1700 848 1770 Ἐγὼ
879 1702 977 1772 μὲν
1011 1702 1112 1754 οὐκ
1143 1700 1208 1755 ἄν
1241 1718 1370 1754 ποτε
1407 1701 1640 1786 ἁκορσαι
1671 1699 1857 1772 ᾠήθην
1909 1717 1993 1754 τοι

1761 1701 1857 1770 Θην
1909 1701 2156 1756 τοιαῦτα.
2193 1705 2350 1759 Tom.
2392 1707 2411 1760 l
2465 1705 2684 1762 Graecia
2736 1708 2944 1763 orthod.
2969 1723 3024 1778 p.
3053 1707 3178 1776 360,
3203 1708 3332 1765 565.

497 1815 550 1867 8.
596 1813 1024 1883 Ἐπισημείωσις
1048 1814 1157 1866 τῶν
1180 1813 1344 1867 αὑτοῦ
1374 1813 1604 1868 ἁπασῶν
1653 1813 1854 1884 βίϐλων
1887 1814 1981 1866 καὶ
2009 1829 2068 1884 γε

2131 1813 2240 1882 φῶν
2280 1817 2624 1885 συμφωνίας,
2659 1814 2737 1870 De
2759 1817 3004 1870 omnibus
3034 1817 3146 1871 suis
3171 1817 3322 1871 libris
3368 1826 3418 1872 et
3458 1819 3702 1888 scriptio-

427 1918 552 1955 num
575 1918 795 1955 suarum
836 1903 1195 1965 consensione,
1238 1901 1628 1955 animadversio
1668 1901 1735 1955 ad
1785 1901 2134 1955 Tneodorum
2175 1901 2418 1974 Sogdiaua
2463 1905 2802 1973 episcopum.
2865 1905 3024 1960 Hunc
3047 1905 3196 1958 enim
3228 1905 3371 1958 malo
3398 1905 3698 1975 intelligere

427 2008 590 2059 quam
621 1990 970 2044 Theodorum
997 1990 1359 2059 Xipliilinum,
1393 2005 1649 2059 magnum
1691 1990 1935 2044 ecclesiae
1960 2003 2332 2054 mrouomum,
2355 1991 2442 2045 cui
2477 1991 2825 2059 promiserat,
2861 2004 2922 2045 se
2954 1991 3022 2045 de
3044 1991 3397 2060 dogmatibus
3430 2007 3537 2045 non
3567 1991 3703 2045 scri-

428 2091 651 2150 pturum
687 2095 865 2149 neque
931 2079 1423 2144 contradicturum,
1480 2077 1743 2146 quidquid
1769 2077 1861 2130 alii
1889 2077 1999 2131 dice

2127 2090 2156 2142 ι,
2225 2077 2300 2138 ὡς
2348 2078 2409 2129 οὐ
2431 2077 2654 2148 γράφοι,
2681 2077 2757 2141 ὡς
2790 2078 2894 2131 οὐκ
2930 2077 3174 2150 ἀντείτεοι
3207 2079 3337 2148 περὶ
3390 2076 3698 2147 δογμάτων,

427 2145 530 2220 κᾶν
560 2172 586 2221 ὅ
615 2186 668 2221 τι
705 2145 916 2236 λέγοιεν
941 2167 1114 2232 ἄλλοι,
1139 2167 1282 2236 quod
1316 2145 1508 2222 deinde
1532 2145 1749 2220 serrare
1777 2181 1884 2220 non
1913 2174 1998 2234 pot

2131 2173 2189 2218 ut
2218 2165 2379 2220 refert
2401 2145 2789 2237 Pavcliymeres,
2813 2164 2908 2221 lib.
2938 2180 3012 2219 γι.
3039 2145 3236 2234 Incipit
3269 2145 3416 2219 έΚαί
3437 2145 3535 2234 τήν
3567 2180 3695 2233 παρ-

431 2258 599 2310 οῦσαν
641 2256 790 2321 δέξαι
824 2256 924 2326 τὴν
953 2256 1156 2324 βίϐλον,
1210 2253 1365 2325 φίλον
1412 2271 1502 2326 μοι
1530 2254 1712 2325 ψυχῆς
1743 2253 2002 2326 ὲνδιαίτηι

2127 2253 2278 2323 κύριε
2331 2251 2595 2323 Θεόδωρε.
2629 2251 2789 2308 Tom.
2838 2253 2884 2307 ll
2927 2250 3146 2307 Gracia:
3196 2253 3525 2318 orthodoxae,
3579 2268 3698 2324 pag.

428 2346 578 2410 1-10,
611 2344 768 2398 ﬂeui.
799 2345 956 2406 iO’il).
988 2343 1043 2398 4.

2939 2395 2969 2409 Ὦ

495 2458 548 2513 9.
580 2460 714 2526 Περὶ
739 2455 953 2518 ἀδικίας
980 2449 1046 2526 ἧς
1071 2454 1302 2523 ὑπέστη,
1325 2453 1420 2506 τοῦ
1443 2452 1648 2506 οἰκείου
1685 2451 1879 2522 Θρόνου
1905 2451 2066 2506 ἁπελο

2125 2450 2218 2514 εἰς.
2265 2449 2344 2505 De
2377 2449 2665 2518 iniustitia,
2697 2465 2803 2521 qua
2831 2449 3054 2519 allectus
3077 2457 3179 2516 est,
3209 2465 3242 2503 α
3266 2449 3484 2520 proprio
3507 2449 3696 2504 throno

423 2551 644 2618 ejectus.
677 2546 734 2600 Id
772 2561 894 2615 pag.
924 2544 1111 2598 11-36.
1159 2543 1328 2610 lucip.
1399 2542 1739 2612 Ἐσιὼπησα,
1777 2542 1855 2611 μὴ
1884 2541 1979 2593 καὶ

1040 2544 1111 2597 ili.
1159 2543 1328 2610 lucip.
1399 2542 1739 2612 Ἐσιὼπησα,
1777 2542 1855 2611 μὴ
1884 2541 1979 2593 καὶ
2007 2539 2176 2592 εἰσέτι
2222 2541 2611 2609 σιωπήσωμαι.

500 2659 587 2712 10.
617 2657 787 2724 Λόγος
819 2652 1217 2723 ἁπολογητικὸς
1247 2653 1343 2704 καὶ
1375 2652 1784 2722 ἀντιρρητικός,
1826 2649 2015 2705 Oratio
2053 2666 2071 2718 ι

2127 2649 2252 2702 rtim
2279 2647 2614 2717 apologetica
2639 2647 2706 2702 de
2740 2647 3030 2716 injustitia,
3068 2662 3172 2717 qua
3203 2647 3428 2716 affectus
3453 2655 3551 2708 est.
3570 2662 3698 2716 par-

427 2749 520 2802 tim
551 2746 895 2799 antirrhetica
919 2745 986 2795 ad
1013 2757 1204 2813 pravas
1231 2740 1581 2810 expositiones
1622 2739 1996 2792 nonnullarum
2037 2739 2235 2804 scripto
2270 2737 2596 2788 traditarum
2649 2735 3051 2791 auctorilatiim.
3100 2733 3176 2788 Id.
3201 2750 3326 2805 pag.
3379 2729 3569 2813 36-85.
3617 2733 3703 2787 ln-

426 2837 595 2907 cipit:
633 2835 714 2888 Τὰ
747 2833 845 2903 μὲν
871 2830 964 2885 οὖν
997 2808 1082 2899 ἐφ’
1113 2825 1192 2892 οἷς
1229 2808 1431 2889 ἀδίκως
1465 2827 1560 2880 τοῦ
1617 2827 1819 2879 οἰκείου
1857 2827 2018 2896 ἡμεῖς
2064 2826 2429 2895 ἁπηλὰθημεν
2485 2825 2698 2894 θρόνου.
3475 2808 3513 2837 ⁸

499 2946 588 3001 11.
659 2944 972 3010 Ἀπολογία.
1009 2939 1294 3010 Apologia,
1329 2938 1477 2992 nullo
1511 2938 1664 2991 modo
1713 2946 1925 2991 nostras
1975 2937 2376 2992 consuetudines
2429 2937 2650 3002 destrui,
2685 2939 2735 2991 si
2777 2935 3138 2992 Ecclesiarum
3195 2937 3442 2990 unionem
3461 2945 3704 3006 accepta-
3756 2941 3760 2948 ’

427 3053 568 3098 inus,
595 3033 686 3087 sed
716 3033 784 3085 ad
807 3028 1196 3083 conciliandam
1224 3030 1278 3081 in
1298 3027 1508 3083 Christo
1534 3041 1715 3095 pacem
1746 3023 1969 3077 multum
1986 3025 2294 3088 conducere,
2322 3025 2460 3095 quod
2485 3027 2618 3079 inter
2635 3027 2760 3080 sein
2789 3028 3070 3080 asserendo
3098 3028 3348 3095 dogmate
3361 3025 3693 3078 conveniunt.

426 3126 646 3195 ld.pag.
682 3122 861 3178 81-94.
901 3119 1136 3188 Incipit:
1169 3121 1431 3188 Πρόσεχε,
1463 3115 1682 3188 οὑρανὲ,
1721 3115 1814 3167 καὶ
1848 3113 1997 3186 λαλή‹

2041 3133 2090 3168 o.
2133 3113 2212 3185 [In
2233 3115 2363 3168 bibl.
2390 3113 2598 3168 Bodlei.
2630 3116 2794 3170 codd.
2825 3113 3048 3168 Borocc.
3085 3113 3146 3166 71
3179 3122 3236 3167 et
3262 3111 3386 3167 111.
3414 3111 3612 3184 Nam.)

504 3239 591 3294 12.
628 3236 747 3289 Τῶν
769 3234 904 3302 πρὸς
942 3236 1032 3286 τὴν
1063 3231 1362 3298 Σουγδαίας
1393 3231 1669 3300 Θεόδωρον
1708 3228 1782 3293 α’,
1826 3226 1895 3300 β’,
1929 3233 2001 3296 γ’.
2059 3249 2075 3282 λ

2133 3227 2141 3279 ῐ
2182 3225 2534 3291 Theodorum,
2575 3243 2724 3297 quem
2757 3229 2869 3296 ipse
2907 3227 3153 3298 Sugdcrte
3201 3227 3504 3296 episcopum
3559 3227 3704 3280 ordi-

429 3336 670 3391 naverat,
704 3325 826 3378 libri
863 3321 981 3386 111,
1015 3321 1092 3375 De
1141 3321 1471 3389 processione
1501 3317 1735 3388 Spiritus
1761 3317 1930 3371 sancti
1961 3333 2000 3371 ο.

2128 3324 2221 3368 ttre
2258 3324 2308 3369 et
2341 3313 2508 3370 Filio.
2557 3313 2723 3368 Primi
2759 3317 2978 3370 initium
3020 3333 3033 3369 :
3079 3314 3300 3386 Ἐπειδὴ
3339 3319 3429 3368 τὸν
3460 3316 3699 3384 εὑαγγιο

427 3418 579 3472 λικὸν
607 3414 790 3482 ζυγόν,
825 3413 896 3466 id.
927 3427 980 3482 p.
1006 3410 1095 3464 95.
1127 3407 1364 3462 Secundi
1393 3424 1408 3460 :
1446 3407 1518 3460 Σὺ
1553 3412 1675 3477 μὲν,
1702 3404 1957 3476 ἀγαπητὶ
1985 3420 1998 3457 t

2125 3401 2205 3469 ρέ,
2236 3417 2361 3471 pag.
2401 3402 2526 3456 117.
2566 3402 2755 3468 Tertii,
2794 3420 2903 3473 quo
2936 3401 3164 3456 Pbotius
3193 3402 3473 3472 speciatim
3517 3417 3696 3470 oppu-

429 3515 628 3579 gnatur
665 3524 678 3560 :
746 3501 915 3554 Πάλιν
948 3516 1041 3552 σου
1068 3497 1137 3550 τὰ
1165 3497 1472 3566 γράμματα
1501 3495 1638 3564 πρὸς
1682 3495 1851 3564 ἡμᾶς,
1889 3507 2000 3579 pag.

2129 3489 2304 3544 5-118.
2361 3489 2471 3544 llos
2504 3490 2675 3546 libros
2705 3507 2770 3547 ex
2809 3491 2996 3546 Allatii
3052 3491 3306 3546 versione
3368 3487 3700 3546 Bartlioldus

429 3577 693 3648 Niliusius
743 3588 1026 3658 subjunxit
1051 3583 1243 3638 Latine
1264 3581 1515 3650 epistolas
1551 3580 1797 3649 ejusdem
1829 3577 2009 3632 Allatii
2037 3577 2104 3632 ad
2147 3577 2571 3650 Boinebnrgium
2597 3579 2666 3635 de
2691 3581 3059 3636 consensione
3101 3581 3388 3646 utriusque
3423 3579 3699 3642 Ecclesiae,

424 3682 670 3752 Mogunt.
703 3677 860 3740 1655,
880 3675 934 3729 8.
967 3673 1211 3728 Tertium
1235 3668 1426 3726 Graece
1448 3676 1504 3726 et
1531 3668 1724 3726 Latine
1760 3668 1985 3725 dederat
2021 3667 2255 3722 Allatius
2303 3666 2420 3736 ipse
2479 3667 2547 3720 ad
2595 3666 2800 3723 calcem
2837 3669 2962 3723 libri
2997 3668 3074 3724 De
3125 3666 3446 3738 purgatorio
3485 3681 3538 3736 p.
3569 3665 3700 3720 827..

425 3774 552 3828 850.
579 3769 738 3825 Rom.
767 3766 924 3832 1652,
958 3764 1013 3820 8.

503 3888 587 3942 l5.
640 3882 762 3936 Τῶν
796 3879 933 3949 πρὸς
964 3876 1380 3929 Κωνσταντῖνον
1410 3871 1481 3939 α’,
1522 3871 1591 3944 β’,
1625 3877 1698 3943 γ’,
1723 3871 1789 3928 δ’.
1843 3869 1929 3926 Ad
1956 3868 2074 3926 Con;

2130 3866 2363 3922 antinum
2408 3867 2842 3940 (Meliteniotam,
2889 3869 2956 3925 de
2991 3886 3101 3941 quo
3127 3872 3238 3928 dixi
3270 3874 3477 3929 volum.
3523 3871 3615 3937 IX,
3647 3887 3701 3944 p.

431 3976 553 4031 198.
582 4001 650 4014 —-
676 3971 795 4025 Vol.
832 3967 899 4028 Χ.
925 3982 978 4036 p.
1006 3965 1132 4025 490.
1161 3974 1276 4018 not.
1306 3980 1361 4018 η.
1393 3979 1518 4019 nov.
1561 3960 1720 4035 edit.)
1750 3960 1873 4014 libri
1906 3958 1989 4014 IV

2131 3958 2314 4011 eodem
2349 3965 2693 4026 argumento.
2742 3955 2912 4012 Primi
2945 3957 3162 4014 initium
3203 3980 3218 4016 :
3253 3963 3445 4018 Φθάνω
3477 3963 3580 4032 μὲν
3608 3965 3702 4013 τά·

431 4061 526 4126 ξας
557 4059 652 4114 καί
681 4052 794 4110 οἷον
839 4051 1247 4123 διορισάμενος,
1285 4064 1339 4118 ρ.
1384 4048 1502 4104 149.
1560 4046 1797 4102 Secundi
1851 4061 1866 4098 :
1911 4043 2002 4097 Οὐί

2131 4044 2199 4115 ὴν
2252 4045 2514 4117 δευτέραν
2552 4047 2653 4116 σὴν
2707 4045 3113 4119 ἁποπέμπυμεν
3139 4050 3381 4119 αἴτησιν,
3412 4065 3536 4120 pag.
3573 4048 3700 4104 169.

429 4123 648 4204 i‘ertti:
699 4146 828 4207 Ναὶ,
883 4138 995 4204 ναὶ,
1029 4138 1102 4190 τὰ
1154 4136 1546 4207 ἐπηγγελμένα
1624 4149 1732 4198 σοι,
1769 4147 1837 4202 ,ρ.
1886 4129 2000 4187 287.

2134 4136 2259 4189 ιονιξ
2305 4152 2320 4190 :
2368 4136 2594 4206 Ἀπορεῖ
2654 4138 2750 4188 καὶ
2823 4135 3008 4201 πάλιν,
3091 4139 3185 4190 καὶ
3231 4139 3332 4192 οὐκ
3386 4137 3705 4208 ἀποροῦμεν

433 4242 620 4312 ἡμεῖς,
657 4253 710 4307 p.
741 4233 913 4291 209-2
929 4231 1012 4285 14.

501 4350 588 4404 ﬂ.
626 4348 718 4412 Εἰς
747 4347 838 4401 τὸν
865 4343 1034 4414 τόμον
1065 4341 1162 4396 τοῦ
1211 4335 1462 4407 Κυπρίου
1499 4333 1643 4388 κατὰ
1683 4331 1795 4386 τῶν
1843 4331 2123 4400 νεοφανῶν
2170 4333 2438 4404 αἰρέσεων
2493 4332 2993 4404 αὑτοσχεδιασθείς,
3022 4333 3179 4403 λόγος
3202 4341 3274 4401 α’,
3317 4333 3385 4406 β’.
3413 4334 3478 4390 In
3499 4345 3704 4390 tomum

431 4440 650 4511 Georgii
679 4435 860 4507 Cyprii
881 4433 1216 4489 Patriarclne
1265 4425 1428 4482 CPol.
1470 4423 1738 4511 Spiritum
1775 4429 1951 4511 sanet.
1975 4418 2190 4511 ePatre
2222 4437 2319 4492 per
2351 4422 2546 4476 Filium
2577 4423 2873 4492 procedere
2893 4423 3164 4491 negantis,
3195 4433 3243 4476 et
3275 4439 3436 4478 navas
3465 4425 3708 4492 ejusdem

429 4507 675 4590 liwreies,
722 4525 847 4578 libri
917 4524 1023 4576 duo
1081 4514 1462 4582 extemporales
1506 4513 1574 4566 ad
1615 4509 1968 4565 Theodorum
2013 4507 2258 4581 Sugdazte
2306 4512 2648 4581 episcopum,
2689 4526 2851 4581 quem
2897 4511 3195 4581 alloquitur
3226 4527 3280 4583 p.
3321 4513 3472 4569 251:
3525 4515 3597 4566 Σὺ
3619 4515 3704 4576 δὲ,

431 4622 625 4690 γνήσιε
657 4618 760 4678 ui),
786 4612 1010 4684 φίλτατέ
1036 4629 1128 4682 μοι
1155 4608 1421 4676 Θεόδωρε.
1452 4603 1624 4659 Primi
1671 4603 1889 4656 initium
1921 4621 1935 4657 :
1973 4603 2002 4655 '.

2131 4599 2239 4651 ιλεν
2268 4598 2376 4666 ἄρα
2418 4597 2619 4660 πολλὰς
2666 4597 2809 4651 κατὰ
2842 4599 3060 4666 καιρόν,
3109 4613 3231 4669 pag.
3256 4600 3382 4656 215.
3420 4600 3702 4656 Secundi:

430 4685 696 4779 Ᾰευτερο,
728 4705 862 4774 ἡμῖν
891 4699 1048 4764 οὗτος
1075 4703 1105 4753 ὁ
1133 4699 1275 4752 κατὰ
1303 4696 1397 4749 τοῦ
1423 4693 1678 4763 Κυπρίου
1722 4690 1896 4761 ἀγών,
1925 4707 2001 4762 ροι

2138 4685 2349 4740 32-286.
2382 4686 2558 4754 Λόγον
2597 4692 2814 4740 tertium
2841 4695 3030 4740 contra
3058 4685 3322 4756 Cyprium
3357 4689 3495 4743 citat
3530 4689 3709 4742 Nico-

432 4799 553 4852 laus
581 4774 914 4857 Comnenus,
938 4806 992 4861 ρ.
1021 4786 1127 4843 356
1147 4783 1389 4840 Prwnot.
1416 4780 1762 4851 mystagogic.
1788 4791 1843 4834 et
1874 4782 1996 4834 terti

2140 4791 2288 4832 suum
2353 4777 2463 4828 τῶν
2499 4774 2593 4827 τοῦ
2628 4775 2880 4845 Κυπρίου
2912 4775 3178 4847 αἱρέσεων
3232 4777 3456 4847 ἔλεγχον
3490 4794 3711 4832 memo-

430 4896 517 4940 rat
540 4883 752 4940 Veccus
775 4880 889 4951 ipse
930 4880 984 4932 in
1013 4870 1500 4930 Animadversioue
1519 4868 1586 4922 de
1619 4867 1772 4922 libris
1791 4866 1928 4932 suis,
1968 4875 2100 4920 tom.
2136 4865 2181 4922 Il
2214 4863 2435 4918 Greeciie
2474 4863 2684 4917 ortliod.
2715 4879 2838 4934 pag.
2870 4863 2922 4918 7.

506 4995 594 5050 15.
640 4989 1046 5063 Ἀντιῤῥητικά.
1081 4985 1444 5056 Refutationes
1465 4983 1718 5036 adversus
1756 4979 1821 5036 Ι).
1846 4980 2141 5034 Andronici
2183 4977 2460 5035 Camateri
2485 4978 2588 5032 sub
2629 4977 2878 5032 Mauuele
2917 4978 3202 5035 Comneno
3265 4981 3476 5050 pridem
3528 4980 3712 5035 Dran-

433 5085 572 5156 garii
603 5081 766 5154 iigtce
801 5081 915 5135 sive
937 5077 1175 5148 praefecti
1199 5074 1421 5144 vigilqu
1458 5072 1547 5142 (de
1573 5083 1684 5140 quo
1710 5083 1875 5138 supra
1902 5070 1954 5122 in
1989 5083 2111 5139 cap.
2143 5068 2386 5121 auteced.
2423 5065 2452 5137 ᾗ
2495 5067 2546 5156 7)
2594 5081 2751 5134 super
2775 5067 2986 5156 [scripto
3026 5069 3242 5123 traditis
3287 5070 3604 5123 testimoniis
3641 5072 3711 5125 de

433 5154 644 5242 Spiritu
675 5177 857 5224 sancto
882 5165 1385 5221 animadversiones.
1413 5158 1610 5230 incipit
1641 5175 1654 5213 :
1687 5158 2004 5228 Βουλόμενος

2140 5158 2211 5220 ,ἃς
2261 5155 2360 5228 τὴν
2408 5154 2868 5226 ὲκκλησιαστικὴν
2916 5157 3143 5228 εἰρήνην
3189 5161 3277 5213 ἀεὶ
3303 5161 3567 5230 προάγειν
3607 5163 3711 5214 ἐπὶ

431 5264 494 5318 τὸ
517 5259 882 5334 βεϐαιότερον,
905 5272 960 5327 ρ.
991 5252 1253 5310 287υῦ21.

505 5369 595 5426 16.
637 5363 994 5437 Ἐπιγραφαί.
1025 5359 1348 5430 Epigraplue
1375 5358 1492 5414 sive
1535 5357 1959 5430 prcscriptiones
2007 5355 2178 5420 XIII,
2213 5358 2268 5412 in
2305 5355 2452 5410 dicta
2486 5373 2549 5410 ac
2593 5357 2878 5410 sententias
2945 5369 3255 5414 sanctorum
3307 5358 3536 5414 Patrum
3579 5379 3611 5415 a
3651 5379 3712 5416 se

432 5437 678 5518 collectas
701 5458 765 5511 tle
793 5453 1118 5526 processione
1149 5448 1384 5519 Spiritus
1408 5449 1599 5503 sanati.
1639 5449 1809 5518 Incip.
1857 5447 2003 5519 Ῥἡσε

2134 5447 2367 5515 διάφοροι
2401 5448 2678 5516 γραφικοὶ
2723 5445 3070 5513 συλλεγεῖσαι
3117 5450 3200 5511 εἰς
3256 5448 3536 5514 ἀπόδειξιν
3600 5450 3705 5504 τοῦ

433 5551 574 5610 εἶναι
602 5550 664 5604 τὸ
700 5545 927 5614 Πνεῦμα
950 5543 1042 5596 καὶ
1068 5543 1133 5594 ἐκ
1162 5536 1258 5592 τοῦ
1283 5536 1435 5602 Υίοῦ,
1471 5553 1593 5607 pag.
1641 5535 1899 5591 5%243“,
1947 5535 2004 5590 ηε

2139 5535 2431 5604 pigrapbas
2467 5533 2654 5588 Graece
2689 5542 2746 5588 et
2792 5533 2984 5588 Latine
3007 5537 3253 5590 ediderat
3276 5536 3472 5591 Petrus
3525 5537 3707 5592 Arcu-

431 5646 579 5705 mus,
605 5640 952 5707 Corcyrams,
980 5631 1034 5685 in
1065 5627 1356 5698 Opusculis
1388 5629 1596 5688 aureis,
1642 5625 1804 5679 Rom.
1845 5624 2006 5688 1630,
2033 5625 2106 5690 4;
2145 5622 2299 5684 l67l,
2325 5623 2358 5676 4
2401 5623 2497 5696 [οι.
2532 5621 2719 5695 16701,
2749 5639 2855 5677 una
2909 5640 3034 5678 cum
3101 5625 3323 5696 scriptis
3372 5627 3708 5696 quibusdam

432 5729 682 5798 (ἔνθεοι-,ἱ
705 5725 942 5779 Palatina:
963 5729 1016 5773 et
1045 5721 1310 5772 adversus
1351 5716 1626 5769 Palamam
1657 5714 2021 5779 Bessarionis,
2055 5728 2154 5768 nec
2200 5728 2305 5766 no.1
2347 5710 2604 5766 Demetrii
2636 5713 2893 5782 Cydonii,
2917 5724 2972 5768 et
3000 5714 3218 5768 Maximi
3269 5714 3549 5772 Planudze.
3585 5716 3704 5772 Ha-

435 5823 632 5874 bentur
653 5824 707 5869 et
738 5826 867 5866 nzss.
897 5809 951 5862 in
972 5806 1103 5861 bibl.
1129 5805 1396 5859 Caesarea.
1430 5801 1560 5858 Vide
1591 5801 1942 5858 Lambeciqu
1991 5803 2052 5868 V,
2093 5817 2215 5873 pag.
2256 5802 2378 5858 186.
2409 5802 2611 5874 (rsum)
2644 5802 2769 5857 Sive
2812 5818 2864 5862 ρ.
2925 5803 3028 5856 517
3085 5819 3204 5864 suo.
3237 5805 3326 5859 ed.
3378 5806 3586 5864 Kollar.
3643 5809 3705 5862 in
