4070 6592
364 386 433 459 ts
1562 374 1567 377 ⁷
1805 386 2141 452 norma.
2484 349 2493 361 ’
3556 373 3626 445 tt

359 503 485 562 cod.
518 499 639 566 £50,
671 517 729 556 ιι.
763 493 848 555 14.
870 529 940 540 -
964 489 1028 554 lt.
1069 497 1197 554 ibid.
1224 513 1278 567 p.
1312 497 1418 552 590
1435 513 1556 568 sqq.
1587 497 1641 552 in
1682 499 1805 554 cod.
1835 499 1965 554 262.

2016 501 2324 558 —Venetiis
2365 501 2418 558 in
2455 501 2579 559 cod.
2620 499 2872 556 Naniano
2921 495 3049 557 503,
3078 512 3134 551 ιι.
3174 494 3244 550 i3
3291 493 3623 565 Κεφάλαιαυ

358 587 422 649 οὗ
448 594 484 662 ἡ
509 589 816 660 ιπιγροιφή,
839 596 948 642 etc.
980 589 1162 656 Atque
1192 576 1608 655 (Mingarellius)
1634 586 1687 639 in
1713 586 1833 641 Cat.
1858 587 2020 642 codd.
2052 580 2150 643 Gr.
2193 588 2432 643 Nanian.
2470 603 2594 658 pag.
2629 585 2754 650 508,
2804 583 3108 644 contendit,
3140 576 3218 637 'id
3275 596 3434 651 opus,
3476 588 3625 653 quod

358 684 432 736 ab
470 680 668 734 Allatio
697 677 960 732 dividitur
986 677 1039 739 in
1074 674 1417 743 epigrapbas.
1457 674 1811 728 dividendum
1850 689 1973 729 csse
2019 673 2072 727 in
2104 675 2309 743 capita,
2344 684 2398 729 et
2438 674 2888 729 inscribendum:
2917 669 3166 740 Capitula
3201 669 3266 724 de
3295 671 3629 739 processione

360 766 594 836 Spiritus
624 764 819 819 sancti.
854 764 999 818 Idem
1024 760 1204 824 docet,
1237 761 1381 816 illam
1406 759 1798 819 Collectioncm
1829 776 1952 817 esse
1984 762 2127 829 apud
2179 761 2439 816 Atlatium
2473 762 2528 815 in
2561 761 2666 815 ﬁne
2710 759 2984 823 mutilam,
3012 767 3065 811 et
3108 773 3231 823 quae
3263 755 3405 827 apud
3447 757 3628 825 ipsum

359 863 640 924 postrema
684 852 799 908 sint
867 852 1054 913 verba,
1089 864 1154 903 ea
1212 848 1266 902 in
1305 848 1407 903 boc
1454 849 1642 903 codice
1684 849 1785 917 legi
1814 864 1935 918 pag.
1978 847 2104 913 557,
2134 863 2276 917 Opus
2318 862 2450 903 vero
2486 858 2659 904 totum
2702 847 2934 909 absolvi,
2981 863 3032 916 p.
3064 846 3328 907 559.tum
3362 855 3486 917 post
3536 845 3629 899 illa

359 942 527 996 verba
547 941 701 1010 sequi
725 941 777 993 in
804 939 993 992 codice
1024 935 1339 991 testimonia
1368 935 1660 1004 desumpta
1690 950 1756 989 ex
1784 934 2066 990 Clemente
2108 936 2502 1000 Alexandrino,
2544 947 2593 990 et
2631 936 2777 990 aliud
2804 936 2978 990 sancti
3014 933 3233 988 Maximi
3278 932 3516 997 Epistula
3558 932 3629 987 ad

364 1028 653 1083 Marinum.
680 1028 826 1080 —-ln
856 1025 980 1080 eod.
1015 1016 1138 1081 cod.
1166 1040 1223 1077 η.
1254 1018 1342 1083 14,
1375 1025 1737 1077 Auctoritates
1781 1021 2032 1088 Patrum,
2063 1023 2265 1093 quibus
2325 1024 2703 1091 Purgatorium
2755 1039 2876 1079 esse
2921 1023 3300 1077 conﬁrmatur.
3331 1019 3469 1073 Tum
3520 1020 3626 1074 alia

362 1118 518 1186 plura
545 1117 610 1169 ad
638 1113 1069 1168 conﬁrmandam
1102 1111 1507 1181 processionem
1537 1110 1776 1178 Spiritus
1804 1112 1980 1164 sancti
2011 1126 2075 1165 ex
2104 1110 2262 1166 Filio.
2308 1114 2381 1166 Ac
2405 1114 2621 1167 demum
2649 1112 2796 1164 aliud
2832 1122 2995 1180 caput
3029 1112 3270 1173 additur,
3300 1111 3456 1178 qua-i
3501 1124 3631 1175 sup-

360 1207 695 1277 plementum
753 1204 933 1272 operis
976 1201 1155 1261 Becci.
1211 1211 1265 1254 et
1327 1201 1666 1261 inscribitur,
1725 1215 1776 1268 p.
1852 1198 1967 1253 567⁴

2043 1201 2378 1267 Ἀποδείξεις
2422 1204 2517 1254 καὶ
2571 1203 2636 1253 ὲκ
2685 1200 2792 1253 τῶν
2844 1199 3238 1267 οἱκουμενικῶν
3298 1199 3474 1264 agrian
3531 1214 3632 1250 συ-

361 1294 571 1357 νόδωνς
608 1294 762 1362 plura
789 1292 943 1345 dedit
983 1306 1048 1344 ex
1073 1304 1139 1343 eo
1176 1288 1473 1359 Mingarrll.
1508 1288 1827 1343 Aﬂ‘eruntur
1854 1296 2041 1356 postea
2075 1289 2432 1342 auctoritates
2470 1288 2702 1342 aliarum
2727 1288 3415 1358 synovlornmgeneralium
3457 1301 3518 1348 ιι,
3544 1301 3626 1349 ιιι,

360 1393 437 1440 tv,
468 1397 523 1441 ν.
555 1397 604 1433 vr
637 1388 691 1432 et
722 1392 816 1431 vu.
847 1406 913 1418 --
950 1376 1088 1430 Ibid.
1109 1376 1161 1428 in
1181 1375 1311 1429 bibl.
1342 1374 1509 1429 Marc.
1556 1376 1716 1429 codd.
1749 1374 1849 1429 160
1873 1387 1927 1429 et
1954 1379 1967 1429 l

2027 1377 2074 1438 l,
2107 1377 2468 1431 Auctoritates
2522 1377 2743 1431 Patrum
2777 1372 2840 1429 de
2878 1373 3209 1445 processione
3246 1376 3480 1442 Spiritus
3499 1391 3631 1429 san-

359 1470 470 1533 cti;
510 1468 689 1536 capita
722 1466 1157 1520 uumeranturin
1184 1467 1427 1533 margine
1453 1481 1566 1524 xix.
1594 1467 1714 1518 sine
1738 1467 1960 1519 nomine
1985 1466 2204 1535 quidem
2238 1466 2502 1528 auctoris,
2531 1466 2625 1534 qui
2660 1474 2839 1519 tamen
2887 1465 2941 1518 in
3003 1464 3306 1534 posteriore
3349 1466 3476 1518 cod.
3528 1478 3626 1530 per

363 1565 548 1610 notam
588 1555 926 1609 Bessarionis
951 1554 1220 1607 iudicatur
1252 1548 1475 1607 Vcccus.
1506 1550 1569 1605 V.
1604 1553 1724 1606 Cat.
1758 1555 1918 1607 codd.
1949 1549 2051 1608 Gr.
2075 1552 2243 1609 Marc.
2282 1568 2407 1623 pag.
2439 1553 2531 1608 90.
2564 1582 2634 1593 -—
2657 1552 2899 1606 Floreat.
2933 1552 2987 1607 in
3046 1552 3176 1605 bibl.
3234 1551 3425 1606 Medic.
3480 1549 3625 1606 Lau-

359 1653 502 1697 rent.
536 1644 659 1698 cod.
688 1642 777 1703 44.
811 1643 865 1707 4,
907 1642 1043 1711 plut.
1071 1642 1159 1705 10,
1184 1651 1311 1695 sunt
1340 1656 1414 1695 xu
1437 1656 1595 1710 capp.
1626 1639 1677 1695 J.
1710 1640 1870 1696 Becci
1920 1643 1966 1696 ἐι

2022 1642 2266 1711 γραφῶν,
2293 1656 2416 1694 cum
2452 1641 2679 1695 totidem
2718 1639 2967 1708 Gregorii
3008 1638 3266 1700 Palamte,
3291 1639 3629 1695 confutatio-

360 1737 548 1793 nibus,
580 1741 635 1786 ct
688 1732 840 1786 card.
889 1730 1233 1784 Bessarionis
1285 1730 1584 1799 Apologiis.
1639 1759 1711 1770 —-
1741 1731 1799 1784 In
1856 1730 1979 1783 cod.
2025 1727 2112 1792 l2,
2138 1743 2193 1781 ιι.
2249 1726 2340 1791 20,
2366 1729 2501 1798 plut.
2531 1729 2586 1784 4.
2638 1725 2895 1782 Collectio
2946 1727 3230 1784 mirabilis.
3269 1742 3317 1781 s.
3350 1725 3437 1781 J0.
3472 1712 3627 1781 Veri:i

360 1817 702 1891 Epigraphaa,
727 1827 832 1873 etc.
869 1819 922 1872 in
958 1819 1060 1872 hoc
1089 1820 1248 1872 etiam
1279 1820 1399 1871 cod.
1433 1816 1486 1871 in
1516 1818 1621 1872 ﬁne
1654 1819 1833 1887 operis
1849 1817 1954 1870 alia
1984 1815 2287 1871 stic-runtur
2327 1826 2606 1885 excerpta,
2662 1830 2784 1883 quae
2831 1820 3032 1869 desunt
3085 1816 3140 1869 in
3185 1815 3370 1868 Allatii
3424 1813 3632 1871 Gracia

360 1909 684 1971 orthodoxa,
720 1916 853 1961 tom.
886 1904 952 1972 ll,
990 1914 1116 1975 post
1141 1922 1259 1976 pag.
1289 1904 1413 1960 641.
1451 1903 1575 1959 Vid.
1607 1904 1836 1960 Bandin.
1860 1906 1974 1960 Cat.
2002 1904 2160 1959 codd.
2185 1902 2278 1958 Gr.
2326 1903 2585 1959 Laurent.
2631 1903 2669 1968 Ι,
2705 1919 2757 1972 p.
2801 1902 2906 1958 485
2928 1913 2983 1957 et
3005 1902 3134 1957 535.
3187 1932 3259 1943 —
3281 1900 3427 1957 Idem
3491 1902 3628 1956 ibid.

362 2012 415 2063 p.
444 1996 571 2058 546,
600 1995 837 2063 coniicit,
874 2009 937 2051 ea
965 2010 1088 2064 que
1109 2003 1327 2048 exstant
1356 1994 1409 2048 in
1435 1995 1560 2048 cod.
1587 1994 1679 2055 22,
1715 2011 1765 2048 η.
1803 1993 1858 2056 4.
1883 1995 1969 2062 plu

2043 1992 2100 2052 4,
2137 1994 2273 2061 Περὶ
2291 1990 2597 2061 Τριαδικῆς
2624 1990 2719 2044 καὶ
2754 1991 3066 2061 ἀσυγχύτου
3092 1991 3321 2059 τάξεως.
3348 1990 3426 2045 De
3445 1992 3632 2045 Ordine

365 2080 647 2138 Trinitatis
684 2098 1029 2153 personarum
1064 2082 1336 2145 distincto,
1372 2090 1435 2136 ex
1470 2080 1646 2136 Vecco
1672 2097 1795 2137 esse
1832 2082 2141 2149 desumpta,
2176 2080 2266 2149 qui
2320 2080 2497 2133 simile
2558 2079 2829 2148 quoddam
2892 2094 3032 2150 opus
3076 2082 3332 2145 coniecit,
3375 2082 3631 2135 edituma

364 2172 528 2225 Petro
551 2171 813 2235 Arcudio,
846 2169 1033 2224 Romae
1068 2170 1297 2224 1650-
1327 2168 1526 2223 Eadem
1550 2169 1874 2239 ἐπιγραφῶν
1905 2184 1970 2223 co

2027 2171 2205 2231 :ctio,‘
2235 2168 2405 2221 Paris.
2434 2168 2486 2221 iu
2518 2168 2645 2223 bibl.
2674 2169 2823 2236 publ.
2852 2170 2977 2224 cod.
3018 2166 3192 2235 [1270,
3220 2187 3273 2222 ιι.
3326 2168 3381 2223 4.
3416 2196 3489 2209 —-
3520 2167 3634 2222 bla-

365 2262 501 2322 triti,
529 2259 581 2313 in
621 2260 741 2312 cod.
768 2255 996 2324 regio77
1036 2258 1222 2310 insunt
1245 2254 1495 2326 Gregorii
1539 2255 1774 2311 Palamte
1818 2257 1884 2312 de
1932 2256 2282 2327 processione
2332 2254 2572 2325 Spiritus
2631 2255 2807 2309 sancti
2848 2256 3183 2323 Sermones;
3237 2255 3398 2311 Joan.
3445 2256 3630 2313 Bucci-

364 2349 709 2418 Epigraplias,
737 2355 793 2401 et
814 2344 1051 2399 Palama:
1078 2345 1509 2415 Antiepigraphte
1528 2362 1549 2412 ;
1578 2345 1843 2400 Barlaami
1877 2345 2126 2402 menacbi
2161 2345 2228 2399 de
2261 2345 2452 2398 eodem
2490 2353 2832 2412 argumento,
2870 2354 2976 2399 etc.
3012 2342 3078 2399 V.
3107 2346 3285 2402 lriart.
3329 2339 3451 2402 Cat.
3466 2347 3630 2403 codd.

365 2438 463 2489 Gr.
490 2434 693 2489 Matrit.
727 2451 779 2504 p.
805 2433 929 2488 279.
950 2449 1072 2503 sqq.
1113 2435 1325 2503 singula
1358 2434 1635 2503 cepiosius
1668 2442 2035 2502 persecutum.
2071 2463 2143 2475 —
2179 2433 2236 2487 In
2272 2434 2393 2501 cod.
2442 2434 2667 2487 Coislin.
2692 2430 2753 2486 C.
2783 2431 3050 2502 Gregorii,
3098 2437 3341 2505 arcbicp.
3378 2435 3629 2490 Thcssal-

367 2534 561 2577 t'0ulra
596 2522 827 2577 Bercum
852 2533 905 2576 et
928 2522 1033 2575 alia
1066 2523 1133 2575 de
1159 2522 1348 2575 eodem
1383 2531 1727 2587 argumento.
1759 2520 1826 2577 γ.
1855 2521 2149 2576 Moutl‘auc.
2194 2521 2334 2575 Bibl.
2385 2519 2551 2575 Coisl.
2604 2537 2657 2590 p.
2698 2519 2793 2574 l7l
2836 2537 2918 2590 sq.
2945 2523 3069 2579 add.
3106 2522 3235 2577 ibid.
3276 2539 3328 2592 p.
3389 2523 3495 2579 405
3543 2540 3628 2593 sq.

365 2641 437 2654 —-
462 2611 623 2666 Conf.
652 2610 854 2666 Oudin.
882 2611 934 2664 in
962 2610 1271 2665 Comment.
1305 2610 1372 2663 de
1395 2612 1682 2681 scriptorr.
1706 2613 1902 2666 eccles.
1931 2611 2018 2677 Ill,
2054 2627 2177 2682 pag.
2227 2609 2331 2665 5l0
2367 2625 2477 2678 sq.,
2508 2609 2577 2663 ad
2630 2624 2683 2662 a.
2712 2609 2871 2669 1270,
2904 2610 2997 2679 qui
3059 2621 3319 2677 prasterea
3383 2614 3631 2677 adnotat,

367 2701 491 2754 illas
521 2700 819 2754 sententias
847 2714 877 2752 a
900 2695 1077 2753 Vecco
1109 2697 1387 2763 collectas,
1421 2701 1645 2768 reperiri
1677 2701 1816 2769 apud
1852 2700 2110 2753 Bzovium
2141 2700 2195 2752 in
2224 2698 2546 2758 Annalibus,
2583 2706 2713 2750 tom.
2760 2696 2900 2757 XIV.
2932 2699 3001 2753 ad
3024 2714 3075 2752 a.
3111 2699 3269 2763 i359,
3327 2700 3454 2754 item
3500 2700 3635 2770 Epi-

364 2787 559 2859 stolagn
588 2785 745 2840 Joau.
783 2784 937 2840 Vecci
979 2787 1047 2838 ad
1067 2784 1357 2839 Romanum
1387 2786 1684 2854 pontificem
1712 2802 1802 2841 an.
1855 2787 1987 2841 1277
2021 2788 2242 2842 missam
2278 2801 2400 2841 esse
2436 2783 2529 2840 Gr.
2562 2797 2615 2840 et
2640 2785 2755 2840 Lat.
2801 2788 2854 2841 in
2885 2788 3156 2849 conciliis,
3200 2792 3290 2844 ed.
3333 2788 3634 2846 Labbeaua:

367 2885 503 2930 tom.
539 2873 632 2937 XI.
662 2877 770 2930 col.
806 2875 964 2931 1053.
998 2874 1144 2930 Idem
1184 2890 1215 2930 a
1254 2891 1373 2946 pag.
1405 2876 1529 2940 506,
1567 2876 1848 2931 historiam
1903 2875 2120 2946 fataque
2146 2868 2307 2930 Vecci
2341 2883 2397 2928 et
2443 2876 2852 2930 controversias
2874 2875 3001 2930 inde
3039 2889 3231 2934 enatas
3259 2878 3439 2934 fusius
3463 2896 3631 2935 enar-

367 2972 478 3026 rat,
515 2975 889 3035 provocatque
915 2967 979 3019 ad
1012 2965 1178 3021 Henr.
1208 2966 1562 3035 Spondauum
1592 2968 1646 3021 in
1668 2967 2078 3021 continuatione
2107 2964 2305 3021 Annal.
2336 2962 2556 3017 Baronii
2585 2964 2651 3017 ad
2680 2980 2732 3017 a.
2759 2959 2916 3031 1274,
2951 2981 3007 3019 ιι.
3042 2966 3152 3027 l5:
3182 2968 3247 3020 ad
3280 2982 3332 3022 a.
3360 2968 3520 3035 1285,
3569 2985 3625 3027 ιι.

366 3052 404 3106 9
430 3063 484 3106 et
514 3052 610 3116 1ος
638 3066 802 3123 atque
836 3055 903 3109 ad
929 3054 1129 3109 Anton.
1164 3054 1487 3118 Arnoldum,
1518 3054 1793 3109 doctorem
1826 3046 2113 3109 Sorbonic.
2158 3051 2237 3107 De
2257 3063 2506 3119 perpetua
2544 3048 2795 3107 Ecclesia
2823 3051 3101 3109 catholica
3118 3055 3222 3123 ﬁde
3244 3056 3386 3111 circa
3415 3055 3634 3115 Eutha-

371 3142 542 3196 ristia:
564 3152 979 3208 sacramentum,
1004 3143 1098 3199 lib.
1128 3158 1210 3206 ιιι,
1234 3157 1392 3213 capp.
1426 3143 1461 3197 5
1492 3154 1545 3198 et
1575 3144 1629 3208 4,
1666 3158 1791 3214 pag.
1815 3140 1923 3198 299
1950 3155 2072 3209 sqq.
2116 3138 2270 3197 llarl.

445 3251 709 3309 Memorat
737 3253 901 3309 etiam
926 3254 1180 3321 Allatius,
1216 3270 1269 3323 p.
1304 3254 1425 3318 767,
1460 3252 1538 3308 De
1570 3270 1851 3317 consensu,
1879 3253 2052 3323 Κεφάί

2023 3253 2167 3308 ἱλαιά
2188 3265 2312 3309 τινα.
2338 3253 2468 3327 περὶ
2491 3253 2589 3308 τοῦ
2613 3253 2775 3323 ἁγίου
2814 3254 3155 3327 Πνιύμιιτος.
3186 3266 3362 3329 capita
3385 3263 3630 3332 quaedam

370 3343 438 3396 de
466 3340 671 3411 Spiritu
695 3352 899 3396 sancto.
927 3340 1097 3411 lncip.
1159 3338 1296 3396 Εἶτα
1326 3344 1420 3396 καὶ
1467 3343 1629 3396 πάλιν
1658 3345 1707 3395 οἱ
1743 3344 1898 3396 αὐτοὶ
1959 3360 1977 3396 τ

2021 3342 2079 3395 ιϐ’
2133 3343 2282 3412 ἑξῆς.
2327 3342 2549 3399 Necnon
2590 3343 2798 3399 Titulos
2835 3342 2901 3400 de
2925 3359 3104 3402 recens
3134 3351 3276 3405 natis
3316 3350 3628 3411 lneresibus.

371 3429 568 3499 Incipit
599 3447 613 3483 :
653 3428 916 3498 Ἐμελλεν
942 3422 1030 3499 ἄρ’
1052 3427 1167 3482 ἀντ’
1201 3428 1501 3483 ἐπισκόπου
1526 3429 1666 3484 κατὰ
1697 3422 1862 3483 λύκου
1892 3434 1989 3483 καὶ
2025 3432 2403 3504 αἰρεσιὰρχου.

444 3541 569 3595 Nic.
599 3539 936 3607 Comnenus,
968 3556 1092 3612 pag.
1126 3542 1192 3597 14
1214 3540 1451 3597 Ρτωιιοι.
1477 3552 1770 3613 mystagog.
1795 3543 1926 3598 citat
1952 3540 2039 3597 ιο.
2071 3539 2228 3597 Vecci
2265 3542 2574 3599 Orationem
2620 3542 2652 3599 l
2679 3544 2744 3600 de
2779 3544 3191 3616 inauguratione
3212 3564 3333 3618 sua,
3380 3509 3503 3623 quas
3553 3553 3633 3613 in.

372 3627 509 3698 cipit
546 3645 562 3684 :
604 3629 905 3684 Ἀκούσατε
943 3630 1088 3702 ἱερὸν
1126 3630 1432 3703 συνέδριον,
1459 3631 1604 3700 φίλοι.
1635 3631 2087 3703 συμπράκτορες,
2112 3630 2393 3701 ἀρχιερεῖς
2423 3630 2662 3701 ἀδελφοί.

439 3741 754 3799 Orationem
782 3753 1029 3815 quartam
1058 3745 1121 3798 de
1141 3745 1332 3800 unione
1368 3745 1737 3810 ecclesiarum,
1763 3758 1885 3815 pag.
1915 3741 2039 3803 164.
2065 3742 2194 3798 207.

447 3853 750 3927 Synodicon
779 3857 845 3912 de
877 3856 1187 3911 clericorum
1226 3856 1580 3918 ordinatione,
1606 3856 1748 3925 apud
1794 3854 2232 3919 Canonarcbam,
2271 3846 2728 3925 Gbrlstopborum
2782 3853 3116 3929 Campanam
3154 3866 3278 3930 pag.
3300 3861 3426 3919 292.
3457 3862 3632 3936 Synna

371 3944 532 4000 dicen
554 3945 620 4000 de
648 3946 811 4016 oﬁcio
831 3944 1066 4015 parochi,
1093 3959 1215 4015 pag.
1248 3942 1373 3999 310.
1404 3942 1728 4014 Synodicum
1758 3941 1874 4011 IIl,
1903 3957 2027 4014 pag.
2057 3939 2184 3998 145.
2212 3942 2512 4012 Synodicon
2540 3958 2632 3999 an.
2652 3943 2791 4001 1275
2808 3946 3211 4017 promulgatum
3235 3949 3301 4005 de
3326 3953 3498 4022 capite
3513 3970 3632 4008 cors

373 4032 496 4095 pari
524 4030 590 4086 S.
625 4030 917 4086 Hamantis
956 4031 1214 4099 abscisso,
1234 4047 1358 4102 pag.
1384 4029 1513 4086 242.
3528 4048 3535 4053 “

450 4139 749 4210 Epistolam
788 4140 1107 4213 encyclicam
1136 4154 1258 4212 pag.
1292 4140 1400 4198 205
1430 4131 1798 4210 ρατωιιέιὶοαιιι
1828 4139 1897 4195 ad
1928 4142 2193 4209 unionem,
2220 4155 2276 4213 p.
2310 4136 2438 4198 546.
2473 4133 2688 4216 (Fam)

453 4251 741 4326 (ﬂosque,
780 4246 843 4309 in
874 4255 998 4310 cod.
1050 4254 1245 4325 synod.
1301 4252 1429 4321 524,
1463 4254 1531 4307 de
1564 4254 1772 4335 synodo
1806 4256 2060 4311 mcumen‘

2026 4254 2162 4319 nica,
2216 4253 2293 4308 Ἦ
2313 4273 2399 4320 τις
2442 4258 2854 4330 ἀποκατέστησε
2891 4259 3168 4317 Φώτιον...
3202 4262 3285 4326 ei;
3315 4263 3409 4317 τὸν
3440 4264 3633 4336 θρόνον

372 4340 1033 4405 Κωνσταντινουπόλεωςο
1059 4342 1170 4396 ἀπὸ
1208 4336 1303 4396 τοῦ
1332 4342 1494 4410 λόγου
1529 4343 1624 4396 τοῦ
1657 4341 1886 4397 Βέκκου.
1932 4342 1979 4397 In

2020 4361 2043 4395 :.
2078 4338 2186 4396 Ἦν
2209 4342 2276 4398 ἂν
2329 4346 2623 4416 μακάριον.
2679 4340 2746 4401 ν.
2795 4346 3031 4404 Μοιιιιωὶ
3091 4349 3266 4406 Notit.
3318 4354 3479 4407 codd.
3529 4355 3627 4411 Gr.

371 4425 551 4498 Mosq.
577 4442 700 4500 pag.
722 4428 851 4486 242.
873 4428 1115 4485 Pertinet
1146 4430 1215 4485 ad
1252 4446 1306 4485 ιι.
1336 4428 1393 4486 2.
1426 4420 1583 4485 ldem‘
1601 4430 1787 4485 forsan
1809 4444 1968 4498 opus,

2024 4448 2053 4483 ιι
2087 4431 2207 4486 Cat.
2240 4445 2375 4486 mss.
2420 4434 2778 4503 Anglim,ete.
2812 4437 2921 4491 vol.
2974 4435 3015 4502 Ι,
3046 4452 3103 4507 p.
3155 4437 3247 4502 55,
3272 4453 3330 4493 ιι.
3387 4439 3515 4505 691.
3571 4445 3627 4498 in

374 4516 500 4569 cod.
534 4514 683 4572 Guil.
714 4515 886 4572 Laudi
911 4516 981 4573 59
1005 4518 1086 4573 sic
1105 4519 1342 4573 citatur:
1372 4518 1509 4572 Acta
1535 4519 1723 4588 synodi
1749 4518 2101 4584 acumenicte,
2131 4532 2254 4589 qua
2305 4512 2583 4581 Pbotium,
2630 4520 3020 4589 patriarcham,
3048 4524 3104 4577 in
3130 4525 3388 4582 thronum
3421 4528 3629 4585 (.‘l’olit.

374 4601 639 4666 restituit,
669 4612 723 4658 et
743 4603 995 4659 scandala
1024 4617 1176 4660 novae
1198 4613 1254 4660 et
1287 4606 1525 4676 antiquae
1574 4605 1763 4660 Romae
1785 4607 2027 4670 sustulit,
2049 4618 2116 4660 ea:
2136 4595 2390 4661 relatione
2430 4595 2585 4661 Becci
2617 4609 2822 4664 scribae.
2854 4608 3053 4684 nam]

449 4712 533 4786 [In
556 4722 667 4770 cat.
695 4730 828 4771 mss.
857 4714 951 4772 Gr.
978 4716 1109 4773 bibl.
1143 4715 1434 4781 Escorial.,
1472 4716 1527 4772 in
1565 4717 1655 4774 ed.
1683 4710 1878 4775 Clarkc
1902 4715 2082 4774 Briel’e
2112 4733 2217 4774 von
2244 4717 2367 4773 dem
2386 4721 2718 4789 gegenw‘art.
2753 4718 3030 4780 Zustande
3072 4723 3168 4777 des
3199 4724 3452 4794 Kmnigr.
3492 4725 3636 4797 Spa-

372 4801 525 4866 nien,
552 4812 619 4857 ex
644 4803 893 4857 versione
912 4800 1097 4861 Germ.
1122 4799 1209 4859 Jo.
1236 4799 1375 4860 Tob.
1402 4804 1647 4869 Koehler,
1680 4803 1882 4874 Lemgo
1907 4805 2067 4872 1765,
2091 4804 2144 4871 8,
2169 4822 2292 4878 pag.
2323 4807 2429 4864 406
2456 4808 2661 4865 citatur
2687 4808 2775 4865 J0.
2802 4810 2987 4867 Becbii
3012 4813 3115 4882 (vel
3147 4814 3350 4882 potius,
3370 4816 3630 4876 arbitror.

370 4885 576 4959 Beccii)
607 4898 744 4959 patr.
773 4888 933 4945 CPol.
959 4886 1027 4945 de
1056 4893 1259 4947 unione
1291 4893 1669 4949 ecclesiarum.
1703 4891 1791 4964 (ν.
1824 4907 2014 4963 supra,
2039 4912 2094 4950 ιι.
2124 4892 2201 4965 1.)
2250 4896 2311 4951 In
2359 4898 2542 4954 Plueri
2588 4908 2769 4954 autem
2794 4898 2916 4955 Cat.
2952 4915 3089 4957 mss.
3123 4902 3309 4957 Escor.
3332 4918 3459 4975 pag.
3528 4905 3637 4961 l75

371 4976 580 5031 mentio
602 4976 747 5031 illius
768 4991 861 5047 op.
892 4979 1038 5034 nulla
1073 4979 1133 5034 ﬁt
1158 4987 1175 5045 ς
1219 4980 1317 5036 sed
1350 4979 1490 5037 male
1517 4979 1834 5036 tribuuntur
1852 4977 1905 5037 J.
1933 4976 2135 5038 Becbio
2161 4983 2281 5056 (sic)
2309 4995 2450 5056 patr.
2491 4981 2696 5043 CPolit.
2740 4986 3096 5059 Paraphrasis
3126 4989 3181 5045 in
3204 4990 3434 5047 Aristot.
3456 4992 3633 5051 libros

372 5061 682 5119 ethicorum
731 5065 800 5120 ad
861 5063 1281 5132 Nicomachum,
1326 5077 1459 5124 item
1483 5069 1747 5125 adversus
1781 5070 1956 5142 legem
1992 5071 2393 5128 Saracenorum
2438 5074 2703 5146 apologiae
2747 5075 2840 5142 1V,
2871 5085 2926 5132 et
2950 5077 3217 5136 adversus
3245 5077 3631 5141 Mabometem.

372 5151 502 5210 libri
535 5151 627 5218 ιν.
657 5168 781 5229 quae
807 5168 839 5211 ιι
869 5153 1087 5214 CIarltio
1110 5156 1149 5212 ι.
1175 5171 1228 5214 c.
1258 5157 1821 5218 ascribunturioann.
1846 5160 2254 5231 Cantacuzeno,
2280 5160 2478 5234 imper.
2512 5162 2740 5236 Byzaut.
2775 5164 2993 5238 illam.)
