4070 6626
330 530 392 603 17
1422 559 1520 619 DE
1562 556 1854 619 UNlONE
1893 557 2450 620 ECCLESIARUM.
3517 552 3585 610 is

329 660 428 713 καὶ
441 664 578 715 πᾶσι
597 666 708 729 τοῖς
728 669 1047 742 ἅπανταχοῦ
1065 672 1165 741 γῆς
1180 672 1359 727 ἔθνεσι
1376 672 1533 743 δῆλον
1546 673 1902 739 κατέστησεν.

2013 670 2231 724 bitatcm
2257 679 2444 726 nostra
2469 670 2614 725 hunc
2633 670 2687 724 in
2716 668 2935 725 modum
2961 667 3293 733 devastasse,
3310 662 3582 733 prolixum

331 749 474 804 seat
504 769 591 817 τις
625 755 728 833 τὴν
760 758 913 830 ἰσχὺν
962 763 1057 817 τοῦ
1098 765 1317 835 ἀμάχου
1368 764 1560 817 τούτου
1595 762 1767 815 κακοῦ
1818 758 1913 814 καὶ

328 840 506 906 ἄλλως
534 845 709 900 ἐθέλει
741 855 983 917 σκοπεῖν,
1001 855 1115 926 ἔχει
1139 856 1535 927 διανοήσασθαι
1555 855 1783 927 ταύτην,
1818 856 1911 909 καὶ

328 934 391 1000 δξ
418 930 497 990 ὧν
520 939 689 1005 αὐτὸς
715 942 825 1012 ἐγὼ
868 948 933 1001 ὲκ
975 952 1146 1020 μόνης
1194 952 1415 1021 μνήμης
1447 951 1643 1021 πάσχω
1685 953 1754 1004 τὰ
1791 951 1908 1005 νῦν.

331 1027 527 1083 Ἀλλον
576 1032 687 1100 γὰρ
721 1034 815 1087 τοῦ
866 1041 1228 1108 προκειμένου
1281 1043 1440 1110 λόγου
1494 1042 1635 1113 ἔχων
1679 1041 1907 1105 σκοπὸν,

329 1117 457 1185 περὶ
518 1120 619 1189 τῆς
693 1122 1162 1198 ἐκκλησιαστικῆς
1203 1130 1430 1201 εἰρήνης
1474 1132 1650 1184 εἰπεῖν
1687 1129 1907 1198 δηλαδὴ.

329 1209 421 1259 καὶ
438 1210 894 1283 ἀπολογήσασθαι
926 1221 1040 1283 τοῖς
1067 1237 1128 1273 τε
1166 1222 1261 1274 νῦν
1291 1223 1400 1277 τῶν
1441 1223 1767 1293 ἀνθρώπων,
1796 1223 1908 1283 τοῖς

326 1316 388 1351 τε
420 1303 737 1374 ἐσύστερον.
762 1308 838 1371 ὡς
871 1312 1057 1376 καλῶς
1104 1315 1237 1385 παρ’
1261 1314 1419 1385 ἡμῶν
1455 1316 1488 1383 ἡ
1517 1314 1615 1368 τοῦ
1658 1314 1905 1386 ὀλεθρίου

325 1389 438 1442 τῶν
492 1393 831 1466 Ἐκκλησιῶν
877 1402 1178 1471 σχίσματος
1220 1404 1462 1475 ὴθετήθη
1478 1406 1781 1468 διάστασις,
1810 1403 1906 1458 καὶ

323 1479 640 1553 om}.st
689 1488 860 1558 αὐτῆς
914 1492 949 1561 ἡ
1016 1490 1271 1563 θεοφιλὴς
1292 1494 1486 1565 εἰρήνη
1547 1495 1643 1548 καὶ
1687 1493 1900 1557 ένωσις,

322 1570 438 1637 ἐγὼ
462 1572 521 1624 δὲ
551 1576 758 1628 τούτων
780 1578 1073 1648 ἀφέμενος,
1092 1583 1214 1636 ἐπεὶ
1228 1583 1340 1636 τῶν
1361 1585 1424 1636 ἐκ
1447 1586 1549 1654 τῆς
1566 1586 1903 1650 διαστάσεως

322 1664 745 1720 καταλαϐόντων
770 1672 915 1739 ἡμᾶς
946 1674 1226 1747 ἐμνήσθην
1254 1676 1463 1743 κακῶν,
1493 1680 1785 1749 συμφορὰς
1806 1678 1903 1733 καλ⁸

2016 760 2294 816 infortunii
2327 773 2564 831 tempus.
2607 778 2714 817 non
2767 759 2928 816 nobis
2961 756 3363 822 tantummodo,
3394 754 3485 826 qui
3517 766 3583 808 ea

2013 851 2256 920 perpessi
2312 868 2526 915 sumus,
2580 850 2675 927 sed
2731 859 2785 908 et
2843 850 3100 906 omnibus
3140 857 3579 918 quaquaversum

2013 943 2276 1012 dispersis
2320 943 2635 997 nationibus
2681 941 3074 997 'manifestavit.
3130 937 3313 1005 Quod
3363 936 3419 991 si'
3457 934 3581 1004 quis

2012 1035 2293 1089 immensae
2322 1034 2649 1089 calamitatis
2678 1034 2890 1103 pondus
2922 1041 2976 1087 et
3020 1031 3126 1086 alia
3161 1030 3372 1084 ratione
3408 1026 3582 1096 conji-

2008 1141 2134 1180 cere
2162 1126 2416 1190 voluerit,
2447 1140 2514 1180 ex
2548 1126 2656 1189 his,
2684 1139 2803 1192 qua
2833 1124 2949 1193 ipse
2980 1137 3126 1178 nunc
3156 1121 3239 1175 vel
3272 1119 3389 1175 sola
3433 1116 3579 1172 illius

2009 1220 2273 1273 memoria
2324 1220 2519 1289 patior,
2577 1216 2759 1273 animo
2838 1216 3126 1284 concipiet.
3188 1213 3397 1268 Etenim
3450 1225 3576 1264 cum

2010 1310 2294 1377 prasentis
2331 1309 2600 1363 orationis
2630 1309 2774 1362 alius
2811 1309 2880 1362 sit
2916 1321 3114 1372 scapus
3142 1294 3478 1375 propositus,
3511 1299 3580 1354 de

2006 1401 2377 1455 ecclesiastica
2395 1401 2609 1456 scilicet
2640 1414 2773 1470 pace
2800 1399 2962 1453 verba
3020 1398 3222 1459 facere,
3261 1405 3315 1449 et
3344 1392 3549 1448 homini
3574 1425 3582 1435 ι

2006 1490 2111 1547 bus
2156 1500 2269 1545 tum
2305 1492 2405 1546 hac
2454 1500 2615 1546 aetate
2674 1491 3003 1552 viventibus,
3065 1498 3181 1543 tum
3233 1485 3575 1556 postmodum

2006 1582 2208 1638 futuris
2227 1586 2577 1651 respondere,
2602 1585 2772 1653 probe
2790 1597 2821 1636 a
2848 1581 3006 1635 nobis
3031 1579 3181 1633 noxii
3209 1577 3579 1631 Ecclesiarum

2005 1675 2325 1731 schismatis
2362 1675 2650 1731 dissldium
2686 1674 2987 1733 sublatum,
3016 1671 3244 1741 locoque
3288 1669 3436 1723 illius
3468 1666 3581 1721 Deo

321 1755 557 1826 θρήνους
594 1761 817 1817 πλέκειν
846 1764 1125 1835 ἠρξάμην.
1164 1766 1276 1821 Καὶ
1305 1770 1355 1821 εί
1382 1767 1459 1839 μὴ
1491 1768 1552 1821 τὸ
1581 1772 1682 1837 τῆς
1705 1770 1902 1841 προθέ-

2005 1768 2233 1823 amicam
2261 1783 2449 1839 pacem
2477 1775 2532 1824 et
2581 1767 2845 1822 unionem
2893 1765 3259 1819 introductam
3304 1774 3444 1821 ρεξτε,
3476 1772 3583 1823 ego

320 1864 463 1910 σεως
501 1856 833 1921 κατεπεῖγον
864 1857 1023 1931 ἡμᾶς.
1057 1858 1339 1912 ἀνθεῖλκεν
1379 1860 1670 1931 ἑτέρωθεν.
1695 1862 1821 1931 τάχ’
1835 1862 1902 1915 ἂν

2005 1860 2072 1913 ab
2102 1861 2211 1916 illis
2235 1861 2531 1926 absistens,
2565 1860 2861 1921 malorum,
2889 1871 3011 1927 quae
3057 1870 3158 1909 nos
3189 1853 3259 1907 ob
3287 1850 3583 1906 dissidium

320 1936 543 1990 ἅπασαν
573 1941 778 2010 ἀρτίως
809 1944 911 2012 τὴν
939 1945 1120 1998 κτίσιν
1152 1946 1288 2015 πρὸς
1310 1948 1510 2014 πένθος
1540 1952 1898 2022 συνεκινήσα-

2005 1954 2335 2022 afﬂixerunt,
2364 1956 2642 2012 mentione
2681 1955 2928 2017 inducta,
2961 1948 3259 2007 infortunia
3317 1957 3373 2002 et
3407 1947 3582 2001 lessus

322 2032 548 2093 μεν,’τά
600 2035 993 2105 ἑπισυμὸἀντα
1037 2040 1115 2112 τῷ
1159 2038 1584 2111 Χριστιανισμῷ
1621 2044 1767 2096 κακά
1804 2044 1886 2097 δι-

197 2129 212 2139 ’
316 2120 642 2189 ηγούμενοι,
671 2127 734 2179 ἐκ
754 2128 853 2198 τῆς
881 2129 990 2186 τῶν
1019 2131 1363 2203 Ἑκκλησιῶν
1389 2132 1742 2198 διαστάσεως.
1764 2136 1908 2191 Ἀλλ’

317 2210 407 2263 ὅτι
444 2212 546 2280 μὲν
588 2218 684 2270 καὶ
729 2220 982 2275 ἐντεῦθεν
1024 2225 1057 2294 ἡ
1099 2223 1309 2294 ἄμαχος
1337 2222 1432 2277 τοῦ
1487 2223 1662 2278 κακοῦ
1711 2227 1903 2283 τούτου

320 2304 478 2372 ίσχύς
526 2308 907 2376 ἀναφαίνεται,
938 2314 1104 2385 δῆλον
1142 2315 1202 2380 ἐξ
1242 2308 1317 2369 ὧν
1350 2315 1506 2369 οῦπω
1547 2317 1643 2371 καὶ
1686 2335 1904 2390 συγχω-

318 2396 568 2465 ρούμεθα
601 2401 737 2469 πρὸς
765 2405 835 2457 τὰ
855 2408 999 2460 κατά
1027 2407 1232 2463 σκοπὸν
1264 2407 1559 2465 εἰσϐαλεῖν.

2005 2048 2143 2116 σιβνί
2173 2048 2525 2104 concinnare.
2589 2046 2654 2102 Et
2686 2047 2792 2101 nisi
2827 2043 3169 2116 propositum
3195 2047 3581 2106 argumentum

2013 2139 2248 2195 alienos
2280 2139 2632 2209 compelleret
2658 2139 3029 2204 traheretque,
3074 2133 3313 2189 fortasse
3360 2131 3587 2185 univer-

2012 2244 2128 2285 sam
2184 2246 2367 2287 rerum
2418 2240 2670 2286 naturam
2723 2228 2887 2293 mala,
2951 2241 3075 2298 quae
3129 2222 3464 2280 Christianis
3511 2234 3587 2273 cx-

2010 2321 2374 2379 Ecciesiarum
2405 2322 2636 2381 dissidio
2656 2336 2906 2384 evenere,
2937 2325 3357 2389 praenarrantes,
3392 2313 3457 2367 ad
3494 2312 3580 2365 lu-

2006 2422 2156 2469 ctum
2187 2415 2641 2469 concitassemus.
2672 2412 2777 2468 Sed
2804 2422 2860 2468 et
2890 2412 3017 2466 hinc
3042 2422 3261 2480 quoque
3312 2408 3580 2461 immensa

317 2502 480 2544 noxae
505 2496 819 2562 magnitude
852 2500 988 2554 satis
1017 2510 1203 2570 aperta
1235 2510 1505 2569 remanet,
1534 2502 1679 2573 quod
1711 2504 1779 2560 ad
1813 2519 1900 2569 ea,
1940 2519 2062 2576 qua
2091 2506 2478 2578 proposuimus
2517 2520 2738 2562 manum
2780 2506 3070 2561 immittere
3122 2501 3363 2557 nondum
3420 2496 3580 2552 nobis

316 2588 683 2644 concedatur.

388 2678 457 2748 β’.
493 2680 648 2736 Ἐπεὶ
686 2683 743 2737 δὲ
776 2687 930 2741 πᾶσα
978 2688 1193 2761 ἀνάγκη
1237 2690 1482 2762 ἅψασθαι
1516 2689 1590 2749 ὧν
1632 2696 1779 2763 ἅπαξ
1810 2696 1906 2749 καὶ

316 2773 690 2844 προεθέμεθα,
740 2780 835 2832 καὶ
887 2781 951 2853 δή
999 2798 1181 2853 φαμεν
1209 2784 1285 2846 ὡς
1340 2784 1401 2838 τό
1438 2786 1533 2839 τοῦ
1582 2787 1741 2855 λόγου
1769 2790 1905 2859 ἡμῖν

319 2866 743 2935 σκοπιμάντατον
805 2873 946 2942 πρὸς
995 2876 1273 2944 ἀπόδειξιν
1349 2880 1531 2951 ἀφορᾷ
1576 2879 1671 2934 τοῦ
1716 2880 1904 2944 κακῶς

320 2959 809 3030 παρεισφθαρῆναι
853 2968 975 3029 ταῖς
1024 2968 1380 3039 Ἐκκλησίῖις
1428 2972 1489 3024 τὸ
1535 2972 1765 3041 σχίσμα,
1811 2972 1906 3025 καὶ

319 3048 402 3118 μὴ
448 3052 593 3119 κατά
633 3051 825 3122 λόγους
867 3058 1389 3129 ἐκκλησιαστικοὺς,
1421 3063 1546 3134 μηδ’
1591 3063 1679 3117 ἐπ’
1705 3064 1906 3127 αἰτίαις

317 3144 584 3213 εὐλόγως,
604 3146 918 3216 διιστὼσαις
936 3151 1100 3213 λαοὺς
1122 3154 1215 3207 καὶ
1239 3153 1498 3223 κλήρους,
1514 3155 1782 3225 ποιμένας
1807 3156 1903 3210 καὶ

321 3237 513 3303 ἱερεῖς,
544 3239 679 3292 ἀλλὰ
708 3241 794 3294 διά
820 3260 944 3297 τινα
974 3245 1364 3314 σμικρολογίαν
1390 3247 1547 3318 ἤχου,
1584 3247 1737 3300 οὐδὲν
1771 3252 1903 3318 μέν·

318 3342 405 3379 ⁴σοι
446 3326 797 3395 λυμαίνοντος
832 3334 931 3403 τὴν
963 3335 1274 3396 εὐσέϐειαν.
1308 3338 1387 3399 είς
1418 3335 1681 3406 διαφορὰν
1724 3336 1780 3389 δὲ
1815 3337 1904 3389 πί-

326 3433 499 3480 στεως
545 3420 696 3490 ὅμως
741 3424 1027 3489 ἑκατέροις
1076 3430 1190 3490 τοῖς
1224 3428 1418 3497 μέρεσι
1451 3427 1721 3492 δόξαντος.
1761 3427 1906 3499 Πρὸς

323 3507 458 3575 γοῦν
488 3510 580 3562 τὸν
631 3514 875 3566 τοιοῧτον
917 3517 1013 3568 τοῦ
1041 3516 1198 3585 λόγου
1260 3518 1461 3572 σκοπὸν
1488 3522 1566 3582 είς
1595 3519 1689 3573 δύο
1732 3518 1905 3572 ταῦτα

325 3603 808 3669 συγκεφαλαιῶσαι
856 3608 955 3679 τὴν
1002 3609 1131 3679 ὅλην
1159 3614 1541 3681 πραγματείαν
1591 3610 1685 3665 τοῦ
1745 3611 1902 3680 λόγου

327 3690 593 3762 βούλομαι
642 3694 777 3748 νῦνο
812 3695 872 3749 ἒν
921 3698 1022 3768 μὲν
1069 3700 1493 3769 ἑγκατασκεύως
1540 3702 1780 3755 ἐκθεῖναι
1826 3701 1905 3771 τῷ

322 3783 471 3869 λόγῳ
490 3785 560 3837 τὰ
579 3788 826 3855 γραφικά
854 3789 1029 3844 πάντα
1052 3793 1214 3862 ῥητὰ,
1237 3792 1305 3845 δι’
1334 3785 1409 3846 ὧν
1434 3795 1481 3846 oi
1510 3793 1651 3846 κατά
1677 3793 1904 3864 καιροὺς

324 3880 456 3947 περὶ
478 3880 578 3948 τῆς
608 3882 835 3953 Τριάδος
862 3882 1279 3953 θεολογήσαντες
1307 3886 1903 3958 φαίνονταιδιαρῤήδην

319 3969 742 4039 ἅατρανοῦντες
793 3974 854 4027 τὸ
882 3976 1107 4044 Πνεῦμα
1137 3978 1196 4029 τὸ
1246 3976 1401 4044 ἆγιον
1452 3979 1519 4031 ἐκ
1566 3981 1662 4048 τῆς
1712 3977 1903 4040 οὐσίας

321 4060 595 4131 ὑπάρχειν
622 4065 717 4116 τοῦ
751 4064 962 4136 Harpe;
984 4067 1078 4119 καὶ
1105 4066 1199 4119 τοῦ
1228 4067 1381 4132 Υίοῦ,
1405 4069 1543 4139 ὅπερ
1571 4069 1604 4136 ἠ
1629 4068 1737 4120 τῶν
1768 4066 1901 4120 Ῥω-

324 4156 506 4221 μαίων
539 4156 832 4227 Ἐκκλησία
860 4158 1176 4229 πρεσϐεύει,
1202 4157 1260 4227 ἐξ
1286 4161 1486 4229 ἀμφοῖν
1516 4159 1645 4213 αὐτὸ
1671 4160 1902 4226 λέγουσα

319 4248 759 4319 ἐκπορεύεσθαι*
820 4249 1008 4319 ἕτερον
1044 4251 1103 4305 δὲ
1157 4250 1225 4303 δι’
1262 4252 1678 4321 ἐπιχειρήσεων,
1726 4245 1801 4305 ὧν
1836 4253 1902 4306 ἂν

320 4342 416 4395 καὶ
442 4341 561 4412 δοίη
588 4340 722 4405 Θεὸς
747 4342 1028 4407 ἀποδεῖξαι
1072 4342 1148 4406 ὡς
1181 4344 1214 4413 ἡ
1243 4342 1353 4396 τῶν
1377 4343 1641 4413 ἀρχηγῶν
1663 4343 1755 4397 τοῦ
1784 4347 1901 4416 σχίο

326 4451 535 4502 σματος
573 4434 846 4498 ἔνστασις,
878 4436 973 4488 καὶ
996 4434 1079 4488 ἔτι
1109 4436 1141 4505 ἠ
1172 4434 1280 4487 τῶν
1307 4435 1898 4504 κατακολουθησάντων

319 4525 549 4590 ἐκείνοις
586 4526 729 4598 ῥοπὴ
762 4525 899 4595 πρὸς
930 4527 998 4581 τά
1031 4528 1214 4595 ὅμοια.
1250 4528 1312 4579 οὐ
1362 4527 1578 4591 δικαίας
1622 4522 1769 4598 εἶχον
1800 4528 1900 4591 τὰς

317 4615 576 4687 ἀφορμὰς
600 4616 735 4686 πρὸς
758 4616 857 4686 τὴν
887 4616 979 4667 ἐπὶ
1004 4615 1255 4669 τοσοῦτον
1285 4616 1505 4669 ἔκτασιν
1535 4617 1629 4670 τοῦ
1652 4616 1898 4687 ὀλεθρίου

2078 2696 2134 2752 2.
2161 2695 2298 2758 Cum
2336 2710 2466 2752 vero
2509 2712 2735 2767 prorsus
2801 2694 3169 2751 necessarium
3210 2694 3299 2755 sit.
3359 2693 3576 2747 tandem

2007 2786 2301 2855 aliquando
2331 2788 2396 2843 ad
2439 2788 2774 2858 propositum
2833 2797 3212 2855 argumentum
3269 2799 3577 2840 sermonem

2013 2886 2352 2944 convertere,
2376 2880 2632 2944 dicimus,
2665 2879 2931 2934 orationis
2975 2890 3175 2935 nostrae
3205 2893 3429 2945 scopum
3467 2876 3580 2946 pri-

2015 2970 2249 3023 marium
2286 2985 2428 3033 esse,
2480 2972 2879 3035 demonstrare,
2924 2985 3090 3040 prave
3142 2969 3428 3023 dissidium
3475 2969 3580 3022 hoc

2012 3056 2067 3111 in
2106 3056 2366 3113 Ecclesiis
2396 3059 2698 3128 irrepsisse,
2746 3070 2799 3114 et
2832 3076 2941 3115 non
2993 3059 3381 3114 ecclesiasticis
3410 3059 3579 3113 ratio-

2009 3147 2195 3209 nibus,
2223 3163 2400 3217 neque
2443 3149 2654 3209 causis.
2699 3149 2818 3218 iure
2851 3149 3081 3219 populos
3118 3157 3172 3202 et
3229 3148 3444 3205 cleros.
3489 3162 3581 3213 pa-

2006 3247 2184 3294 stores
2207 3247 2259 3293 ct
2284 3241 2594 3295 sacerdotes
2612 3242 3012 3311 separantibns,
3031 3242 3123 3295 sed
3150 3240 3267 3294 soni
3296 3239 3578 3309 cujusdam

2012 3330 2375 3400 inopportuna
2411 3334 2694 3395 varietate.
2732 3335 2823 3402 qui
2858 3334 2992 3387 nihil
3031 3333 3284 3403 pietatem
3339 3332 3579 3396 laederet,

2007 3422 2098 3475 Sed
2156 3423 2248 3491 qui
2297 3424 2653 3479 nihilominus
2715 3425 2858 3487 hdci,
2919 3433 2979 3481 ut
3033 3426 3279 3493 utrisque
3340 3423 3582 3492 partibus

2005 3513 2702 3580 videbatur,diﬂ'erentiam
2763 3517 3069 3572 induceret.
3110 3514 3183 3570 Ut
3234 3516 3419 3584 itaque
3451 3530 3581 3583 pro-

2007 3604 2245 3671 positum
2294 3619 2697 3675 exsequamur,
2783 3608 3002 3663 duobus
3060 3607 3579 3661 commentationem

2006 3693 2145 3750 hanc
2203 3708 2446 3751 nostram
2512 3699 2945 3754 concludemus:
2980 3699 3154 3753 altero
3192 3696 3336 3752 dicta
3394 3699 3581 3751 omnia

2005 3789 2209 3855 scripto
2238 3788 2457 3851 tradita,
2492 3789 2544 3843 in
2573 3790 2794 3860 quibus,
2815 3791 2907 3860 qui
2936 3805 3034 3859 pro
3078 3798 3324 3856 tempore
3365 3788 3433 3843 de
3457 3786 3594 3842 Τισὶ--

2007 3878 2173 3933 nitate
2202 3881 2408 3950 aliquid
2441 3883 2736 3936 commenti
2761 3891 2908 3943 sunt,
2952 3881 3206 3936 videntur
3239 3880 3415 3951 palam
3444 3894 3581 3934 con-

2006 3968 2170 4036 ﬁteri,
2209 3970 2475 4041 Spiritum
2503 3982 2753 4026 sanctum
2780 3988 2845 4028 ex
2879 3973 3113 4028 essentia
3162 3987 3283 4029 esse
3328 3970 3505 4027 Patris
3527 3981 3583 4026 et

2005 4060 2150 4126 Filii,
2199 4063 2345 4133 quod
2405 4063 2652 4119 Romana
2703 4063 2991 4128 Ecclesia,
3045 4080 3114 4120 ex
3172 4072 3407 4134 utroque
3452 4079 3577 4118 eum

2007 4156 2301 4221 procedere
2321 4171 2665 4219 asseverans.
2710 4155 2963 4223 aﬂirmat,
3008 4157 3358 4227 digeremus:
3405 4155 3580 4209 altero
3653 4142 3663 4161 ⁸

2003 4246 2363 4314 argumentis,
2403 4245 2511 4300 Deo
2538 4246 2627 4301 illa
2662 4248 2823 4301 nobis
2849 4247 3258 4316 suppeditante,
3290 4257 3576 4301 auctorum

2002 4335 2215 4391 dissidii
2241 4345 2494 4402 conatus,
2527 4354 2741 4394 necnon
2774 4354 2991 4401 eorum,
3024 4339 3116 4408 qui
3145 4354 3241 4394 eos
3296 4339 3575 4393 subsecuti

2002 4438 2151 4493 sunt,
2184 4432 2251 4482 ad
2292 4429 2491 4484 similia
2550 4431 2988 4499 propensionem,
3052 4430 3229 4485 nullas
3282 4430 3607 4486 rationales’

2005 4518 2263 4574 habuisse
2286 4534 2505 4582 causas,
2546 4523 2611 4574 ad
2660 4520 2952 4575 exitiosum
2995 4520 3367 4575 Ecciesiarum
3411 4519 3578 4575 dissi-

2001 4610 2150 4664 dium
2185 4612 2521 4665 tantumdem
2544 4610 3002 4678 promovendum,
3031 4611 3407 4665 ostendemus.
3428 4609 3579 4663 Licet

318 4706 430 4760 τῶν
470 4704 809 4776 Ἐκκλησιῶν
845 4704 1165 4775 σχίσματος.
1215 4706 1276 4759 Et
1319 4707 1428 4777 γὰρ
1469 4705 1562 4759 καὶ
1609 4701 1678 4777 ἦν
1724 4707 1894 4777 ἡμᾶς.

2005 4703 2145 4757 enim
2181 4702 2317 4757 satis
2354 4712 2515 4767 esset,
2541 4703 2584 4758 si
2609 4702 2771 4757 dictis
2834 4703 3039 4772 scripto
3078 4701 3290 4759 traditis
3351 4702 3582 4755 demon-

317 4796 711 4862 ἀποδείξαντας
740 4798 849 4852 ἀπὸ
879 4799 1091 4868 ῥήσεων
1117 4798 1402 4866 γραφικῶν
1430 4798 1595 4869 μηδὲν
1624 4816 1678 4850 τι
1729 4798 1900 4864 σφαλε-

314 4890 557 4960 λομένην
598 4890 693 4942 ἐπὶ
733 4892 798 4959 τῇ
829 4889 1085 4960 εὐσεϐείᾳ
1110 4890 1209 4961 τὴν
1251 4890 1577 4957 Ἐκκλησίαν
1617 4891 1715 4960 τῆς
1761 4890 1929 4945 Ῥὠοκ

322 4995 455 5047 μης,
481 4979 749 5047 συστῆσαι
775 4977 850 5041 ὡς
893 4979 956 5032 οὐ
999 4978 1181 5041 καλῶς
1219 4975 1372 5032 εἷπον
1405 4981 1456 5032 oi
1501 4981 1857 5045 ἀντειπόντες
1879 4996 1894 5013 ο

318 5072 413 5123 καὶ
438 5070 501 5124 τὸ
557 5069 846 5134 ἀνάπαλιν,
882 5073 930 5124 εί
962 5071 1057 5124 καὶ
1107 5072 1217 5125 ἀπὸ
1262 5072 1432 5141 ,μόνου
1466 5073 1562 5127 τοῦ
1615 5072 1897 5138 ἀποδεῖξαι

316 5160 443 5223 τοὺς
461 5159 559 5214 τοῦ
590 5160 885 5231 σχίσματος
926 5161 1264 5225 σπουδαστὰς
1289 5164 1389 5216 οὐκ
1413 5163 1590 5232 ὀρθῶς
1615 5165 1895 5236 χρησαμέ-

316 5268 443 5315 νους
469 5255 590 5315 ταῖς
646 5255 739 5307 ἐπὶ
772 5253 848 5323 τῷ
897 5253 1154 5324 σχίσματι
1209 5256 1584 5327 ἀντιρῤήσεσι,
1629 5258 1895 5327 γνωρίσαι

314 5337 386 5412 ἦν
416 5342 478 5395 τὸ
515 5342 681 5414 μηδέν
702 5359 755 5396 τι
781 5343 1114 5410 σφάλλεσθαι
1136 5343 1231 5397 ἐπὶ
1257 5347 1323 5414 τῇ
1355 5345 1611 5417 εὐσεϐείᾳ
1633 5345 1733 5415 τὴν
1773 5347 1898 5399 Ἐκ·-

318 5434 552 5502 κλησίαν
593 5433 695 5503 τῆς
746 5434 988 5502 Ῥώμης.
1032 5434 1171 5488 Ἀλλ’
1213 5437 1339 5488 ἐπεὶ
1375 5437 1517 5490 κατὰ
1566 5435 1766 5505 πολλὴν
1798 5440 1897 5508 τὴν

317 5525 642 5596 περιουσίαν
689 5525 787 5594 τῆς
836 5525 1097 5596 ἀληθείας
1157 5527 1318 5597 ἡμεῖς
1377 5527 1469 5580 τὲν
1523 5526 1616 5580 τοῦ
1666 5526 1897 5598 ψεύδους

318 5616 540 5688 ἔλεγχον
606 5619 938 5687 ποιήσασθαι
991 5604 1441 5689 προθυμούμεθα,
1507 5620 1641 5688 πρὸς
1699 5622 1761 5673 τὸ
1812 5603 1895 5674 διέ

320 5710 489 5764 πλοῦν
530 5710 625 5763 τοῦ
680 5709 889 5777 ἀγῶνος
937 5710 1360 5778 ἀποδυσόμεθαο
1415 5711 1513 5767 καὶ
1559 5713 1620 5765 τὸ
1649 5711 1707 5765 ἓν
1756 5708 1897 5776 εἶδος

315 5802 412 5855 τοῦ
456 5801 620 5869 λόγου
665 5801 968 5865 διελθόντες
1017 5803 1306 5874 πρότερον,
1359 5803 1507 5867 ὅπως
1537 5803 1605 5857 ἂν
1635 5806 1731 5858 καὶ
1774 5805 1894 5874 δοίη

320 5893 471 5958 θεὸς,
527 5890 631 5962 τὴν
681 5891 791 5946 ἀπὸ
841 5891 953 5945 τῶν
999 5893 1233 5964 Γραφῶν
1287 5894 1530 5964 δηλονότι
1582 5877 1894 5969 μεταχειρι-

322 5985 545 6045 σάμενοι
592 5985 903 6055 μαρτυρίαν
939 5986 1031 6040 ἐπὶ
1060 5987 1318 6043 συστάσει
1351 5984 1445 6039 τοῦ
1496 5987 1630 6057 πρὸς
1672 5987 1768 6060 τὴν
1798 5988 1891 6047 εὑ-

2002 4796 2381 4865 ειτανετίηιυει
2408 4794 2708 4849 Romanam
2750 4795 3048 4851 Ecclesiam
3093 4793 3231 4849 bene
3277 4795 3485 4851 sentire
3521 4795 3574 4848 in

2000 4884 2279 4949 omnibus,
2318 4901 2418 4941 nec
2448 4886 2501 4940 in
2536 4888 2645 4941 ullo
2686 4886 2822 4963 falli,
2856 4884 3232 4956 comprobari,
3285 4901 3395 4939 non
3427 4895 3576 4940 recte

1999 4978 2344 5052 adversarios
2394 4979 2720 5049 opposuisse
2750 4995 2766 5035 :
2792 4988 2846 5033 et
2897 4987 3108 5043 contra,
3140 4978 3222 5033 Vel
3277 4979 3392 5034 sola
3428 4978 3577 5034 illius

1998 5071 2484 5138 demonstratione,
2506 5072 2821 5141 probatores
2851 5070 3313 5136 schismatisiilis,
3341 5086 3477 5141 quas
3504 5070 3573 5126 ad

1998 5160 2290 5216 fovendum
2318 5164 2560 5220 schisma
2588 5165 3055 5220 contradictiones
3075 5173 3429 5235 usurparunt,
3462 5181 3574 5220 non

1998 5263 2145 5310 recte
2173 5270 2301 5311 usos
2332 5255 2525 5321 fuisse,
2560 5257 2909 5313 manifestum
2937 5272 3241 5320 remanere,
3274 5257 3571 5312 Ecclesiam

1997 5343 2298 5401 Romanam
2336 5348 2486 5402 nullo
2518 5350 2680 5403 modo
2713 5349 2822 5405 [alii
2854 5351 2909 5404 in
2939 5349 3158 5421 pietate.
3182 5349 3571 5404 Verumtamen

2000 5453 2098 5494 nos
2126 5440 2368 5495 veritatis
2416 5441 2586 5510 ipsius
2635 5442 2842 5498 lumine
2901 5444 3274 5513 maximopere
3340 5442 3570 5505 snﬂ‘uiti,

1997 5548 2121 5586 cum
2154 5532 2496 5588 mendacium
2522 5534 2926 5604 deprehendere
2975 5547 3321 5604 ex0ptemus,
3371 5534 3568 5603 duplex

1999 5621 2100 5675 hoc.
2130 5630 2405 5675 certamen
2431 5624 2834 5693 aggrediemur,
2866 5634 2920 5680 et
2944 5639 3050 5680 una
3093 5623 3358 5679 orationis
3411 5632 3568 5694 parte

1995 5713 2150 5781 prius
2177 5713 2444 5781 absoluta,
2470 5724 2527 5769 ut
2554 5712 2695 5770 Deus
2716 5717 3068 5780 concesserit,
3110 5729 3175 5770 ex
3198 5716 3418 5785 scriptis
3484 5721 3567 5769 te-

1997 5804 2256 5860 stimonia
2280 5817 2643 5873 assumeotes,
2720 5808 2789 5863 ad
2848 5808 3319 5864 corroborandum
3375 5822 3567 5861 sanam

1997 5894 2259 5952 Romanae
2285 5897 2549 5954 Ecclesiae
2593 5899 2922 5966 doctrinam,
2966 5900 3023 5953 in
3076 5898 3247 5954 altera
3296 5899 3566 5968 reliquum

1994 6003 2367 6061 exponemus;
2423 5991 2816 6067 redarguemus
2863 5991 3095 6061 scilicet,
3134 6004 3262 6064 qum
3297 5991 3480 6048 direre
3512 5997 3569 6049 et
3608 6018 3615 6025 -
