4070 6602
477 491 545 562 19

1525 501 1735 562 JOAN.
1777 499 1988 561 VECCI
2033 502 2146 564 (ΣΡ.
2184 502 2701 572 PATRIARCH/E

3661 502 3733 565 20

471 626 595 680 qua:
621 607 1022 679 conscripsere,
1078 609 1174 680 qui
1213 623 1312 678 pro
1352 615 1600 681 tempore
1641 610 1907 668 adversus
1946 611 2038 666 Ilo-

2157 615 2375 672 σέϐειαν
2437 619 2627 689 ὑγιοῦς
2694 619 2794 690 τῆς
2858 615 3178 690 Ῥωμαῖκῆς
3247 615 3616 688 Ἐκκλησίας,
3675 622 3736 673 ἐν

475 716 691 759 manam
741 689 1043 758 Ecclesiam
1113 702 1518 760 dissertationis
1582 713 1858 761 certamen
1916 705 2057 759 inie-

475 801 627 847 runt.

546 1079 600 1134 5.
639 1077 742 1135 Sed
773 1080 920 1136 enim
957 1096 1080 1136 cum
1113 1096 1224 1136 non
1260 1081 1328 1137 ad
1379 1091 1675 1152 praesentes
1698 1092 1906 1139 tantum
1949 1086 2052 1140 ho-

471 1170 674 1232 mines.
710 1172 804 1226 sed
839 1173 906 1226 ad
940 1187 1036 1228 eos
1071 1173 1262 1238 etiam,
1309 1175 1403 1244 qui
1449 1184 1571 1244 post
1600 1191 1702 1231 nos
1755 1187 2052 1232 nascentur

471 1275 526 1316 et
553 1265 790 1326 venient,
834 1265 997 1320 verba
1059 1263 1316 1329 facimus,
1367 1266 1555 1321 nescio
1599 1267 1728 1336 quid
1779 1269 2048 1337 agendum

471 1353 631 1407 nobis
662 1355 753 1408 sit.
808 1355 1019 1409 Etenim
1076 1356 1122 1410 si
1149 1372 1274 1410 cum
1302 1359 1670 1426 praesentibus
1721 1374 1906 1412 sermo
1956 1359 2052 1414 Ita-

470 1441 717 1506 berctur,
783 1454 897 1498 turn
953 1449 996 1499 si
1055 1446 1329 1516 quispiam
1406 1449 1563 1504 nobis
1627 1449 2048 1514 contradiceret,

467 1535 675 1590 nostris
699 1537 926 1590 auribus
962 1537 1111 1592 illius
1129 1538 1569 1607 oppositionibus
1603 1539 1830 1601 auditis,
1861 1538 2047 1596 forsan

465 1627 832 1694 respondendi
868 1643 1064 1682 ansam
1096 1627 1238 1683 Deus
1271 1630 1619 1694 concederet,
1655 1646 1718 1684 ex
1748 1645 1859 1698 quo
1884 1645 2049 1684 omne

466 1718 672 1773 donum
700 1719 1027 1789 perfectum.
1058 1722 1301 1776 animum
1355 1736 1514 1776 suum
1551 1722 1618 1776 ad
1665 1721 1817 1775 illum
1869 1721 2048 1791 appli-

469 1811 724 1866 cantibus
757 1829 772 1866 :
809 1823 864 1865 et
889 1811 1018 1865 licet
1049 1812 1174 1867 illos
1223 1813 1554 1882 persuadere
1571 1828 1678 1867 non
1712 1815 2042 1880 valeremus,

471 1914 688 1972 gratum
743 1915 927 1958 tamen
974 1905 1133 1959 nobis
1190 1906 1485 1968 accideret.
1543 1907 1883 1998 intuentibus
1948 1925 2044 1964 eos

470 1997 756 2051 temeraria
785 1997 1018 2066 quadam
1053 2000 1354 2079 pervicacia
1396 2000 1590 2056 ductos
1643 2001 2041 2065 contradicere,

465 2102 522 2144 et
562 2089 666 2144 hoc
701 2090 878 2155 ipsum
912 2095 1203 2148 victoriam
1235 2093 1704 2158 existimaremus,
1766 2093 2047 2148 contradi-

464 2182 741 2239 ctionibus
765 2193 946 2238 mente
988 2200 1053 2239 ac
1079 2186 1294 2239 ratione
1334 2184 1522 2238 vacuis
1555 2183 1724 2239 vinci.
1772 2182 1877 2239 Sed
1917 2200 2042 2239 cum

463 2273 532 2327 ad
563 2284 811 2342 posteros
837 2276 963 2340 erit,
995 2283 1050 2331 et
1091 2275 1159 2330 ad
1192 2291 1310 2340 eos,
1357 2291 1493 2342 quos
1537 2285 1753 2342 tempus
1799 2275 2041 2330 futurum

464 2363 532 2419 ad
563 2365 1102 2422 Commentariorum
1141 2367 1336 2421 horum
1381 2375 1697 2422 nostrorum
1748 2368 2040 2422 lectionem

462 2455 775 2524 compellet,
813 2459 1034 2526 quando
1056 2472 1163 2512 non
1213 2457 1467 2512 novimus
1492 2473 1658 2527 quam
1702 2457 1776 2511 illi
1823 2468 2077 2512 senten-r

463 2547 596 2600 tiam
623 2557 677 2601 et
707 2550 995 2603 consilium
1023 2560 1350 2618 sequentur,
1388 2551 1502 2605 sive
1527 2559 1733 2604 rectum
1757 2562 1810 2605 et
1834 2549 2043 2605 discer~

462 2638 624 2692 nendi
662 2639 710 2692 vi
741 2639 974 2707 pollens,
1015 2649 1198 2707 atque,
1237 2652 1296 2694 ut
1335 2643 1498 2697 verbo
1531 2643 1853 2711 expediam,
1885 2659 2044 2708 paca-

464 2738 600 2793 tum,
637 2731 829 2796 quales
892 2733 1094 2785 multos
1147 2733 1458 2801 probosque
1504 2743 1636 2788 tetas
1677 2733 1791 2787 lucc
1850 2743 2040 2790 nostra

464 2820 608 2877 tulit.
638 2820 752 2873 sive
780 2822 1050 2885 pertinax,
1080 2823 1272 2890 quales
1323 2822 1489 2877 etiam
1544 2839 1688 2877 nunc
1736 2823 1878 2893 iique
1929 2841 2036 2878 non

461 2912 620 2980 pauci
655 2913 851 2980 reperti
879 2922 1026 2975 sunt,
1073 2913 1205 2966 nihil
1238 2913 1727 2982 disceptationibus
1782 2925 1834 2969 et
1871 2916 2038 2968 ratio-

459 3005 676 3065 noiibus
710 3005 931 3072 judiciis
965 3007 1291 3069 tribuentes,
1351 3007 1441 3059 sed
1493 3015 1772 3076 utcunque
1822 3018 2027 3062 temere

461 3095 802 3164 iusulseque,
854 3097 947 3165 qui
995 3113 1091 3149 eos
1155 3097 1516 3164 prwiverunt,
1573 3106 1883 3164 sequentes,
1935 3098 2039 3154 huc

463 3203 633 3242 unum
697 3204 919 3242 sursum
967 3191 1354 3258 deorsumque,
1407 3189 1806 3255 utiproverbio
1841 3189 2035 3253 fertur,

2079 1967 2118 2020 Β

2157 699 2398 774 δευτέρῳ
2434 705 2743 778 ἐκθήσομεν
2773 707 2835 761 τδ
2880 707 3092 774 λοιπὸν,
3118 707 3210 762 τὸν
3248 707 3478 778 ἔλεγχον
3508 707 3733 778 δηλαδὴ,

2155 789 2233 846 ὧν
2261 811 2318 848 τε
2354 792 2545 864 εἷπον,
2578 801 2673 853 καὶ
2704 793 2780 853 ὧν
2823 799 3233 871 συνεγράψαντο
3263 802 3313 854 οι
3340 799 3482 854 κατά
3509 801 3735 869 καιροὺς

2156 886 2294 956 πρὸς
2327 886 2428 959 τὴν
2469 889 2784 963 Ῥωμαϊκὴν
2839 894 3168 965 Ἐκκλησίαν
3189 894 3282 948 τὸν
3311 893 3413 963 τῆς
3450 894 3737 959 διαλέξεως

2161 980 2350 1047 ἀγῶνα
2377 983 2794 1055 ἀναδεξάμενοι.

2219 1069 2291 1140 γ’.
2331 1073 2482 1127 Ἐπεὶ
2512 1075 2570 1128 δὲ
2614 1078 2674 1130 οὐ
2723 1077 2861 1149 πρὸς
2908 1078 3103 1147 μόνους
3143 1079 3272 1141 τοὺς
3305 1079 3586 1149 παρόντας
3623 1080 3734 1133 τῶν

2152 1165 2482 1234 ἀνθρώπων,
2512 1168 2646 1222 ἀλλά
2691 1171 2786 1224 καὶ
2834 1170 2971 1242 πρὸς
3000 1172 3126 1234 τοὺς
3156 1171 3441 1240 ὀψιγόνους
3471 1172 3566 1224 καὶ
3601 1170 3734 1240 μέλ-

2150 1256 2341 1322 λοντας
2386 1263 2512 1324 τοὺς
2533 1261 2725 1330 λόγους
2766 1265 3090 1334 ποιούμεθα,
3132 1266 3234 1318 οὐκ
3266 1261 3366 1316 οἷδ’
3389 1265 3417 1316 ὃ
3445 1280 3498 1316 τι
3530 1263 3598 1316 ἂν
3637 1263 3733 1316 καὶ

2150 1348 2613 1421 διαπραξαίμεθα.
2639 1354 2702 1407 Et
2741 1355 2850 1425 γὰρ
2894 1356 3030 1426 πρὸς
3061 1356 3259 1426 μόνους
3291 1355 3418 1419 τοὺς
3454 1354 3734 1426 παρόντας

2150 1437 2218 1513 ἦν
2246 1445 2274 1496 ό
2297 1443 2452 1512 λόγος
2478 1447 2630 1515 ημῖν,
2647 1449 2696 1500 εί
2718 1449 2811 1500 καί
2838 1465 2985 1510 τινες
3008 1448 3116 1501 τῶν
3141 1450 3275 1518 ἡμῖν
3295 1448 3732 1517 ἐντυγχανόντων

2150 1533 2459 1603 ἀντέλεγον,
2491 1536 2627 1591 ἀλλά
2669 1555 2732 1606 γε
2779 1539 2916 1602 τέως
2946 1540 3006 1592 τὸ
3038 1540 3130 1593 ἐπὶ
3178 1543 3299 1603 ταῖς
3347 1539 3692 1592 ἀντιθέσεσιν
3714 1579 3730 1601 ,

2150 1625 2418 1696 αὐτήκοον
2448 1629 2606 1699 ⁴ἡμῶν
2631 1632 2894 1701 παρεῖχεν
2924 1630 2992 1686 ἂν
3024 1632 3321 1699 ἀπολογίας
3347 1634 3483 1702 ἡμῖν
3515 1632 3733 1700 εὕρεσιν

2149 1717 2284 1787 πρὸς
2309 1719 2462 1781 Θεὸν,
2482 1722 2541 1787 ἐξ
2571 1717 2631 1774 οὗ
2659 1724 2766 1776 πᾶν
2788 1723 3022 1792 δώρημα
3053 1723 3282 1786 τέλειον,
3301 1726 3392 1778 τὸν
3419 1724 3545 1776 νοῦν
3571 1723 3730 1792 ἡμῶν

2148 1802 2522 1859 ἀνατείνουσι·
2561 1810 2653 1861 καὶ
2698 1813 2746 1862 εί
2796 1813 2868 1881 μή
2899 1828 2965 1879 γε
3001 1816 3189 1866 πείσαι
3228 1814 3430 1878 αὐτοὺς
3476 1815 3722 1882 εἴχομεν.

2149 1896 2264 1950 ἀλλ’
2291 1897 2576 1968 ἀγαπητὸν
2612 1900 2679 1954 ἂν
2704 1903 2836 1971 ἡμῖν
2865 1904 3165 1972 συνορῶσιν
3193 1905 3412 1968 αὐτοὺς,
3439 1905 3497 1970 ἐξ
3521 1905 3728 1973 ἀλόγου

2149 1991 2450 2058 πεισμονῆς
2507 1993 2838 2060 ἐρχομένους
2870 1995 3005 2062 πρὸς
3045 1996 3143 2064 τὴν
3183 1997 3539 2067 ἀντίρρησιν,
3571 1999 3729 2066 νίκην

2147 2081 2281 2134 αὐτὸ
2328 2080 2488 2136 τοῦτο
2536 2085 2811 2154 ἡγεῖσθαι,
2859 2087 2920 2140 τὸ
2963 2089 3039 2158 μὴ
3089 2089 3148 2154 ἐξ
3198 2089 3434 2156 ἐλλόγων
3468 2091 3728 2146 νικᾶσθαι

2145 2170 2253 2223 τῶν
2284 2171 2684 2243 ἀντιῤῥήσεων.
2734 2176 2886 2230 Ἐπεὶ
2914 2177 2970 2230 δὲ
3002 2179 3095 2231 καὶ
3128 2182 3266 2251 πρὸς
3291 2184 3418 2245 τοὺς
3441 2182 3728 2252 ὀψιγόνους

2145 2263 2370 2328 ἐσεῖται,
2404 2267 2499 2317 καὶ
2532 2265 2626 2328 οὓς
2676 2267 2704 2318 ὁ
2740 2267 2953 2336 μέλλων
2981 2271 3172 2340 χρόνος
3204 2276 3284 2336 είς
3322 2276 3576 2345 ἐντυχίαν
3618 2277 3729 2330 τῶν

2145 2355 2428 2425 παρόντων
2479 2357 2766 2427 ἡμετέρων
2815 2359 2991 2428 λόγων
3039 2364 3280 2427 καλέσοι,
3314 2366 3439 2420 ἐπεὶ
3470 2369 3544 2438 μὴ
3581 2369 3725 2423 οῖδα-ι

2147 2464 2277 2516 μεν,
2311 2447 2503 2511 ὁποίας
2544 2450 2610 2503 ἂν
2651 2451 2882 2522 γνώμης
2929 2456 3026 2507 καὶ
3069 2459 3448 2528 προαιρέσεως
3495 2461 3724 2527 ἔσοιντο,

2143 2539 2252 2590 εῐτε
2295 2539 2394 2608 τῆς
2424 2541 2805 2610 εὐσυνειδήτου
2852 2547 2947 2600 καὶ
2973 2547 3341 2619 διακριτικῆς,
3377 2553 3560 2606 καὶτὸ
3606 2556 3728 2610 ὅλον

2142 2631 2318 2684 εἰπεῖν
2351 2636 2668 2705 εἰρηνικῆς,
2699 2638 2918 2702 ὁποίους
2962 2641 3191 2706 πολλούς
3231 2660 3291 2697 τε
3345 2647 3440 2699 καὶ
3471 2648 3727 2714 κάγαθοὺς

2140 2725 2170 2776 ὁ
2224 2724 2318 2778 νῦν
2361 2727 2594 2793 ἀνέδειξε
2657 2732 2882 2801 χρόνος,
2923 2735 3034 2788 εἴτε
3078 2737 3178 2806 τῆς
3224 2745 3594 2810 πεισματικῆς
3639 2759 3723 2807 τε,

2140 2813 2314 2866 ὁποῖοι
2365 2817 2462 2868 καὶ
2513 2820 2664 2872 αὐτοὶ
2725 2821 2825 2874 οὐκ
2880 2823 3049 2892 ὀλίγοι
3101 2825 3194 2878 νῦν
3247 2829 3629 2899 ἀνεφάνησαν,
3661 2832 3724 2884 οὐ

2141 2905 2318 2972 λόγοις
2365 2908 2458 2958 καὶ
2493 2908 2739 2974 λογικαῖς
2785 2913 3111 2980 διαγνώσεσι
3157 2919 3558 2988 προσνέμοντες
3592 2923 3724 2974 ἐαυ-

2137 2999 2286 3060 τοὺς.
2317 3000 2432 3053 ἀλλ’
2462 3001 2646 3066 ἁπλῶς
2676 3003 2818 3057 οὕτω
2866 3007 2966 3075 τὴν
3011 3008 3296 3072 ἀλόγιστον
3325 3015 3438 3074 τοῖς
3475 3029 3724 3082 προηγηο

2141 3092 2399 3159 σαμένοις
2453 3095 2921 3167 κατακολούθησιν
2969 3102 3427 3171 προαιρούμενοι,
3461 3103 3519 3156 ἓν
3565 3105 3724 3158 τοῦτο

2139 3183 2233 3234 καὶ
2265 3184 2424 3251 μόνον
2455 3185 2568 3239 ἀνω
2608 3188 2702 3240 καὶ
2745 3190 2897 3242 κάτω
2926 3190 3021 3244 τοῦ
3055 3191 3216 3258 λόγου
3251 3194 3634 3262 προφέροντες,
3659 3199 3723 3250 τὸ

459 3289 774 3338 asserentes
801 3280 1088 3334 dissidium
1124 3297 1229 3333 non
1292 3295 1413 3335 esse
1450 3280 1854 3349 deponendum,
1890 3283 2032 3351 quod

2144 3277 2218 3347 μὴ
2267 3277 2378 3330 δεῖν
2420 3279 2686 3348 ἀθετῆσαι
2735 3283 2965 3350 σχίσμα,
3002 3285 3140 3354 ὅπερ
3167 3286 3214 3337 οἱ
3246 3286 3350 3355 πρὸ
3383 3285 3574 3356 ἡμῶν,
3609 3286 3720 3340 εἴτε

461 3372 638 3432 nostri
671 3373 929 3441 majores.
960 3373 1076 3425 sive
1115 3374 1301 3442 probe,
1329 3374 1443 3426 sive
1479 3373 1639 3435 maie,
1672 3374 2034 3430 suseitm'unt.

406 3464 420 3476 ’
462 3466 525 3520 Ili
553 3467 754 3536 itaque,
780 3467 825 3520 si
867 3467 1120 3521 secumla:
1164 3467 1499 3521 conditionis
1553 3467 1774 3532 fuerint,
1831 3471 2037 3523 nostris

459 3555 611 3611 ltisce
640 3558 1017 3621 sermonibus,
1055 3573 1154 3626 pro
1209 3558 1616 3612 corroboranda
1664 3560 2036 3615 ecclesiastica

460 3665 593 3716 pace
631 3650 921 3714 confectis,
970 3651 1117 3706 nullo
1169 3653 1331 3706 modo
1373 3652 1879 3707 consuadcbuutur.
1930 3653 2035 3708 Sed

459 3759 568 3797 non
616 3753 896 3812 propterea
930 3743 1088 3797 nobis
1135 3744 1404 3798 silendum
1456 3753 1560 3804 est.
1603 3747 1695 3798 sed
1745 3746 1809 3799 ad
1863 3761 2034 3799 unum

457 3835 637 3887 Solum
679 3834 860 3886 omnia
920 3835 1220 3888 intuentem
1281 3835 1526 3897 oculum,
1562 3848 1614 3890 et
1651 3839 1717 3890 ad
1767 3837 2032 3906 judicium

461 3927 614 3990 illud,
651 3927 798 3997 quod
837 3943 998 3982 nemo
1021 3928 1184 3991 fallit,
1216 3938 1270 3983 et
1307 3929 1451 3997 apud
1480 3929 1623 3998 quod
1654 3929 2036 3986 nobisinsulse

456 4035 579 4074 sese
605 4022 998 4089 opponentium
1056 4021 1364 4075 criminatio
1409 4021 1670 4076 damnum
1707 4022 1914 4077 nullum
1949 4023 2036 4078 in-

457 4111 614 4173 feret.
652 4127 833 4181 neque
862 4113 1006 4166 enim
1042 4111 1114 4165 ibi
1148 4112 1556 4166 criminantium
1579 4128 1748 4182 opus;
1774 4116 2038 4184 quemad-

455 4205 678 4258 modum
721 4220 897 4274 nequc
925 4213 1120 4272 prtetor
1155 4203 1418 4259 rationem
1458 4203 1854 4272 indulgentium
1885 4222 2038 4262 com-

453 4297 760 4360 mendatio,
792 4296 1250 4359 emolumentum,
1293 4311 1470 4366 neque
1499 4297 1644 4352 enim
1674 4297 1748 4353 ibi
1799 4299 2037 4354 advoca-

454 4400 635 4450 torum
672 4405 832 4459 opus,
875 4390 1096 4444 animus
1125 4389 1464 4458 dirigendus.

2141 3371 2320 3434 καλῶς
2351 3374 2460 3424 εἴτε
2491 3373 2676 3436 κακῶς
2703 3376 3129 3444 ἀπειργάσαντο.
3156 3379 3297 3447 Πρὸς
3316 3379 3445 3444 γοῦν
3471 3381 3719 3441 τούτους,

2139 3466 2187 3518 εἰ
2232 3465 2328 3530 τῆς
2371 3465 2628 3534 δευτέρας
2695 3461 2806 3519 εἷεν
2861 3469 3274 3538 προαιρέσεως,
3323 3469 3474 3522 οὐδὲν
3511 3469 3612 3540 μὲν
3659 3472 3721 3524 τὸ

2140 3556 2325 3608 πεῖθον
2361 3556 2576 3622 ἕξουσιν
2612 3560 2744 3622 ἴσως
2773 3561 2838 3613 τὰ
2872 3562 3006 3630 παρ’
3035 3560 3194 3630 ἡμῶν
3229 3562 3587 3630 ἐκτεθειμένα
3627 3565 3720 3616 ἐπὶ

2141 3649 2398 3702 συστάσει
2438 3651 2535 3718 τῆς
2570 3653 3026 3722 ἐκκλησιαστικῆς
3054 3655 3300 3723 εἰρήνης.
3337 3656 3412 3709 Οὐ
3443 3656 3531 3708 διά
3559 3656 3719 3710 τοῦτο

2137 3741 2194 3793 δέ
2219 3742 2312 3793 καὶ
2350 3743 2649 3812 σιωπητέον
2669 3746 2835 3816 ἡμᾶς,
2859 3745 2993 3798 ἀλλά
3027 3747 3163 3817 πρὸς
3196 3745 3254 3798 ἓν
3284 3748 3442 3814 μόνον
3472 3747 3719 3816 ὁρῶντας

2137 3833 2230 3886 τὸν
2261 3836 2701 3889 παντεπίσκοπον
2743 3837 3040 3906 ὀφθαλμὸν,
3079 3840 3172 3891 καὶ
3202 3839 3338 3909 πρὸς
3365 3838 3425 3892 τὸ
3446 3839 3719 3908 ἀλάθητον

2138 3926 2554 3991 ἐνατενίζοντας
2602 3931 2781 3982 ἐκεῖνο
2833 3931 3242 4000 δικαιωτήριον,
3294 3931 3433 3999 πρὸς
3485 3931 3514 3982 δ
3562 3931 3717 3984 οὐδὲν

2137 4017 2285 4086 ἡμᾶς
2313 4018 2346 4086 ή
2375 4017 2482 4070 τῶν
2511 4019 2720 4086 ἀλόγως
2739 4018 3144 4087 ἀνθισταμένων
3170 4017 3361 4087 βλάψει
3389 4019 3714 4087 κατηγορία.⁸

2138 4110 2198 4162 οὐ
2253 4112 2411 4180 χρεία
2463 4111 2570 4179 γὰρ
2624 4111 2947 4182 κατηγόρων
2985 4112 3136 4163 ἐκεῖ·
3169 4110 3360 4182 ὥσπερ
3396 4107 3490 4166 οὖν
3524 4113 3644 4166 οὑδέ
3681 4114 3713 4183 ἡ

2137 4201 2249 4254 τῶν
2291 4201 2618 4270 παραλόγως
2655 4201 3034 4270 χαριζομένων
3059 4202 3280 4272 ὀνήσειε
3315 4202 3577 4266 σύστασις
3601 4220 3615 4234 ο
3651 4206 3713 4258 οὐ

2139 4292 2300 4364 χρεία
2325 4292 2435 4363 γὰρ
2471 4294 2786 4364 συνηγόρων
2817 4296 2954 4348 ἐκεῖ.

3717 4421 3735 4454 ,

529 4481 585 4535 lt.
619 4479 701 4534 Ad
739 4480 872 4534 illud
902 4481 1085 4549 itaque
1111 4478 1376 4548 judicium
1406 4479 1518 4534 falli
1562 4479 1809 4536 nescium
1858 4483 2034 4552 respi~

2209 4477 2273 4532 δ’.
2321 4478 2467 4551 Πρὸς
2514 4479 2649 4546 γοῦν
2682 4479 2743 4532 τὸ
2791 4479 3058 4549 ἀλάθητον
3106 4482 3281 4534 ἐκεῖνο
3329 4464 3763 4552 δικαιωτήριονξ·

453 4573 684 4638 cientes,
715 4581 960 4626 actutum
995 4587 1109 4626 rem
1144 4572 1318 4640 ipsam
1356 4573 1764 4642 aggrediantur,
1797 4589 2035 4628 exoran-

2141 4567 2481 4640 ἀφορῶντας,
2516 4569 2644 4623 εὐθὺ
2670 4570 2764 4622 τοῦ
2796 4571 3000 4624 σκοποῦ
3040 4571 3289 4638 γίνεσθαι
3318 4574 3444 4644 χρὴ,
3479 4573 3720 4642 ἕκαστον

455 4673 540 4720 tes
566 4664 832 4734 singulos,
857 4663 951 4734 qui
985 4673 1171 4717 nostra
1215 4665 1329 4718 haec
1381 4665 1585 4734 scripta
1639 4665 1692 4718 in
1747 4676 2029 4735 posterum

2141 4659 2426 4724 ἀξιοῦντας
2459 4661 2572 4713 τῶν
2599 4663 2710 4722 τοῖς
2744 4662 3008 4730 παροῦσιν
3052 4664 3342 4734 ἡμετέροις
3386 4667 3708 4734 γράμμασιν

455 4755 658 4823 legent,
721 4764 868 4811 recta
919 4756 1275 4817 conscientia,
1323 4765 1377 4810 et
1433 4765 1678 4811 neutram
1713 4756 1767 4810 in
1827 4766 2032 4825 partem

453 4862 746 4918 propensa,
783 4846 836 4900 in
865 4846 971 4900 illis
1001 4855 1255 4900 contenta
1296 4847 1643 4911 examinare,
1676 4855 1732 4898 et
1759 4845 1805 4900 si
1839 4843 2034 4900 lectori

453 4936 742 5010 placuerit,
777 4950 806 4990 a
841 4934 1000 4990 nobis
1037 4949 1192 4990 error
1218 4949 1431 4998 eorum,
1458 4934 1550 5004 qui
1587 4943 1712 4989 ante
1733 4950 1834 4990 nos
1859 4936 2032 5000 fuere,

452 5034 764 5089 correctus,
808 5027 979 5094 gratia
1005 5025 1117 5079 Deo
1136 5025 1406 5080 bonorum
1454 5025 1698 5079 omnium
1756 5025 1930 5080 datori
1978 5032 2034 5078 et

451 5119 702 5189 largitori
737 5135 752 5172 t
785 5118 930 5187 quod
965 5117 1100 5172 side
1133 5117 1233 5172 hac
1257 5133 1386 5184 pace
1417 5119 1559 5171 male
1597 5133 1697 5185 uos
1748 5117 2032 5172 consultos

446 5212 680 5282 judicat,
709 5208 1021 5278 quicunque
1046 5207 1136 5263 ille
1167 5207 1356 5272 fuerit,
1395 5216 1604 5261 tantum
1640 5209 1742 5262 hoc
1774 5207 1841 5261 de
1871 5206 2030 5261 nobis

453 5301 910 5372 sciat,quidquid
950 5316 978 5353 a
1009 5300 1169 5362 nobis
1207 5310 1301 5354 aut
1346 5301 1746 5369 excogitatum,
1800 5309 1896 5353 aut
1943 5298 2032 5352 di-

452 5407 626 5462 ctum,
656 5404 751 5456 aut
776 5393 998 5455 factum,
1027 5393 1111 5447 vel
1145 5387 1351 5464 scripto
1375 5393 1754 5459 consignatum
1808 5390 1930 5454 fuit,
1959 5391 2027 5445 ad

451 5487 831 5549 stabiliendam
866 5485 1120 5544 Ecclesiae
1150 5501 1358 5555 pacein,
1388 5501 1494 5543 non
1543 5485 1610 5538 ad
1673 5482 2025 5538 refellendum

453 5576 672 5647 aliquod
723 5575 809 5631 vel
857 5590 922 5631 ex
960 5576 1162 5633 nostris
1199 5576 1418 5640 ritibus,
1459 5575 1541 5628 vel
1591 5573 1964 5642 dogmatibus,
1995 5588 2026 5626 a

453 5669 616 5728 nobis
677 5675 1042 5737 pertentatum
1099 5665 1290 5726 fuisse.
1360 5665 1688 5736 Quicunque
1743 5665 1891 5720 enim
1959 5665 2025 5717 all

450 5757 880 5813 ecclesiasticam
919 5759 1059 5813 hanc
1102 5773 1291 5828 pacem
1322 5757 1580 5819 accessit,
1616 5763 1836 5813 nostras
1879 5767 2024 5807 con-

451 5850 773 5914 suetudine:
803 5858 858 5905 et
891 5849 1146 5920 dogmata
1197 5861 1577 5911 contemnens,
1611 5847 2027 5916 dijudicansque

451 5943 751 6013 [tertianam
781 5942 1082 6012 Ecclesiam
1119 5951 1306 6016 nostra
1333 5940 1506 6020 magis
1549 5937 1638 6011 pie
1683 5937 1888 6004 sentire
1930 5944 2025 6003 aut

2137 4753 2535 4823 ἐντευξομένων
2563 4755 2876 4824 ἐσύστερον,
2913 4754 3062 4807 εὐθεῖ
3096 4757 3362 4810 συνειδότι
3399 4759 3493 4810 καὶ
3536 4760 3708 4827 ἀρῤε-

2137 4846 2232 4897 πεῖ
2274 4845 2587 4915 βασανίζειν
2651 4845 2718 4898 τὰ
2777 4847 3318 4918 ἐμπεριειλημμένα·
3353 4848 3447 4900 καὶ
3503 4849 3550 4899 εί
3605 4847 3707 4915 μὲν

2135 4933 2361 5004 ἀρέσκει
2403 4934 2480 5002 τῷ
2527 4935 2910 5005 ἐντυγχάνοντι
2957 4937 3019 4990 τὸ
3047 4938 3338 5010 διορθωθὲν
3378 4940 3508 5008 παρ’
3551 4939 3708 5008 ημῶν

2137 5025 2362 5095 σφάλμα
2377 5024 2486 5078 τῶν
2507 5025 2612 5097 πρὸ
2636 5027 2814 5096 ἡμῶν,
2849 5028 3009 5098 χάρις
3036 5029 3174 5098 Θεῷ,
3207 5031 3285 5100 τῷ
3314 5030 3514 5092 παντὸς
3539 5029 3706 5082 καλοῦ

2133 5116 2320 5186 δοτῆρι
2351 5117 2444 5169 καὶ
2473 5117 2715 5186 χορηγῷ⁶
2744 5118 2864 5170 είδέ
2892 5135 2956 5186 γε
2987 5120 3112 5187 περὶ
3141 5120 3240 5189 τῆς
3266 5122 3484 5190 εἰρήνης
3503 5120 3708 5188 ταύτης

2134 5208 2194 5262 οὐ
2230 5207 2409 5270 καλῶς
2441 5206 2907 5278 βουλευσαμένους
2935 5209 3230 5262 διανοεῖται
3260 5211 3426 5278 ἡμᾶς,
3455 5210 3602 5272 ὅστις
3637 5195 3716 5264 ἂεῖ

2135 5299 2228 5353 καὶ
2268 5301 2355 5369 εῐη
2389 5295 2561 5363 οὗτος,
2597 5298 2655 5351 ἓν
2702 5301 2862 5354 τοῦτο
2895 5302 3058 5370 μόνον
3095 5301 3268 5353 ἐθέλω
3301 5302 3462 5353 αὑτὸν
3505 5304 3706 5355 εἰδέναι

2133 5389 2262 5460 περὶ
2286 5390 2464 5459 ήμῶν,
2497 5391 2573 5452 ὡς
2602 5391 2714 5442 πᾶν
2757 5393 2808 5444 εἰ
2837 5407 2888 5444 τι
2917 5391 3048 5462 παρ’
3084 5391 3240 5460 ἡμῶν
3291 5393 3386 5445 καὶ
3430 5392 3701 5463 διενοήθη,

2132 5482 2227 5535 καὶ
2254 5480 2515 5549 ἐλαλήθη,
2545 5481 2796 5552 ἐπράχθη
2841 5498 2899 5534 τε
2943 5484 3036 5536 καὶ
3080 5483 3296 5553 ἐγράφη
3324 5483 3416 5536 ἐπὶ
3446 5487 3703 5536 συστάσει

2128 5573 2229 5642 τῆς
2260 5557 2722 5642 ἐκξλησιαττικῆς
2748 5574 2989 5644 εἰρήνης,
3019 5574 3120 5627 οὐκ
3141 5577 3226 5626 ἐπ’
3260 5576 3514 5644 ἀθετήσει
3544 5578 3700 5630 οὐδε-

2131 5663 2220 5726 νὸς
2242 5661 2352 5716 τῶν
2396 5663 2682 5732 ἡμετέρων
2712 5662 2850 5716 ἐθῶν
2882 5667 2977 5717 καὶ
3005 5664 3292 5734 δογμάτων
3320 5666 3480 5720 τοῦτο
3509 5667 3701 5734 γέγονε

2133 5752 2266 5822 παρ’
2291 5750 2471 5822 ήμῶν.
2502 5752 2618 5813 Πᾶς
2646 5753 2755 5824 γάρ
2779 5770 2882 5819 τις,
2911 5755 2969 5818 ὃς
2992 5755 3084 5808 ἐπὶ
3111 5756 3210 5825 τὴν
3242 5755 3700 5826 ὲκκλησιαστικὴυ

2129 5844 2334 5909 ταύτην
2381 5837 2546 5912 ἦλθεν
2579 5843 2824 5915 είρήνην,
2860 5845 2934 5908 ὡς
2983 5847 3092 5900 τῶν
3114 5849 3400 5918 ἡμετέρων
3438 5847 3577 5900 ἐθῶν
3605 5848 3699 5900 καὶ

2128 5933 2417 6006 δογμάτων
2483 5935 2877 6006 κατεγνωκὼς,
2939 5939 3031 5993 καὶ
3090 5939 3166 6002 ὼς
3219 5939 3314 6011 τὴν
3378 5938 3698 6020 Ῥωμαϊκὴν
