4070 6608
294 487 360 554 ιι
898 442 914 477 ³
1397 489 1499 550 DE
1529 488 1830 553 UNIONE
1863 485 1906 548 E

2006 484 2426 550 LES'iARUM.
3490 447 3584 548 ρξ’

309 601 646 672 Ἐκκλησίαν
673 601 1002 675 πρεσϐεύειν
1039 600 1356 670 διεγνωκὼς
1405 602 1798 672 εύσεϐἑστερόν
1825 618 1882 654 τι

2006 599 2229 661 :redere,
2262 595 2424 650 cadat
2453 607 2483 647 e
2515 587 2721 646 Christi
2766 599 2931 656 regno
2957 585 3079 640 ‘una
3109 599 3234 639 cum
3263 583 3414 638 Juda—
3434 577 3562 651 pro.

301 695 405 763 τῆς
434 692 742 764 ἡμετέρας,
771 692 1054 757 ικπτωτος
1100 692 1187 761 εἴη
1217 690 1320 761 τῆς
1367 689 1459 744 τοῦ
1507 688 1749 761 Χριστοῦ
1788 687 1884 759 βα-

302 786 529 851 σιλείας,
562 786 659 840 καὶ
685 785 765 857 τῷ
795 785 1032 856 προδότῃ
1073 783 1266 855 Ἰούδᾳ,
1310 783 1408 837 καὶ
1447 786 1562 845 τοῖς
1602 782 1886 843 κοινωνοῖς

302 877 494 941 αὑτοῦ,
524 878 622 932 καὶ
655 879 999 946 σταυρωταῖς
1025 876 1119 930 τοῦ
1149 876 1404 946 Σωτῆρος
1427 875 1891 948 συντεταγμένος,

304 969 480 1024 Τοῦτο
524 969 592 1042 δὴ
620 969 684 1023 τὺ
726 968 958 1041 φοϐερὸν
1001 970 1190 1038 ὅρκιον
1252 968 1444 1038 ὥσπερ
1485 984 1541 1021 τι
1585 964 1681 1018 τοῦ
1725 964 1888 1033 λόγου

307 1062 557 1132 θεμέλιον
593 1061 1204 1132 προκαταϐαλλόμενοι,
1232 1059 1329 1114 τοῦ
1363 1060 1544 1130 λέγειν
1580 1058 1885 1131 ἐρχόμεθα.

376 1152 438 1210 ι’.
478 1155 659 1226 Ὅπερ
685 1154 743 1208 δὲ
765 1154 862 1208 καὶ
884 1153 965 1207 ἔτι
985 1171 1076 1224 μοι
1097 1152 1191 1207 τοῦ
1211 1153 1372 1222 λόγου
1405 1151 1890 1222 προαναταχθῆναι

303 1247 473 1310 δοκεῖ,
517 1246 638 1300 οὐδὲ
677 1245 836 1300 τοῦτο
885 1245 1391 1316 παραδραμοῦμαι,
1439 1245 1518 1312 τῷ
1558 1247 1892 1315 προσήκοντι

302 1341 455 1409 τόπῳ
475 1338 551 1409 μὴ
569 1337 906 1409 ἐφαρμόσαιο
925 1339 974 1391 οἱ
997 1337 1212 1400 πολλοῖς
1239 1336 1527 1404 πολλάκις,
1552 1337 1627 1400 ὡς
1647 1337 1886 1408 εἴρηται,

303 1431 412 1482 τῶν
436 1430 540 1498 τῆς
579 1429 900 1498 Ῥωμαῖκῆς
939 1428 1271 1499 Ἐκκλησίας
1314 1429 1524 1500 ἀνδρῶν
1563 1434 1749 1501 γραφῇ
1798 1430 1894 1484 καὶ

186 1516 211 1530 ”
309 1520 500 1592 μέλανι
523 1521 920 1592 μαχεσάμενοι,
952 1521 1020 1574 δι’
1053 1520 1148 1584 οὓς
1178 1521 1275 1576 καὶ
1308 1521 1446 1590 πρὸς
1473 1522 1568 1575 τὸν
1603 1523 1894 1592 ἐσύστερον

304 1611 493 1678 ἀγῶνα
524 1611 555 1664 ό
584 1609 781 1681 παρὼν
827 1611 1098 1682 ἡμέτερος
1131 1611 1534 1666 ἐπαποδύσεται
1579 1612 1758 1681 λόγος,
1791 1613 1896 1665 ὑπὸ

304 1701 404 1769 τῆς
433 1701 592 1772 δίκης
616 1701 809 1766 ὥσπερ
841 1701 1319 1771 συνελαυνόμενοι,
1351 1706 1431 1766 είς
1455 1703 1515 1757 τὸ
1539 1702 1896 1774 θριαμϐεύειν

305 1786 538 1848 ⁸ὐυεοίδς
572 1787 800 1856 γνώμης
831 1789 1183 1858 ἡττωμένους
1215 1791 1591 1862 ίδιορρύθμου,
1617 1792 1896 1846 καὶτοῦτο

311 1881 476 1948 μόνον
507 1879 667 1948 νίκην
686 1881 1022 1950 ἡγουμένης,
1052 1883 1401 1955 τδ”πεισμονῇ
1434 1885 1652 1956 χαίρειν
1683 1887 1892 1953 ἁπλῶς,

1989 689 2185 753 ditare,
2235 685 2383 740 illius
2441 673 2645 746 sociis;
2679 687 2734 734 et
2789 675 3100 734 Servatoris
3147 673 3570 731 cruciﬂxor'rhus

1988 785 2436 835 connumeratus.
2475 773 2592 830 Hoc
2652 769 2882 828 terribili
2909 768 3272 840 jurejurando
3305 774 3563 836 tanquam

1990 871 2267 930 sermonis
2291 864 2648 924 fundamento
2672 871 2834 921 antea
2853 862 3055 928 locato,
3087 859 3390 917 orationem
3407 871 3560 914 exor-

1989 963 2233 1021 diamur.

2062 1152 2116 1206 5.
2158 1149 2403 1204 Alterum
2435 1145 2596 1202 dictis
2633 1156 2856 1217 quoque
2906 1139 3113 1198 nostris
3145 1136 3571 1212 praponendum

1992 1242 2216 1298 minime
2249 1237 2562 1310 praeteriero
2587 1277 2604 1302 ,
2645 1236 2768 1290 loco
2812 1242 3222 1305 peropportuno
3271 1229 3534 1298 adaptare
3557 1263 3575 1290 ,

1991 1333 2086 1404 qui
2151 1332 2355 1386 multos
2421 1337 2475 1384 et
2535 1325 2770 1398 saepius,
2851 1334 2911 1380 ιιι
2973 1323 3248 1386 diximus,
3319 1318 3579 1398 Romana:
3659 1401 3668 1405 _

1994 1419 2255 1474 Ecclesia;
2272 1418 2418 1473 viros
2449 1418 2653 1487 scripto
2680 1424 2734 1471 et
2764 1421 3068 1470 atramento
3095 1415 3500 1480 oppugnarunt,
3525 1415 3580 1462 et

1995 1513 2049 1568 in
2075 1526 2214 1582 quos
2242 1509 2484 1567 secundo
2497 1507 2796 1564 certamine
2815 1514 3001 1560 noster
3033 1503 3122 1558 hic
3143 1499 3582 1557 Commentarius

1995 1613 2364 1666 convertetur,
2397 1617 2426 1654 a
2458 1598 2670 1670 justitia
2703 1597 2869 1652 veluti
2908 1596 3239 1666 compulsos,
3281 1592 3346 1648 ad
3383 1602 3582 1647 semet-

1998 1698 2153 1766 ipsos
2205 1695 2592 1757 dilfamandos,
2623 1708 2650 1747 a
2679 1691 2947 1748 sententia
2979 1692 3200 1772 propria
3233 1690 3494 1747 thViClOS.
3529 1697 3584 1741 rt

2000 1789 2107 1844 hoc
2149 1785 2500 1843 solummodo
2547 1785 2834 1841 victoriam
2884 1783 3302 1846 existimantes,
3355 1795 3584 1850 prorsus

1996 1880 2314 1951 pertinacia
2355 1877 2660 1949 indulgere,
2701 1886 2755 1932 et
2777 1876 2844 1931 ad
2880 1890 3069 1946 pacem
3120 1873 3542 1929 adhortantibus
3568 1910 3585 1936 ,

309 1969 406 2020 καὶ
444 1967 580 2038 πρὸς
614 1970 721 2023 πᾶν
751 1970 812 2023 τὸ
837 1972 970 2039 πρὸς
1001 1974 1228 2042 εἰρήνην
1260 1975 1459 2038 αὐτοὺς
1493 1977 1896 2047 ἐκκαλούμενον

2006 1982 2187 2029 contra
2218 1986 2338 2028 sese
2369 1970 2689 2041 tempestive
2728 1968 3199 2039 inopportuneque
3251 1979 3526 2036 opponere
3566 2005 3583 2030 ,

307 2059 644 2114 ἀντιϐαίνειν
683 2063 982 2133 εὐκαίρως,
1016 2054 1411 2136 ἀκαίρωςῖτδν
1446 2067 1564 2121 ὅλον
1595 2071 1694 2140 τῆς
1718 2067 1898 2124 αὐτῶν

2006 2075 2052 2121 et
2079 2066 2347 2121 universae
2371 2080 2487 2120 suae
2515 2061 2920 2120 dissertationis
2953 2061 3262 2132 congeriem
3290 2059 3451 2114 veluti
3487 2058 3590 2112 ali-

305 2154 604 2220 διαλέξεως
626 2156 810 2222 λόγον,
838 2156 1030 2227 ὥσπερ
1056 2158 1162 2211 τινὶ
1182 2159 1654 2226 ἐγκαλλωπίζουσι
1685 2163 1897 2234 κόσμῳ,

2006 2172 2111 2228 quo
2151 2166 2348 2213 ornatu
2393 2169 2659 2211 exornare
2698 2154 2961 2210 adversus
2992 2168 3087 2208 eos
3112 2192 3126 2215 ,
3150 2152 3243 2221 qui
3275 2151 3438 2206 simul
3463 2165 3588 2205 eum

310 2248 436 2308 ταῖς
463 2250 606 2302 κατὰ
629 2248 744 2301 τῶν
766 2249 1311 2320 προσδιαλεγομένων
1337 2252 1524 2316 αὐτοῖς
1553 2252 1766 2324 ὕϐρεσι.
1791 2257 1901 2310 Καὶ⁵

2006 2250 2083 2304 eis
2115 2247 2507 2318 colloquuntur
2530 2287 2546 2314 ,
2585 2246 2837 2316 injuriis,
2862 2255 2916 2300 et
2946 2245 3153 2299 utinam
3187 2242 3438 2312 injuriis,
3475 2251 3590 2296 tmn

309 2339 426 2391 είθε
451 2341 557 2394 κᾶν
591 2337 816 2412 ὖϐρεσιν
841 2359 858 2375 ο
893 2342 1026 2406 ἴσως
1049 2343 1160 2412 γὰρ
1185 2343 1252 2398 ἂν
1283 2343 1505 2399 ἔλαττον
1525 2342 1594 2417 ἦν
1620 2347 1680 2401 τὸ
1707 2349 1900 2414 κακὸν,

2006 2341 2146 2398 enim
2173 2341 2378 2395 malum
2411 2340 2596 2395 minus
2629 2337 2804 2406 foret,
2841 2339 2894 2393 in
2945 2338 3078 2393 solis
3123 2336 3325 2407 injuria
3359 2334 3590 2403 affectis,

311 2435 395 2495 εἰς
449 2433 648 2504 μόνους
702 2435 833 2498 τοὺς
901 2435 1270 2505 ὑϐρισμένους
1339 2440 1748 2512 προῖσταμένης
1797 2442 1902 2510 τῆς

2006 2447 2192 2487 eorum
2241 2431 2449 2486 insulso
2493 2433 2701 2501 impetu
2749 2431 3120 2500 persiSIente:
3177 2440 3234 2483 at
3284 2441 3430 2482 nunc
3475 2443 3586 2481 non

313 2525 514 2594 ἀλόγου
553 2525 760 2580 τούτων
788 2529 982 2596 φορᾶς.
1014 2527 1130 2582 Νῦν
1163 2529 1220 2582 δέ
1250 2529 1310 2584 οὗ
1339 2529 1499 2584 τοῦτο
1541 2531 1729 2602 μόνον,
1767 2531 1902 2586 ἀλλὰ

2006 2523 2057 2578 id
2108 2522 2310 2587 solum,
2357 2523 2450 2576 sed
2503 2532 2558 2577 et
2609 2521 3004 2577 audacissimas
3061 2522 3113 2574 in
3170 2535 3264 2576 eos
3303 2527 3356 2572 et
3401 2535 3590 2574 eorum

313 2617 413 2669 καὶ
435 2617 782 2687 παντόλμους
801 2617 902 2679 τὰς
930 2618 1056 2672 κατ’
1083 2620 1285 2687 αὐτῶν,
1317 2622 1412 2675 καὶ
1441 2623 1536 2693 τῆς
1558 2623 1738 2677 αὐτῶν
1781 2624 1906 2678 Ἐκ-

2006 2614 2304 2671 Eeelesiam
2334 2617 2696 2670 contunielias
2743 2625 2795 2670 et
2845 2615 3090 2669 convicia
3119 2623 3412 2679 evomunt,
3445 2630 3586 2684 quo-

316 2709 551 2778 κλησίας
580 2710 984 2781 ἀπερεύγονται
1017 2711 1398 2784 βλασφημίας,
1422 2711 1498 2768 ὧν
1525 2716 1558 2786 ἡ
1593 2715 1794 2769 ἀτοπία
1824 2719 1903 2783 εἰς

318 2801 491 2870 αὐτὴν
517 2803 616 2871 τὴν
647 2803 755 2857 τῶν
777 2805 1120 2873 Χριστιανῶν
1149 2805 1415 2860 διαϐαίνει
1456 2807 1763 2863 εὐσέϐειαν.
1793 2810 1904 2863 Καὶ

318 2893 442 2946 οὐδὲ
488 2893 648 2947 τοῦτο
679 2897 912 2950 συνιδεῖν
947 2896 1128 2966 ἔσχον,
1153 2895 1229 2963 ὡς
1269 2897 1402 2952 αὐτὸ
1446 2899 1604 2953 τοῦτο
1637 2899 1816 2968 μόνον,
1844 2901 1906 2954 τὺ

323 2984 445 3053 μεθ’
479 2985 694 3055 ὕϐρεων
741 3003 801 3040 τε
833 2989 930 3043 καὶ
983 2988 1348 3060 βλασφημιῶν
1390 2991 1733 3061 διαλέγεσθαι
1770 2993 1907 3062 πρὸς

322 3076 545 3142 αὐτοὺς,
572 3079 722 3149 παρὰ
739 3081 853 3141 τοῖς
877 3081 1185 3150 εὐγνώμοσι
1206 3083 1313 3138 τῶν
1338 3085 1724 3155 διαγνωμόνων
1749 3086 1908 3152 δόξαν

321 3166 492 3236 ἥττης
528 3169 700 3223 ἐδίδου
728 3171 934 3236 αὐτοῖς.
967 3171 1072 3236 Τίς
1105 3175 1215 3246 γὰρ
1244 3175 1310 3228 ἂν
1335 3177 1432 3230 καὶ
1472 3179 1628 3247 νικᾷν
1662 3179 1800 3246 ἔχων
1829 3179 1908 3232 εί-

2002 2723 2126 2762 rum
2156 2709 2394 2765 absurda
2452 2709 2731 2764 temeritas
2764 2707 3096 2778 ipsissimam
3147 2705 3589 2761 Christianorum

2005 2800 2256 2854 vulnerat
2309 2801 2588 2872 pietatem.
2635 2800 2822 2869 Neque
2861 2801 3338 2870 comprehendere
3399 2811 3594 2869 potue-

2007 2901 2169 2954 runt,
2200 2908 2265 2947 eo
2298 2893 2380 2948 vel
2405 2893 2707 2959 solo,quod
2741 2893 2956 2962 injuriis
2993 2901 3047 2947 et
3090 2891 3439 2946 contumeliis
3473 2892 3590 2945 dis-

2007 2985 2318 3054 putationes
2366 2997 2420 3041 et
2478 2986 2748 3054 colloquia
2804 2985 3174 3047 contulerunt,
3222 3000 3255 3040 a
3311 2984 3594 3041 benevolis

2007 3079 2384 3149 cognitoribus
2436 3079 2660 3133 victoria
2721 3079 2990 3133 excidisse
3043 3077 3320 3145 judicatos
3393 3075 3586 3131 fuisse.

2008 3174 2143 3238 Quis
2182 3176 2354 3238 enim,
2389 3189 2514 3228 cum
2569 3173 2858 3230 victoriam
2900 3171 3164 3241 consequi
3221 3167 3396 3238 possit
3443 3169 3595 3238 paci-

328 3259 590 3326 ρηνικῶς,
615 3261 713 3314 καὶ
745 3263 967 3331 μάλισθ’
997 3265 1133 3317 ὅπου
1162 3267 1290 3336 περὶ
1317 3267 1456 3321 Θεοῦ
1482 3271 1575 3322 καὶ
1608 3268 1716 3321 τῶν
1745 3269 1904 3323 θείων

2009 3268 2126 3333 tice,
2168 3277 2222 3321 et
2270 3269 2613 3336 potissimum
2653 3269 2705 3320 in
2749 3267 2839 3332 iis,
2873 3268 2926 3321 in
2964 3265 3164 3336 quibus
3204 3262 3271 3317 de
3319 3261 3426 3316 Deo
3456 3263 3597 3317 divi-

326 3349 374 3398 οι
410 3348 582 3416 λόγοι,
613 3350 806 3420 ὕϐρεσι
829 3353 906 3422 τῷ
944 3354 1458 3427 προσδιαλεγομένῳ
1489 3357 1906 3426 ἀντεπιφύεται,

2013 3359 2205 3426 nisque
2285 3360 2447 3414 rebus
2498 3367 2893 3428 pertractatur,
2953 3357 3175 3427 injuriis
3232 3357 3592 3412 disserentem

327 3438 516 3511 ὥσπερ
549 3442 651 3495 οὐκ
699 3444 962 3512 ἀδελφοὺς
1001 3447 1183 3519 ζητῶν
1223 3451 1554 3516 κτήσασθαι,
1595 3450 1710 3506 ἀλλ’
1754 3451 1909 3504 ἀδελ,

329 3533 463 3598 φοὺς
505 3534 919 3590 ἀποϐάλλεσθαι
965 3539 1308 3606 φιλονεικῶν.
1348 3539 1567 3610 Ἔγωγε
1617 3543 1755 3607 τέως
1796 3545 1910 3605 τοῖς

327 3625 596 3689 τοιούτοις
634 3627 980 3699 ἐντυγχάνων
1025 3631 1207 3697 λόγοις
1257 3632 1460 3697 αὐτῶν,
1511 3634 1606 3687 καὶ
1635 3635 1762 3698 τοὺς
1810 3636 1911 3706 μὲν

343 3713 652 3786 Ῥωμαίους
686 3720 980 3790 εἰρηνικῶς
1010 3724 1196 3788 αὐτοῖς
1232 3725 1515 3780 κατανοῶν
1559 3727 1913 3798 ἐντυγχάνοι·-

327 3823 446 3871 τας,
477 3806 561 3874 οἷς
589 3812 686 3864 καὶ
717 3814 920 3882 μᾶλλον
945 3816 1004 3868 τὸ
1037 3817 1174 3885 πρὸς
1207 3817 1412 3888 θυμοὺς
1445 3819 1911 3892 ἐπιρρεπέστερον

328 3899 702 3970 ὡμολόγηται,
725 3905 850 3967 τοὺς
880 3907 925 3961 6‘
956 3909 1260 3981 ἡμετέρους
1285 3913 1346 3964 ού
1377 3912 1616 3980 λογικῶς
1659 3916 1911 3985 μαχομέ-

329 4005 442 4055 νοις
465 3993 737 4058 ἐοικότας,
765 3996 881 4049 ἀλλ’
913 3997 1104 4071 ὥσπερ
1150 4001 1414 4073 μαχαίρᾳ,
1448 4003 1544 4056 καὶ
1589 4004 1792 4074 σπάθῃ,
1818 4003 1913 4057 καὶ

327 4085 511 4157 δόρατι
540 4091 641 4162 τὴν
667 4093 794 4144 κατ’
826 4095 1007 4148 αὐτῶν
1028 4097 1206 4166 ὁρμὴν
1235 4097 1618 4167 ποιουμένους,
1645 4097 1907 4169 ἐρυθριῶ,

331 4181 424 4232 καὶ
450 4178 646 4253 ὥσπερ
674 4186 756 4247 είς
778 4186 972 4239 ἑαυτὸν
1001 4187 1352 4258 λογιζόμενος
1382 4190 1482 4264 τὴν
1503 4189 1793 4261 αἰσχύνην,
1823 4209 1912 4262 μι·

332 4271 465 4341 κροῦ
499 4273 595 4326 καὶ
627 4275 1068 4330 ἐκκαλύπτεσθαι
1111 4279 1271 4334 θέλω.

402 4359 479 4427 ς’.
515 4365 616 4419 Διά
642 4383 726 4420 τοι
758 4367 917 4424 τοῦτο
945 4371 1041 4424 καὶ
1067 4373 1373 4442 ἀντιλέγειν
1401 4377 1515 4438 τοῖς
1545 4375 1911 4442 ἀντιλογικοϊς

331 4456 545 4520 τούτοις
599 4460 892 4534 ἐσύστερον
940 4463 1263 4536 βουλόμενος
1299 4467 1498 4535 ἔγωγε,
1551 4468 1687 4538 πρὸς
1742 4469 1911 4538 μηδὲν

331 4550 578 4606 τοιοῦτον
623 4559 1011 4627 παραωρῆναι
1055 4558 1392 4613 καθικετεύω
1430 4559 1585 4620 Θεὸν,
1643 4561 1737 4614 καὶ
1787 4562 1913 4626 τοὺς

333 4643 756 4715 ἐντευξομένους
785 4648 840 4702 δὲ
872 4652 986 4713 τοῖς
1029 4651 1321 4722 ἡμετέροις
1343 4653 1638 4722 γράμμασι
1679 4653 1910 4717 τούτοις,

339 4735 438 4804 τὴν
467 4736 638 4808 αὐτὴν
667 4739 803 4792 αίτῶ
825 4741 1005 4810 χάριν,
1033 4741 1202 4811 μηδέν
1225 4760 1276 4795 τι
1313 4743 1422 4796 τῶν
1454 4744 1741 4816 ἡμετέρων
1774 4746 1913 4817 πρὸς

340 4829 458 4898 εριν
491 4831 816 4901 ἀφορῶντας
842 4833 1142 4890 διαϐαλεῖν.
1178 4832 1372 4904 Ἡμεῖς
1405 4836 1502 4905 μὲν
1543 4837 1652 4907 γὰρ
1685 4836 1747 4890 ού
1779 4837 1916 4906 πρὸς

339 4920 683 4988 ἀνθρώπους,
730 4923 868 4977 ἀλλὰ
902 4924 1040 4995 πρὸς
1082 4924 1216 4978 Θεὸν
1254 4926 1512 4996 ὁρῶντες,
1555 4927 1655 4996 τὴν
1689 4929 1916 4999 εἰρήνην

337 5013 546 5082 ταύτην
584 5013 696 5066 δεῖν
728 5014 990 5086 ᾠήθημεν
1029 5017 1513 5088 ἐνστερνίσασθαιο
1538 5020 1668 5072 είδὲ
1696 5021 1912 5092 τισι’μὴ

337 5105 504 5167 δοκεῖ,
540 5107 695 5161 οὐδὲν
735 5108 872 5178 πρὸς
907 5111 1076 5180 ἡμᾶς.
1109 5111 1169 5164 El
1192 5110 1248 5164 δέ
1283 5111 1557 5181 καὶπρὸς
1586 5113 1654 5167 τὰ
1675 5115 1915 5183 κοσμικὰ

336 5197 438 5267 τῆς
502 5197 816 5269 Ῥωμαῖκῆς
864 5202 1042 5272 ἀρχῆς
1092 5202 1318 5272 ίδοιμεν,
1374 5203 1490 5256 ἀλλ’
1534 5203 1769 5258 ἐνταῦθα
1814 5205 1916 5258 οὐκ

339 5291 485 5343 ἐστιν
533 5293 708 5345 εἰπεῖν
739 5293 814 5354 ὡς
863 5295 1019 5348 οὐδὲν
1059 5293 1196 5365 πρὸς
1243 5297 1416 5366 ἡμᾶς.
1451 5298 1511 5349 Εἰ
1556 5297 1654 5366 μὲν
1686 5297 1796 5367 γὰρ
1839 5299 1918 5352 6t-

343 5383 512 5444 καίως
541 5384 635 5436 καὶ⁵
666 5385 758 5438 ἐπί
781 5402 889 5438 τινι
917 5386 1055 5456 πρὸς
1096 5388 1199 5458 τὴν
1232 5388 1390 5458 ἡμῶν
1419 5390 1703 5446 εὐσέϐειαν
1732 5409 1918 5445 συντε-

342 5469 523 5524 λοῦντι
571 5474 603 5542 ἡ
648 5475 750 5542 τῆς
783 5475 1118 5546 Ῥωμαῖκῆς.
1164 5476 1490 5547 Ἐκκλησίας
1537 5481 1708 5550 μάχη,
1747 5481 1804 5548 ἐξ
1848 5476 1917 5550 ἧς

343 5564 504 5616 ὁποῖα
540 5566 635 5618 καὶ
653 5567 753 5619 ὅσα
783 5567 905 5620 καθ’
930 5569 1090 5638 ἡμῶν
1124 5569 1497 5640 ἐπεισέφρησε
1532 5572 1601 5624 τὰ
1637 5574 1808 5639 δεινὰ,
1853 5576 1914 5627 ού

344 5653 438 5706 τοῦ
481 5655 752 5724 παρόντος
792 5657 978 5728 λέγειν
1007 5660 1176 5724 ἐστὶν,
1208 5661 1338 5724 ίσως
1367 5663 1477 5734 γὰρ
1520 5662 1700 5726 ἄλλοις
1743 5665 1918 5719 ταῦτα

349 5749 440 5800 καὶ
471 5748 769 5819 ίστορήθη·
804 5745 948 5822 ἦμεν
997 5750 1066 5806 ἂν
1107 5754 1201 5806 καὶ
1237 5753 1395 5807 αὐτοὶ
1451 5755 1917 5826 συνδιατιθέμενοι

347 5841 457 5904 τοίς
498 5841 816 5912 ἐπιρρεπῶς
857 5841 1040 5912 ἔχουσι
1072 5843 1209 5914 πρὸς
1233 5845 1296 5898 τὸ
1340 5844 1638 5901 σκάνδαλον
1663 5862 1678 5878 °
1707 5847 1831 5902 ἐπεὶ
1857 5849 1916 5902 δὲ

349 5931 524 6002 πάντη
555 5931 776 6001 ἀδίκως,
813 5934 905 5988 καὶ
944 5935 1007 5990 ἐκ
1031 5937 1202 6009 μόνης
1235 5936 1500 6010 ἐπηρείας
1526 5939 1825 6009 Σατανικῆς
1857 5940 1916 5996 τὸ

2013 3452 2325 3520 opprimere
2359 3462 2592 3506 conatur
2619 3491 2633 3515 ,
2671 3467 2822 3519 aeque
2855 3467 2917 3504 ac
2948 3451 2992 3504 si
3043 3450 3241 3504 fratres
3269 3451 3596 3518 conquirere

2012 3557 2120 3595 non
2153 3544 2404 3607 studeat,
2447 3543 2539 3598 sed
2576 3559 2670 3598 eos
2713 3542 2965 3612 subigere
3000 3543 3336 3611 perdereqne
3376 3550 3598 3594 conten-

2012 3633 2152 3690 dat?
2219 3638 2329 3704 Ego
2376 3637 2534 3705 plane
2581 3636 2789 3691 similes
2815 3649 3006 3688 eorum
3059 3649 3344 3688 sermones
3371 3648 3597 3702 percur-

2011 3745 2160 3793 rens,
2197 3738 2251 3783 et
2296 3729 2576 3784 Romanos
2625 3726 3077 3796 deprehendens,
3138 3741 3277 3793 quos
3332 3726 3398 3779 ad
3456 3725 3593 3780 iram
3691 3748 3718 3754 κ
3749 3730 3770 3750 "

2013 3821 2397 3892 propensiores
2430 3836 2553 3875 esse
2584 3817 2841 3883 fatemur,
2877 3819 3103 3886 pacifica
3128 3833 3253 3872 cum
3289 3817 3397 3872 illis
3427 3817 3601 3872 collu-

2013 3915 2142 3984 quia
2177 3929 2377 3976 serere,
2413 3921 2635 3967 nostros
2666 3925 2794 3966 vero
2829 3910 2973 3964 nulla
2994 3925 3116 3963 cum
3152 3909 3367 3964 ratione
3389 3910 3599 3979 (lepra:-

2013 4006 2272 4063 liantibus
2318 4006 2546 4068 similes,
2601 4018 2752 4069 ense,
2807 4012 2869 4057 ut
2918 4003 2993 4057 ita
3043 4001 3248 4067 dicam,
3292 4001 3474 4071 gladio
3543 4009 3601 4054 et

2017 4098 2187 4155 hastis
2213 4113 2307 4155 eos
2348 4099 2696 4168 impetentes,
2745 4095 2946 4151 rubore
2978 4094 3234 4165 equidem
3287 4094 3597 4169 Sttﬂ'undor,

2014 4202 2069 4247 et
2119 4193 2261 4247 intra
2311 4193 2692 4261 memetipsum
2727 4189 3007 4245 infamiam
3044 4199 3335 4258 repetens,
3385 4196 3597 4242 tantum

2016 4302 2123 4340 non
2151 4284 2342 4338 faciem
2383 4295 2560 4353 tegere
2586 4283 2849 4338 delibero.
2943 4264 2951 4275 ’

2085 4379 2140 4432 6.
2171 4378 2514 4447 Quapropter
2542 4377 2625 4431 his
2657 4375 3152 4444 contradictoribua
3204 4374 3320 4444 ipse
3349 4385 3594 4445 postmo-

2015 4472 2144 4527 dum
2170 4461 2638 4536 contradieturus,
2678 4485 2745 4524 ne
2772 4468 2838 4522 ad
2871 4470 3072 4524 similia
3101 4467 3289 4523 trahar
3315 4510 3328 4533 ,
3371 4469 3596 4537 supplex

2019 4563 2190 4617 Deum
2255 4577 2449 4627 exoro,
2501 4562 2860 4631 eamdemque
2918 4573 3146 4631 prorsus
3201 4559 3270 4614 ab
3317 4558 3468 4623 illis,
3504 4561 3598 4628 qui

1944 4657 2134 4742 Dhazc
2186 4664 2374 4711 nostra
2435 4654 2828 4710 commentaria
2888 4653 3078 4708 lecturi
3135 4661 3301 4714 sunt,
3369 4652 3597 4726 gratiam

2017 4761 2273 4816 exposco,
2310 4745 2451 4801 nihil
2487 4761 2550 4798 ex
2624 4744 2710 4800 his
2742 4744 2944 4800 nostris
2973 4741 3317 4797 contentioni
3354 4741 3600 4796 addictos

2017 4839 2435 4908 reprehendere.
2478 4836 2587 4893 Nos
2615 4837 2814 4892 etenim
2857 4851 2964 4890 non
2995 4834 3266 4898 homines,
3299 4835 3391 4889 sed
3429 4832 3597 4887 Deum

2016 4931 2392 5000 inspicientes,
2426 4945 2610 4998 pacem
2643 4929 2786 4984 hanc
2809 4929 3010 4998 apertis
3047 4927 3191 4983 ulnis
3215 4927 3595 4997 excipiendam

2016 5039 2140 5079 esse
2180 5023 2427 5078 arbitrati
2469 5037 2684 5079 sumus.
2738 5021 2791 5076 ld
2823 5021 2869 5076 si
2903 5021 3062 5080 aliter
3111 5020 3392 5074 nonnullis
3421 5022 3595 5074 visum

2017 5114 2206 5180 fuerit,
2236 5115 2311 5169 nil
2346 5123 2530 5170 nostra
2570 5113 2758 5169 refert.
2807 5113 2962 5180 Quod
2998 5114 3041 5168 si
3079 5112 3146 5168 ad
3181 5110 3411 5166 Romani
3445 5113 3600 5181 prin-

2015 5209 2230 5277 cipatus
2267 5223 2351 5262 res
2376 5208 2664 5264 saculares
2704 5207 2948 5261 animum
2981 5204 3355 5268 advertamus,
3387 5205 3437 5258 id
3464 5221 3596 5259 vero

2017 5299 2200 5354 dicere
2229 5314 2339 5354 non
2372 5313 2685 5367 possumus,
2730 5297 2805 5351 nil
2832 5306 3016 5352 nostra
3050 5295 3274 5351 referre.
3311 5296 3520 5350 Etenim
3547 5297 3594 5350 si

2014 5393 2182 5462 juste.
2223 5401 2277 5447 et
2331 5401 2555 5462 propter
2586 5391 2791 5460 aliquid
2826 5400 3027 5444 nostrae
3054 5390 3238 5460 pietati
3283 5391 3596 5443 conducens

2019 5499 2143 5538 cum
2192 5483 2436 5538 Romana
2494 5481 2733 5537 Ecclesia
2778 5496 2958 5550 pugna
3006 5489 3259 5550 suscepta
3299 5492 3400 5544 est,
3433 5480 3596 5549 cujus

2017 5588 2183 5629 causa
2242 5583 2321 5628 tot
2363 5582 2622 5642 tantaque
2677 5571 2818 5625 mala
2864 5572 2921 5626 in
2953 5586 3056 5628 nos
3099 5573 3440 5641 ingruerunt,
3471 5587 3595 5641 quae

2019 5675 2235 5720 nonest
2281 5664 2566 5735 praesentis
2615 5663 2818 5731 negotii
2864 5663 3048 5719 dicere
3076 5703 3091 5726 ,
3125 5669 3179 5716 et
3209 5659 3349 5718 forte
3375 5660 3443 5716 ab
3475 5663 3597 5717 aliis

2016 5770 2206 5810 eorum
2242 5753 2466 5809 historia
2491 5754 2695 5825 scripto
2715 5754 3039 5808 demandata
3085 5762 3170 5807 est
3191 5790 3207 5814 ,
3249 5766 3352 5808 nos
3377 5767 3595 5823 quoque

2018 5862 2125 5902 una
2151 5863 2275 5903 cum
2313 5845 2600 5916 propensis
2650 5845 2717 5902 ad
2760 5845 3079 5901 scandalum
3130 5845 3590 5910 conveniremus;

2017 5941 2110 5998 sed
2137 5941 2258 5997 cum
2298 5940 2444 5995 nulla
2467 5937 2614 6008 justa
2645 5938 2712 5993 de
2749 5951 2912 5996 causa
2939 5975 2956 6005 ,
3002 5936 3097 5994 sed
3133 5953 3196 5993 ex
3235 5936 3348 5993 sola
3375 5935 3590 5996 Satanae
