3978 6594
445 422 514 485 93
1498 429 1705 490 ῙΟΛΝ.
1753 432 1962 493 V-ECCI

2082 440 2108 499 ’.
2147 438 2657 506 ΡΑΤῙΠΑΒΟΗΕ
3623 456 3687 518 2i

441 532 786 603 improbitate
834 530 1200 588 Ecclesiarum
1251 537 1565 592 scandalum
1619 540 1761 597 inter
1791 559 1890 600 nos
1924 546 1978 599 in

2082 613 2087 624 _
2116 549 2225 604 τῶν
2262 552 2600 625 Ἐκκλησιῶν
2640 557 2938 613 σκάνδαλον
2971 560 3135 631 μέσον
3168 563 3201 632 ή
3213 562 3331 633 μῶν
3379 562 3686 639 συνορῶμεν

432 625 634 694 lectum
665 625 1067 695 conspiciamus
1092 668 1108 690 ,
1153 638 1362 691 tantum
1404 631 1559 687 abest
1601 644 1660 687 ut
1691 648 1813 690 cum
1847 652 2011 693 scau-

433 716 544 772 dali
578 718 927 773 curatoribus
964 722 1395 784 conveniamus,
1440 733 1501 778 ut
1555 739 1793 782 maerore
1841 729 2006 784 etiam

434 809 638 879 ingenti
669 812 989 878 aﬂiciamur,
1017 822 1093 878 et,
1118 828 1228 882 quo
1252 830 1545 883 possumus
1572 820 1737 875 animi
1772 818 2007 886 fervore,

432 913 657 958 nostros
688 920 998 969 exoremus,
1024 914 1083 958 ut
1114 908 1386 974 propriam
1418 910 1681 966 insaniam
1708 912 2007 981 deponam,

428 1006 479 1047 et
512 1012 617 1047 non
669 996 739 1049 ita
791 1005 996 1049 temere
1044 998 1095 1049 in
1128 1001 1373 1067 proprias
1403 1001 1565 1057 urbes
1594 1013 1645 1058 et
1672 1006 1868 1074 oppida
1903 1022 2005 1060 no-

426 1099 550 1138 vum
582 1086 780 1142 bellum
814 1088 1057 1141 secundo
1090 1093 1449 1155 exsuscitent,
1481 1104 1749 1151 tantarum
1779 1099 2003 1153 calami-

427 1186 593 1230 tatum
627 1194 693 1233 ac
739 1178 1159 1235 infortuniorum
1196 1201 1440 1239 causam.
1494 1185 1592 1242 Sin
1650 1188 1869 1252 minus,
1909 1190 2000 1259 qui

428 1285 621 1323 rursus
643 1273 889 1327 scandali
916 1285 1109 1331 auctor
1133 1274 1319 1338 fiterit,
1342 1278 1554 1341 judicio
1579 1281 1683 1333 erit
1705 1281 1997 1338 obnoxius.

344 1368 353 1373 ‘
419 1358 530 1414 an
559 1378 687 1415 ιρι-υ
723 1365 939 1417 tandem
982 1367 1281 1420 orationem
1312 1371 1713 1439 aggrediamur.

490 1452 543 1506 7.
606 1455 744 1521 Quid
797 1457 1047 1525 inquitis,
1090 1458 1190 1511 viri
1240 1459 1485 1514 fratres?
1548 1463 1689 1528 Quid
1737 1465 1790 1519 itt
1830 1483 1996 1525 causa

417 1555 522 1606 est.
553 1557 614 1600 ut
641 1550 977 1603 tantumdem
1012 1550 1375 1606 Ecclesiarum
1409 1554 1638 1610 dissidio
1685 1560 1956 1623 plaudatis
1978 1599 1995 1627 ,

416 1647 469 1689 et
519 1654 616 1708 pro
653 1654 716 1691 co
767 1640 1141 1707 promovendo
1197 1643 1363 1696 etiam
1404 1644 1540 1699 bella
1573 1650 1853 1718 suscipere
1884 1668 1992 1708 non

415 1727 761 1780 vereamini?
798 1722 982 1794 Quod,
1035 1731 1292 1795 tradunt,
1344 1732 1566 1804 longum
1615 1736 1729 1806 jam
1781 1748 1994 1811 tempus

415 1815 744 1883 intercessit,
772 1835 836 1875 ex
864 1837 974 1890 quo
1002 1823 1292 1878 dissidium
1327 1824 1429 1878 llOl:
1459 1827 1729 1897 originem
1758 1834 1988 1896 ltaliuit;

2116 641 2548 713 παρεισφθαρὲν,
2587 645 2648 698 ού
2685 646 2848 715 μόνον
2871 652 2985 713 τοῖς
3006 652 3374 716 σπουδασταϊς
3396 655 3486 707 τοῦ
3522 670 3683 710 σκαν-

2110 728 2270 785 δάλου
2317 735 2418 789 οὐκ
2464 736 2631 805 ἐσμὲν
2682 738 3163 812 συνδιατιθέμενοι,
3204 745 3340 798 ἀλλά
3381 746 3476 799 καὶ
3513 747 3684 818 λύπην

2108 822 2239 893 ὅσην
2272 826 2555 896 ἡγούμεθα
2574 830 2753 894 τοῦτο,
2781 832 2876 885 καὶ
2893 832 3224 908 θερμότερον
3249 838 3368 902 τοὺς
3394 839 3516 891 καθ’
3538 840 3681 910 ἡμᾶς

2110 911 2424 983 ἱκετεύομεν
2461 916 2563 986 τῆς
2585 919 2707 971 καθ’
2734 921 2942 974 ἑαυτῶν
2980 924 3311 994 ἀποσχέσθαι
3343 932 3564 999 μανίας,
3596 933 3683 985 κτὶ

2109 1003 2183 1072 μὴ
2211 1004 2353 1057 οὕτω
2386 1008 2527 1060 κατά
2552 1009 2661 1062 τῶν
2689 1013 2907 1065 οίκείων
2938 1016 3143 1068 πόλεων
3167 1019 3261 1071 καὶ
3287 1024 3483 1091 χωρῶν
3513 1024 3683 1093 ἀρχὴν

2103 1096 2273 1167 ἀλλην
2308 1100 2371 1151 ἐκ
2401 1099 2654 1172 δευτέρου
2690 1107 3020 1174 ποιήσασθαι
3060 1110 3314 1179 πολέμων
3350 1116 3444 1165 καὶ
3476 1131 3680 1184 συμφο-

2104 1187 2237 1254 ρῶν.
2264 1190 2322 1242 Εἰ
2355 1189 2401 1243 δ’
2430 1186 2547 1255 οὖν,
2587 1194 2704 1247 ἀλλ’
2732 1195 2897 1260 ⁴αὐτὸς
2934 1199 3191 1267 βαστάσει
3222 1202 3281 1253 τὸ
3312 1204 3508 1272 κρῖμα,
3537 1207 3679 1269 ὅστις

2101 1279 2196 1330 καὶ
2254 1280 2416 1333 πάλιν
2470 1285 2716 1355 ἀρχηγὸς
2767 1290 3070 1343 σκανδάλου
3132 1292 3352 1369 θελήσει
3403 1296 3675 1364 γενέσθαι.

2108 1367 2274 1439 Ἦμῖν
2302 1372 2356 1425 δὲ
2388 1376 2482 1427 καὶ
2510 1375 2575 1445 δὴ
2606 1377 2697 1431 τοῦ
2724 1379 2885 1447 λόγου
2916 1382 3167 1451 ἀρκτέον.

2168 1462 2233 1525 ζ’.
2272 1464 2337 1515 Τί
2369 1481 2525 1533 φατε,
2554 1468 2749 1539 ἄνδρες
2792 1471 3050 1538 ἀδελφοίς
3081 1473 3147 1528 Τί
3178 1476 3262 1531 ὅτι
3308 1479 3676 1548 περιμάγητον

2095 1552 2230 1621 ἡμῖν
2255 1558 2443 1627 χρῆμα
2475 1558 2535 1611 τὸ
2572 1560 2680 1612 τῶν
2717 1561 3055 1632 Ἐκκλησιῶν
3081 1566 3298 1637 σχίσμα,
3322 1569 3504 1635 δοκεῖς
3534 1572 3674 1629 Ὅτι,

2095 1646 2252 1712 φασὶ.
2290 1649 2503 1717 μακρὸς
2546 1652 2645 1721 ήδη
2685 1653 2894 1722 χρόνος,
2926 1654 2988 1719 ἐξ
3028 1657 3151 1710 ὅτου
3181 1659 3242 1711 τὸ
3285 1659 3490 1728 σχίσμα
3518 1658 3675 1711 τοῦτο

2095 1739 2335 1809 προέϐη·
2361 1740 2449 1793 διὰ
2481 1742 2641 1795 τοῦτο
2666 1745 3048 1817 περιμάχητον
3068 1749 3129 1801 τδ
3171 1752 3376 1820 σχίσμα
3410 1753 3562 1820 ἡμῖν,
3594 1750 3673 1803 ὅτι

2093 1826 2189 1878 καὶ
2217 1827 2453 1896 χρόνιον.
2500 1826 2626 1901 Ἆρ’
2652 1828 2745 1886 οὖν
2784 1836 2868 1887 ὅτι
2905 1837 3247 1907 ὲσχίσθημεν
3291 1839 3671 1911 σκοπητὲον.ἢ

411 1921 698 1982 pi-Opterea
752 1930 852 1984 pro
880 1932 948 1972 eo
988 1919 1157 1973 etiam
1217 1919 1637 1991 depugnandum
1688 1934 1978 1994 putamus,

2092 1917 2240 1981 ὅπως
2260 1919 2593 1990 ἐσχίσθημεν
2612 1923 2913 1993 ζητητέον;
2943 1928 3066 1981 Ὅτι
3100 1929 3453 2001 ἐσχίσθημεν,
3489 1930 3669 1997 φασίν.

411 2005 558 2073 quod
591 2014 646 2060 et
678 2005 1026 2065 diuturnum.
1056 2010 1139 2064 An
1182 2011 1347 2081 igitur
1383 2015 1527 2083 quod
1556 2016 1713 2071 scissi
1760 2033 1985 2082 sumus,

410 2094 869 2151 considerandum
897 2115 912 2164 ;
947 2115 1015 2152 an
1050 2104 1342 2169 quomodo,
1376 2107 1731 2172 quaerendum
1765 2108 1804 2170 ?_
1831 2108 1987 2173 Quod

409 2186 569 2241 scissi
607 2203 831 2248 sumus.
865 2191 1138 2259 inquiunt.
1190 2192 1579 2253 Verumtamen
1625 2199 1794 2264 milii,
1841 2204 1987 2269 quod

407 2285 463 2329 et
513 2278 651 2334 bene
691 2282 1055 2337 sentientibus
1104 2285 1354 2355 singulis,
1400 2305 1509 2344 non
1563 2291 1664 2347 hoc
1717 2292 1983 2349 videtur:

408 2369 499 2423 scd
532 2385 639 2439 qua
683 2373 893 2428 ratione
921 2375 1080 2432 scissi
1110 2394 1299 2433 sumus
1334 2398 1348 2447 ;
1398 2393 1452 2436 et
1501 2382 1546 2438 si
1591 2382 1983 2446 invenerimus.

409 2460 504 2528 qui
533 2472 659 2516 ante
688 2481 788 2519 nos
816 2468 1057 2524 scitisma
1089 2470 1429 2537 eonllarunt,
1472 2474 1770 2530 Romanam
1799 2478 1987 2532 Eccle-

406 2551 544 2605 siam
592 2553 941 2623 incusantes,
994 2569 1249 2631 tanquam
1317 2564 1625 2633 ingentibus
1684 2568 1986 2623 sceleribus

405 2644 473 2695 nl)
500 2646 751 2714 dogmata
785 2650 1102 2708 olistrictam
1129 2695 1143 2720 ,
1172 2657 1519 2712 considerare
1552 2669 1606 2714 et
1632 2661 1980 2722 examinare.

404 2752 529 2805 quae
566 2738 641 2791 illi
690 2739 969 2797 Romanos
1020 2748 1379 2804 erimiuantcs
1405 2765 1732 2819 opposuere,
1772 2767 1892 2820 quae
1928 2751 1981 2805 hi

403 2832 732 2899 semetipsos
767 2832 1060 2891 liberantes
1105 2854 1135 2892 a
1168 2840 1419 2906 crimine,
1462 2844 1898 2912 responderunt,
1929 2854 1984 2900 et

402 2934 527 2973 cum
558 2932 703 2977 rrcto
729 2924 921 2989 jttdicii
950 2930 1223 2992 examine,
1252 2941 1346 2986 aut
1376 2948 1472 2987 eos
1503 2943 1649 2989 recte
1684 2936 1981 2990 sentientes

402 3013 586 3082 sequi,
615 3026 669 3068 et
703 3016 942 3078 laudare,
979 3031 1032 3072 et
1066 3022 1256 3075 beatos
1289 3023 1587 3091 praedicare
1608 3064 1623 3089 ,
1652 3034 1751 3079 aut
1786 3026 1977 3079 decer-

402 3120 534 3159 nere
588 3121 683 3161 ens
742 3108 797 3163 iu
856 3110 959 3163 ltoc
1032 3112 1291 3167 seandalo
1351 3115 1683 3185 deliquisse,
1740 3116 1981 3171 humano

400 3212 588 3253 errore
612 3199 887 3271 deceptos.
943 3201 1168 3274 Oportet
1196 3218 1377 3262 autem
1423 3224 1562 3272 nos,
1596 3210 1678 3264 vel
1726 3210 1873 3280 quod
1911 3210 1980 3264 ab

400 3288 511 3342 illis
543 3302 723 3346 actum
758 3306 862 3357 est,
913 3295 1034 3350 loco
1086 3298 1401 3367 ignominia:
1438 3292 1646 3357 habere
1669 3343 1684 3368 ,
1740 3311 1793 3357 et
1830 3303 1974 3372 quod

399 3384 541 3451 apud
575 3399 674 3439 nos
709 3396 795 3439 est
837 3387 1107 3442 laudabile
1132 3430 1148 3454 ,
1182 3390 1562 3454 introducere.
1602 3394 1686 3449 vel
1732 3394 1883 3449 nullo
1908 3393 1977 3448 de

396 3477 493 3530 illo
566 3493 823 3534 sermone
894 3480 1084 3536 habito
1160 3494 1410 3553 respectu
1472 3486 1971 3557 primigeniorum,

394 3569 536 3635 quod
571 3568 761 3623 saltem
805 3570 873 3623 ad
910 3586 1009 3625 nos
1060 3574 1367 3641 pertinebat
1396 3613 1411 3636 ,
1448 3575 1617 3645 probe
1659 3576 1973 3646 disponere,

393 3662 595 3732 duplici
627 3663 1023 3727 emolumento,
1048 3674 1101 3719 et
1133 3666 1279 3736 quod
1302 3666 1621 3723 aberrantes
1653 3668 1830 3724 secuti
1865 3683 1973 3722 non

391 3772 606 3821 sumus,
643 3764 698 3810 et
742 3757 885 3825 quod
935 3758 1192 3827 posteris,
1218 3758 1367 3815 et-iis
1405 3760 1499 3830 qui
1536 3770 1661 3830 post
1707 3774 1809 3816 nos
1871 3777 1971 3814 na-

389 3860 633 3914 scentur,
692 3851 825 3904 recti
866 3849 1099 3906 formam
1153 3850 1500 3907 tradidimus.
1554 3851 1683 3907 Mihi
1738 3853 1924 3924 itaque
1957 3893 1973 3918 ,

387 3942 644 3996 existimo
673 3955 856 3997 autem
906 3951 961 3997 et
1005 3942 1318 4013 cuicunque
1345 3943 1658 4015 pertinacia:
1694 3945 1973 3999 insanien-

387 4032 459 4085 tis
490 4032 663 4094 osori,
696 4032 840 4102 quod
870 4033 1229 4102 approbatum
1253 4043 1357 4096 est,
1386 4034 1681 4105 perplacet,
1713 4043 1769 4089 et
1824 4051 1973 4104 qum-

387 4124 521 4189 stio,
553 4140 659 4195 qua
707 4126 918 4181 tatinne
954 4125 1115 4180 scissi
1145 4141 1357 4182 sumus.
1417 4126 1575 4193 Quod
1617 4128 1664 4183 si
1704 4128 1927 4199 quidam
1955 4168 1971 4196 ,

387 4220 534 4289 quod
569 4218 727 4274 scissi
761 4233 975 4283 sumus,
1018 4219 1229 4290 absque
1260 4219 1369 4275 alio
1394 4222 1647 4278 examine
1682 4223 1968 4278 dissidium

388 4309 823 4366 continuandum
861 4309 1150 4380 judicent,
1191 4326 1291 4382 ego
1344 4312 1614 4368 insulsum
1665 4329 1796 4382 erga
1839 4330 1971 4377 eos,

389 4405 484 4468 qui
513 4410 642 4459 ante
682 4417 784 4459 nos
816 4403 991 4472 luere,
1023 4405 1351 4478 obsequium
1383 4407 1564 4464 modis
1599 4408 1856 4465 omnibus
1880 4410 1973 4464 dc-

387 4498 580 4543 ιιιειον.

2102 2008 2248 2062 Ἀλλ’
2277 2010 2425 2079 ἐμοὶ,
2452 2008 2605 2081 οἴμαι
2631 2013 2679 2067 δ’
2708 2015 2792 2067 ὅτι
2825 2016 3051 2071 καὶτῶν
3080 2016 3142 2073 εὖ
3171 2022 3513 2089 φρονούντων
3544 2020 3673 2075 ὲκά-

2091 2118 2225 2171 στῳ,
2266 2104 2329 2158 οὐ
2356 2103 2539 2171 τοῦτο,
2569 2105 2686 2159 ἀλλ’
2725 2108 2873 2171 ὅπως
2903 2109 3237 2181 ἑσχίσθημεν
3262 2129 3278 2143 ο
3300 2112 3401 2166 κᾶν
3425 2114 3673 2184 εὑρήσω-

2092 2208 2192 2261 μεν
2238 2194 2364 2258 τοὺς
2399 2195 2506 2265 πρὸ
2539 2195 2698 2267 ήμῶν
2744 2200 3194 2268 συστησαμένους
3226 2202 3286 2254 τὸ
3315 2201 3548 2272 σχίσμα,
3574 2200 3672 2271 τὴν

2086 2284 2185 2354 τῆς
2218 2282 2437 2355 Ῥώμης
2477 2287 2804 2359 Ἐκκλησίαν
2834 2292 3319 2360 καταιτιωμένους,
3351 2293 3427 2355 ὡς
3459 2294 3671 2362 μεγάλα

2085 2372 2248 2441 δῆθεν
2278 2376 2670 2445 ήμαρτηκυϊαν
2700 2377 2794 2430 ὲπὶ
2835 2380 2948 2441 τοῖς
2991 2379 3228 2447 δόγμασι
3277 2381 3666 2450 διασκοπῆσαι,

2056 2469 2179 2520 ’καὶ
2206 2466 2613 2533 διαϐασανίσαι,
2652 2467 2749 2521 ἆτε
2780 2472 2893 2531 τοῖς
2938 2470 3232 2540 Ῥωμαίοις
3275 2473 3468 2526 ἐκεῖνοι
3503 2474 3671 2540 ἐγκα-

2083 2557 2304 2622 λοῦντες
2338 2559 2674 2629 προέτεινον,
2708 2563 2804 2614 καὶ
2836 2561 2982 2633 ἅπερ
3012 2557 3161 2619 οὗτοι
3187 2565 3512 2629 ἀπολύοντες
3536 2566 3667 2619 ἑαυ-

2085 2652 2212 2713 τοὺς
2262 2652 2629 2720 ἐγκλημάτων
2678 2653 3063 2721 ἀπελογοῦντο,
3114 2656 3210 2709 καὶ
3243 2657 3381 2725 μετὰ
3429 2657 3527 2725 τῆς
3574 2656 3666 2709 ἐπὶ

2084 2746 2149 2812 τῇ
2219 2744 2493 2813 διακρίσει
2546 2744 2852 2816 εὐθύτητος
2895 2748 2926 2816 ἦ
2980 2747 3345 2815 ἀκολουθῆσαι
3413 2748 3663 2815 λέγουσιν

2083 2834 2321 2895 ἐκείνοις
2376 2835 2577 2898 καλῶς,
2624 2840 2716 2889 καὶ
2769 2839 3077 2901 ἐπαινέσαι,
3138 2841 3232 2892 καὶ
3272 2837 3660 2909 μακαρίσαι,ῆ

2082 2925 2377 2993 διαγνῶναι
2417 2925 2493 2990 ὡς
2522 2929 2719 2980 ἐκεῖνοι
2771 2929 2871 2999 μὲν
2909 2931 3000 2983 ἐπὶ
3029 2930 3107 2999 τῷ
3156 2932 3437 3001 σκανδάλῳ
3485 2931 3661 3000 τούτῳ

2083 3019 2647 3089 πεπλημμελήκασιν,
2688 3019 3027 3092 ἀνθρώπινόν
3071 3038 3126 3075 τι
3159 3023 3424 3085 παθόντες
3478 3023 3635 3091 πλημ

2086 3110 2306 3179 μέλημα
2332 3124 2346 3140 ·
2380 3111 2527 3180 ἡμᾶς
2554 3110 2609 3163 δὲ
2642 3111 2725 3164 δεῖ
2750 3110 2782 3182 ἢ
2806 3112 2867 3165 τὸ
2900 3115 3033 3183 παρ’
3073 3114 3296 3167 ἐκείνων
3332 3116 3555 3183 γεγονὸς
3577 3116 3655 3179 είς

2085 3205 2285 3272 μοῖραν
2337 3200 2508 3272 ψόγου
2560 3203 2954 3272 παραπέμψαι,
3002 3203 3099 3257 καὶ
3147 3206 3209 3258 τὸ
3261 3207 3395 3275 παρ’
3448 3206 3657 3260 ἑαυτῶν

2084 3296 2371 3349 ἐπαινετὸν
2422 3298 2955 3367 ἀντεισενεγκεῑν,ή
3009 3296 3145 3360 τέως
3200 3299 3368 3368 μηδέν
3417 3315 3471 3351 τι
3527 3299 3657 3368 περὶ

2078 3388 2304 3442 ἐκείνων
2360 3389 2676 3460 εἰρηκότας,
2724 3390 2897 3458 φειδοῖ
2927 3388 3037 3443 τῶν
3081 3390 3539 3460 πρεσϐυγενείων,
3592 3391 3655 3442 τὸ

2076 3481 2211 3548 γοῦν
2260 3484 2340 3544 είς
2375 3483 2524 3550 ἡμᾶς
2555 3483 2754 3545 αὐτοὺς
2801 3481 2981 3545 καλῶς
3028 3481 3314 3546 διαθεῖναι,
3344 3480 3443 3535 καὶ
3489 3478 3653 3548 διπλῆ

2076 3573 2360 3641 κερδᾶναι,
2393 3574 2474 3626 ὅτι
2508 3592 2566 3626 τε
2596 3576 2711 3634 τοῖς
2752 3574 3276 3645 πεπλημμεληκόσιν
3301 3572 3402 3627 οὐκ
3426 3572 3657 3641 ἠκολου-

2078 3664 2349 3734 θήσαμεν,
2382 3670 2479 3718 καὶ
2511 3667 2592 3719 ὅτι
2625 3670 2737 3730 τοῖς
2779 3666 3054 3735 ὀψιγόνοις
3092 3668 3185 3718 καὶ
3221 3664 3345 3734 μεθ’
3372 3663 3520 3733 ἡμᾶς
3562 3660 3655 3714 τὸν

2074 3757 2170 3809 τοῦ
2198 3756 2363 3811 καλοῦ
2404 3757 2808 3828 παρεδώκαμεν
2851 3757 3042 3813 τύπον.
3091 3757 3246 3827 Ἐμοὶ
3291 3756 3390 3824 μὲν
3423 3751 3540 3819 οὖν,
3571 3746 3655 3807 οἶ-

2079 3864 2179 3916 μαι
2220 3848 2266 3901 δ’
2294 3850 2377 3902 ὃτι
2411 3848 2506 3902 καὶ
2541 3849 2706 3901 παντὶ
2749 3847 2826 3917 τῷ
2855 3848 3003 3918 ἄλλῳ
3051 3846 3351 3915 πεισμονὴν
3400 3843 3615 3913 μισοῦν·
3640 3862 3651 3883 ‘-

2073 3938 2172 4009 τὴν
2207 3940 2423 4007 ἄλογον,
2465 3941 2528 3992 τὸ
2558 3939 3023 4009 δεδοκιμασμένον
3070 3939 3317 4008 ἀρέσκει,
3360 3940 3454 3989 καὶ
3487 3937 3521 4004 ἡ
3553 3952 3615 3988 το
3638 3936 3650 3965 ’·
3686 3966 3697 3971 -

2073 4034 2221 4096 ὅπως
2252 4032 2587 4103 ἐσχίσθημεν
2619 4033 2871 4103 ζήτησις.
2903 4032 2965 4085 Εί
2994 4032 3050 4083 δέ
3078 4047 3242 4092 τινες,
3274 4030 3358 4083 ὅτι
3396 4028 3657 4098 ἐσχίσθη-

2076 4140 2196 4194 μεν,
2222 4124 2602 4191 ἀδοκιμάστως
2627 4123 2907 4195 ὲξέχεσθαι
2932 4122 3027 4176 τοῦ
3055 4122 3352 4191 σχίσματος
3378 4121 3649 4189 κρίνουσι.

2072 4212 2184 4283 ἐγὼ
2213 4213 2257 4266 δ’
2291 4215 2426 4270 ἀλλά
2458 4215 2556 4284 τὴν
2587 4214 2781 4281 ἄλογον
2827 4216 2941 4276 τοῖς
2991 4212 3475 4284 προηγησαμένοις
3519 4227 3645 4263 κατ’

2071 4304 2430 4375 ακολούθησιν
2458 4306 2760 4378 ὁλοσχερῶς
2778 4307 3216 4381 ἀποστρέφομαι.

458 4581 513 4635 8.
553 4580 659 4637 Sed
687 4580 799 4647 jam
833 4582 1054 4639 aliunde
1085 4594 1388 4655 comparet.
1422 4588 1517 4659 qui
1551 4603 1660 4644 non
1696 4605 1960 4646 vesanum

2140 4585 2214 4657 η’.
2259 4584 2401 4640 Ἀλλ’
2449 4585 2552 4657 ἤδη
2590 4585 2858 4657 ἑτέρωθέν
2894 4585 3060 4640 ποθεν
3100 4587 3461 4656 ἀναφαίνεται
3488 4590 3516 4640 ὁ
3571 4589 3648 4659 μὴ

384 4673 650 4742 temporis
678 4673 949 4744 sequitur,
983 4676 1077 4732 sed
1108 4684 1363 4746 tanquam
1397 4680 1568 4747 partis
1601 4682 1775 4753 magis
1801 4684 1969 4738 ratiu-

386 4765 528 4821 nalis
558 4774 820 4833 sectator,
860 4767 1276 4825 ratiocinatione
1308 4771 1482 4842 magis
1510 4772 1653 4826 seria
1692 4775 1969 4829 contradi-

386 4872 512 4912 cere
556 4858 777 4924 studet;
830 4858 960 4930 quid
998 4859 1274 4929 inquitis?
1301 4862 1461 4924 nobis
1491 4863 1644 4917 dicit.
1695 4866 1778 4918 An
1810 4866 1964 4920 vobis

387 4950 767 5021 amplectenda
815 4952 1032 5007 videtur
1092 4953 1469 5010 ecclesiastica
1507 4972 1612 5026 pax
1672 4957 1961 5024 Italorum,

382 5043 477 5109 qui
521 5041 661 5096 duas
700 5056 899 5097 causas
927 5051 982 5096 et
1010 5042 1121 5097 duo
1152 5044 1418 5115 principia
1452 5048 1616 5101 unius
1640 5048 1879 5119 Spiritus
1903 5052 1958 5106 in

380 5132 536 5187 beata
575 5130 775 5187 Triade
802 5132 1183 5189 constituunt?
1215 5133 1354 5197 Non.
1381 5153 1477 5207 per
1500 5137 1781 5208 Triadem,
1817 5144 1959 5211 opti-

381 5226 477 5278 mi.
545 5223 636 5280 Sic
681 5224 826 5277 enim
889 5234 1015 5279 ante
1059 5227 1243 5282 omnia
1274 5230 1530 5296 munior,
1568 5248 1632 5287 ne
1674 5235 1741 5288 de
1775 5235 1957 5306 aliquo

378 5312 544 5369 simili
574 5313 628 5367 in
661 5313 1028 5383 suspicionem
1060 5316 1153 5370 tibi
1180 5320 1416 5374 veniam.
1465 5321 1582 5377 Non
1610 5324 1711 5378 hac
1746 5327 1958 5381 ratione

379 5405 613 5460 dicimus
661 5402 923 5460 Romanae
978 5405 1237 5463 Ecclesiae
1292 5425 1482 5480 pacem
1544 5416 1954 5472 attendendam.

378 5494 582 5549 Casum
634 5496 833 5549 etenim
880 5512 911 5552 a
977 5497 1130 5553 licata
1184 5498 1384 5557 Triade
1440 5505 1702 5562 adversus
1764 5524 1955 5565 omnes

378 5597 673 5653 precamur
696 5624 711 5648 ,
739 5583 832 5652 qui
865 5584 1124 5640 similium
1157 5586 1442 5646 hominum
1478 5608 1707 5664 pacem,
1741 5596 1795 5650 in
1822 5588 1956 5653 con-

378 5674 725 5731 snbstantiali
758 5674 960 5732 Triade
1007 5680 1116 5734 duo
1151 5680 1415 5753 principia
1466 5687 1787 5755 ponentium
1837 5704 1955 5743 aut-

374 5763 538 5835 plecti
611 5766 822 5822 volunt.
876 5765 1124 5841 Namque
1205 5773 1319 5828 haec
1387 5786 1517 5831 sunt
1568 5793 1799 5845 eorum,
1857 5781 1951 5850 qui

374 5855 543 5914 Sctltei
578 5856 643 5914 ad
677 5857 921 5917 veritatis
947 5860 1129 5918 lumen
1160 5866 1449 5933 nictantes.
1484 5871 1714 5925 oronria:
1750 5872 1953 5931 impro-

2066 4679 2146 4749 τῷ
2179 4677 2361 4749 ἀλόγῳ
2408 4676 2503 4731 τοῦ
2551 4676 2749 4748 χρόνου
2798 4677 3238 4745 κατακολουθῶν,
3280 4679 3396 4733 ἀλλ’
3434 4681 3529 4734 ἀτε
3581 4683 3644 4752 δὴ

2064 4774 2167 4843 τῆς
2210 4772 2546 4841 λογιωτέρας
2579 4770 2657 4823 ῶν
2703 4768 2901 4840 μοίρας
2953 4775 3048 4823 καὶ
3086 4771 3455 4840 λογικωτέρας
3497 4777 3645 4828 ἀντι-

2064 4863 2270 4917 ϐαίνειν
2318 4861 2546 4934 όρμῶν”
2598 4862 2694 4914 καὶ
2747 4861 2800 4913 τί
2855 4876 3030 4928 φατες
3081 4863 3217 4931 πρὸς
3264 4865 3416 4933 ἡμᾶς
3469 4864 3643 4934 λέγει.

2062 4950 2214 5024 ’Δρά
2241 4971 2305 5024 γε
2338 4954 2467 5024 ὑμῖν
2506 4953 2657 5006 δοκεῖ
2685 4952 2782 5023 τὴν
2826 4953 2935 5006 τῶν
2973 4954 3192 5007 Ἰταλῶν
3256 4957 3647 5026 ἐκκλησιαστι-

2063 5048 2166 5119 κήν
2200 5048 2426 5117 είρήνην
2461 5044 2835 5111 ἀσπάσασθαι,
2866 5045 2959 5100 δύο
2999 5047 3172 5113 αἴτια,
3207 5049 3301 5101 καὶ
3336 5050 3508 5119 ἀρχὰς
3551 5050 3645 5104 δύο

2061 5140 2156 5194 τοῦ
2195 5140 2314 5202 ἑνὸς
2360 5137 2677 5207 Πνεύματος
2716 5139 2809 5191 ἐπὶ
2837 5139 2935 5208 τῆς
2983 5141 3266 5211 μακαρίας
3310 5142 3642 5211 πρεσϐευόν-

2059 5248 2169 5287 των
2197 5232 2427 5303 Τριάδος
2447 5249 2462 5299 ;
2486 5229 2585 5296 Oil,
2615 5232 2680 5301 νὴ
2717 5232 2816 5302 τὴν
2851 5230 3080 5300 Τριάδα,
3114 5226 3159 5286 ὧ
3188 5231 3452 5302 βέλτιστε.
3483 5234 3643 5287 Οὓτω

2061 5324 2170 5395 γὰρ
2218 5322 2782 5394 προεξασφαλίζομαι,
2835 5323 2910 5386 ὡς
2956 5322 3024 5376 ἂν
3080 5324 3249 5394 μηδέν
3279 5342 3329 5377 τι
3374 5325 3469 5378 καὶ
3510 5326 3643 5395 περὶ

2060 5415 2223 5484 ἡμῶν
2271 5414 2640 5480 ὑποπτευθείη
2676 5431 2758 5468 σοι
2807 5415 3073 5469 τοιοῦτον.
3106 5417 3221 5485 Οὐχ
3261 5415 3402 5470 οὕτω
3457 5420 3642 5486 φαμὲν

2058 5509 2159 5580 τὴν
2189 5508 2287 5577 τῆς
2335 5507 2656 5578 Ῥωμαῖκῆς
2713 5508 3041 5577 Ἐκκλησίας
3091 5512 3315 5581 εἰρήνην
3358 5515 3642 5581 προσήκα-

2060 5600 2204 5653 σῧαι.
2251 5599 2568 5651 Ἐκπτωσιν
2617 5597 2726 5667 γὰρ
2764 5598 2861 5667 τῆς
2904 5600 3178 5668 μακαρίας
3226 5597 3454 5669 Τριάδος
3492 5594 3639 5652 κατά

2057 5691 2260 5754 παντὸς
2300 5688 2638 5760 ἐπειρώμεθα
2664 5689 2756 5741 τοῦ
2786 5688 3104 5759 θελήσοντος
3138 5691 3396 5743 τοιούτων
3422 5690 3636 5759 ἀνδρῶν

2056 5784 2282 5855 εἰρήνην
2318 5779 2727 5852 προτήκασθαι,
2758 5780 2853 5834 δύο
2892 5783 3065 5852 ἀρχὰς
3099 5784 3192 5836 ἐπὶ
3217 5783 3315 5853 τῆς
3341 5783 3635 5852 ὁμοουσίου

2055 5876 2324 5929 λεγόντων
2357 5874 2609 5946 Τριάδος.
2649 5873 2905 5929 Ἐκείνων
2937 5875 3044 5941 γὰρ
3077 5873 3269 5937 ταῦτα,
3309 5874 3359 5929 οἶ
3398 5876 3534 5930 ποὸι
3568 5875 3633 5931 τὸ

3122 6003 3157 6033 0
